  <div class='ocr_page' id='page_1' title='image "/cluster/home/n/w/nwhite01/storage/ocr_20150623/12/mdp.39015028786690/087.png"; bbox 0 0 4000 6146; ppageno 0'>
   <div class='ocr_carea' id='block_1_1' title="bbox 435 268 543 328">
    <p class='ocr_par' dir='ltr' id='par_1_1' title="bbox 435 268 543 328">
     <span class='ocr_line' id='line_1_1' title="bbox 435 268 543 328; baseline -0.009 0"><span class='ocrx_word' id='word_1_1' title='bbox 435 268 543 328; x_wconf 78' lang='lat'><strong>155</strong></span> 
     </span>
    </p>
   </div>
   <div class='ocr_carea' id='block_1_2' title="bbox 1944 256 2268 316">
    <p class='ocr_par' dir='ltr' id='par_1_2' title="bbox 1944 256 2268 316">
     <span class='ocr_line' id='line_1_2' title="bbox 1944 256 2268 316; baseline -0.009 -2"><span class='ocrx_word' id='word_1_2' title='bbox 1944 256 2268 316; x_wconf 81' lang='lat' dir='ltr'><strong>ORIGENIS</strong></span> 
     </span>
    </p>
   </div>
   <div class='ocr_carea' id='block_1_3' title="bbox 3570 245 3679 305">
    <p class='ocr_par' dir='ltr' id='par_1_3' title="bbox 3570 245 3679 305">
     <span class='ocr_line' id='line_1_3' title="bbox 3570 245 3679 305; baseline -0.028 0"><span class='ocrx_word' id='word_1_3' title='bbox 3570 245 3679 305; x_wconf 78' lang='lat'><strong>156</strong></span> 
     </span>
    </p>
   </div>
   <div class='ocr_carea' id='block_1_4' title="bbox 436 370 3683 458">
    <p class='ocr_par' dir='ltr' id='par_1_4' title="bbox 436 370 3683 458">
     <span class='ocr_line' id='line_1_4' title="bbox 436 370 3683 458; baseline -0.006 -13"><span class='ocrx_word' id='word_1_4' title='bbox 436 406 553 445; x_wconf 80' lang='lat' dir='ltr'><strong>ram</strong></span> <span class='ocrx_word' id='word_1_5' title='bbox 582 390 647 444; x_wconf 71' lang='grc'><strong>⁸⁸.</strong></span> <span class='ocrx_word' id='word_1_6' title='bbox 681 388 1086 458; x_wconf 87' lang='lat' dir='ltr'><strong>Consequenter</strong></span> <span class='ocrx_word' id='word_1_7' title='bbox 1121 383 1421 442; x_wconf 90' lang='lat' dir='ltr'><strong>secundum</strong></span> <span class='ocrx_word' id='word_1_8' title='bbox 1470 400 1534 440; x_wconf 90' lang='lat' dir='ltr'><strong>ea</strong></span> <span class='ocrx_word' id='word_1_9' title='bbox 1585 399 1704 455; x_wconf 87' lang='lat' dir='ltr'><strong>quae</strong></span> <span class='ocrx_word' id='word_1_10' title='bbox 1753 383 2005 454; x_wconf 78' lang='lat' dir='ltr'><strong>superius</strong></span> <span class='ocrx_word' id='word_1_11' title='bbox 2033 384 2078 437; x_wconf 77' lang='grc' dir='ltr'><strong>Α</strong></span> <span class='ocrx_word' id='word_1_12' title='bbox 2103 381 2194 449; x_wconf 90' lang='lat' dir='ltr'><strong>qui</strong></span> <span class='ocrx_word' id='word_1_13' title='bbox 2226 393 2355 433; x_wconf 88' lang='lat' dir='ltr'><strong>vero</strong></span> <span class='ocrx_word' id='word_1_14' title='bbox 2391 378 2534 432; x_wconf 90' lang='lat' dir='ltr'><strong>hunc</strong></span> <span class='ocrx_word' id='word_1_15' title='bbox 2563 387 2885 445; x_wconf 89' lang='lat' dir='ltr'><strong>corporeum</strong></span> <span class='ocrx_word' id='word_1_16' title='bbox 2920 379 3111 440; x_wconf 88' lang='lat' dir='ltr'><strong>putent</strong></span> <span class='ocrx_word' id='word_1_17' title='bbox 3133 384 3277 437; x_wconf 87' lang='lat' dir='ltr'><strong>esse,</strong></span> <span class='ocrx_word' id='word_1_18' title='bbox 3311 370 3402 440; x_wconf 86' lang='lat' dir='ltr'><strong>qui</strong></span> <span class='ocrx_word' id='word_1_19' title='bbox 3438 370 3503 424; x_wconf 89' lang='lat' dir='ltr'><strong>ad</strong></span> <span class='ocrx_word' id='word_1_20' title='bbox 3536 370 3683 425; x_wconf 83' lang='lat' dir='ltr'><strong>ima-</strong></span> 
     </span>
    </p>
   </div>
   <div class='ocr_carea' id='block_1_5' title="bbox 435 476 2004 552">
    <p class='ocr_par' dir='ltr' id='par_1_5' title="bbox 435 476 2004 552">
     <span class='ocr_line' id='line_1_5' title="bbox 435 476 2004 552; baseline -0.004 -16"><span class='ocrx_word' id='word_1_21' title='bbox 435 482 811 552; x_wconf 83' lang='lat' dir='ltr'><strong>exposuimus,</strong></span> <span class='ocrx_word' id='word_1_22' title='bbox 852 481 1014 534; x_wconf 92' lang='lat' dir='ltr'><strong>talem</strong></span> <span class='ocrx_word' id='word_1_23' title='bbox 1059 478 1335 534; x_wconf 81' lang='lat' dir='ltr'><strong>hominem</strong></span> <span class='ocrx_word' id='word_1_24' title='bbox 1364 477 1578 548; x_wconf 88' lang='lat' dir='ltr'><strong>qualem</strong></span> <span class='ocrx_word' id='word_1_25' title='bbox 1617 476 2004 545; x_wconf 82' lang='lat' dir='ltr'><strong>descripsimus</strong></span> 
     </span>
    </p>
   </div>
   <div class='ocr_carea' id='block_1_6' title="bbox 438 568 2005 641">
    <p class='ocr_par' dir='ltr' id='par_1_6' title="bbox 438 568 2005 641">
     <span class='ocr_line' id='line_1_6' title="bbox 438 568 2005 641; baseline -0.004 -14"><span class='ocrx_word' id='word_1_26' title='bbox 438 575 557 627; x_wconf 90' lang='lat' dir='ltr'><strong>vult</strong></span> <span class='ocrx_word' id='word_1_27' title='bbox 586 572 949 641; x_wconf 90' lang='lat' dir='ltr'><strong>principatum</strong></span> <span class='ocrx_word' id='word_1_28' title='bbox 988 585 1175 639; x_wconf 81' lang='lat' dir='ltr'><strong>gerere</strong></span> <span class='ocrx_word' id='word_1_29' title='bbox 1200 570 1579 640; x_wconf 64' lang='lat' dir='ltr'><strong>praedictarum</strong></span> <span class='ocrx_word' id='word_1_30' title='bbox 1612 568 1927 631; x_wconf 81' lang='lat' dir='ltr'><strong>bestiarum,</strong></span> <span class='ocrx_word' id='word_1_31' title='bbox 1950 575 2005 622; x_wconf 90' lang='lat' dir='ltr'><strong>et</strong></span> 
     </span>
    </p>
   </div>
   <div class='ocr_carea' id='block_1_7' title="bbox 436 659 2003 733">
    <p class='ocr_par' dir='ltr' id='par_1_7' title="bbox 436 659 2003 733">
     <span class='ocr_line' id='line_1_7' title="bbox 436 659 2003 733; baseline -0.003 -16"><span class='ocrx_word' id='word_1_32' title='bbox 436 665 740 731; x_wconf 88' lang='lat' dir='ltr'><strong>volucrum,</strong></span> <span class='ocrx_word' id='word_1_33' title='bbox 779 674 834 718; x_wconf 92' lang='lat' dir='ltr'><strong>et</strong></span> <span class='ocrx_word' id='word_1_34' title='bbox 878 665 1202 732; x_wconf 84' lang='lat' dir='ltr'><strong>repentium,</strong></span> <span class='ocrx_word' id='word_1_35' title='bbox 1237 661 1647 733; x_wconf 84' lang='lat' dir='ltr'><strong>quadrupedum</strong></span> <span class='ocrx_word' id='word_1_36' title='bbox 1677 669 1731 714; x_wconf 92' lang='lat' dir='ltr'><strong>et</strong></span> <span class='ocrx_word' id='word_1_37' title='bbox 1761 659 2003 714; x_wconf 89' lang='lat' dir='ltr'><strong>omnium</strong></span> 
     </span>
    </p>
   </div>
   <div class='ocr_carea' id='block_1_8' title="bbox 438 751 2003 826">
    <p class='ocr_par' dir='ltr' id='par_1_8' title="bbox 438 751 2003 826">
     <span class='ocr_line' id='line_1_8' title="bbox 438 751 2003 826; baseline -0.004 -16"><span class='ocrx_word' id='word_1_38' title='bbox 438 756 790 826; x_wconf 89' lang='lat' dir='ltr'><strong>reliquorum.</strong></span> <span class='ocrx_word' id='word_1_39' title='bbox 821 755 953 823; x_wconf 65' lang='lat' dir='ltr'><strong>Qua:</strong></span> <span class='ocrx_word' id='word_1_40' title='bbox 991 754 1222 824; x_wconf 83' lang='lat' dir='ltr'><strong>qualiter</strong></span> <span class='ocrx_word' id='word_1_41' title='bbox 1265 752 1498 821; x_wconf 84' lang='lat' dir='ltr'><strong>intelligi</strong></span> <span class='ocrx_word' id='word_1_42' title='bbox 1545 766 1644 822; x_wconf 91' lang='lat' dir='ltr'><strong>per</strong></span> <span class='ocrx_word' id='word_1_43' title='bbox 1686 751 2003 820; x_wconf 78' lang='lat' dir='ltr'><strong>allegoriam</strong></span> 
     </span>
    </p>
   </div>
   <div class='ocr_carea' id='block_1_9' title="bbox 430 845 2004 918">
    <p class='ocr_par' dir='ltr' id='par_1_9' title="bbox 430 845 2004 918">
     <span class='ocr_line' id='line_1_9' title="bbox 430 845 2004 918; baseline -0.006 -13"><span class='ocrx_word' id='word_1_44' title='bbox 430 849 683 913; x_wconf 80' lang='lat' dir='ltr'><strong>debeant,</strong></span> <span class='ocrx_word' id='word_1_45' title='bbox 716 849 1084 918; x_wconf 83' lang='lat' dir='ltr'><strong>exposuimus,</strong></span> <span class='ocrx_word' id='word_1_46' title='bbox 1126 862 1250 900; x_wconf 87' lang='lat' dir='ltr'><strong>cum</strong></span> <span class='ocrx_word' id='word_1_47' title='bbox 1288 846 1522 899; x_wconf 79' lang='lat' dir='ltr'><strong>diximus</strong></span> <span class='ocrx_word' id='word_1_48' title='bbox 1558 845 1735 913; x_wconf 90' lang='lat' dir='ltr'><strong>juberi</strong></span> <span class='ocrx_word' id='word_1_49' title='bbox 1778 860 2004 913; x_wconf 89' lang='lat' dir='ltr'><strong>aquam,</strong></span> 
     </span>
    </p>
   </div>
   <div class='ocr_carea' id='block_1_10' title="bbox 429 935 2008 1009">
    <p class='ocr_par' dir='ltr' id='par_1_10' title="bbox 429 935 2008 1009">
     <span class='ocr_line' id='line_1_10' title="bbox 429 935 2008 1009; baseline -0.004 -12"><span class='ocrx_word' id='word_1_50' title='bbox 429 942 485 997; x_wconf 91' lang='lat' dir='ltr'><strong>id</strong></span> <span class='ocrx_word' id='word_1_51' title='bbox 515 951 599 996; x_wconf 86' lang='lat' dir='ltr'><strong>est</strong></span> <span class='ocrx_word' id='word_1_52' title='bbox 644 949 882 994; x_wconf 89' lang='lat' dir='ltr'><strong>mentem</strong></span> <span class='ocrx_word' id='word_1_53' title='bbox 921 940 1041 1009; x_wconf 85' lang='lat' dir='ltr'><strong>ejus</strong></span> <span class='ocrx_word' id='word_1_54' title='bbox 1070 938 1363 1008; x_wconf 83' lang='lat' dir='ltr'><strong>spiritalem</strong></span> <span class='ocrx_word' id='word_1_55' title='bbox 1399 937 1509 1007; x_wconf 86' lang='lat'><strong>(61)</strong></span> <span class='ocrx_word' id='word_1_56' title='bbox 1554 951 1774 991; x_wconf 88' lang='lat' dir='ltr'><strong>sensum</strong></span> <span class='ocrx_word' id='word_1_57' title='bbox 1802 935 2008 1006; x_wconf 90' lang='lat' dir='ltr'><strong>produ-</strong></span> 
     </span>
    </p>
   </div>
   <div class='ocr_carea' id='block_1_11' title="bbox 429 1029 2007 1100">
    <p class='ocr_par' dir='ltr' id='par_1_11' title="bbox 429 1029 2007 1100">
     <span class='ocr_line' id='line_1_11' title="bbox 429 1029 2007 1100; baseline -0.003 -12"><span class='ocrx_word' id='word_1_58' title='bbox 429 1048 575 1099; x_wconf 87' lang='lat' dir='ltr'><strong>cere,</strong></span> <span class='ocrx_word' id='word_1_59' title='bbox 609 1043 665 1088; x_wconf 90' lang='lat' dir='ltr'><strong>et</strong></span> <span class='ocrx_word' id='word_1_60' title='bbox 694 1042 893 1088; x_wconf 89' lang='lat' dir='ltr'><strong>terram</strong></span> <span class='ocrx_word' id='word_1_61' title='bbox 927 1046 1146 1085; x_wconf 89' lang='lat' dir='ltr'><strong>sensum</strong></span> <span class='ocrx_word' id='word_1_62' title='bbox 1173 1031 1351 1084; x_wconf 91' lang='lat' dir='ltr'><strong>carnis</strong></span> <span class='ocrx_word' id='word_1_63' title='bbox 1380 1030 1645 1100; x_wconf 87' lang='lat' dir='ltr'><strong>proferre,</strong></span> <span class='ocrx_word' id='word_1_64' title='bbox 1674 1038 1734 1083; x_wconf 88' lang='lat' dir='ltr'><strong>ut</strong></span> <span class='ocrx_word' id='word_1_65' title='bbox 1762 1029 2007 1084; x_wconf 86' lang='lat' dir='ltr'><strong>domine-</strong></span> 
     </span>
    </p>
   </div>
   <div class='ocr_carea' id='block_1_12' title="bbox 430 1121 2005 1189">
    <p class='ocr_par' dir='ltr' id='par_1_12' title="bbox 430 1121 2005 1189">
     <span class='ocr_line' id='line_1_12' title="bbox 430 1121 2005 1189; baseline -0.003 -8"><span class='ocrx_word' id='word_1_66' title='bbox 430 1133 522 1181; x_wconf 84' lang='lat' dir='ltr'><strong>tur</strong></span> <span class='ocrx_word' id='word_1_67' title='bbox 553 1126 631 1179; x_wconf 90' lang='lat' dir='ltr'><strong>eis</strong></span> <span class='ocrx_word' id='word_1_68' title='bbox 678 1140 852 1189; x_wconf 90' lang='lat' dir='ltr'><strong>mens,</strong></span> <span class='ocrx_word' id='word_1_69' title='bbox 885 1133 938 1179; x_wconf 90' lang='lat' dir='ltr'><strong>et</strong></span> <span class='ocrx_word' id='word_1_70' title='bbox 973 1138 1078 1178; x_wconf 88' lang='lat' dir='ltr'><strong>non</strong></span> <span class='ocrx_word' id='word_1_71' title='bbox 1125 1123 1213 1177; x_wconf 88' lang='lat' dir='ltr'><strong>illa</strong></span> <span class='ocrx_word' id='word_1_72' title='bbox 1249 1122 1558 1176; x_wconf 85' lang='lat' dir='ltr'><strong>dominetur</strong></span> <span class='ocrx_word' id='word_1_73' title='bbox 1589 1121 1659 1176; x_wconf 93' lang='lat' dir='ltr'><strong>ei.</strong></span> <span class='ocrx_word' id='word_1_74' title='bbox 1695 1122 1821 1175; x_wconf 76' lang='lat' dir='ltr'><strong>Vult</strong></span> <span class='ocrx_word' id='word_1_75' title='bbox 1858 1121 2005 1176; x_wconf 90' lang='lat' dir='ltr'><strong>enim</strong></span> 
     </span>
    </p>
   </div>
   <div class='ocr_carea' id='block_1_13' title="bbox 429 1212 2005 1286">
    <p class='ocr_par' dir='ltr' id='par_1_13' title="bbox 429 1212 2005 1286">
     <span class='ocr_line' id='line_1_13' title="bbox 429 1212 2005 1286; baseline -0.001 -16"><span class='ocrx_word' id='word_1_76' title='bbox 429 1212 577 1270; x_wconf 83' lang='lat' dir='ltr'><strong>Deus</strong></span> <span class='ocrx_word' id='word_1_77' title='bbox 605 1224 666 1269; x_wconf 89' lang='lat' dir='ltr'><strong>ut</strong></span> <span class='ocrx_word' id='word_1_78' title='bbox 689 1232 880 1286; x_wconf 86' lang='lat' dir='ltr'><strong>magna</strong></span> <span class='ocrx_word' id='word_1_79' title='bbox 908 1216 1010 1270; x_wconf 69' lang='lat' dir='ltr'><strong>ista</strong></span> <span class='ocrx_word' id='word_1_80' title='bbox 1037 1216 1131 1269; x_wconf 88' lang='lat' dir='ltr'><strong>Dei</strong></span> <span class='ocrx_word' id='word_1_81' title='bbox 1158 1215 1364 1269; x_wconf 84' lang='lat' dir='ltr'><strong>factura</strong></span> <span class='ocrx_word' id='word_1_82' title='bbox 1393 1215 1573 1279; x_wconf 92' lang='lat' dir='ltr'><strong>homo,</strong></span> <span class='ocrx_word' id='word_1_83' title='bbox 1598 1222 1821 1282; x_wconf 89' lang='lat' dir='ltr'><strong>propter</strong></span> <span class='ocrx_word' id='word_1_84' title='bbox 1843 1228 2005 1282; x_wconf 87' lang='lat' dir='ltr'><strong>quem</strong></span> 
     </span>
    </p>
   </div>
   <div class='ocr_carea' id='block_1_14' title="bbox 428 1301 2008 1366">
    <p class='ocr_par' dir='ltr' id='par_1_14' title="bbox 428 1301 2008 1366">
     <span class='ocr_line' id='line_1_14' title="bbox 428 1301 2008 1366; baseline -0.002 -9"><span class='ocrx_word' id='word_1_85' title='bbox 428 1306 782 1357; x_wconf 90' lang='lat' dir='ltr'><strong>etuniversus</strong></span> <span class='ocrx_word' id='word_1_86' title='bbox 806 1312 1020 1358; x_wconf 86' lang='lat' dir='ltr'><strong>creatus</strong></span> <span class='ocrx_word' id='word_1_87' title='bbox 1044 1313 1128 1359; x_wconf 93' lang='lat' dir='ltr'><strong>est</strong></span> <span class='ocrx_word' id='word_1_88' title='bbox 1154 1301 1410 1366; x_wconf 88' lang='lat' dir='ltr'><strong>mundus,</strong></span> <span class='ocrx_word' id='word_1_89' title='bbox 1438 1317 1541 1355; x_wconf 90' lang='lat' dir='ltr'><strong>non</strong></span> <span class='ocrx_word' id='word_1_90' title='bbox 1560 1302 1731 1357; x_wconf 91' lang='lat' dir='ltr'><strong>solum</strong></span> <span class='ocrx_word' id='word_1_91' title='bbox 1753 1303 2008 1356; x_wconf 88' lang='lat' dir='ltr'><strong>immacu-</strong></span> 
     </span>
    </p>
   </div>
   <div class='ocr_carea' id='block_1_15' title="bbox 428 1392 2005 1467">
    <p class='ocr_par' dir='ltr' id='par_1_15' title="bbox 428 1392 2005 1467">
     <span class='ocr_line' id='line_1_15' title="bbox 428 1392 2005 1467; baseline 0.001 -20"><span class='ocrx_word' id='word_1_92' title='bbox 428 1392 572 1450; x_wconf 90' lang='lat' dir='ltr'><strong>latus</strong></span> <span class='ocrx_word' id='word_1_93' title='bbox 588 1397 656 1452; x_wconf 91' lang='lat' dir='ltr'><strong>sit</strong></span> <span class='ocrx_word' id='word_1_94' title='bbox 678 1399 745 1450; x_wconf 79' lang='lat' dir='ltr'><strong>ab</strong></span> <span class='ocrx_word' id='word_1_95' title='bbox 776 1397 881 1460; x_wconf 88' lang='lat' dir='ltr'><strong>his,</strong></span> <span class='ocrx_word' id='word_1_96' title='bbox 912 1412 1036 1467; x_wconf 63' lang='lat' dir='ltr'><strong>qua:</strong></span> <span class='ocrx_word' id='word_1_97' title='bbox 1073 1413 1238 1467; x_wconf 85' lang='lat' dir='ltr'><strong>supra</strong></span> <span class='ocrx_word' id='word_1_98' title='bbox 1265 1396 1521 1459; x_wconf 82' lang='lat' dir='ltr'><strong>diximus,</strong></span> <span class='ocrx_word' id='word_1_99' title='bbox 1537 1395 1884 1460; x_wconf 90' lang='lat' dir='ltr'><strong>etimmunis,</strong></span> <span class='ocrx_word' id='word_1_100' title='bbox 1910 1396 2005 1449; x_wconf 90' lang='lat' dir='ltr'><strong>sed</strong></span> 
     </span>
    </p>
   </div>
   <div class='ocr_carea' id='block_1_16' title="bbox 429 1486 2003 1558">
    <p class='ocr_par' dir='ltr' id='par_1_16' title="bbox 429 1486 2003 1558">
     <span class='ocr_line' id='line_1_16' title="bbox 429 1486 2003 1558; baseline -0.001 -17"><span class='ocrx_word' id='word_1_101' title='bbox 429 1496 485 1541; x_wconf 85' lang='lat' dir='ltr'><strong>et</strong></span> <span class='ocrx_word' id='word_1_102' title='bbox 516 1488 824 1543; x_wconf 89' lang='lat' dir='ltr'><strong>dominetur</strong></span> <span class='ocrx_word' id='word_1_103' title='bbox 857 1491 956 1547; x_wconf 89' lang='lat' dir='ltr'><strong>eis.</strong></span> <span class='ocrx_word' id='word_1_104' title='bbox 993 1488 1112 1544; x_wconf 84' lang='lat' dir='ltr'><strong>Jam</strong></span> <span class='ocrx_word' id='word_1_105' title='bbox 1140 1506 1269 1545; x_wconf 89' lang='lat' dir='ltr'><strong>vero</strong></span> <span class='ocrx_word' id='word_1_106' title='bbox 1303 1489 1471 1558; x_wconf 85' lang='lat' dir='ltr'><strong>quale</strong></span> <span class='ocrx_word' id='word_1_107' title='bbox 1500 1486 1700 1541; x_wconf 87' lang='lat' dir='ltr'><strong>animal</strong></span> <span class='ocrx_word' id='word_1_108' title='bbox 1721 1488 1793 1542; x_wconf 89' lang='lat' dir='ltr'><strong>sit</strong></span> <span class='ocrx_word' id='word_1_109' title='bbox 1821 1487 2003 1552; x_wconf 91' lang='lat' dir='ltr'><strong>homo,</strong></span> 
     </span>
    </p>
   </div>
   <div class='ocr_carea' id='block_1_17' title="bbox 429 1578 2008 1653">
    <p class='ocr_par' dir='ltr' id='par_1_17' title="bbox 429 1578 2008 1653">
     <span class='ocr_line' id='line_1_17' title="bbox 429 1578 2008 1653; baseline 0 -19"><span class='ocrx_word' id='word_1_110' title='bbox 429 1596 498 1635; x_wconf 81' lang='lat' dir='ltr'><strong>ex</strong></span> <span class='ocrx_word' id='word_1_111' title='bbox 534 1582 665 1651; x_wconf 91' lang='lat' dir='ltr'><strong>ipsis</strong></span> <span class='ocrx_word' id='word_1_112' title='bbox 689 1583 985 1653; x_wconf 62' lang='lat' dir='ltr'><strong>Scriptura</strong></span> <span class='ocrx_word' id='word_1_113' title='bbox 1028 1585 1373 1641; x_wconf 88' lang='lat' dir='ltr'><strong>sermonibus</strong></span> <span class='ocrx_word' id='word_1_114' title='bbox 1408 1582 1835 1636; x_wconf 86' lang='lat' dir='ltr'><strong>consideremus.</strong></span> <span class='ocrx_word' id='word_1_115' title='bbox 1885 1578 2008 1635; x_wconf 87' lang='lat' dir='ltr'><strong>0m-</strong></span> 
     </span>
    </p>
   </div>
   <div class='ocr_carea' id='block_1_18' title="bbox 428 1671 2006 1743">
    <p class='ocr_par' dir='ltr' id='par_1_18' title="bbox 428 1671 2006 1743">
     <span class='ocr_line' id='line_1_18' title="bbox 428 1671 2006 1743; baseline -0.001 -17"><span class='ocrx_word' id='word_1_116' title='bbox 428 1687 528 1727; x_wconf 90' lang='lat' dir='ltr'><strong>nes</strong></span> <span class='ocrx_word' id='word_1_117' title='bbox 572 1673 791 1742; x_wconf 71' lang='lat' dir='ltr'><strong>reliquae</strong></span> <span class='ocrx_word' id='word_1_118' title='bbox 846 1686 1110 1731; x_wconf 63' lang='lat' dir='ltr'><strong>creaturae</strong></span> <span class='ocrx_word' id='word_1_119' title='bbox 1149 1674 1396 1742; x_wconf 89' lang='lat' dir='ltr'><strong>jussioue</strong></span> <span class='ocrx_word' id='word_1_120' title='bbox 1441 1671 1547 1743; x_wconf 82' lang='lat'><strong>57</strong></span> <span class='ocrx_word' id='word_1_121' title='bbox 1592 1671 1683 1726; x_wconf 88' lang='lat' dir='ltr'><strong>Dei</strong></span> <span class='ocrx_word' id='word_1_122' title='bbox 1718 1673 1892 1738; x_wconf 90' lang='lat' dir='ltr'><strong>tiunt,</strong></span> <span class='ocrx_word' id='word_1_123' title='bbox 1924 1673 2006 1725; x_wconf 89' lang='lat' dir='ltr'><strong>di-</strong></span> 
     </span>
    </p>
   </div>
   <div class='ocr_carea' id='block_1_19' title="bbox 2106 463 3681 543">
    <p class='ocr_par' dir='ltr' id='par_1_19' title="bbox 2106 463 3681 543">
     <span class='ocr_line' id='line_1_19' title="bbox 2106 463 3681 543; baseline -0.006 -18"><span class='ocrx_word' id='word_1_124' title='bbox 2106 473 2284 543; x_wconf 91' lang='lat' dir='ltr'><strong>ginem</strong></span> <span class='ocrx_word' id='word_1_125' title='bbox 2314 479 2370 524; x_wconf 89' lang='lat' dir='ltr'><strong>et</strong></span> <span class='ocrx_word' id='word_1_126' title='bbox 2400 467 2809 523; x_wconf 86' lang='lat' dir='ltr'><strong>similitudinem</strong></span> <span class='ocrx_word' id='word_1_127' title='bbox 2840 465 2937 520; x_wconf 88' lang='lat' dir='ltr'><strong>Dei</strong></span> <span class='ocrx_word' id='word_1_128' title='bbox 2967 464 3144 519; x_wconf 89' lang='lat' dir='ltr'><strong>factus</strong></span> <span class='ocrx_word' id='word_1_129' title='bbox 3176 471 3280 529; x_wconf 80' lang='lat' dir='ltr'><strong>est,</strong></span> <span class='ocrx_word' id='word_1_130' title='bbox 3304 464 3471 519; x_wconf 87' lang='lat' dir='ltr'><strong>Deum</strong></span> <span class='ocrx_word' id='word_1_131' title='bbox 3499 463 3681 532; x_wconf 88' lang='lat' dir='ltr'><strong>ipsum</strong></span> 
     </span>
    </p>
   </div>
   <div class='ocr_carea' id='block_1_20' title="bbox 2105 557 3677 633">
    <p class='ocr_par' dir='ltr' id='par_1_20' title="bbox 2105 557 3677 633">
     <span class='ocr_line' id='line_1_20' title="bbox 2105 557 3677 633; baseline -0.005 -15"><span class='ocrx_word' id='word_1_132' title='bbox 2105 577 2428 633; x_wconf 91' lang='lat' dir='ltr'><strong>corporeum</strong></span> <span class='ocrx_word' id='word_1_133' title='bbox 2461 569 2517 615; x_wconf 93' lang='lat' dir='ltr'><strong>et</strong></span> <span class='ocrx_word' id='word_1_134' title='bbox 2562 561 2816 615; x_wconf 67' lang='lat' dir='ltr'><strong>humanae</strong></span> <span class='ocrx_word' id='word_1_135' title='bbox 2866 560 3055 613; x_wconf 66' lang='lat' dir='ltr'><strong>forma:</strong></span> <span class='ocrx_word' id='word_1_136' title='bbox 3086 557 3338 612; x_wconf 90' lang='lat' dir='ltr'><strong>videntur</strong></span> <span class='ocrx_word' id='word_1_137' title='bbox 3373 557 3677 611; x_wconf 89' lang='lat' dir='ltr'><strong>inducere:</strong></span> 
     </span>
    </p>
   </div>
   <div class='ocr_carea' id='block_1_21' title="bbox 2106 648 3679 726">
    <p class='ocr_par' dir='ltr' id='par_1_21' title="bbox 2106 648 3679 726">
     <span class='ocr_line' id='line_1_21' title="bbox 2106 648 3679 726; baseline -0.008 -14"><span class='ocrx_word' id='word_1_138' title='bbox 2106 659 2247 726; x_wconf 87' lang='lat' dir='ltr'><strong>quod</strong></span> <span class='ocrx_word' id='word_1_139' title='bbox 2299 654 2503 711; x_wconf 88' lang='lat' dir='ltr'><strong>sentire</strong></span> <span class='ocrx_word' id='word_1_140' title='bbox 2534 654 2599 708; x_wconf 90' lang='lat' dir='ltr'><strong>de</strong></span> <span class='ocrx_word' id='word_1_141' title='bbox 2654 652 2764 707; x_wconf 91' lang='lat' dir='ltr'><strong>Deo</strong></span> <span class='ocrx_word' id='word_1_142' title='bbox 2809 650 3250 707; x_wconf 79' lang='lat' dir='ltr'><strong>manifestissime</strong></span> <span class='ocrx_word' id='word_1_143' title='bbox 3299 648 3521 718; x_wconf 89' lang='lat' dir='ltr'><strong>impium</strong></span> <span class='ocrx_word' id='word_1_144' title='bbox 3569 655 3679 701; x_wconf 82' lang='lat' dir='ltr'><strong>est.</strong></span> 
     </span>
    </p>
   </div>
   <div class='ocr_carea' id='block_1_22' title="bbox 2106 738 3683 817">
    <p class='ocr_par' dir='ltr' id='par_1_22' title="bbox 2106 738 3683 817">
     <span class='ocr_line' id='line_1_22' title="bbox 2106 738 3683 817; baseline -0.008 -14"><span class='ocrx_word' id='word_1_145' title='bbox 2106 748 2351 817; x_wconf 86' lang='lat' dir='ltr'><strong>Denique</strong></span> <span class='ocrx_word' id='word_1_146' title='bbox 2393 746 2645 801; x_wconf 84' lang='lat' dir='ltr'><strong>carnales</strong></span> <span class='ocrx_word' id='word_1_147' title='bbox 2681 745 2769 799; x_wconf 91' lang='lat' dir='ltr'><strong>isti</strong></span> <span class='ocrx_word' id='word_1_148' title='bbox 2821 743 3074 799; x_wconf 88' lang='lat' dir='ltr'><strong>homines</strong></span> <span class='ocrx_word' id='word_1_149' title='bbox 3106 743 3200 813; x_wconf 89' lang='lat' dir='ltr'><strong>qui</strong></span> <span class='ocrx_word' id='word_1_150' title='bbox 3231 740 3559 796; x_wconf 86' lang='lat' dir='ltr'><strong>intellectum</strong></span> <span class='ocrx_word' id='word_1_151' title='bbox 3595 738 3683 792; x_wconf 90' lang='lat' dir='ltr'><strong>di-</strong></span> 
     </span>
    </p>
   </div>
   <div class='ocr_carea' id='block_1_23' title="bbox 2105 829 3681 908">
    <p class='ocr_par' dir='ltr' id='par_1_23' title="bbox 2105 829 3681 908">
     <span class='ocr_line' id='line_1_23' title="bbox 2105 829 3681 908; baseline -0.006 -15"><span class='ocrx_word' id='word_1_152' title='bbox 2105 830 2346 894; x_wconf 85' lang='lat' dir='ltr'><strong>vinitatis</strong></span> <span class='ocrx_word' id='word_1_153' title='bbox 2374 840 2650 908; x_wconf 83' lang='lat' dir='ltr'><strong>ignorant,</strong></span> <span class='ocrx_word' id='word_1_154' title='bbox 2700 836 2874 891; x_wconf 85' lang='lat' dir='ltr'><strong>sicubi</strong></span> <span class='ocrx_word' id='word_1_155' title='bbox 2931 835 2983 889; x_wconf 91' lang='lat' dir='ltr'><strong>in</strong></span> <span class='ocrx_word' id='word_1_156' title='bbox 3018 835 3317 905; x_wconf 88' lang='lat' dir='ltr'><strong>Scripturis</strong></span> <span class='ocrx_word' id='word_1_157' title='bbox 3356 831 3425 887; x_wconf 90' lang='lat' dir='ltr'><strong>de</strong></span> <span class='ocrx_word' id='word_1_158' title='bbox 3468 831 3579 885; x_wconf 90' lang='lat' dir='ltr'><strong>Deo</strong></span> <span class='ocrx_word' id='word_1_159' title='bbox 3601 829 3681 884; x_wconf 91' lang='lat' dir='ltr'><strong>le-</strong></span> 
     </span>
    </p>
   </div>
   <div class='ocr_carea' id='block_1_24' title="bbox 2105 927 3680 1003">
    <p class='ocr_par' dir='ltr' id='par_1_24' title="bbox 2105 927 3680 1003">
     <span class='ocr_line' id='line_1_24' title="bbox 2105 927 3680 1003; baseline -0.004 -20"><span class='ocrx_word' id='word_1_160' title='bbox 2105 942 2257 1002; x_wconf 87' lang='lat' dir='ltr'><strong>gunt,</strong></span> <span class='ocrx_word' id='word_1_161' title='bbox 2289 931 2415 1002; x_wconf 85' lang='lat' dir='ltr'><strong>quia</strong></span> <span class='ocrx_word' id='word_1_162' title='bbox 2474 928 2660 984; x_wconf 72' lang='lat' dir='ltr'><strong>coelum</strong></span> <span class='ocrx_word' id='word_1_163' title='bbox 2712 929 2845 981; x_wconf 85' lang='lat' dir='ltr'><strong>mihi</strong></span> <span class='ocrx_word' id='word_1_164' title='bbox 2878 927 3023 982; x_wconf 81' lang='lat' dir='ltr'><strong>sedes</strong></span> <span class='ocrx_word' id='word_1_165' title='bbox 3051 936 3147 992; x_wconf 88' lang='lat' dir='ltr'><strong>est,</strong></span> <span class='ocrx_word' id='word_1_166' title='bbox 3174 936 3314 1003; x_wconf 77' lang='lat' dir='ltr'><strong>terra</strong></span> <span class='ocrx_word' id='word_1_167' title='bbox 3345 930 3519 978; x_wconf 79' lang='lat' dir='ltr'><strong>autem</strong></span> <span class='ocrx_word' id='word_1_168' title='bbox 3554 940 3680 977; x_wconf 84' lang='lat' dir='ltr'><strong>sca-</strong></span> 
     </span>
    </p>
   </div>
   <div class='ocr_carea' id='block_1_25' title="bbox 2107 1019 3677 1095">
    <p class='ocr_par' dir='ltr' id='par_1_25' title="bbox 2107 1019 3677 1095">
     <span class='ocr_line' id='line_1_25' title="bbox 2107 1019 3677 1095; baseline -0.006 -16"><span class='ocrx_word' id='word_1_169' title='bbox 2107 1025 2297 1081; x_wconf 85' lang='lat' dir='ltr'><strong>bellum</strong></span> <span class='ocrx_word' id='word_1_170' title='bbox 2333 1024 2523 1095; x_wconf 78' lang='lat' dir='ltr'><strong>pedum</strong></span> <span class='ocrx_word' id='word_1_171' title='bbox 2558 1039 2795 1078; x_wconf 87' lang='lat' dir='ltr'><strong>meorum</strong></span> <span class='ocrx_word' id='word_1_172' title='bbox 2824 1022 2893 1087; x_wconf 81' lang='grc'><strong>³³,</strong></span> <span class='ocrx_word' id='word_1_173' title='bbox 2944 1021 3292 1090; x_wconf 85' lang='lat' dir='ltr'><strong>suspicantur</strong></span> <span class='ocrx_word' id='word_1_174' title='bbox 3337 1019 3503 1074; x_wconf 90' lang='lat' dir='ltr'><strong>Deum</strong></span> <span class='ocrx_word' id='word_1_175' title='bbox 3561 1026 3677 1071; x_wconf 87' lang='lat' dir='ltr'><strong>tam</strong></span> 
     </span>
    </p>
   </div>
   <div class='ocr_carea' id='block_1_26' title="bbox 2108 1110 3679 1184">
    <p class='ocr_par' dir='ltr' id='par_1_26' title="bbox 2108 1110 3679 1184">
     <span class='ocr_line' id='line_1_26' title="bbox 2108 1110 3679 1184; baseline -0.006 -12"><span class='ocrx_word' id='word_1_176' title='bbox 2108 1117 2345 1184; x_wconf 91' lang='lat' dir='ltr'><strong>ingentis</strong></span> <span class='ocrx_word' id='word_1_177' title='bbox 2364 1132 2483 1172; x_wconf 88' lang='lat' dir='ltr'><strong>esse</strong></span> <span class='ocrx_word' id='word_1_178' title='bbox 2516 1113 2860 1183; x_wconf 78' lang='lat' dir='ltr'><strong>co‘rporis,ut</strong></span> <span class='ocrx_word' id='word_1_179' title='bbox 2888 1122 3076 1182; x_wconf 80' lang='lat' dir='ltr'><strong>putent</strong></span> <span class='ocrx_word' id='word_1_180' title='bbox 3125 1127 3248 1166; x_wconf 90' lang='lat' dir='ltr'><strong>eum</strong></span> <span class='ocrx_word' id='word_1_181' title='bbox 3293 1112 3569 1166; x_wconf 90' lang='lat' dir='ltr'><strong>sedentem</strong></span> <span class='ocrx_word' id='word_1_182' title='bbox 3618 1110 3679 1163; x_wconf 89' lang='lat' dir='ltr'><strong>in</strong></span> 
     </span>
    </p>
   </div>
   <div class='ocr_carea' id='block_1_27' title="bbox 2107 1203 3679 1280">
    <p class='ocr_par' dir='ltr' id='par_1_27' title="bbox 2107 1203 3679 1280">
     <span class='ocr_line' id='line_1_27' title="bbox 2107 1203 3679 1280; baseline -0.006 -16"><span class='ocrx_word' id='word_1_183' title='bbox 2107 1210 2248 1264; x_wconf 78' lang='lat' dir='ltr'><strong>cwlo</strong></span> <span class='ocrx_word' id='word_1_184' title='bbox 2288 1210 2452 1280; x_wconf 89' lang='lat' dir='ltr'><strong>pedes</strong></span> <span class='ocrx_word' id='word_1_185' title='bbox 2483 1222 2651 1278; x_wconf 89' lang='lat' dir='ltr'><strong>usque</strong></span> <span class='ocrx_word' id='word_1_186' title='bbox 2699 1212 2765 1263; x_wconf 89' lang='lat' dir='ltr'><strong>ad</strong></span> <span class='ocrx_word' id='word_1_187' title='bbox 2817 1217 3016 1261; x_wconf 87' lang='lat' dir='ltr'><strong>terram</strong></span> <span class='ocrx_word' id='word_1_188' title='bbox 3049 1204 3391 1275; x_wconf 89' lang='lat' dir='ltr'><strong>protendere.</strong></span> <span class='ocrx_word' id='word_1_189' title='bbox 3438 1203 3552 1257; x_wconf 81' lang='lat' dir='ltr'><strong>Hoc</strong></span> <span class='ocrx_word' id='word_1_190' title='bbox 3575 1218 3679 1255; x_wconf 87' lang='lat' dir='ltr'><strong>an-</strong></span> 
     </span>
    </p>
   </div>
   <div class='ocr_carea' id='block_1_28' title="bbox 2110 1298 3680 1371">
    <p class='ocr_par' dir='ltr' id='par_1_28' title="bbox 2110 1298 3680 1371">
     <span class='ocr_line' id='line_1_28' title="bbox 2110 1298 3680 1371; baseline -0.004 -14"><span class='ocrx_word' id='word_1_191' title='bbox 2110 1312 2218 1357; x_wconf 82' lang='lat' dir='ltr'><strong>tem</strong></span> <span class='ocrx_word' id='word_1_192' title='bbox 2242 1304 2507 1367; x_wconf 82' lang='lat' dir='ltr'><strong>sentiunt,</strong></span> <span class='ocrx_word' id='word_1_193' title='bbox 2562 1303 2686 1371; x_wconf 87' lang='lat' dir='ltr'><strong>quia</strong></span> <span class='ocrx_word' id='word_1_194' title='bbox 2748 1316 2854 1356; x_wconf 92' lang='lat' dir='ltr'><strong>non</strong></span> <span class='ocrx_word' id='word_1_195' title='bbox 2919 1300 3119 1355; x_wconf 87' lang='lat' dir='ltr'><strong>habent</strong></span> <span class='ocrx_word' id='word_1_196' title='bbox 3178 1298 3298 1353; x_wconf 89' lang='lat' dir='ltr'><strong>illas</strong></span> <span class='ocrx_word' id='word_1_197' title='bbox 3335 1313 3515 1365; x_wconf 87' lang='lat' dir='ltr'><strong>aures,</strong></span> <span class='ocrx_word' id='word_1_198' title='bbox 3554 1311 3680 1367; x_wconf 65' lang='lat' dir='ltr'><strong>qua</strong></span> 
     </span>
    </p>
   </div>
   <div class='ocr_carea' id='block_1_29' title="bbox 2107 1391 3679 1464">
    <p class='ocr_par' dir='ltr' id='par_1_29' title="bbox 2107 1391 3679 1464">
     <span class='ocr_line' id='line_1_29' title="bbox 2107 1391 3679 1464; baseline -0.002 -18"><span class='ocrx_word' id='word_1_199' title='bbox 2107 1394 2268 1464; x_wconf 84' lang='lat' dir='ltr'><strong>digne</strong></span> <span class='ocrx_word' id='word_1_200' title='bbox 2305 1395 2515 1464; x_wconf 84' lang='lat' dir='ltr'><strong>possint</strong></span> <span class='ocrx_word' id='word_1_201' title='bbox 2560 1394 2753 1447; x_wconf 84' lang='lat' dir='ltr'><strong>audire</strong></span> <span class='ocrx_word' id='word_1_202' title='bbox 2792 1393 2957 1448; x_wconf 89' lang='lat' dir='ltr'><strong>verba</strong></span> <span class='ocrx_word' id='word_1_203' title='bbox 3005 1391 3100 1447; x_wconf 90' lang='lat' dir='ltr'><strong>Dei</strong></span> <span class='ocrx_word' id='word_1_204' title='bbox 3156 1391 3222 1447; x_wconf 91' lang='lat' dir='ltr'><strong>de</strong></span> <span class='ocrx_word' id='word_1_205' title='bbox 3282 1391 3559 1460; x_wconf 79' lang='lat' dir='ltr'><strong>Deo,qu:e</strong></span> <span class='ocrx_word' id='word_1_206' title='bbox 3581 1404 3679 1461; x_wconf 87' lang='lat' dir='ltr'><strong>per</strong></span> 
     </span>
    </p>
   </div>
   <div class='ocr_carea' id='block_1_30' title="bbox 2109 1482 3675 1555">
    <p class='ocr_par' dir='ltr' id='par_1_30' title="bbox 2109 1482 3675 1555">
     <span class='ocr_line' id='line_1_30' title="bbox 2109 1482 3675 1555; baseline -0.002 -16"><span class='ocrx_word' id='word_1_207' title='bbox 2109 1485 2448 1555; x_wconf 88' lang='lat' dir='ltr'><strong>Scripturam</strong></span> <span class='ocrx_word' id='word_1_208' title='bbox 2504 1486 2836 1543; x_wconf 89' lang='lat' dir='ltr'><strong>referuntur.</strong></span> <span class='ocrx_word' id='word_1_209' title='bbox 2877 1485 3030 1553; x_wconf 82' lang='lat' dir='ltr'><strong>Quod</strong></span> <span class='ocrx_word' id='word_1_210' title='bbox 3070 1486 3214 1541; x_wconf 90' lang='lat' dir='ltr'><strong>enim</strong></span> <span class='ocrx_word' id='word_1_211' title='bbox 3266 1485 3445 1540; x_wconf 91' lang='lat' dir='ltr'><strong>dicit:</strong></span> <span class='ocrx_word' id='word_1_212' title='bbox 3476 1482 3675 1539; x_wconf 68' lang='lat' dir='ltr'><strong>Caium</strong></span> 
     </span>
    </p>
   </div>
   <div class='ocr_carea' id='block_1_31' title="bbox 2107 1577 3680 1649">
    <p class='ocr_par' dir='ltr' id='par_1_31' title="bbox 2107 1577 3680 1649">
     <span class='ocr_line' id='line_1_31' title="bbox 2107 1577 3680 1649; baseline 0 -20"><span class='ocrx_word' id='word_1_213' title='bbox 2107 1578 2238 1631; x_wconf 87' lang='lat' dir='ltr'><strong>mihi</strong></span> <span class='ocrx_word' id='word_1_214' title='bbox 2277 1579 2423 1633; x_wconf 83' lang='lat' dir='ltr'><strong>sedes</strong></span> <span class='ocrx_word' id='word_1_215' title='bbox 2453 1589 2553 1643; x_wconf 84' lang='lat' dir='ltr'><strong>est,</strong></span> <span class='ocrx_word' id='word_1_216' title='bbox 2622 1581 2697 1633; x_wconf 91' lang='lat' dir='ltr'><strong>ita</strong></span> <span class='ocrx_word' id='word_1_217' title='bbox 2744 1580 2903 1649; x_wconf 82' lang='lat' dir='ltr'><strong>digne</strong></span> <span class='ocrx_word' id='word_1_218' title='bbox 2959 1579 3027 1634; x_wconf 93' lang='lat' dir='ltr'><strong>de</strong></span> <span class='ocrx_word' id='word_1_219' title='bbox 3070 1578 3182 1634; x_wconf 91' lang='lat' dir='ltr'><strong>Deo</strong></span> <span class='ocrx_word' id='word_1_220' title='bbox 3221 1577 3564 1647; x_wconf 80' lang='lat' dir='ltr'><strong>intelligitur,</strong></span> <span class='ocrx_word' id='word_1_221' title='bbox 3620 1584 3680 1629; x_wconf 85' lang='lat' dir='ltr'><strong>ut</strong></span> 
     </span>
    </p>
   </div>
   <div class='ocr_carea' id='block_1_32' title="bbox 2108 1668 3679 1741">
    <p class='ocr_par' dir='ltr' id='par_1_32' title="bbox 2108 1668 3679 1741">
     <span class='ocr_line' id='line_1_32' title="bbox 2108 1668 3679 1741; baseline 0 -18"><span class='ocrx_word' id='word_1_222' title='bbox 2108 1672 2351 1725; x_wconf 88' lang='lat' dir='ltr'><strong>sciamus</strong></span> <span class='ocrx_word' id='word_1_223' title='bbox 2380 1673 2508 1740; x_wconf 85' lang='lat' dir='ltr'><strong>quia</strong></span> <span class='ocrx_word' id='word_1_224' title='bbox 2543 1671 2596 1725; x_wconf 93' lang='lat' dir='ltr'><strong>in</strong></span> <span class='ocrx_word' id='word_1_225' title='bbox 2630 1672 2714 1726; x_wconf 88' lang='lat' dir='ltr'><strong>his</strong></span> <span class='ocrx_word' id='word_1_226' title='bbox 2742 1686 2974 1741; x_wconf 89' lang='lat' dir='ltr'><strong>quorum</strong></span> <span class='ocrx_word' id='word_1_227' title='bbox 3032 1672 3085 1726; x_wconf 92' lang='lat' dir='ltr'><strong>in</strong></span> <span class='ocrx_word' id='word_1_228' title='bbox 3134 1670 3288 1726; x_wconf 72' lang='lat' dir='ltr'><strong>etelis</strong></span> <span class='ocrx_word' id='word_1_229' title='bbox 3333 1668 3679 1724; x_wconf 83' lang='lat' dir='ltr'><strong>conversatio</strong></span> 
     </span>
    </p>
   </div>
   <div class='ocr_carea' id='block_1_33' title="bbox 428 1760 3679 1835">
    <p class='ocr_par' dir='ltr' id='par_1_33' title="bbox 428 1760 3679 1835">
     <span class='ocr_line' id='line_1_33' title="bbox 428 1760 3679 1835; baseline -0.001 -17"><span class='ocrx_word' id='word_1_230' title='bbox 428 1774 586 1820; x_wconf 90' lang='lat' dir='ltr'><strong>cente</strong></span> <span class='ocrx_word' id='word_1_231' title='bbox 609 1765 892 1835; x_wconf 87' lang='lat' dir='ltr'><strong>Scriptura</strong></span> <span class='ocrx_word' id='word_1_232' title='bbox 911 1769 989 1821; x_wconf 77' lang='grc' dir='ltr'>ιτς</span> <span class='ocrx_word' id='word_1_233' title='bbox 1020 1768 1085 1821; x_wconf 81' lang='lat' dir='ltr'><strong>Et</strong></span> <span class='ocrx_word' id='word_1_234' title='bbox 1105 1768 1238 1822; x_wconf 74' lang='lat' dir='ltr'><strong>dixit</strong></span> <span class='ocrx_word' id='word_1_235' title='bbox 1257 1768 1434 1822; x_wconf 88' lang='lat' dir='ltr'><strong>Deus:</strong></span> <span class='ocrx_word' id='word_1_236' title='bbox 1456 1763 1578 1819; x_wconf 84' lang='lat' dir='ltr'><strong>Fiat</strong></span> <span class='ocrx_word' id='word_1_237' title='bbox 1596 1765 2004 1834; x_wconf 77' lang='lat' dir='ltr'><strong>ﬁrmamentum.</strong></span> <span class='ocrx_word' id='word_1_238' title='bbox 2038 1772 2080 1825; x_wconf 82' lang='grc' dir='ltr'><strong>Β</strong></span> <span class='ocrx_word' id='word_1_239' title='bbox 2111 1771 2216 1829; x_wconf 86' lang='lat' dir='ltr'><strong>est,</strong></span> <span class='ocrx_word' id='word_1_240' title='bbox 2254 1762 2397 1819; x_wconf 85' lang='lat' dir='ltr'><strong>Deus</strong></span> <span class='ocrx_word' id='word_1_241' title='bbox 2429 1765 2725 1835; x_wconf 89' lang='lat' dir='ltr'><strong>requiescit</strong></span> <span class='ocrx_word' id='word_1_242' title='bbox 2765 1774 2824 1820; x_wconf 88' lang='lat' dir='ltr'><strong>et</strong></span> <span class='ocrx_word' id='word_1_243' title='bbox 2869 1765 3089 1821; x_wconf 88' lang='lat' dir='ltr'><strong>residet.</strong></span> <span class='ocrx_word' id='word_1_244' title='bbox 3131 1764 3191 1818; x_wconf 90' lang='lat' dir='ltr'><strong>In</strong></span> <span class='ocrx_word' id='word_1_245' title='bbox 3239 1764 3323 1818; x_wconf 89' lang='lat' dir='ltr'><strong>his</strong></span> <span class='ocrx_word' id='word_1_246' title='bbox 3351 1771 3534 1817; x_wconf 90' lang='lat' dir='ltr'><strong>autem</strong></span> <span class='ocrx_word' id='word_1_247' title='bbox 3583 1760 3679 1831; x_wconf 88' lang='lat' dir='ltr'><strong>qui</strong></span> 
     </span>
    </p>
   </div>
   <div class='ocr_carea' id='block_1_34' title="bbox 430 1855 2002 1932">
    <p class='ocr_par' dir='ltr' id='par_1_34' title="bbox 430 1855 2002 1932">
     <span class='ocr_line' id='line_1_34' title="bbox 430 1855 2002 1932; baseline 0.002 -22"><span class='ocrx_word' id='word_1_248' title='bbox 430 1855 501 1911; x_wconf 86' lang='lat' dir='ltr'><strong>Et</strong></span> <span class='ocrx_word' id='word_1_249' title='bbox 543 1859 678 1913; x_wconf 76' lang='lat' dir='ltr'><strong>dixit</strong></span> <span class='ocrx_word' id='word_1_250' title='bbox 716 1860 855 1915; x_wconf 75' lang='lat' dir='ltr'><strong>Deus</strong></span> <span class='ocrx_word' id='word_1_251' title='bbox 882 1878 900 1915; x_wconf 89' lang='lat'><strong><em>:</em></strong></span> <span class='ocrx_word' id='word_1_252' title='bbox 930 1861 1292 1932; x_wconf 85' lang='lat' dir='ltr'><strong>Congregetur‘</strong></span> <span class='ocrx_word' id='word_1_253' title='bbox 1317 1877 1457 1931; x_wconf 84' lang='lat' dir='ltr'><strong>aqua</strong></span> <span class='ocrx_word' id='word_1_254' title='bbox 1488 1875 1605 1930; x_wconf 76' lang='lat' dir='ltr'><strong>qua:</strong></span> <span class='ocrx_word' id='word_1_255' title='bbox 1646 1860 1742 1914; x_wconf 85' lang='lat' dir='ltr'><strong>sub</strong></span> <span class='ocrx_word' id='word_1_256' title='bbox 1772 1859 1897 1912; x_wconf 77' lang='lat' dir='ltr'><strong>ccelo</strong></span> <span class='ocrx_word' id='word_1_257' title='bbox 1927 1869 2002 1913; x_wconf 80' lang='lat' dir='ltr'><strong>est</strong></span> 
     </span>
    </p>
   </div>
   <div class='ocr_carea' id='block_1_35' title="bbox 358 1936 2002 2024">
    <p class='ocr_par' dir='ltr' id='par_1_35' title="bbox 358 1936 2002 2024">
     <span class='ocr_line' id='line_1_35' title="bbox 358 1936 2002 2024; baseline 0.001 -21"><span class='ocrx_word' id='word_1_258' title='bbox 358 1936 365 1942; x_wconf 60' lang='grc'><em>’</em></span> <span class='ocrx_word' id='word_1_259' title='bbox 427 1951 483 2004; x_wconf 89' lang='lat' dir='ltr'><strong>in</strong></span> <span class='ocrx_word' id='word_1_260' title='bbox 510 1963 965 2020; x_wconf 73' lang='lat' dir='ltr'><strong>congregationem</strong></span> <span class='ocrx_word' id='word_1_261' title='bbox 987 1971 1168 2021; x_wconf 86' lang='lat' dir='ltr'><strong>unam,</strong></span> <span class='ocrx_word' id='word_1_262' title='bbox 1203 1965 1252 2010; x_wconf 89' lang='lat' dir='ltr'><strong>et</strong></span> <span class='ocrx_word' id='word_1_263' title='bbox 1291 1964 1538 2024; x_wconf 77' lang='lat' dir='ltr'><strong>appareat</strong></span> <span class='ocrx_word' id='word_1_264' title='bbox 1559 1952 1737 2006; x_wconf 82' lang='lat' dir='ltr'><strong>arida.</strong></span> <span class='ocrx_word' id='word_1_265' title='bbox 1767 1951 1834 2005; x_wconf 86' lang='lat' dir='ltr'><strong>Et</strong></span> <span class='ocrx_word' id='word_1_266' title='bbox 1867 1953 2002 2005; x_wconf 71' lang='lat' dir='ltr'><strong>dixit</strong></span> 
     </span>
    </p>
   </div>
   <div class='ocr_carea' id='block_1_36' title="bbox 432 2042 2006 2115">
    <p class='ocr_par' dir='ltr' id='par_1_36' title="bbox 432 2042 2006 2115">
     <span class='ocr_line' id='line_1_36' title="bbox 432 2042 2006 2115; baseline 0.001 -19"><span class='ocrx_word' id='word_1_267' title='bbox 432 2043 571 2096; x_wconf 88' lang='lat' dir='ltr'><strong>Deus</strong></span> <span class='ocrx_word' id='word_1_268' title='bbox 596 2061 613 2098; x_wconf 93' lang='lat'><em>:</em></span> <span class='ocrx_word' id='word_1_269' title='bbox 641 2042 909 2099; x_wconf 84' lang='lat' dir='ltr'><strong>Producat</strong></span> <span class='ocrx_word' id='word_1_270' title='bbox 939 2056 1081 2101; x_wconf 83' lang='lat' dir='ltr'><strong>terra</strong></span> <span class='ocrx_word' id='word_1_271' title='bbox 1107 2048 1322 2101; x_wconf 85' lang='lat' dir='ltr'><strong>herbam</strong></span> <span class='ocrx_word' id='word_1_272' title='bbox 1342 2046 1495 2115; x_wconf 67' lang='lat' dir='ltr'><strong>freni;</strong></span> <span class='ocrx_word' id='word_1_273' title='bbox 1536 2045 1608 2099; x_wconf 89' lang='lat' dir='ltr'><strong>ita</strong></span> <span class='ocrx_word' id='word_1_274' title='bbox 1636 2045 1800 2099; x_wconf 87' lang='lat' dir='ltr'><strong>etiam</strong></span> <span class='ocrx_word' id='word_1_275' title='bbox 1834 2045 1886 2098; x_wconf 91' lang='lat' dir='ltr'><strong>in</strong></span> <span class='ocrx_word' id='word_1_276' title='bbox 1921 2060 2006 2098; x_wconf 88' lang='lat' dir='ltr'><strong>re-</strong></span> 
     </span>
    </p>
   </div>
   <div class='ocr_carea' id='block_1_37' title="bbox 429 2134 2005 2207">
    <p class='ocr_par' dir='ltr' id='par_1_37' title="bbox 429 2134 2005 2207">
     <span class='ocr_line' id='line_1_37' title="bbox 429 2134 2005 2207; baseline 0.003 -20"><span class='ocrx_word' id='word_1_277' title='bbox 429 2134 594 2203; x_wconf 91' lang='lat' dir='ltr'><strong>liquis</strong></span> <span class='ocrx_word' id='word_1_278' title='bbox 623 2137 775 2191; x_wconf 92' lang='lat' dir='ltr'><strong>dicit.</strong></span> <span class='ocrx_word' id='word_1_279' title='bbox 808 2136 1100 2193; x_wconf 86' lang='lat' dir='ltr'><strong>Videamus</strong></span> <span class='ocrx_word' id='word_1_280' title='bbox 1140 2148 1318 2193; x_wconf 88' lang='lat' dir='ltr'><strong>autcm</strong></span> <span class='ocrx_word' id='word_1_281' title='bbox 1371 2154 1491 2207; x_wconf 65' lang='lat' dir='ltr'><strong>quae</strong></span> <span class='ocrx_word' id='word_1_282' title='bbox 1547 2146 1672 2193; x_wconf 88' lang='lat' dir='ltr'><strong>sunt</strong></span> <span class='ocrx_word' id='word_1_283' title='bbox 1716 2152 1836 2207; x_wconf 64' lang='lat' dir='ltr'><strong>quae</strong></span> <span class='ocrx_word' id='word_1_284' title='bbox 1889 2138 2005 2206; x_wconf 87' lang='lat' dir='ltr'><strong>ipse</strong></span> 
     </span>
    </p>
   </div>
   <div class='ocr_carea' id='block_1_38' title="bbox 429 2227 2004 2300">
    <p class='ocr_par' dir='ltr' id='par_1_38' title="bbox 429 2227 2004 2300">
     <span class='ocr_line' id='line_1_38' title="bbox 429 2227 2004 2300; baseline 0 -20"><span class='ocrx_word' id='word_1_285' title='bbox 429 2228 575 2281; x_wconf 82' lang='lat' dir='ltr'><strong>Deus</strong></span> <span class='ocrx_word' id='word_1_286' title='bbox 605 2227 757 2294; x_wconf 90' lang='lat' dir='ltr'><strong>fecit,</strong></span> <span class='ocrx_word' id='word_1_287' title='bbox 787 2239 841 2284; x_wconf 89' lang='lat' dir='ltr'><strong>et</strong></span> <span class='ocrx_word' id='word_1_288' title='bbox 864 2245 962 2300; x_wconf 88' lang='lat' dir='ltr'><strong>per</strong></span> <span class='ocrx_word' id='word_1_289' title='bbox 989 2231 1103 2285; x_wconf 80' lang='lat' dir='ltr'><strong>haec</strong></span> <span class='ocrx_word' id='word_1_290' title='bbox 1144 2246 1264 2299; x_wconf 70' lang='lat' dir='ltr'><strong>quae</strong></span> <span class='ocrx_word' id='word_1_291' title='bbox 1290 2231 1605 2300; x_wconf 87' lang='lat' dir='ltr'><strong>magnitudo</strong></span> <span class='ocrx_word' id='word_1_292' title='bbox 1632 2229 1867 2284; x_wconf 89' lang='lat' dir='ltr'><strong>hominis</strong></span> <span class='ocrx_word' id='word_1_293' title='bbox 1911 2228 2004 2294; x_wconf 90' lang='lat' dir='ltr'><strong>sit,</strong></span> 
     </span>
    </p>
   </div>
   <div class='ocr_carea' id='block_1_39' title="bbox 430 2321 2007 2392">
    <p class='ocr_par' dir='ltr' id='par_1_39' title="bbox 430 2321 2007 2392">
     <span class='ocr_line' id='line_1_39' title="bbox 430 2321 2007 2392; baseline 0.001 -19"><span class='ocrx_word' id='word_1_294' title='bbox 430 2323 808 2375; x_wconf 88' lang='lat' dir='ltr'><strong>advertamus.</strong></span> <span class='ocrx_word' id='word_1_295' title='bbox 859 2321 925 2375; x_wconf 86' lang='lat' dir='ltr'><strong>In</strong></span> <span class='ocrx_word' id='word_1_296' title='bbox 954 2323 1215 2391; x_wconf 82' lang='lat' dir='ltr'><strong>principio</strong></span> <span class='ocrx_word' id='word_1_297' title='bbox 1244 2324 1369 2392; x_wconf 81' lang='lat' dir='ltr'><strong>fecit</strong></span> <span class='ocrx_word' id='word_1_298' title='bbox 1410 2324 1549 2377; x_wconf 82' lang='lat' dir='ltr'><strong>Deus</strong></span> <span class='ocrx_word' id='word_1_299' title='bbox 1581 2325 1764 2376; x_wconf 75' lang='lat' dir='ltr'><strong>caelum</strong></span> <span class='ocrx_word' id='word_1_300' title='bbox 1810 2333 1857 2375; x_wconf 90' lang='lat' dir='ltr'><strong>et</strong></span> <span class='ocrx_word' id='word_1_301' title='bbox 1903 2331 2007 2375; x_wconf 90' lang='lat' dir='ltr'><strong>ter-</strong></span> 
     </span>
    </p>
   </div>
   <div class='ocr_carea' id='block_1_40' title="bbox 431 2410 2004 2483">
    <p class='ocr_par' dir='ltr' id='par_1_40' title="bbox 431 2410 2004 2483">
     <span class='ocr_line' id='line_1_40' title="bbox 431 2410 2004 2483; baseline 0.001 -19"><span class='ocrx_word' id='word_1_302' title='bbox 431 2428 547 2465; x_wconf 85' lang='lat' dir='ltr'><strong>ram</strong></span> <span class='ocrx_word' id='word_1_303' title='bbox 576 2412 641 2466; x_wconf 68' lang='lat'><strong>‘3.</strong></span> <span class='ocrx_word' id='word_1_304' title='bbox 685 2410 949 2466; x_wconf 90' lang='lat' dir='ltr'><strong>Similiter</strong></span> <span class='ocrx_word' id='word_1_305' title='bbox 967 2415 1043 2467; x_wconf 87' lang='lat' dir='ltr'><strong>ait</strong></span> <span class='ocrx_word' id='word_1_306' title='bbox 1076 2415 1117 2447; x_wconf 79' lang='grc'>¹⁹</span> <span class='ocrx_word' id='word_1_307' title='bbox 1147 2432 1161 2469; x_wconf 93' lang='lat'><strong>:</strong></span> <span class='ocrx_word' id='word_1_308' title='bbox 1192 2413 1261 2467; x_wconf 87' lang='lat' dir='ltr'><strong>Et</strong></span> <span class='ocrx_word' id='word_1_309' title='bbox 1288 2415 1408 2483; x_wconf 78' lang='lat' dir='ltr'><strong>fecit</strong></span> <span class='ocrx_word' id='word_1_310' title='bbox 1435 2415 1540 2468; x_wconf 81' lang='lat' dir='ltr'><strong>duo</strong></span> <span class='ocrx_word' id='word_1_311' title='bbox 1571 2413 1861 2467; x_wconf 82' lang='lat' dir='ltr'><strong>luminaria</strong></span> <span class='ocrx_word' id='word_1_312' title='bbox 1890 2429 2004 2466; x_wconf 90' lang='lat' dir='ltr'><strong>ma-</strong></span> 
     </span>
    </p>
   </div>
   <div class='ocr_carea' id='block_1_41' title="bbox 429 2502 2008 2572">
    <p class='ocr_par' dir='ltr' id='par_1_41' title="bbox 429 2502 2008 2572">
     <span class='ocr_line' id='line_1_41' title="bbox 429 2502 2008 2572; baseline 0.002 -17"><span class='ocrx_word' id='word_1_313' title='bbox 429 2518 561 2572; x_wconf 85' lang='lat' dir='ltr'><strong>gna.</strong></span> <span class='ocrx_word' id='word_1_314' title='bbox 596 2502 664 2556; x_wconf 89' lang='lat' dir='ltr'><strong>Et</strong></span> <span class='ocrx_word' id='word_1_315' title='bbox 691 2518 832 2557; x_wconf 92' lang='lat' dir='ltr'><strong>nunc</strong></span> <span class='ocrx_word' id='word_1_316' title='bbox 867 2504 1059 2557; x_wconf 90' lang='lat' dir='ltr'><strong>iterum</strong></span> <span class='ocrx_word' id='word_1_317' title='bbox 1092 2506 1136 2537; x_wconf 80' lang='grc'>²⁰</span> <span class='ocrx_word' id='word_1_318' title='bbox 1163 2522 1176 2558; x_wconf 87' lang='lat'><strong>:</strong></span> <span class='ocrx_word' id='word_1_319' title='bbox 1200 2504 1491 2559; x_wconf 77' lang='lat' dir='ltr'><strong>Faciamus</strong></span> <span class='ocrx_word' id='word_1_320' title='bbox 1527 2505 1809 2559; x_wconf 84' lang='lat' dir='ltr'><strong>hominem.</strong></span> <span class='ocrx_word' id='word_1_321' title='bbox 1843 2504 1896 2557; x_wconf 90' lang='lat' dir='ltr'><strong>In</strong></span> <span class='ocrx_word' id='word_1_322' title='bbox 1924 2505 2008 2558; x_wconf 91' lang='lat' dir='ltr'><strong>his</strong></span> 
     </span>
    </p>
   </div>
   <div class='ocr_carea' id='block_1_42' title="bbox 431 2594 2009 2665">
    <p class='ocr_par' dir='ltr' id='par_1_42' title="bbox 431 2594 2009 2665">
     <span class='ocr_line' id='line_1_42' title="bbox 431 2594 2009 2665; baseline 0.002 -15"><span class='ocrx_word' id='word_1_323' title='bbox 431 2594 563 2650; x_wconf 92' lang='lat' dir='ltr'><strong>solis</strong></span> <span class='ocrx_word' id='word_1_324' title='bbox 586 2594 803 2650; x_wconf 85' lang='lat' dir='ltr'><strong>factura</strong></span> <span class='ocrx_word' id='word_1_325' title='bbox 838 2596 1008 2665; x_wconf 87' lang='lat' dir='ltr'><strong>ipsius</strong></span> <span class='ocrx_word' id='word_1_326' title='bbox 1039 2596 1128 2650; x_wconf 91' lang='lat' dir='ltr'><strong>Dei</strong></span> <span class='ocrx_word' id='word_1_327' title='bbox 1153 2597 1464 2661; x_wconf 77' lang='lat' dir='ltr'><strong>ascribitur,</strong></span> <span class='ocrx_word' id='word_1_328' title='bbox 1492 2598 1546 2651; x_wconf 91' lang='lat' dir='ltr'><strong>in</strong></span> <span class='ocrx_word' id='word_1_329' title='bbox 1575 2597 1697 2651; x_wconf 91' lang='lat' dir='ltr'><strong>aliis</strong></span> <span class='ocrx_word' id='word_1_330' title='bbox 1728 2612 1858 2652; x_wconf 87' lang='lat' dir='ltr'><strong>vero</strong></span> <span class='ocrx_word' id='word_1_331' title='bbox 1884 2613 2009 2653; x_wconf 90' lang='lat' dir='ltr'><strong>nus-</strong></span> 
     </span>
    </p>
   </div>
   <div class='ocr_carea' id='block_1_43' title="bbox 430 2688 2006 2755">
    <p class='ocr_par' dir='ltr' id='par_1_43' title="bbox 430 2688 2006 2755">
     <span class='ocr_line' id='line_1_43' title="bbox 430 2688 2006 2755; baseline 0.001 -14"><span class='ocrx_word' id='word_1_332' title='bbox 430 2702 592 2755; x_wconf 84' lang='lat' dir='ltr'><strong>quam</strong></span> <span class='ocrx_word' id='word_1_333' title='bbox 618 2704 634 2752; x_wconf 87' lang='lat'><strong>;</strong></span> <span class='ocrx_word' id='word_1_334' title='bbox 665 2688 758 2742; x_wconf 91' lang='lat' dir='ltr'><strong>sed</strong></span> <span class='ocrx_word' id='word_1_335' title='bbox 791 2690 1161 2743; x_wconf 85' lang='lat' dir='ltr'><strong>tantummodo</strong></span> <span class='ocrx_word' id='word_1_336' title='bbox 1191 2689 1390 2743; x_wconf 69' lang='lat' dir='ltr'><strong>cmlum</strong></span> <span class='ocrx_word' id='word_1_337' title='bbox 1409 2697 1465 2743; x_wconf 89' lang='lat' dir='ltr'><strong>et</strong></span> <span class='ocrx_word' id='word_1_338' title='bbox 1497 2698 1664 2754; x_wconf 83' lang='lat' dir='ltr'><strong>terra,</strong></span> <span class='ocrx_word' id='word_1_339' title='bbox 1693 2688 1772 2742; x_wconf 92' lang='lat' dir='ltr'><strong>sol</strong></span> <span class='ocrx_word' id='word_1_340' title='bbox 1798 2700 1851 2743; x_wconf 91' lang='lat' dir='ltr'><strong>et</strong></span> <span class='ocrx_word' id='word_1_341' title='bbox 1878 2688 2006 2742; x_wconf 89' lang='lat' dir='ltr'><strong>luna</strong></span> 
     </span>
    </p>
   </div>
   <div class='ocr_carea' id='block_1_44' title="bbox 433 2779 2011 2851">
    <p class='ocr_par' dir='ltr' id='par_1_44' title="bbox 433 2779 2011 2851">
     <span class='ocr_line' id='line_1_44' title="bbox 433 2779 2011 2851; baseline 0.001 -19"><span class='ocrx_word' id='word_1_342' title='bbox 433 2794 499 2833; x_wconf 85' lang='lat' dir='ltr'><strong>ac</strong></span> <span class='ocrx_word' id='word_1_343' title='bbox 525 2779 718 2845; x_wconf 72' lang='lat' dir='ltr'><strong>stellae,</strong></span> <span class='ocrx_word' id='word_1_344' title='bbox 749 2790 805 2833; x_wconf 85' lang='lat' dir='ltr'><strong>et</strong></span> <span class='ocrx_word' id='word_1_345' title='bbox 832 2795 975 2834; x_wconf 89' lang='lat' dir='ltr'><strong>nunc</strong></span> <span class='ocrx_word' id='word_1_346' title='bbox 1005 2780 1168 2833; x_wconf 89' lang='lat' dir='ltr'><strong>homo</strong></span> <span class='ocrx_word' id='word_1_347' title='bbox 1205 2796 1235 2834; x_wconf 87' lang='lat' dir='ltr'><strong>a</strong></span> <span class='ocrx_word' id='word_1_348' title='bbox 1268 2781 1375 2834; x_wconf 93' lang='lat' dir='ltr'><strong>Deo</strong></span> <span class='ocrx_word' id='word_1_349' title='bbox 1413 2779 1550 2833; x_wconf 90' lang='lat' dir='ltr'><strong>facta</strong></span> <span class='ocrx_word' id='word_1_350' title='bbox 1577 2789 1701 2835; x_wconf 89' lang='lat' dir='ltr'><strong>sunt</strong></span> <span class='ocrx_word' id='word_1_351' title='bbox 1733 2779 1869 2851; x_wconf 72' lang='lat'><strong>(62),</strong></span> <span class='ocrx_word' id='word_1_352' title='bbox 1900 2796 2011 2834; x_wconf 87' lang='lat' dir='ltr'><strong>om-</strong></span> 
     </span>
    </p>
   </div>
   <div class='ocr_carea' id='block_1_45' title="bbox 433 2870 2005 2940">
    <p class='ocr_par' dir='ltr' id='par_1_45' title="bbox 433 2870 2005 2940">
     <span class='ocr_line' id='line_1_45' title="bbox 433 2870 2005 2940; baseline 0.002 -18"><span class='ocrx_word' id='word_1_353' title='bbox 433 2871 525 2923; x_wconf 87' lang='lat' dir='ltr'><strong>nia</strong></span> <span class='ocrx_word' id='word_1_354' title='bbox 555 2886 684 2925; x_wconf 89' lang='lat' dir='ltr'><strong>vero</strong></span> <span class='ocrx_word' id='word_1_355' title='bbox 717 2871 924 2940; x_wconf 87' lang='lat' dir='ltr'><strong>reliqua</strong></span> <span class='ocrx_word' id='word_1_356' title='bbox 950 2871 1198 2939; x_wconf 89' lang='lat' dir='ltr'><strong>jussioue</strong></span> <span class='ocrx_word' id='word_1_357' title='bbox 1242 2871 1360 2939; x_wconf 86' lang='lat' dir='ltr'><strong>ejus</strong></span> <span class='ocrx_word' id='word_1_358' title='bbox 1405 2870 1550 2925; x_wconf 85' lang='lat' dir='ltr'><strong>facta</strong></span> <span class='ocrx_word' id='word_1_359' title='bbox 1584 2886 1704 2926; x_wconf 90' lang='lat' dir='ltr'><strong>esse</strong></span> <span class='ocrx_word' id='word_1_360' title='bbox 1729 2871 2005 2925; x_wconf 90' lang='lat' dir='ltr'><strong>dicuntur.</strong></span> 
     </span>
    </p>
   </div>
   <div class='ocr_carea' id='block_1_46' title="bbox 434 2961 2010 3035">
    <p class='ocr_par' dir='ltr' id='par_1_46' title="bbox 434 2961 2010 3035">
     <span class='ocr_line' id='line_1_46' title="bbox 434 2961 2010 3035; baseline -0.001 -19"><span class='ocrx_word' id='word_1_361' title='bbox 434 2961 514 3016; x_wconf 81' lang='lat' dir='ltr'><strong>Ex</strong></span> <span class='ocrx_word' id='word_1_362' title='bbox 547 2963 647 3017; x_wconf 91' lang='lat' dir='ltr'><strong>hoc</strong></span> <span class='ocrx_word' id='word_1_363' title='bbox 671 2978 800 3032; x_wconf 89' lang='lat' dir='ltr'><strong>ergo</strong></span> <span class='ocrx_word' id='word_1_364' title='bbox 826 2964 1111 3018; x_wconf 91' lang='lat' dir='ltr'><strong>considera</strong></span> <span class='ocrx_word' id='word_1_365' title='bbox 1146 2974 1347 3035; x_wconf 88' lang='lat' dir='ltr'><strong>quanta</strong></span> <span class='ocrx_word' id='word_1_366' title='bbox 1374 2964 1445 3017; x_wconf 87' lang='lat' dir='ltr'><strong>sit</strong></span> <span class='ocrx_word' id='word_1_367' title='bbox 1484 2964 1794 3032; x_wconf 87' lang='lat' dir='ltr'><strong>magnitudo</strong></span> <span class='ocrx_word' id='word_1_368' title='bbox 1840 2965 2010 3017; x_wconf 78' lang='lat' dir='ltr'><strong>homi-</strong></span> 
     </span>
    </p>
   </div>
   <div class='ocr_carea' id='block_1_47' title="bbox 433 3054 2008 3125">
    <p class='ocr_par' dir='ltr' id='par_1_47' title="bbox 433 3054 2008 3125">
     <span class='ocr_line' id='line_1_47' title="bbox 433 3054 2008 3125; baseline 0.001 -17"><span class='ocrx_word' id='word_1_369' title='bbox 433 3054 548 3118; x_wconf 85' lang='lat' dir='ltr'><strong>nis,</strong></span> <span class='ocrx_word' id='word_1_370' title='bbox 581 3055 673 3121; x_wconf 90' lang='lat' dir='ltr'><strong>qui</strong></span> <span class='ocrx_word' id='word_1_371' title='bbox 704 3064 810 3107; x_wconf 91' lang='lat' dir='ltr'><strong>tam</strong></span> <span class='ocrx_word' id='word_1_372' title='bbox 872 3058 1083 3124; x_wconf 82' lang='lat' dir='ltr'><strong>magnis</strong></span> <span class='ocrx_word' id='word_1_373' title='bbox 1125 3056 1409 3110; x_wconf 86' lang='lat' dir='ltr'><strong>elementis</strong></span> <span class='ocrx_word' id='word_1_374' title='bbox 1446 3063 1667 3125; x_wconf 88' lang='lat' dir='ltr'><strong>tamque</strong></span> <span class='ocrx_word' id='word_1_375' title='bbox 1720 3055 2008 3125; x_wconf 64' lang='lat' dir='ltr'><strong>praecipuis</strong></span> 
     </span>
    </p>
   </div>
   <div class='ocr_carea' id='block_1_48' title="bbox 2108 1855 3680 1927">
    <p class='ocr_par' dir='ltr' id='par_1_48' title="bbox 2108 1855 3680 1927">
     <span class='ocr_line' id='line_1_48' title="bbox 2108 1855 3680 1927; baseline 0.003 -21"><span class='ocrx_word' id='word_1_376' title='bbox 2108 1855 2284 1909; x_wconf 90' lang='lat' dir='ltr'><strong>adhuc</strong></span> <span class='ocrx_word' id='word_1_377' title='bbox 2335 1865 2614 1910; x_wconf 88' lang='lat' dir='ltr'><strong>terrenum</strong></span> <span class='ocrx_word' id='word_1_378' title='bbox 2665 1858 3003 1927; x_wconf 91' lang='lat' dir='ltr'><strong>propositum</strong></span> <span class='ocrx_word' id='word_1_379' title='bbox 3054 1866 3272 1926; x_wconf 90' lang='lat' dir='ltr'><strong>gerunt,</strong></span> <span class='ocrx_word' id='word_1_380' title='bbox 3317 1856 3503 1910; x_wconf 90' lang='lat' dir='ltr'><strong>ultima</strong></span> <span class='ocrx_word' id='word_1_381' title='bbox 3549 1871 3680 1926; x_wconf 89' lang='lat' dir='ltr'><strong>pars</strong></span> 
     </span>
    </p>
   </div>
   <div class='ocr_carea' id='block_1_49' title="bbox 2109 1944 3675 2018">
    <p class='ocr_par' dir='ltr' id='par_1_49' title="bbox 2109 1944 3675 2018">
     <span class='ocr_line' id='line_1_49' title="bbox 2109 1944 3675 2018; baseline 0.003 -21"><span class='ocrx_word' id='word_1_382' title='bbox 2109 1944 2225 2014; x_wconf 83' lang='lat' dir='ltr'><strong>ejus</strong></span> <span class='ocrx_word' id='word_1_383' title='bbox 2251 1946 2606 2016; x_wconf 73' lang='lat' dir='ltr'><strong>providentiae</strong></span> <span class='ocrx_word' id='word_1_384' title='bbox 2662 1948 2957 2013; x_wconf 86' lang='lat' dir='ltr'><strong>invenitur,</strong></span> <span class='ocrx_word' id='word_1_385' title='bbox 2998 1949 3142 2018; x_wconf 90' lang='lat' dir='ltr'><strong>quod</strong></span> <span class='ocrx_word' id='word_1_386' title='bbox 3172 1950 3226 2003; x_wconf 91' lang='lat' dir='ltr'><strong>in</strong></span> <span class='ocrx_word' id='word_1_387' title='bbox 3271 1949 3462 2018; x_wconf 89' lang='lat' dir='ltr'><strong>pedum</strong></span> <span class='ocrx_word' id='word_1_388' title='bbox 3489 1948 3675 2018; x_wconf 86' lang='lat' dir='ltr'><strong>appel-</strong></span> 
     </span>
    </p>
   </div>
   <div class='ocr_carea' id='block_1_50' title="bbox 2111 2038 3680 2114">
    <p class='ocr_par' dir='ltr' id='par_1_50' title="bbox 2111 2038 3680 2114">
     <span class='ocr_line' id='line_1_50' title="bbox 2111 2038 3680 2114; baseline 0.005 -23"><span class='ocrx_word' id='word_1_389' title='bbox 2111 2038 2312 2094; x_wconf 84' lang='lat' dir='ltr'><strong>latione</strong></span> <span class='ocrx_word' id='word_1_390' title='bbox 2344 2040 2639 2110; x_wconf 71' lang='lat' dir='ltr'><strong>figuraliter</strong></span> <span class='ocrx_word' id='word_1_391' title='bbox 2664 2042 2956 2097; x_wconf 88' lang='lat' dir='ltr'><strong>indicatur.</strong></span> <span class='ocrx_word' id='word_1_392' title='bbox 2989 2043 3068 2097; x_wconf 77' lang='lat' dir='ltr'><strong>Ex</strong></span> <span class='ocrx_word' id='word_1_393' title='bbox 3102 2043 3304 2112; x_wconf 88' lang='lat' dir='ltr'><strong>quibus</strong></span> <span class='ocrx_word' id='word_1_394' title='bbox 3334 2044 3378 2099; x_wconf 89' lang='lat' dir='ltr'><strong>si</strong></span> <span class='ocrx_word' id='word_1_395' title='bbox 3404 2044 3496 2114; x_wconf 91' lang='lat' dir='ltr'><strong>qui</strong></span> <span class='ocrx_word' id='word_1_396' title='bbox 3534 2041 3680 2099; x_wconf 85' lang='lat' dir='ltr'><strong>forte</strong></span> 
     </span>
    </p>
   </div>
   <div class='ocr_carea' id='block_1_51' title="bbox 2121 2133 3678 2206">
    <p class='ocr_par' dir='ltr' id='par_1_51' title="bbox 2121 2133 3678 2206">
     <span class='ocr_line' id='line_1_51' title="bbox 2121 2133 3678 2206; baseline 0.003 -19"><span class='ocrx_word' id='word_1_397' title='bbox 2121 2133 2357 2187; x_wconf 88' lang='lat' dir='ltr'><strong>studium</strong></span> <span class='ocrx_word' id='word_1_398' title='bbox 2401 2148 2466 2187; x_wconf 93' lang='lat' dir='ltr'><strong>ac</strong></span> <span class='ocrx_word' id='word_1_399' title='bbox 2511 2133 2840 2189; x_wconf 85' lang='lat' dir='ltr'><strong>desiderium</strong></span> <span class='ocrx_word' id='word_1_400' title='bbox 2890 2136 3228 2206; x_wconf 84' lang='lat' dir='ltr'><strong>sumpserint</strong></span> <span class='ocrx_word' id='word_1_401' title='bbox 3260 2135 3376 2190; x_wconf 82' lang='lat' dir='ltr'><strong>fieri</strong></span> <span class='ocrx_word' id='word_1_402' title='bbox 3402 2136 3678 2203; x_wconf 65' lang='lat' dir='ltr'><strong>caelestes,</strong></span> 
     </span>
    </p>
   </div>
   <div class='ocr_carea' id='block_1_52' title="bbox 2110 2224 3680 2297">
    <p class='ocr_par' dir='ltr' id='par_1_52' title="bbox 2110 2224 3680 2297">
     <span class='ocr_line' id='line_1_52' title="bbox 2110 2224 3680 2297; baseline 0.003 -19"><span class='ocrx_word' id='word_1_403' title='bbox 2110 2224 2446 2294; x_wconf 77' lang='lat' dir='ltr'><strong>perfectione</strong></span> <span class='ocrx_word' id='word_1_404' title='bbox 2465 2226 2589 2281; x_wconf 74' lang='lat' dir='ltr'><strong>vita:</strong></span> <span class='ocrx_word' id='word_1_405' title='bbox 2619 2236 2675 2282; x_wconf 92' lang='lat' dir='ltr'><strong>et</strong></span> <span class='ocrx_word' id='word_1_406' title='bbox 2699 2227 3001 2284; x_wconf 90' lang='lat' dir='ltr'><strong>intellectus</strong></span> <span class='ocrx_word' id='word_1_407' title='bbox 3026 2229 3341 2297; x_wconf 87' lang='lat' dir='ltr'><strong>altitudine,</strong></span> <span class='ocrx_word' id='word_1_408' title='bbox 3373 2228 3680 2284; x_wconf 74' lang='lat' dir='ltr'><strong>elﬁciuutur</strong></span> 
     </span>
    </p>
   </div>
   <div class='ocr_carea' id='block_1_53' title="bbox 2110 2316 3680 2389">
    <p class='ocr_par' dir='ltr' id='par_1_53' title="bbox 2110 2316 3680 2389">
     <span class='ocr_line' id='line_1_53' title="bbox 2110 2316 3680 2389; baseline 0.001 -19"><span class='ocrx_word' id='word_1_409' title='bbox 2110 2318 2274 2370; x_wconf 90' lang='lat' dir='ltr'><strong>etiam</strong></span> <span class='ocrx_word' id='word_1_410' title='bbox 2307 2316 2404 2386; x_wconf 87' lang='lat' dir='ltr'><strong>ipsi</strong></span> <span class='ocrx_word' id='word_1_411' title='bbox 2437 2317 2592 2372; x_wconf 89' lang='lat' dir='ltr'><strong>sedes</strong></span> <span class='ocrx_word' id='word_1_412' title='bbox 2611 2317 2728 2383; x_wconf 89' lang='lat' dir='ltr'><strong>Dei,</strong></span> <span class='ocrx_word' id='word_1_413' title='bbox 2760 2316 2891 2372; x_wconf 85' lang='lat' dir='ltr'><strong>facti</strong></span> <span class='ocrx_word' id='word_1_414' title='bbox 2921 2319 3071 2388; x_wconf 90' lang='lat' dir='ltr'><strong>prius</strong></span> <span class='ocrx_word' id='word_1_415' title='bbox 3118 2319 3316 2389; x_wconf 88' lang='lat' dir='ltr'><strong>peritia</strong></span> <span class='ocrx_word' id='word_1_416' title='bbox 3365 2327 3421 2374; x_wconf 90' lang='lat' dir='ltr'><strong>et</strong></span> <span class='ocrx_word' id='word_1_417' title='bbox 3451 2333 3680 2373; x_wconf 85' lang='lat' dir='ltr'><strong>conver-</strong></span> 
     </span>
    </p>
   </div>
   <div class='ocr_carea' id='block_1_54' title="bbox 2110 2407 3679 2477">
    <p class='ocr_par' dir='ltr' id='par_1_54' title="bbox 2110 2407 3679 2477">
     <span class='ocr_line' id='line_1_54' title="bbox 2110 2407 3679 2477; baseline 0.002 -17"><span class='ocrx_word' id='word_1_418' title='bbox 2110 2407 2321 2460; x_wconf 86' lang='lat' dir='ltr'><strong>satione</strong></span> <span class='ocrx_word' id='word_1_419' title='bbox 2362 2407 2662 2475; x_wconf 51' lang='lat' dir='ltr'><strong>caelestes;</strong></span> <span class='ocrx_word' id='word_1_420' title='bbox 2697 2409 2787 2477; x_wconf 93' lang='lat' dir='ltr'><strong>qui</strong></span> <span class='ocrx_word' id='word_1_421' title='bbox 2845 2410 3008 2464; x_wconf 91' lang='lat' dir='ltr'><strong>etiam</strong></span> <span class='ocrx_word' id='word_1_422' title='bbox 3063 2411 3251 2465; x_wconf 86' lang='lat' dir='ltr'><strong>dicunt</strong></span> <span class='ocrx_word' id='word_1_423' title='bbox 3278 2411 3364 2466; x_wconf 63' lang='grc' dir='ltr'>ἰε</span> <span class='ocrx_word' id='word_1_424' title='bbox 3396 2409 3679 2467; x_wconf 80' lang='lat' dir='ltr'><strong>Suscitavit</strong></span> 
     </span>
    </p>
   </div>
   <div class='ocr_carea' id='block_1_55' title="bbox 2113 2496 3679 2572">
    <p class='ocr_par' dir='ltr' id='par_1_55' title="bbox 2113 2496 3679 2572">
     <span class='ocr_line' id='line_1_55' title="bbox 2113 2496 3679 2572; baseline 0.003 -20"><span class='ocrx_word' id='word_1_425' title='bbox 2113 2515 2207 2552; x_wconf 87' lang='lat' dir='ltr'><strong>nos</strong></span> <span class='ocrx_word' id='word_1_426' title='bbox 2228 2515 2344 2552; x_wconf 85' lang='lat' dir='ltr'><strong>cum</strong></span> <span class='ocrx_word' id='word_1_427' title='bbox 2368 2496 2607 2566; x_wconf 78' lang='lat' dir='ltr'><strong>Christo,</strong></span> <span class='ocrx_word' id='word_1_428' title='bbox 2634 2511 2681 2554; x_wconf 86' lang='lat' dir='ltr'><strong>et</strong></span> <span class='ocrx_word' id='word_1_429' title='bbox 2713 2500 2873 2555; x_wconf 85' lang='lat' dir='ltr'><strong>simul</strong></span> <span class='ocrx_word' id='word_1_430' title='bbox 2894 2503 3072 2555; x_wconf 87' lang='lat' dir='ltr'><strong>sedere</strong></span> <span class='ocrx_word' id='word_1_431' title='bbox 3099 2518 3193 2556; x_wconf 84' lang='lat' dir='ltr'><strong>nos</strong></span> <span class='ocrx_word' id='word_1_432' title='bbox 3227 2503 3349 2572; x_wconf 79' lang='lat' dir='ltr'><strong>fecit</strong></span> <span class='ocrx_word' id='word_1_433' title='bbox 3376 2504 3431 2557; x_wconf 88' lang='lat' dir='ltr'><strong>in</strong></span> <span class='ocrx_word' id='word_1_434' title='bbox 3461 2503 3679 2558; x_wconf 74' lang='lat' dir='ltr'><strong>caelesti-</strong></span> 
     </span>
    </p>
   </div>
   <div class='ocr_carea' id='block_1_56' title="bbox 2113 2589 3679 2660">
    <p class='ocr_par' dir='ltr' id='par_1_56' title="bbox 2113 2589 3679 2660">
     <span class='ocr_line' id='line_1_56' title="bbox 2113 2589 3679 2660; baseline 0.006 -18"><span class='ocrx_word' id='word_1_435' title='bbox 2113 2589 2226 2643; x_wconf 88' lang='lat' dir='ltr'><strong>bus.</strong></span> <span class='ocrx_word' id='word_1_436' title='bbox 2257 2590 2361 2644; x_wconf 85' lang='lat' dir='ltr'><strong>Sed</strong></span> <span class='ocrx_word' id='word_1_437' title='bbox 2393 2600 2448 2646; x_wconf 92' lang='lat' dir='ltr'><strong>et</strong></span> <span class='ocrx_word' id='word_1_438' title='bbox 2478 2590 2555 2645; x_wconf 89' lang='lat' dir='ltr'><strong>illi</strong></span> <span class='ocrx_word' id='word_1_439' title='bbox 2581 2606 2810 2660; x_wconf 92' lang='lat' dir='ltr'><strong>quorum</strong></span> <span class='ocrx_word' id='word_1_440' title='bbox 2846 2595 3132 2647; x_wconf 88' lang='lat' dir='ltr'><strong>thesaurus</strong></span> <span class='ocrx_word' id='word_1_441' title='bbox 3156 2594 3207 2648; x_wconf 95' lang='lat' dir='ltr'><strong>in</strong></span> <span class='ocrx_word' id='word_1_442' title='bbox 3243 2594 3379 2650; x_wconf 74' lang='lat' dir='ltr'><strong>ctelo</strong></span> <span class='ocrx_word' id='word_1_443' title='bbox 3406 2604 3522 2657; x_wconf 87' lang='lat' dir='ltr'><strong>est,</strong></span> <span class='ocrx_word' id='word_1_444' title='bbox 3563 2609 3679 2651; x_wconf 74' lang='lat' dir='ltr'><strong>ete-</strong></span> 
     </span>
    </p>
   </div>
   <div class='ocr_carea' id='block_1_57' title="bbox 2111 2681 3679 2756">
    <p class='ocr_par' dir='ltr' id='par_1_57' title="bbox 2111 2681 3679 2756">
     <span class='ocr_line' id='line_1_57' title="bbox 2111 2681 3679 2756; baseline 0.004 -22"><span class='ocrx_word' id='word_1_445' title='bbox 2111 2681 2277 2736; x_wconf 87' lang='lat' dir='ltr'><strong>lestes</strong></span> <span class='ocrx_word' id='word_1_446' title='bbox 2300 2682 2402 2736; x_wconf 90' lang='lat' dir='ltr'><strong>dici</strong></span> <span class='ocrx_word' id='word_1_447' title='bbox 2432 2692 2660 2753; x_wconf 86' lang='lat' dir='ltr'><strong>possunt</strong></span> <span class='ocrx_word' id='word_1_448' title='bbox 2699 2693 2756 2740; x_wconf 89' lang='lat' dir='ltr'><strong>et</strong></span> <span class='ocrx_word' id='word_1_449' title='bbox 2812 2683 2970 2738; x_wconf 89' lang='lat' dir='ltr'><strong>sedes</strong></span> <span class='ocrx_word' id='word_1_450' title='bbox 3025 2685 3141 2751; x_wconf 85' lang='lat' dir='ltr'><strong>Dei,</strong></span> <span class='ocrx_word' id='word_1_451' title='bbox 3198 2688 3456 2756; x_wconf 77' lang='lat' dir='ltr'><strong>quoniam</strong></span> <span class='ocrx_word' id='word_1_452' title='bbox 3490 2687 3561 2740; x_wconf 92' lang='lat' dir='ltr'><strong>ibi</strong></span> <span class='ocrx_word' id='word_1_453' title='bbox 3599 2694 3679 2741; x_wconf 89' lang='lat' dir='ltr'><strong>est</strong></span> 
     </span>
    </p>
   </div>
   <div class='ocr_carea' id='block_1_58' title="bbox 2111 2776 3680 2834">
    <p class='ocr_par' dir='ltr' id='par_1_58' title="bbox 2111 2776 3680 2834">
     <span class='ocr_line' id='line_1_58' title="bbox 2111 2776 3680 2834; baseline 0.004 -6"><span class='ocrx_word' id='word_1_454' title='bbox 2111 2789 2209 2830; x_wconf 88' lang='lat' dir='ltr'><strong>cor</strong></span> <span class='ocrx_word' id='word_1_455' title='bbox 2235 2790 2421 2829; x_wconf 88' lang='lat' dir='ltr'><strong>eorum</strong></span> <span class='ocrx_word' id='word_1_456' title='bbox 2451 2776 2542 2830; x_wconf 90' lang='lat' dir='ltr'><strong>ubi</strong></span> <span class='ocrx_word' id='word_1_457' title='bbox 2576 2785 2663 2831; x_wconf 92' lang='lat' dir='ltr'><strong>est</strong></span> <span class='ocrx_word' id='word_1_458' title='bbox 2687 2778 2974 2833; x_wconf 88' lang='lat' dir='ltr'><strong>thesaurus</strong></span> <span class='ocrx_word' id='word_1_459' title='bbox 3007 2794 3219 2833; x_wconf 90' lang='lat' dir='ltr'><strong>eorum.</strong></span> <span class='ocrx_word' id='word_1_460' title='bbox 3266 2778 3331 2832; x_wconf 87' lang='lat' dir='ltr'><strong>Et</strong></span> <span class='ocrx_word' id='word_1_461' title='bbox 3373 2794 3478 2833; x_wconf 90' lang='lat' dir='ltr'><strong>non</strong></span> <span class='ocrx_word' id='word_1_462' title='bbox 3507 2779 3680 2834; x_wconf 89' lang='lat' dir='ltr'><strong>solum</strong></span> 
     </span>
    </p>
   </div>
   <div class='ocr_carea' id='block_1_59' title="bbox 2112 2869 3676 2940">
    <p class='ocr_par' dir='ltr' id='par_1_59' title="bbox 2112 2869 3676 2940">
     <span class='ocr_line' id='line_1_59' title="bbox 2112 2869 3676 2940; baseline 0.003 -19"><span class='ocrx_word' id='word_1_463' title='bbox 2112 2869 2406 2937; x_wconf 89' lang='lat' dir='ltr'><strong>requiescit</strong></span> <span class='ocrx_word' id='word_1_464' title='bbox 2433 2882 2596 2940; x_wconf 86' lang='lat' dir='ltr'><strong>super</strong></span> <span class='ocrx_word' id='word_1_465' title='bbox 2630 2884 2724 2925; x_wconf 91' lang='lat' dir='ltr'><strong>eos</strong></span> <span class='ocrx_word' id='word_1_466' title='bbox 2755 2870 2919 2934; x_wconf 86' lang='lat' dir='ltr'><strong>Deus,</strong></span> <span class='ocrx_word' id='word_1_467' title='bbox 2955 2873 3048 2925; x_wconf 92' lang='lat' dir='ltr'><strong>sed</strong></span> <span class='ocrx_word' id='word_1_468' title='bbox 3089 2880 3144 2927; x_wconf 92' lang='lat' dir='ltr'><strong>et</strong></span> <span class='ocrx_word' id='word_1_469' title='bbox 3192 2871 3462 2926; x_wconf 89' lang='lat' dir='ltr'><strong>inhabitat</strong></span> <span class='ocrx_word' id='word_1_470' title='bbox 3493 2871 3545 2925; x_wconf 91' lang='lat' dir='ltr'><strong>in</strong></span> <span class='ocrx_word' id='word_1_471' title='bbox 3577 2872 3676 2927; x_wconf 91' lang='lat' dir='ltr'><strong>eis.</strong></span> 
     </span>
    </p>
   </div>
   <div class='ocr_carea' id='block_1_60' title="bbox 2113 2963 3678 3035">
    <p class='ocr_par' dir='ltr' id='par_1_60' title="bbox 2113 2963 3678 3035">
     <span class='ocr_line' id='line_1_60' title="bbox 2113 2963 3678 3035; baseline 0.001 -18"><span class='ocrx_word' id='word_1_472' title='bbox 2113 2964 2318 3018; x_wconf 90' lang='lat' dir='ltr'><strong>Sivero</strong></span> <span class='ocrx_word' id='word_1_473' title='bbox 2367 2973 2548 3018; x_wconf 91' lang='lat' dir='ltr'><strong>tantus</strong></span> <span class='ocrx_word' id='word_1_474' title='bbox 2574 2964 2696 3032; x_wconf 89' lang='lat' dir='ltr'><strong>quis</strong></span> <span class='ocrx_word' id='word_1_475' title='bbox 2740 2963 2873 3019; x_wconf 79' lang='lat' dir='ltr'><strong>efﬁci</strong></span> <span class='ocrx_word' id='word_1_476' title='bbox 2906 2972 3099 3033; x_wconf 89' lang='lat' dir='ltr'><strong>potest,</strong></span> <span class='ocrx_word' id='word_1_477' title='bbox 3125 2974 3180 3018; x_wconf 94' lang='lat' dir='ltr'><strong>ut</strong></span> <span class='ocrx_word' id='word_1_478' title='bbox 3212 2966 3385 3035; x_wconf 87' lang='lat' dir='ltr'><strong>possit</strong></span> <span class='ocrx_word' id='word_1_479' title='bbox 3411 2963 3678 3020; x_wconf 71' lang='lat' dir='ltr'><strong>dicere”:</strong></span> 
     </span>
    </p>
   </div>
   <div class='ocr_carea' id='block_1_61' title="bbox 2113 3057 3679 3131">
    <p class='ocr_par' dir='ltr' id='par_1_61' title="bbox 2113 3057 3679 3131">
     <span class='ocr_line' id='line_1_61' title="bbox 2113 3057 3679 3131; baseline 0.005 -21"><span class='ocrx_word' id='word_1_480' title='bbox 2113 3057 2194 3110; x_wconf 87' lang='lat' dir='ltr'><strong>An</strong></span> <span class='ocrx_word' id='word_1_481' title='bbox 2248 3057 2616 3110; x_wconf 82' lang='lat' dir='ltr'><strong>documentum</strong></span> <span class='ocrx_word' id='word_1_482' title='bbox 2665 3058 2901 3127; x_wconf 81' lang='lat' dir='ltr'><strong>quwritis</strong></span> <span class='ocrx_word' id='word_1_483' title='bbox 2962 3058 3077 3127; x_wconf 85' lang='lat' dir='ltr'><strong>ejus</strong></span> <span class='ocrx_word' id='word_1_484' title='bbox 3137 3060 3227 3128; x_wconf 87' lang='lat' dir='ltr'><strong>qui</strong></span> <span class='ocrx_word' id='word_1_485' title='bbox 3279 3061 3336 3111; x_wconf 88' lang='lat' dir='ltr'><strong>in</strong></span> <span class='ocrx_word' id='word_1_486' title='bbox 3386 3076 3468 3113; x_wconf 90' lang='lat' dir='ltr'><strong>me</strong></span> <span class='ocrx_word' id='word_1_487' title='bbox 3514 3061 3679 3131; x_wconf 84' lang='lat' dir='ltr'><strong>loqui-</strong></span> 
     </span>
    </p>
   </div>
   <div class='ocr_carea' id='block_1_62' title="bbox 435 3135 3677 3222">
    <p class='ocr_par' dir='ltr' id='par_1_62' title="bbox 435 3135 3677 3222">
     <span class='ocr_line' id='line_1_62' title="bbox 435 3135 3677 3222; baseline 0.003 -24"><span class='ocrx_word' id='word_1_488' title='bbox 435 3145 777 3215; x_wconf 75' lang='lat' dir='ltr'><strong>ada-quatur,</strong></span> <span class='ocrx_word' id='word_1_489' title='bbox 807 3147 898 3215; x_wconf 89' lang='lat' dir='ltr'><strong>qui</strong></span> <span class='ocrx_word' id='word_1_490' title='bbox 944 3147 1108 3202; x_wconf 89' lang='lat' dir='ltr'><strong>habet</strong></span> <span class='ocrx_word' id='word_1_491' title='bbox 1154 3147 1419 3202; x_wconf 89' lang='lat' dir='ltr'><strong>honorem</strong></span> <span class='ocrx_word' id='word_1_492' title='bbox 1444 3147 1592 3210; x_wconf 87' lang='lat' dir='ltr'><strong>coeli,</strong></span> <span class='ocrx_word' id='word_1_493' title='bbox 1617 3155 1837 3216; x_wconf 91' lang='lat' dir='ltr'><strong>propter</strong></span> <span class='ocrx_word' id='word_1_494' title='bbox 1863 3147 2006 3215; x_wconf 87' lang='lat' dir='ltr'><strong>quod</strong></span> <span class='ocrx_word' id='word_1_495' title='bbox 2034 3135 2076 3191; x_wconf 73' lang='grc' dir='ltr'>Ο</span> <span class='ocrx_word' id='word_1_496' title='bbox 2112 3157 2200 3201; x_wconf 87' lang='lat' dir='ltr'><strong>tur</strong></span> <span class='ocrx_word' id='word_1_497' title='bbox 2239 3146 2482 3202; x_wconf 78' lang='lat' dir='ltr'><strong>Christus</strong></span> <span class='ocrx_word' id='word_1_498' title='bbox 2525 3148 2625 3203; x_wconf 86' lang='lat' dir='ltr'><strong>?in</strong></span> <span class='ocrx_word' id='word_1_499' title='bbox 2671 3149 2776 3204; x_wconf 92' lang='lat' dir='ltr'><strong>hoc</strong></span> <span class='ocrx_word' id='word_1_500' title='bbox 2810 3165 2914 3204; x_wconf 91' lang='lat' dir='ltr'><strong>non</strong></span> <span class='ocrx_word' id='word_1_501' title='bbox 2951 3150 3122 3204; x_wconf 91' lang='lat' dir='ltr'><strong>solum</strong></span> <span class='ocrx_word' id='word_1_502' title='bbox 3158 3150 3428 3207; x_wconf 80' lang='lat' dir='ltr'><strong>inhabitat</strong></span> <span class='ocrx_word' id='word_1_503' title='bbox 3490 3154 3627 3215; x_wconf 85' lang='lat' dir='ltr'><strong>Deus</strong></span> <span class='ocrx_word' id='word_1_504' title='bbox 3660 3195 3677 3222; x_wconf 82' lang='grc'><strong>,</strong></span> 
     </span>
    </p>
   </div>
   <div class='ocr_carea' id='block_1_63' title="bbox 433 3236 2008 3307">
    <p class='ocr_par' dir='ltr' id='par_1_63' title="bbox 433 3236 2008 3307">
     <span class='ocr_line' id='line_1_63' title="bbox 433 3236 2008 3307; baseline 0.001 -16"><span class='ocrx_word' id='word_1_505' title='bbox 433 3244 490 3291; x_wconf 86' lang='lat' dir='ltr'><strong>et</strong></span> <span class='ocrx_word' id='word_1_506' title='bbox 518 3238 782 3293; x_wconf 69' lang='lat' dir='ltr'><strong>caelorum</strong></span> <span class='ocrx_word' id='word_1_507' title='bbox 831 3239 880 3293; x_wconf 91' lang='lat' dir='ltr'><strong>el</strong></span> <span class='ocrx_word' id='word_1_508' title='bbox 902 3237 1237 3306; x_wconf 89' lang='lat' dir='ltr'><strong>promittitur</strong></span> <span class='ocrx_word' id='word_1_509' title='bbox 1274 3236 1718 3307; x_wconf 86' lang='lat' dir='ltr'><strong>regnum.Habet</strong></span> <span class='ocrx_word' id='word_1_510' title='bbox 1742 3247 1798 3293; x_wconf 87' lang='lat' dir='ltr'><strong>et</strong></span> <span class='ocrx_word' id='word_1_511' title='bbox 1848 3247 2008 3293; x_wconf 58' lang='lat' dir='ltr'><strong>terra;</strong></span> 
     </span>
    </p>
   </div>
   <div class='ocr_carea' id='block_1_64' title="bbox 436 3331 2010 3403">
    <p class='ocr_par' dir='ltr' id='par_1_64' title="bbox 436 3331 2010 3403">
     <span class='ocr_line' id='line_1_64' title="bbox 436 3331 2010 3403; baseline 0.004 -20"><span class='ocrx_word' id='word_1_512' title='bbox 436 3331 723 3399; x_wconf 87' lang='lat' dir='ltr'><strong>honorem,</strong></span> <span class='ocrx_word' id='word_1_513' title='bbox 762 3333 1017 3402; x_wconf 90' lang='lat' dir='ltr'><strong>quoniam</strong></span> <span class='ocrx_word' id='word_1_514' title='bbox 1060 3333 1277 3403; x_wconf 89' lang='lat' dir='ltr'><strong>quidem</strong></span> <span class='ocrx_word' id='word_1_515' title='bbox 1331 3334 1383 3387; x_wconf 91' lang='lat' dir='ltr'><strong>in</strong></span> <span class='ocrx_word' id='word_1_516' title='bbox 1443 3340 1643 3387; x_wconf 89' lang='lat' dir='ltr'><strong>terram</strong></span> <span class='ocrx_word' id='word_1_517' title='bbox 1695 3335 1914 3400; x_wconf 86' lang='lat' dir='ltr'><strong>bonam,</strong></span> <span class='ocrx_word' id='word_1_518' title='bbox 1953 3343 2010 3389; x_wconf 90' lang='lat' dir='ltr'><strong>et</strong></span> 
     </span>
    </p>
   </div>
   <div class='ocr_carea' id='block_1_65' title="bbox 436 3423 2005 3494">
    <p class='ocr_par' dir='ltr' id='par_1_65' title="bbox 436 3423 2005 3494">
     <span class='ocr_line' id='line_1_65' title="bbox 436 3423 2005 3494; baseline 0.005 -20"><span class='ocrx_word' id='word_1_519' title='bbox 436 3432 640 3476; x_wconf 83' lang='lat' dir='ltr'><strong>terram</strong></span> <span class='ocrx_word' id='word_1_520' title='bbox 682 3424 929 3477; x_wconf 91' lang='lat' dir='ltr'><strong>vivorum</strong></span> <span class='ocrx_word' id='word_1_521' title='bbox 956 3423 1209 3478; x_wconf 83' lang='lat' dir='ltr'><strong>ﬂuentem</strong></span> <span class='ocrx_word' id='word_1_522' title='bbox 1249 3424 1331 3479; x_wconf 89' lang='lat' dir='ltr'><strong>lac</strong></span> <span class='ocrx_word' id='word_1_523' title='bbox 1353 3433 1408 3479; x_wconf 92' lang='lat' dir='ltr'><strong>et</strong></span> <span class='ocrx_word' id='word_1_524' title='bbox 1440 3425 1542 3479; x_wconf 91' lang='lat' dir='ltr'><strong>mel</strong></span> <span class='ocrx_word' id='word_1_525' title='bbox 1570 3424 1778 3494; x_wconf 84' lang='lat' dir='ltr'><strong>ingredi</strong></span> <span class='ocrx_word' id='word_1_526' title='bbox 1802 3437 2005 3493; x_wconf 90' lang='lat' dir='ltr'><strong>sperat.</strong></span> 
     </span>
    </p>
   </div>
   <div class='ocr_carea' id='block_1_66' title="bbox 437 3513 2011 3585">
    <p class='ocr_par' dir='ltr' id='par_1_66' title="bbox 437 3513 2011 3585">
     <span class='ocr_line' id='line_1_66' title="bbox 437 3513 2011 3585; baseline 0.003 -18"><span class='ocrx_word' id='word_1_527' title='bbox 437 3513 612 3570; x_wconf 85' lang='lat' dir='ltr'><strong>liabet</strong></span> <span class='ocrx_word' id='word_1_528' title='bbox 639 3517 900 3570; x_wconf 90' lang='lat' dir='ltr'><strong>honorem</strong></span> <span class='ocrx_word' id='word_1_529' title='bbox 934 3517 1066 3572; x_wconf 89' lang='lat' dir='ltr'><strong>solis</strong></span> <span class='ocrx_word' id='word_1_530' title='bbox 1092 3526 1148 3570; x_wconf 91' lang='lat' dir='ltr'><strong>et</strong></span> <span class='ocrx_word' id='word_1_531' title='bbox 1180 3516 1342 3584; x_wconf 68' lang='lat' dir='ltr'><strong>lunae,</strong></span> <span class='ocrx_word' id='word_1_532' title='bbox 1391 3517 1597 3572; x_wconf 89' lang='lat' dir='ltr'><strong>habens</strong></span> <span class='ocrx_word' id='word_1_533' title='bbox 1640 3517 2011 3585; x_wconf 89' lang='lat' dir='ltr'><strong>repromissio-</strong></span> 
     </span>
    </p>
   </div>
   <div class='ocr_carea' id='block_1_67' title="bbox 437 3610 1497 3683">
    <p class='ocr_par' dir='ltr' id='par_1_67' title="bbox 437 3610 1497 3683">
     <span class='ocr_line' id='line_1_67' title="bbox 437 3610 1497 3683; baseline 0.001 -20"><span class='ocrx_word' id='word_1_534' title='bbox 437 3624 560 3663; x_wconf 89' lang='lat' dir='ltr'><strong>nem</strong></span> <span class='ocrx_word' id='word_1_535' title='bbox 586 3610 792 3680; x_wconf 82' lang='lat' dir='ltr'><strong>fulgere</strong></span> <span class='ocrx_word' id='word_1_536' title='bbox 825 3613 968 3667; x_wconf 91' lang='lat' dir='ltr'><strong>sicut</strong></span> <span class='ocrx_word' id='word_1_537' title='bbox 999 3613 1082 3668; x_wconf 92' lang='lat' dir='ltr'><strong>sol</strong></span> <span class='ocrx_word' id='word_1_538' title='bbox 1113 3614 1165 3667; x_wconf 91' lang='lat' dir='ltr'><strong>in</strong></span> <span class='ocrx_word' id='word_1_539' title='bbox 1196 3627 1359 3683; x_wconf 86' lang='lat' dir='ltr'><strong>regno</strong></span> <span class='ocrx_word' id='word_1_540' title='bbox 1381 3612 1497 3666; x_wconf 91' lang='lat' dir='ltr'><strong>Dei.</strong></span> 
     </span>
    </p>
   </div>
   <div class='ocr_carea' id='block_1_68' title="bbox 510 3701 2012 3759">
    <p class='ocr_par' dir='ltr' id='par_1_68' title="bbox 510 3701 2012 3759">
     <span class='ocr_line' id='line_1_68' title="bbox 510 3701 2012 3759; baseline 0.001 -4"><span class='ocrx_word' id='word_1_541' title='bbox 510 3701 597 3755; x_wconf 80' lang='lat'><strong>13.</strong></span> <span class='ocrx_word' id='word_1_542' title='bbox 628 3702 762 3757; x_wconf 86' lang='lat' dir='ltr'><strong>illud</strong></span> <span class='ocrx_word' id='word_1_543' title='bbox 807 3718 938 3759; x_wconf 90' lang='lat' dir='ltr'><strong>sane</strong></span> <span class='ocrx_word' id='word_1_544' title='bbox 973 3705 1134 3759; x_wconf 89' lang='lat' dir='ltr'><strong>etiam</strong></span> <span class='ocrx_word' id='word_1_545' title='bbox 1190 3704 1517 3759; x_wconf 92' lang='lat' dir='ltr'><strong>eminentius</strong></span> <span class='ocrx_word' id='word_1_546' title='bbox 1576 3701 1628 3755; x_wconf 88' lang='lat' dir='ltr'><strong>in</strong></span> <span class='ocrx_word' id='word_1_547' title='bbox 1694 3704 2012 3758; x_wconf 88' lang='lat' dir='ltr'><strong>conditione</strong></span> 
     </span>
    </p>
   </div>
   <div class='ocr_carea' id='block_1_69' title="bbox 438 3793 2005 3866">
    <p class='ocr_par' dir='ltr' id='par_1_69' title="bbox 438 3793 2005 3866">
     <span class='ocr_line' id='line_1_69' title="bbox 438 3793 2005 3866; baseline 0.001 -16"><span class='ocrx_word' id='word_1_548' title='bbox 438 3793 679 3850; x_wconf 87' lang='lat' dir='ltr'><strong>hominis</strong></span> <span class='ocrx_word' id='word_1_549' title='bbox 722 3796 899 3858; x_wconf 88' lang='lat' dir='ltr'><strong>video.</strong></span> <span class='ocrx_word' id='word_1_550' title='bbox 937 3797 1081 3866; x_wconf 92' lang='lat' dir='ltr'><strong>quod</strong></span> <span class='ocrx_word' id='word_1_551' title='bbox 1134 3795 1264 3850; x_wconf 89' lang='lat' dir='ltr'><strong>alibi</strong></span> <span class='ocrx_word' id='word_1_552' title='bbox 1316 3813 1420 3851; x_wconf 91' lang='lat' dir='ltr'><strong>non</strong></span> <span class='ocrx_word' id='word_1_553' title='bbox 1457 3797 1673 3854; x_wconf 87' lang='lat' dir='ltr'><strong>invenio</strong></span> <span class='ocrx_word' id='word_1_554' title='bbox 1710 3798 2005 3852; x_wconf 77' lang='lat' dir='ltr'><strong>dictum“:</strong></span> 
     </span>
    </p>
   </div>
   <div class='ocr_carea' id='block_1_70' title="bbox 439 3884 2007 3958">
    <p class='ocr_par' dir='ltr' id='par_1_70' title="bbox 439 3884 2007 3958">
     <span class='ocr_line' id='line_1_70' title="bbox 439 3884 2007 3958; baseline 0.001 -17"><span class='ocrx_word' id='word_1_555' title='bbox 439 3884 511 3941; x_wconf 85' lang='lat' dir='ltr'><strong>Et</strong></span> <span class='ocrx_word' id='word_1_556' title='bbox 551 3886 672 3955; x_wconf 77' lang='lat' dir='ltr'><strong>fecit</strong></span> <span class='ocrx_word' id='word_1_557' title='bbox 700 3887 840 3943; x_wconf 84' lang='lat' dir='ltr'><strong>Deus</strong></span> <span class='ocrx_word' id='word_1_558' title='bbox 865 3889 1146 3952; x_wconf 86' lang='lat' dir='ltr'><strong>hominem,</strong></span> <span class='ocrx_word' id='word_1_559' title='bbox 1171 3890 1239 3942; x_wconf 87' lang='lat' dir='ltr'><strong>ad</strong></span> <span class='ocrx_word' id='word_1_560' title='bbox 1272 3890 1553 3958; x_wconf 79' lang='lat' dir='ltr'><strong>imaginem</strong></span> <span class='ocrx_word' id='word_1_561' title='bbox 1590 3890 1687 3943; x_wconf 90' lang='lat' dir='ltr'><strong>Dei</strong></span> <span class='ocrx_word' id='word_1_562' title='bbox 1720 3890 1841 3949; x_wconf 78' lang='lat' dir='ltr'><strong>fecit</strong></span> <span class='ocrx_word' id='word_1_563' title='bbox 1866 3905 2007 3942; x_wconf 88' lang='lat' dir='ltr'><strong>eum.</strong></span> 
     </span>
    </p>
   </div>
   <div class='ocr_carea' id='block_1_71' title="bbox 439 3979 2012 4052">
    <p class='ocr_par' dir='ltr' id='par_1_71' title="bbox 439 3979 2012 4052">
     <span class='ocr_line' id='line_1_71' title="bbox 439 3979 2012 4052; baseline 0.001 -20"><span class='ocrx_word' id='word_1_564' title='bbox 439 3979 597 4046; x_wconf 84' lang='lat' dir='ltr'><strong>Quod</strong></span> <span class='ocrx_word' id='word_1_565' title='bbox 626 3995 802 4051; x_wconf 89' lang='lat' dir='ltr'><strong>neque</strong></span> <span class='ocrx_word' id='word_1_566' title='bbox 830 3983 882 4035; x_wconf 91' lang='lat' dir='ltr'><strong>in</strong></span> <span class='ocrx_word' id='word_1_567' title='bbox 909 3983 1071 4047; x_wconf 74' lang='lat' dir='ltr'><strong>ctelo,</strong></span> <span class='ocrx_word' id='word_1_568' title='bbox 1117 3998 1291 4052; x_wconf 90' lang='lat' dir='ltr'><strong>neque</strong></span> <span class='ocrx_word' id='word_1_569' title='bbox 1320 3985 1372 4036; x_wconf 93' lang='lat' dir='ltr'><strong>in</strong></span> <span class='ocrx_word' id='word_1_570' title='bbox 1405 3991 1575 4045; x_wconf 88' lang='lat' dir='ltr'><strong>terra,</strong></span> <span class='ocrx_word' id='word_1_571' title='bbox 1605 3997 1780 4052; x_wconf 89' lang='lat' dir='ltr'><strong>neque</strong></span> <span class='ocrx_word' id='word_1_572' title='bbox 1806 3983 1859 4035; x_wconf 93' lang='lat' dir='ltr'><strong>in</strong></span> <span class='ocrx_word' id='word_1_573' title='bbox 1900 3980 2012 4036; x_wconf 91' lang='lat' dir='ltr'><strong>sole</strong></span> 
     </span>
    </p>
   </div>
   <div class='ocr_carea' id='block_1_72' title="bbox 440 4071 2010 4144">
    <p class='ocr_par' dir='ltr' id='par_1_72' title="bbox 440 4071 2010 4144">
     <span class='ocr_line' id='line_1_72' title="bbox 440 4071 2010 4144; baseline 0.001 -21"><span class='ocrx_word' id='word_1_574' title='bbox 440 4071 529 4125; x_wconf 92' lang='lat' dir='ltr'><strong>vel</strong></span> <span class='ocrx_word' id='word_1_575' title='bbox 555 4071 677 4125; x_wconf 91' lang='lat' dir='ltr'><strong>luna</strong></span> <span class='ocrx_word' id='word_1_576' title='bbox 707 4072 1527 4144; x_wconf 85' lang='lat' dir='ltr'><strong>invenimus‘ascriptum._llunc</strong></span> <span class='ocrx_word' id='word_1_577' title='bbox 1550 4086 1684 4128; x_wconf 89' lang='lat' dir='ltr'><strong>sane</strong></span> <span class='ocrx_word' id='word_1_578' title='bbox 1712 4072 2010 4138; x_wconf 84' lang='lat' dir='ltr'><strong>hominem,</strong></span> 
     </span>
    </p>
   </div>
   <div class='ocr_carea' id='block_1_73' title="bbox 442 4163 2011 4236">
    <p class='ocr_par' dir='ltr' id='par_1_73' title="bbox 442 4163 2011 4236">
     <span class='ocr_line' id='line_1_73' title="bbox 442 4163 2011 4236; baseline 0.004 -23"><span class='ocrx_word' id='word_1_579' title='bbox 442 4177 604 4231; x_wconf 88' lang='lat' dir='ltr'><strong>quem</strong></span> <span class='ocrx_word' id='word_1_580' title='bbox 636 4163 767 4217; x_wconf 90' lang='lat' dir='ltr'><strong>dicit</strong></span> <span class='ocrx_word' id='word_1_581' title='bbox 798 4166 863 4217; x_wconf 84' lang='lat' dir='ltr'><strong>ad</strong></span> <span class='ocrx_word' id='word_1_582' title='bbox 897 4165 1183 4234; x_wconf 87' lang='lat' dir='ltr'><strong>imaginem</strong></span> <span class='ocrx_word' id='word_1_583' title='bbox 1234 4167 1329 4221; x_wconf 87' lang='lat' dir='ltr'><strong>Dei</strong></span> <span class='ocrx_word' id='word_1_584' title='bbox 1358 4167 1582 4234; x_wconf 84' lang='lat' dir='ltr'><strong>factum,</strong></span> <span class='ocrx_word' id='word_1_585' title='bbox 1612 4183 1716 4222; x_wconf 91' lang='lat' dir='ltr'><strong>non</strong></span> <span class='ocrx_word' id='word_1_586' title='bbox 1752 4166 2011 4236; x_wconf 79' lang='lat' dir='ltr'><strong>intelligi-</strong></span> 
     </span>
    </p>
   </div>
   <div class='ocr_carea' id='block_1_74' title="bbox 443 4257 2012 4331">
    <p class='ocr_par' dir='ltr' id='par_1_74' title="bbox 443 4257 2012 4331">
     <span class='ocr_line' id='line_1_74' title="bbox 443 4257 2012 4331; baseline 0.002 -22"><span class='ocrx_word' id='word_1_587' title='bbox 443 4271 565 4311; x_wconf 90' lang='lat' dir='ltr'><strong>mus</strong></span> <span class='ocrx_word' id='word_1_588' title='bbox 587 4257 925 4326; x_wconf 88' lang='lat' dir='ltr'><strong>corporalem</strong></span> <span class='ocrx_word' id='word_1_589' title='bbox 976 4258 1111 4331; x_wconf 80' lang='lat'><strong>(63).</strong></span> <span class='ocrx_word' id='word_1_590' title='bbox 1159 4258 1278 4315; x_wconf 86' lang='lat' dir='ltr'><strong>Non</strong></span> <span class='ocrx_word' id='word_1_591' title='bbox 1312 4261 1454 4315; x_wconf 91' lang='lat' dir='ltr'><strong>enim</strong></span> <span class='ocrx_word' id='word_1_592' title='bbox 1483 4260 1730 4331; x_wconf 89' lang='lat' dir='ltr'><strong>corporis</strong></span> <span class='ocrx_word' id='word_1_593' title='bbox 1779 4260 2012 4330; x_wconf 82' lang='lat' dir='ltr'><strong>figmen-</strong></span> 
     </span>
    </p>
   </div>
   <div class='ocr_carea' id='block_1_75' title="bbox 443 4349 2013 4423">
    <p class='ocr_par' dir='ltr' id='par_1_75' title="bbox 443 4349 2013 4423">
     <span class='ocr_line' id='line_1_75' title="bbox 443 4349 2013 4423; baseline 0.003 -21"><span class='ocrx_word' id='word_1_594' title='bbox 443 4358 560 4404; x_wconf 87' lang='lat' dir='ltr'><strong>tum</strong></span> <span class='ocrx_word' id='word_1_595' title='bbox 594 4349 688 4406; x_wconf 91' lang='lat' dir='ltr'><strong>Dei</strong></span> <span class='ocrx_word' id='word_1_596' title='bbox 735 4351 1026 4419; x_wconf 83' lang='lat' dir='ltr'><strong>imaginem</strong></span> <span class='ocrx_word' id='word_1_597' title='bbox 1051 4353 1312 4418; x_wconf 88' lang='lat' dir='ltr'><strong>continet,</strong></span> <span class='ocrx_word' id='word_1_598' title='bbox 1339 4368 1515 4423; x_wconf 90' lang='lat' dir='ltr'><strong>ncque</strong></span> <span class='ocrx_word' id='word_1_599' title='bbox 1540 4353 1716 4408; x_wconf 84' lang='lat' dir='ltr'><strong>factus</strong></span> <span class='ocrx_word' id='word_1_600' title='bbox 1742 4367 1867 4408; x_wconf 90' lang='lat' dir='ltr'><strong>esse</strong></span> <span class='ocrx_word' id='word_1_601' title='bbox 1891 4367 2013 4408; x_wconf 88' lang='lat' dir='ltr'><strong>cor-</strong></span> 
     </span>
    </p>
   </div>
   <div class='ocr_carea' id='block_1_76' title="bbox 443 4443 2010 4517">
    <p class='ocr_par' dir='ltr' id='par_1_76' title="bbox 443 4443 2010 4517">
     <span class='ocr_line' id='line_1_76' title="bbox 443 4443 2010 4517; baseline 0.001 -22"><span class='ocrx_word' id='word_1_602' title='bbox 443 4443 648 4512; x_wconf 87' lang='lat' dir='ltr'><strong>poralis</strong></span> <span class='ocrx_word' id='word_1_603' title='bbox 682 4444 845 4517; x_wconf 88' lang='lat' dir='ltr'><strong>homo</strong></span> <span class='ocrx_word' id='word_1_604' title='bbox 884 4444 1102 4511; x_wconf 91' lang='lat' dir='ltr'><strong>dicitur,</strong></span> <span class='ocrx_word' id='word_1_605' title='bbox 1136 4448 1228 4500; x_wconf 90' lang='lat' dir='ltr'><strong>sed</strong></span> <span class='ocrx_word' id='word_1_606' title='bbox 1278 4445 1598 4515; x_wconf 88' lang='lat' dir='ltr'><strong>plasmatus,</strong></span> <span class='ocrx_word' id='word_1_607' title='bbox 1628 4445 1768 4499; x_wconf 89' lang='lat' dir='ltr'><strong>sicut</strong></span> <span class='ocrx_word' id='word_1_608' title='bbox 1794 4444 1848 4497; x_wconf 91' lang='lat' dir='ltr'><strong>in</strong></span> <span class='ocrx_word' id='word_1_609' title='bbox 1876 4458 2010 4499; x_wconf 89' lang='lat' dir='ltr'><strong>con—</strong></span> 
     </span>
    </p>
   </div>
   <div class='ocr_carea' id='block_1_77' title="bbox 444 4534 2010 4606">
    <p class='ocr_par' dir='ltr' id='par_1_77' title="bbox 444 4534 2010 4606">
     <span class='ocr_line' id='line_1_77' title="bbox 444 4534 2010 4606; baseline -0.001 -16"><span class='ocrx_word' id='word_1_610' title='bbox 444 4536 805 4605; x_wconf 81' lang='lat' dir='ltr'><strong>sequentibus</strong></span> <span class='ocrx_word' id='word_1_611' title='bbox 834 4537 1093 4606; x_wconf 86' lang='lat' dir='ltr'><strong>scriptqu</strong></span> <span class='ocrx_word' id='word_1_612' title='bbox 1142 4547 1247 4593; x_wconf 90' lang='lat' dir='ltr'><strong>est.</strong></span> <span class='ocrx_word' id='word_1_613' title='bbox 1293 4539 1383 4592; x_wconf 85' lang='lat' dir='ltr'><strong>Ait</strong></span> <span class='ocrx_word' id='word_1_614' title='bbox 1410 4540 1553 4592; x_wconf 92' lang='lat' dir='ltr'><strong>enim</strong></span> <span class='ocrx_word' id='word_1_615' title='bbox 1605 4537 1651 4568; x_wconf 84' lang='grc'><strong><em>²²</em></strong></span> <span class='ocrx_word' id='word_1_616' title='bbox 1679 4534 2010 4590; x_wconf 84' lang='lat' dir='ltr'><strong>:Plasmavit</strong></span> 
     </span>
    </p>
   </div>
   <div class='ocr_carea' id='block_1_78' title="bbox 446 4626 2014 4686">
    <p class='ocr_par' dir='ltr' id='par_1_78' title="bbox 446 4626 2014 4686">
     <span class='ocr_line' id='line_1_78' title="bbox 446 4626 2014 4686; baseline -0.001 -5"><span class='ocrx_word' id='word_1_617' title='bbox 446 4626 588 4682; x_wconf 82' lang='lat' dir='ltr'><strong>Deus</strong></span> <span class='ocrx_word' id='word_1_618' title='bbox 630 4629 911 4684; x_wconf 84' lang='lat' dir='ltr'><strong>hominem.</strong></span> <span class='ocrx_word' id='word_1_619' title='bbox 945 4629 1000 4683; x_wconf 80' lang='grc' dir='ltr'>ω</span> <span class='ocrx_word' id='word_1_620' title='bbox 1032 4638 1115 4685; x_wconf 90' lang='lat' dir='ltr'><strong>est</strong></span> <span class='ocrx_word' id='word_1_621' title='bbox 1151 4631 1304 4683; x_wconf 84' lang='lat' dir='ltr'><strong>ﬁnxit</strong></span> <span class='ocrx_word' id='word_1_622' title='bbox 1348 4630 1413 4685; x_wconf 93' lang='lat' dir='ltr'><strong>de</strong></span> <span class='ocrx_word' id='word_1_623' title='bbox 1445 4639 1603 4686; x_wconf 68' lang='lat' dir='ltr'><strong>terrae</strong></span> <span class='ocrx_word' id='word_1_624' title='bbox 1642 4630 1793 4686; x_wconf 91' lang='lat' dir='ltr'><strong>limo.</strong></span> <span class='ocrx_word' id='word_1_625' title='bbox 1834 4628 1883 4683; x_wconf 90' lang='lat' dir='ltr'><strong>ls</strong></span> <span class='ocrx_word' id='word_1_626' title='bbox 1916 4643 2014 4681; x_wconf 88' lang='lat' dir='ltr'><strong>au-</strong></span> 
     </span>
    </p>
   </div>
   <div class='ocr_carea' id='block_1_79' title="bbox 447 4720 2010 4793">
    <p class='ocr_par' dir='ltr' id='par_1_79' title="bbox 447 4720 2010 4793">
     <span class='ocr_line' id='line_1_79' title="bbox 447 4720 2010 4793; baseline -0.003 -18"><span class='ocrx_word' id='word_1_627' title='bbox 447 4730 556 4776; x_wconf 88' lang='lat' dir='ltr'><strong>tem</strong></span> <span class='ocrx_word' id='word_1_628' title='bbox 590 4722 680 4791; x_wconf 92' lang='lat' dir='ltr'><strong>qui</strong></span> <span class='ocrx_word' id='word_1_629' title='bbox 714 4723 780 4776; x_wconf 87' lang='lat' dir='ltr'><strong>ad</strong></span> <span class='ocrx_word' id='word_1_630' title='bbox 803 4723 1092 4793; x_wconf 81' lang='lat' dir='ltr'><strong>imaginem</strong></span> <span class='ocrx_word' id='word_1_631' title='bbox 1129 4725 1218 4778; x_wconf 90' lang='lat' dir='ltr'><strong>Dei</strong></span> <span class='ocrx_word' id='word_1_632' title='bbox 1241 4722 1418 4779; x_wconf 82' lang='lat' dir='ltr'><strong>factus</strong></span> <span class='ocrx_word' id='word_1_633' title='bbox 1448 4734 1529 4777; x_wconf 91' lang='lat' dir='ltr'><strong>est</strong></span> <span class='ocrx_word' id='word_1_634' title='bbox 1557 4732 1611 4778; x_wconf 91' lang='lat' dir='ltr'><strong>et</strong></span> <span class='ocrx_word' id='word_1_635' title='bbox 1638 4723 1703 4779; x_wconf 90' lang='lat' dir='ltr'><strong>ad</strong></span> <span class='ocrx_word' id='word_1_636' title='bbox 1757 4720 2010 4777; x_wconf 88' lang='lat' dir='ltr'><strong>similitu-</strong></span> 
     </span>
    </p>
   </div>
   <div class='ocr_carea' id='block_1_80' title="bbox 447 4812 2012 4885">
    <p class='ocr_par' dir='ltr' id='par_1_80' title="bbox 447 4812 2012 4885">
     <span class='ocr_line' id='line_1_80' title="bbox 447 4812 2012 4885; baseline -0.004 -15"><span class='ocrx_word' id='word_1_637' title='bbox 447 4815 630 4870; x_wconf 89' lang='lat' dir='ltr'><strong>dinem</strong></span> <span class='ocrx_word' id='word_1_638' title='bbox 662 4814 798 4885; x_wconf 73' lang='grc'><strong>(64).</strong></span> <span class='ocrx_word' id='word_1_639' title='bbox 833 4816 1057 4870; x_wconf 87' lang='lat' dir='ltr'><strong>interior</strong></span> <span class='ocrx_word' id='word_1_640' title='bbox 1089 4816 1250 4870; x_wconf 90' lang='lat' dir='ltr'><strong>homo</strong></span> <span class='ocrx_word' id='word_1_641' title='bbox 1281 4826 1469 4870; x_wconf 91' lang='lat' dir='ltr'><strong>noster</strong></span> <span class='ocrx_word' id='word_1_642' title='bbox 1498 4824 1602 4881; x_wconf 77' lang='lat' dir='ltr'><strong>est,</strong></span> <span class='ocrx_word' id='word_1_643' title='bbox 1637 4812 1924 4868; x_wconf 86' lang='lat' dir='ltr'><strong>invisibilis</strong></span> <span class='ocrx_word' id='word_1_644' title='bbox 1958 4821 2012 4865; x_wconf 92' lang='lat' dir='ltr'><strong>et</strong></span> 
     </span>
    </p>
   </div>
   <div class='ocr_carea' id='block_1_81' title="bbox 445 4900 2009 4977">
    <p class='ocr_par' dir='ltr' id='par_1_81' title="bbox 445 4900 2009 4977">
     <span class='ocr_line' id='line_1_81' title="bbox 445 4900 2009 4977; baseline -0.004 -15"><span class='ocrx_word' id='word_1_645' title='bbox 445 4906 833 4975; x_wconf 86' lang='lat' dir='ltr'><strong>incorporalis,</strong></span> <span class='ocrx_word' id='word_1_646' title='bbox 870 4916 924 4962; x_wconf 91' lang='lat' dir='ltr'><strong>et</strong></span> <span class='ocrx_word' id='word_1_647' title='bbox 950 4908 1298 4977; x_wconf 87' lang='lat' dir='ltr'><strong>incorruptus</strong></span> <span class='ocrx_word' id='word_1_648' title='bbox 1346 4918 1508 4977; x_wconf 88' lang='lat' dir='ltr'><strong>atque</strong></span> <span class='ocrx_word' id='word_1_649' title='bbox 1558 4903 1897 4961; x_wconf 88' lang='lat' dir='ltr'><strong>immortalis.</strong></span> <span class='ocrx_word' id='word_1_650' title='bbox 1954 4900 2009 4955; x_wconf 90' lang='lat' dir='ltr'><strong>In</strong></span> 
     </span>
    </p>
   </div>
   <div class='ocr_carea' id='block_1_82' title="bbox 447 4993 2046 5075">
    <p class='ocr_par' dir='ltr' id='par_1_82' title="bbox 447 4993 2046 5075">
     <span class='ocr_line' id='line_1_82' title="bbox 447 4993 2046 5075; baseline -0.006 -20"><span class='ocrx_word' id='word_1_651' title='bbox 447 4999 533 5055; x_wconf 90' lang='lat' dir='ltr'><strong>his</strong></span> <span class='ocrx_word' id='word_1_652' title='bbox 557 5001 703 5053; x_wconf 92' lang='lat' dir='ltr'><strong>enim</strong></span> <span class='ocrx_word' id='word_1_653' title='bbox 749 5001 942 5057; x_wconf 89' lang='lat' dir='ltr'><strong>talibus</strong></span> <span class='ocrx_word' id='word_1_654' title='bbox 990 5000 1086 5057; x_wconf 89' lang='lat' dir='ltr'><strong>Dei</strong></span> <span class='ocrx_word' id='word_1_655' title='bbox 1136 5004 1312 5072; x_wconf 81' lang='lat' dir='ltr'><strong>imago</strong></span> <span class='ocrx_word' id='word_1_656' title='bbox 1363 5002 1562 5056; x_wconf 81' lang='lat' dir='ltr'><strong>rectius</strong></span> <span class='ocrx_word' id='word_1_657' title='bbox 1594 4997 1928 5075; x_wconf 72' lang='lat' dir='ltr'><strong>intelligitur.</strong></span> <span class='ocrx_word' id='word_1_658' title='bbox 1955 4993 2012 5048; x_wconf 84' lang='lat' dir='ltr'><strong>Si</strong></span> <span class='ocrx_word' id='word_1_659' title='bbox 2043 5013 2046 5017; x_wconf 66' lang='grc'><strong>’</strong></span> 
     </span>
    </p>
   </div>
   <div class='ocr_carea' id='block_1_83' title="bbox 523 5109 1948 5175">
    <p class='ocr_par' dir='ltr' id='par_1_83' title="bbox 523 5109 1948 5175">
     <span class='ocr_line' id='line_1_83' title="bbox 523 5109 1948 5175; baseline -0.01 -2"><span class='ocrx_word' id='word_1_660' title='bbox 523 5119 566 5149; x_wconf 85' lang='grc'><strong>¹⁷</strong></span> <span class='ocrx_word' id='word_1_661' title='bbox 596 5118 791 5173; x_wconf 84' lang='lat' dir='ltr'><strong>Genes.</strong></span> <span class='ocrx_word' id='word_1_662' title='bbox 819 5135 858 5171; x_wconf 91' lang='grc' dir='ltr'>ι.</span> <span class='ocrx_word' id='word_1_663' title='bbox 890 5116 944 5172; x_wconf 86' lang='grc'><strong>6.</strong></span> <span class='ocrx_word' id='word_1_664' title='bbox 981 5118 1032 5173; x_wconf 89' lang='lat'><strong>9.</strong></span> <span class='ocrx_word' id='word_1_665' title='bbox 1065 5120 1151 5175; x_wconf 84' lang='lat'><strong>11.</strong></span> <span class='ocrx_word' id='word_1_666' title='bbox 1228 5119 1271 5149; x_wconf 76' lang='grc'><strong>¹⁸</strong></span> <span class='ocrx_word' id='word_1_667' title='bbox 1294 5118 1445 5175; x_wconf 83' lang='lat' dir='ltr'><strong>ibid.,</strong></span> <span class='ocrx_word' id='word_1_668' title='bbox 1473 5118 1528 5170; x_wconf 89' lang='lat'><strong>1.</strong></span> <span class='ocrx_word' id='word_1_669' title='bbox 1604 5113 1646 5145; x_wconf 84' lang='grc'><strong>¹⁹</strong></span> <span class='ocrx_word' id='word_1_670' title='bbox 1672 5110 1824 5174; x_wconf 88' lang='lat' dir='ltr'><strong>ibid.,</strong></span> <span class='ocrx_word' id='word_1_671' title='bbox 1863 5109 1948 5163; x_wconf 81' lang='lat'><strong>16.</strong></span> 
     </span>
    </p>
   </div>
   <div class='ocr_carea' id='block_1_84' title="bbox 450 5188 1259 5256">
    <p class='ocr_par' dir='ltr' id='par_1_84' title="bbox 450 5188 1259 5256">
     <span class='ocr_line' id='line_1_84' title="bbox 450 5188 1259 5256; baseline -0.005 -11"><span class='ocrx_word' id='word_1_672' title='bbox 450 5204 600 5250; x_wconf 76' lang='lat' dir='ltr'><strong>LXVI,</strong></span> <span class='ocrx_word' id='word_1_673' title='bbox 640 5190 691 5246; x_wconf 92' lang='lat'><strong>1.</strong></span> <span class='ocrx_word' id='word_1_674' title='bbox 775 5188 822 5219; x_wconf 74' lang='lat'>“</span> <span class='ocrx_word' id='word_1_675' title='bbox 854 5189 1054 5256; x_wconf 87' lang='lat' dir='ltr'><strong>Ephes.</strong></span> <span class='ocrx_word' id='word_1_676' title='bbox 1084 5205 1121 5242; x_wconf 86' lang='grc' dir='ltr'><strong>ιι</strong></span> <span class='ocrx_word' id='word_1_677' title='bbox 1151 5232 1164 5254; x_wconf 90' lang='grc'><strong>,</strong></span> <span class='ocrx_word' id='word_1_678' title='bbox 1206 5188 1259 5242; x_wconf 79' lang='lat'><strong>6.</strong></span> 
     </span>
    </p>
   </div>
   <div class='ocr_carea' id='block_1_85' title="bbox 1228 5118 1528 5178">
    <p class='ocr_par' dir='ltr' id='par_1_85' title="bbox 1228 5118 1528 5178">
     <span class='ocr_line' id='line_1_85' title="bbox 1228 5118 1528 5178; baseline -0.003 -7"><span class='ocrx_word' id='word_1_679' title='bbox 1228 5119 1271 5149; x_wconf 76' lang='grc'><strong>¹⁸</strong></span> <span class='ocrx_word' id='word_1_680' title='bbox 1294 5118 1445 5178; x_wconf 83' lang='lat' dir='ltr'><strong>ibid.,</strong></span> <span class='ocrx_word' id='word_1_681' title='bbox 1473 5118 1528 5170; x_wconf 87' lang='lat'><strong>1.</strong></span> 
     </span>
    </p>
   </div>
   <div class='ocr_carea' id='block_1_86' title="bbox 1363 5180 1883 5241">
    <p class='ocr_par' dir='ltr' id='par_1_86' title="bbox 1363 5180 1883 5241">
     <span class='ocr_line' id='line_1_86' title="bbox 1363 5180 1883 5241; baseline -0.01 -1"><span class='ocrx_word' id='word_1_682' title='bbox 1363 5188 1408 5218; x_wconf 79' lang='lat'><strong><em>”</em></strong></span> <span class='ocrx_word' id='word_1_683' title='bbox 1446 5188 1483 5241; x_wconf 94' lang='lat' dir='ltr'><strong>ll</strong></span> <span class='ocrx_word' id='word_1_684' title='bbox 1517 5184 1641 5240; x_wconf 91' lang='lat' dir='ltr'><strong>Cor.</strong></span> <span class='ocrx_word' id='word_1_685' title='bbox 1674 5196 1795 5240; x_wconf 66' lang='grc' dir='ltr'>χιιι.</span> <span class='ocrx_word' id='word_1_686' title='bbox 1828 5180 1883 5233; x_wconf 80' lang='grc'><strong>5.</strong></span> 
     </span>
    </p>
   </div>
   <div class='ocr_carea' id='block_1_87' title="bbox 527 5392 3037 5465">
    <p class='ocr_par' dir='ltr' id='par_1_87' title="bbox 527 5392 3037 5465">
     <span class='ocr_line' id='line_1_87' title="bbox 527 5392 3037 5465; baseline 0.001 -17"><span class='ocrx_word' id='word_1_687' title='bbox 527 5394 641 5465; x_wconf 81' lang='lat'><strong>(61)</strong></span> <span class='ocrx_word' id='word_1_688' title='bbox 677 5394 995 5462; x_wconf 85' lang='lat' dir='ltr'><strong>Spiritalem.</strong></span> <span class='ocrx_word' id='word_1_689' title='bbox 1040 5394 1166 5449; x_wconf 82' lang='lat' dir='ltr'><strong>Haec</strong></span> <span class='ocrx_word' id='word_1_690' title='bbox 1217 5410 1319 5450; x_wconf 80' lang='lat' dir='ltr'><strong>vox</strong></span> <span class='ocrx_word' id='word_1_691' title='bbox 1370 5395 1519 5449; x_wconf 89' lang='lat' dir='ltr'><strong>deest</strong></span> <span class='ocrx_word' id='word_1_692' title='bbox 1564 5395 1617 5447; x_wconf 91' lang='lat' dir='ltr'><strong>in</strong></span> <span class='ocrx_word' id='word_1_693' title='bbox 1669 5403 1825 5447; x_wconf 89' lang='lat' dir='ltr'><strong>antea</strong></span> <span class='ocrx_word' id='word_1_694' title='bbox 1861 5392 2020 5446; x_wconf 89' lang='lat' dir='ltr'><strong>editis</strong></span> <span class='ocrx_word' id='word_1_695' title='bbox 2116 5394 2210 5449; x_wconf 87' lang='lat' dir='ltr'><strong>Dei</strong></span> <span class='ocrx_word' id='word_1_696' title='bbox 2238 5412 2291 5448; x_wconf 86' lang='lat' dir='ltr'><strong>in</strong></span> <span class='ocrx_word' id='word_1_697' title='bbox 2318 5394 2537 5452; x_wconf 91' lang='lat' dir='ltr'><strong>homme</strong></span> <span class='ocrx_word' id='word_1_698' title='bbox 2569 5398 2827 5465; x_wconf 83' lang='lat' dir='ltr'><strong>impressa</strong></span> <span class='ocrx_word' id='word_1_699' title='bbox 2855 5397 3037 5465; x_wconf 88' lang='lat' dir='ltr'><strong>quido</strong></span> 
     </span>
    </p>
   </div>
   <div class='ocr_carea' id='block_1_88' title="bbox 459 5465 2018 5530">
    <p class='ocr_par' dir='ltr' id='par_1_88' title="bbox 459 5465 2018 5530">
     <span class='ocr_line' id='line_1_88' title="bbox 459 5465 2018 5530; baseline -0.002 -11"><span class='ocrx_word' id='word_1_700' title='bbox 459 5466 633 5530; x_wconf 71' lang='lat' dir='ltr'><strong>libris,</strong></span> <span class='ocrx_word' id='word_1_701' title='bbox 660 5467 752 5519; x_wconf 89' lang='lat' dir='ltr'><strong>sed</strong></span> <span class='ocrx_word' id='word_1_702' title='bbox 786 5465 1015 5518; x_wconf 87' lang='lat' dir='ltr'><strong>habetur</strong></span> <span class='ocrx_word' id='word_1_703' title='bbox 1043 5465 1092 5518; x_wconf 91' lang='lat' dir='ltr'><strong>in</strong></span> <span class='ocrx_word' id='word_1_704' title='bbox 1131 5480 1262 5519; x_wconf 85' lang='lat' dir='ltr'><strong>mss.</strong></span> <span class='ocrx_word' id='word_1_705' title='bbox 1298 5476 1353 5517; x_wconf 92' lang='lat' dir='ltr'><strong>et</strong></span> <span class='ocrx_word' id='word_1_706' title='bbox 1381 5465 1685 5520; x_wconf 85' lang='lat' dir='ltr'><strong>necessaria</strong></span> <span class='ocrx_word' id='word_1_707' title='bbox 1715 5474 1877 5519; x_wconf 86' lang='lat' dir='ltr'><strong>estut</strong></span> <span class='ocrx_word' id='word_1_708' title='bbox 1909 5478 2018 5517; x_wconf 86' lang='lat' dir='ltr'><strong>res-</strong></span> 
     </span>
    </p>
   </div>
   <div class='ocr_carea' id='block_1_89' title="bbox 2051 5107 2376 5161">
    <p class='ocr_par' dir='ltr' id='par_1_89' title="bbox 2051 5107 2376 5161">
     <span class='ocr_line' id='line_1_89' title="bbox 2051 5107 2376 5161; baseline 0.003 -2"><span class='ocrx_word' id='word_1_709' title='bbox 2051 5108 2096 5137; x_wconf 79' lang='grc'><strong>³⁰</strong></span> <span class='ocrx_word' id='word_1_710' title='bbox 2128 5107 2258 5161; x_wconf 85' lang='lat' dir='ltr'><strong>ibid.</strong></span> <span class='ocrx_word' id='word_1_711' title='bbox 2289 5107 2376 5161; x_wconf 72' lang='lat'><strong>‘26.</strong></span> 
     </span>
    </p>
   </div>
   <div class='ocr_carea' id='block_1_90' title="bbox 1996 5177 2491 5244">
    <p class='ocr_par' dir='ltr' id='par_1_90' title="bbox 1996 5177 2491 5244">
     <span class='ocr_line' id='line_1_90' title="bbox 1996 5177 2491 5244; baseline 0.008 -13"><span class='ocrx_word' id='word_1_712' title='bbox 1996 5178 2041 5209; x_wconf 77' lang='grc'>²⁶</span> <span class='ocrx_word' id='word_1_713' title='bbox 2074 5177 2214 5231; x_wconf 83' lang='lat' dir='ltr'><strong>Psal.</strong></span> <span class='ocrx_word' id='word_1_714' title='bbox 2248 5194 2401 5244; x_wconf 78' lang='lat' dir='ltr'><strong>xvm,</strong></span> <span class='ocrx_word' id='word_1_715' title='bbox 2441 5183 2491 5235; x_wconf 87' lang='lat'><strong>1.</strong></span> 
     </span>
    </p>
   </div>
   <div class='ocr_carea' id='block_1_91' title="bbox 453 5248 2057 5333">
    <p class='ocr_par' dir='ltr' id='par_1_91' title="bbox 453 5248 2057 5333">
     <span class='ocr_line' id='line_1_91' title="bbox 453 5248 2057 5333; baseline -0.007 -20"><span class='ocrx_word' id='word_1_716' title='bbox 453 5262 497 5293; x_wconf 81' lang='grc'><strong>²⁹</strong></span> <span class='ocrx_word' id='word_1_717' title='bbox 529 5248 735 5313; x_wconf 76' lang='lat' dir='ltr'><strong>Cdloss.</strong></span> <span class='ocrx_word' id='word_1_718' title='bbox 766 5275 805 5321; x_wconf 81' lang='grc' dir='ltr'><strong>ι,</strong></span> <span class='ocrx_word' id='word_1_719' title='bbox 841 5248 926 5312; x_wconf 74' lang='grc' dir='ltr'><strong>ιδ’.</strong></span> <span class='ocrx_word' id='word_1_720' title='bbox 1004 5260 1048 5291; x_wconf 87' lang='grc'>³⁰</span> <span class='ocrx_word' id='word_1_721' title='bbox 1080 5248 1215 5315; x_wconf 80' lang='lat' dir='ltr'><strong>Heb.</strong></span> <span class='ocrx_word' id='word_1_722' title='bbox 1243 5276 1281 5324; x_wconf 88' lang='grc' dir='ltr'><strong>ι,</strong></span> <span class='ocrx_word' id='word_1_723' title='bbox 1330 5260 1384 5313; x_wconf 77' lang='lat'><strong>5.</strong></span> <span class='ocrx_word' id='word_1_724' title='bbox 1460 5258 1504 5290; x_wconf 76' lang='lat'>“</span> <span class='ocrx_word' id='word_1_725' title='bbox 1531 5254 1688 5311; x_wconf 82' lang='lat' dir='ltr'><strong>Joan.</strong></span> <span class='ocrx_word' id='word_1_726' title='bbox 1740 5266 1851 5314; x_wconf 81' lang='lat' dir='ltr'><strong>xiv,</strong></span> <span class='ocrx_word' id='word_1_727' title='bbox 1882 5248 2057 5333; x_wconf 67' lang='lat'><strong>9,10.~</strong></span> 
     </span>
    </p>
   </div>
   <div class='ocr_carea' id='block_1_92' title="bbox 2111 3240 3679 3318">
    <p class='ocr_par' dir='ltr' id='par_1_92' title="bbox 2111 3240 3679 3318">
     <span class='ocr_line' id='line_1_92' title="bbox 2111 3240 3679 3318; baseline 0.005 -24"><span class='ocrx_word' id='word_1_728' title='bbox 2111 3241 2209 3295; x_wconf 90' lang='lat' dir='ltr'><strong>sed</strong></span> <span class='ocrx_word' id='word_1_729' title='bbox 2255 3240 2418 3294; x_wconf 88' lang='lat' dir='ltr'><strong>etiam</strong></span> <span class='ocrx_word' id='word_1_730' title='bbox 2470 3241 2786 3295; x_wconf 82' lang='lat' dir='ltr'><strong>inambulat.</strong></span> <span class='ocrx_word' id='word_1_731' title='bbox 2833 3244 2901 3297; x_wconf 85' lang='lat' dir='ltr'><strong>Et</strong></span> <span class='ocrx_word' id='word_1_732' title='bbox 2968 3254 3252 3315; x_wconf 87' lang='lat' dir='ltr'><strong>propterea</strong></span> <span class='ocrx_word' id='word_1_733' title='bbox 3297 3246 3523 3315; x_wconf 89' lang='lat' dir='ltr'><strong>perfecti</strong></span> <span class='ocrx_word' id='word_1_734' title='bbox 3563 3249 3679 3318; x_wconf 88' lang='lat' dir='ltr'><strong>qui-</strong></span> 
     </span>
    </p>
   </div>
   <div class='ocr_carea' id='block_1_93' title="bbox 2111 3331 3679 3412">
    <p class='ocr_par' dir='ltr' id='par_1_93' title="bbox 2111 3331 3679 3412">
     <span class='ocr_line' id='line_1_93' title="bbox 2111 3331 3679 3412; baseline 0.007 -28"><span class='ocrx_word' id='word_1_735' title='bbox 2111 3343 2215 3399; x_wconf 88' lang='lat' dir='ltr'><strong>que</strong></span> <span class='ocrx_word' id='word_1_736' title='bbox 2255 3331 2505 3387; x_wconf 85' lang='lat' dir='ltr'><strong>coelestes</strong></span> <span class='ocrx_word' id='word_1_737' title='bbox 2549 3332 2711 3400; x_wconf 88' lang='lat' dir='ltr'><strong>facti,</strong></span> <span class='ocrx_word' id='word_1_738' title='bbox 2739 3333 2825 3388; x_wconf 85' lang='lat' dir='ltr'><strong>vel</strong></span> <span class='ocrx_word' id='word_1_739' title='bbox 2859 3337 2982 3390; x_wconf 65' lang='grc' dir='ltr'><strong>ςαξΙί</strong></span> <span class='ocrx_word' id='word_1_740' title='bbox 3027 3337 3225 3403; x_wconf 81' lang='lat' dir='ltr'><strong>eﬂ‘ecti,</strong></span> <span class='ocrx_word' id='word_1_741' title='bbox 3260 3352 3520 3394; x_wconf 83' lang='lat' dir='ltr'><strong>enarrant</strong></span> <span class='ocrx_word' id='word_1_742' title='bbox 3565 3341 3679 3412; x_wconf 85' lang='lat' dir='ltr'><strong>glo-</strong></span> 
     </span>
    </p>
   </div>
   <div class='ocr_carea' id='block_1_94' title="bbox 2112 3424 3679 3504">
    <p class='ocr_par' dir='ltr' id='par_1_94' title="bbox 2112 3424 3679 3504">
     <span class='ocr_line' id='line_1_94' title="bbox 2112 3424 3679 3504; baseline 0.008 -28"><span class='ocrx_word' id='word_1_743' title='bbox 2112 3424 2249 3477; x_wconf 87' lang='lat' dir='ltr'><strong>riam</strong></span> <span class='ocrx_word' id='word_1_744' title='bbox 2302 3424 2422 3490; x_wconf 87' lang='lat' dir='ltr'><strong>Dei,</strong></span> <span class='ocrx_word' id='word_1_745' title='bbox 2473 3429 2617 3481; x_wconf 89' lang='lat' dir='ltr'><strong>sicut</strong></span> <span class='ocrx_word' id='word_1_746' title='bbox 2669 3429 2720 3482; x_wconf 90' lang='lat' dir='ltr'><strong>in</strong></span> <span class='ocrx_word' id='word_1_747' title='bbox 2776 3428 2990 3486; x_wconf 78' lang='lat' dir='ltr'><strong>Psalmo</strong></span> <span class='ocrx_word' id='word_1_748' title='bbox 3045 3431 3242 3487; x_wconf 84' lang='lat' dir='ltr'><strong>dicitur</strong></span> <span class='ocrx_word' id='word_1_749' title='bbox 3277 3434 3346 3490; x_wconf 74' lang='lat'><strong>&#39;°.</strong></span> <span class='ocrx_word' id='word_1_750' title='bbox 3392 3433 3679 3504; x_wconf 80' lang='lat' dir='ltr'><strong>Propterea</strong></span> 
     </span>
    </p>
   </div>
   <div class='ocr_carea' id='block_1_95' title="bbox 2113 3517 3678 3590">
    <p class='ocr_par' dir='ltr' id='par_1_95' title="bbox 2113 3517 3678 3590">
     <span class='ocr_line' id='line_1_95' title="bbox 2113 3517 3678 3590; baseline 0.007 -20"><span class='ocrx_word' id='word_1_751' title='bbox 2113 3517 2344 3586; x_wconf 84' lang='lat' dir='ltr'><strong>denique</strong></span> <span class='ocrx_word' id='word_1_752' title='bbox 2401 3519 2628 3588; x_wconf 88' lang='lat' dir='ltr'><strong>apostoli</strong></span> <span class='ocrx_word' id='word_1_753' title='bbox 2678 3521 2773 3590; x_wconf 86' lang='lat' dir='ltr'><strong>qui</strong></span> <span class='ocrx_word' id='word_1_754' title='bbox 2841 3531 2999 3577; x_wconf 86' lang='lat' dir='ltr'><strong>erant</strong></span> <span class='ocrx_word' id='word_1_755' title='bbox 3066 3524 3224 3589; x_wconf 56' lang='lat' dir='ltr'><strong>coeli,</strong></span> <span class='ocrx_word' id='word_1_756' title='bbox 3274 3528 3558 3580; x_wconf 84' lang='lat' dir='ltr'><strong>mittuntur</strong></span> <span class='ocrx_word' id='word_1_757' title='bbox 3611 3527 3678 3581; x_wconf 87' lang='lat' dir='ltr'><strong>ad</strong></span> 
     </span>
    </p>
   </div>
   <div class='ocr_carea' id='block_1_96' title="bbox 2111 3612 3681 3688">
    <p class='ocr_par' dir='ltr' id='par_1_96' title="bbox 2111 3612 3681 3688">
     <span class='ocr_line' id='line_1_96' title="bbox 2111 3612 3681 3688; baseline 0.007 -24"><span class='ocrx_word' id='word_1_758' title='bbox 2111 3612 2478 3666; x_wconf 91' lang='lat' dir='ltr'><strong>enarrandum</strong></span> <span class='ocrx_word' id='word_1_759' title='bbox 2535 3615 2761 3681; x_wconf 80' lang='lat' dir='ltr'><strong>gloriam</strong></span> <span class='ocrx_word' id='word_1_760' title='bbox 2820 3615 2949 3681; x_wconf 91' lang='lat' dir='ltr'><strong>Dei,</strong></span> <span class='ocrx_word' id='word_1_761' title='bbox 3000 3623 3054 3669; x_wconf 92' lang='lat' dir='ltr'><strong>et</strong></span> <span class='ocrx_word' id='word_1_762' title='bbox 3119 3616 3413 3688; x_wconf 78' lang='lat' dir='ltr'><strong>Boanerges</strong></span> <span class='ocrx_word' id='word_1_763' title='bbox 3482 3633 3681 3675; x_wconf 88' lang='lat' dir='ltr'><strong>nomen</strong></span> 
     </span>
    </p>
   </div>
   <div class='ocr_carea' id='block_1_97' title="bbox 2112 3705 3681 3779">
    <p class='ocr_par' dir='ltr' id='par_1_97' title="bbox 2112 3705 3681 3779">
     <span class='ocr_line' id='line_1_97' title="bbox 2112 3705 3681 3779; baseline 0.004 -21"><span class='ocrx_word' id='word_1_764' title='bbox 2112 3706 2404 3774; x_wconf 90' lang='lat' dir='ltr'><strong>accipiunt,</strong></span> <span class='ocrx_word' id='word_1_765' title='bbox 2452 3708 2595 3775; x_wconf 90' lang='lat' dir='ltr'><strong>quod</strong></span> <span class='ocrx_word' id='word_1_766' title='bbox 2647 3712 2730 3762; x_wconf 89' lang='lat' dir='ltr'><strong>est</strong></span> <span class='ocrx_word' id='word_1_767' title='bbox 2780 3705 2881 3775; x_wconf 81' lang='lat' dir='ltr'><strong>ﬁlii</strong></span> <span class='ocrx_word' id='word_1_768' title='bbox 2932 3707 3245 3772; x_wconf 76' lang='lat' dir='ltr'><strong>tonitrui”,</strong></span> <span class='ocrx_word' id='word_1_769' title='bbox 3274 3719 3332 3763; x_wconf 91' lang='lat' dir='ltr'><strong>ut</strong></span> <span class='ocrx_word' id='word_1_770' title='bbox 3389 3724 3485 3779; x_wconf 89' lang='lat' dir='ltr'><strong>per</strong></span> <span class='ocrx_word' id='word_1_771' title='bbox 3540 3711 3681 3765; x_wconf 87' lang='lat' dir='ltr'><strong>toni-</strong></span> 
     </span>
    </p>
   </div>
   <div class='ocr_carea' id='block_1_98' title="bbox 2114 3798 3680 3867">
    <p class='ocr_par' dir='ltr' id='par_1_98' title="bbox 2114 3798 3680 3867">
     <span class='ocr_line' id='line_1_98' title="bbox 2114 3798 3680 3867; baseline 0.003 -16"><span class='ocrx_word' id='word_1_772' title='bbox 2114 3799 2219 3852; x_wconf 90' lang='lat' dir='ltr'><strong>trui</strong></span> <span class='ocrx_word' id='word_1_773' title='bbox 2264 3809 2620 3867; x_wconf 90' lang='lat' dir='ltr'><strong>potestatem,</strong></span> <span class='ocrx_word' id='word_1_774' title='bbox 2659 3814 2789 3854; x_wconf 92' lang='lat' dir='ltr'><strong>vere</strong></span> <span class='ocrx_word' id='word_1_775' title='bbox 2837 3813 2931 3855; x_wconf 92' lang='lat' dir='ltr'><strong>eos</strong></span> <span class='ocrx_word' id='word_1_776' title='bbox 2987 3798 3154 3854; x_wconf 82' lang='lat' dir='ltr'><strong>caelos</strong></span> <span class='ocrx_word' id='word_1_777' title='bbox 3200 3815 3325 3856; x_wconf 91' lang='lat' dir='ltr'><strong>esse</strong></span> <span class='ocrx_word' id='word_1_778' title='bbox 3370 3803 3680 3858; x_wconf 90' lang='lat' dir='ltr'><strong>credamus.</strong></span> 
     </span>
    </p>
   </div>
   <div class='ocr_carea' id='block_1_99' title="bbox 2113 3889 3681 3964">
    <p class='ocr_par' dir='ltr' id='par_1_99' title="bbox 2113 3889 3681 3964">
     <span class='ocr_line' id='line_1_99' title="bbox 2113 3889 3681 3964; baseline 0.004 -21"><span class='ocrx_word' id='word_1_779' title='bbox 2113 3889 2264 3945; x_wconf 82' lang='lat' dir='ltr'><strong>Fecit</strong></span> <span class='ocrx_word' id='word_1_780' title='bbox 2304 3907 2432 3962; x_wconf 86' lang='lat' dir='ltr'><strong>ergo</strong></span> <span class='ocrx_word' id='word_1_781' title='bbox 2479 3891 2621 3945; x_wconf 85' lang='lat' dir='ltr'><strong>Deus</strong></span> <span class='ocrx_word' id='word_1_782' title='bbox 2671 3891 2952 3960; x_wconf 85' lang='lat' dir='ltr'><strong>hominem,</strong></span> <span class='ocrx_word' id='word_1_783' title='bbox 2985 3894 3053 3946; x_wconf 88' lang='lat' dir='ltr'><strong>ad</strong></span> <span class='ocrx_word' id='word_1_784' title='bbox 3093 3894 3377 3964; x_wconf 87' lang='lat' dir='ltr'><strong>imaginem</strong></span> <span class='ocrx_word' id='word_1_785' title='bbox 3421 3893 3516 3947; x_wconf 86' lang='lat' dir='ltr'><strong>Dei</strong></span> <span class='ocrx_word' id='word_1_786' title='bbox 3558 3894 3681 3964; x_wconf 81' lang='lat' dir='ltr'><strong>fecit</strong></span> 
     </span>
    </p>
   </div>
   <div class='ocr_carea' id='block_1_100' title="bbox 2113 3982 3680 4054">
    <p class='ocr_par' dir='ltr' id='par_1_100' title="bbox 2113 3982 3680 4054">
     <span class='ocr_line' id='line_1_100' title="bbox 2113 3982 3680 4054; baseline 0.003 -19"><span class='ocrx_word' id='word_1_787' title='bbox 2113 3982 2264 4035; x_wconf 85' lang='lat' dir='ltr'><strong>illum</strong></span> <span class='ocrx_word' id='word_1_788' title='bbox 2313 3983 2378 4038; x_wconf 72' lang='grc'><strong>’⁸.</strong></span> <span class='ocrx_word' id='word_1_789' title='bbox 2437 3982 2664 4052; x_wconf 89' lang='lat' dir='ltr'><strong>Oportet</strong></span> <span class='ocrx_word' id='word_1_790' title='bbox 2710 3997 2810 4038; x_wconf 91' lang='lat' dir='ltr'><strong>nos</strong></span> <span class='ocrx_word' id='word_1_791' title='bbox 2854 3983 3041 4039; x_wconf 86' lang='lat' dir='ltr'><strong>videre</strong></span> <span class='ocrx_word' id='word_1_792' title='bbox 3075 4000 3194 4054; x_wconf 66' lang='lat' dir='ltr'><strong>qum</strong></span> <span class='ocrx_word' id='word_1_793' title='bbox 3247 3993 3329 4041; x_wconf 90' lang='lat' dir='ltr'><strong>est</strong></span> <span class='ocrx_word' id='word_1_794' title='bbox 3385 3985 3486 4039; x_wconf 89' lang='lat' dir='ltr'><strong>ista</strong></span> <span class='ocrx_word' id='word_1_795' title='bbox 3540 3985 3680 4040; x_wconf 90' lang='lat' dir='ltr'><strong>ima-</strong></span> 
     </span>
    </p>
   </div>
   <div class='ocr_carea' id='block_1_101' title="bbox 2112 4073 3682 4147">
    <p class='ocr_par' dir='ltr' id='par_1_101' title="bbox 2112 4073 3682 4147">
     <span class='ocr_line' id='line_1_101' title="bbox 2112 4073 3682 4147; baseline 0.004 -20"><span class='ocrx_word' id='word_1_796' title='bbox 2112 4090 2180 4144; x_wconf 92' lang='lat' dir='ltr'><strong>go</strong></span> <span class='ocrx_word' id='word_1_797' title='bbox 2206 4073 2316 4145; x_wconf 80' lang='grc'><strong>(65)</strong></span> <span class='ocrx_word' id='word_1_798' title='bbox 2350 4075 2470 4139; x_wconf 90' lang='lat' dir='ltr'><strong>Dei,</strong></span> <span class='ocrx_word' id='word_1_799' title='bbox 2504 4085 2559 4128; x_wconf 92' lang='lat' dir='ltr'><strong>et</strong></span> <span class='ocrx_word' id='word_1_800' title='bbox 2587 4075 2899 4146; x_wconf 88' lang='lat' dir='ltr'><strong>perquirere</strong></span> <span class='ocrx_word' id='word_1_801' title='bbox 2938 4077 3004 4128; x_wconf 88' lang='lat' dir='ltr'><strong>ad</strong></span> <span class='ocrx_word' id='word_1_802' title='bbox 3027 4075 3182 4145; x_wconf 83' lang='lat' dir='ltr'><strong>cujus</strong></span> <span class='ocrx_word' id='word_1_803' title='bbox 3204 4076 3457 4147; x_wconf 87' lang='lat' dir='ltr'><strong>imaginis</strong></span> <span class='ocrx_word' id='word_1_804' title='bbox 3489 4077 3682 4133; x_wconf 88' lang='lat' dir='ltr'><strong>simili-</strong></span> 
     </span>
    </p>
   </div>
   <div class='ocr_carea' id='block_1_102' title="bbox 2111 4166 3679 4241">
    <p class='ocr_par' dir='ltr' id='par_1_102' title="bbox 2111 4166 3679 4241">
     <span class='ocr_line' id='line_1_102' title="bbox 2111 4166 3679 4241; baseline 0.004 -23"><span class='ocrx_word' id='word_1_805' title='bbox 2111 4167 2354 4221; x_wconf 87' lang='lat' dir='ltr'><strong>tudinem</strong></span> <span class='ocrx_word' id='word_1_806' title='bbox 2407 4168 2569 4223; x_wconf 94' lang='lat' dir='ltr'><strong>homo</strong></span> <span class='ocrx_word' id='word_1_807' title='bbox 2607 4167 2781 4222; x_wconf 88' lang='lat' dir='ltr'><strong>factus</strong></span> <span class='ocrx_word' id='word_1_808' title='bbox 2823 4175 2924 4222; x_wconf 92' lang='lat' dir='ltr'><strong>est.</strong></span> <span class='ocrx_word' id='word_1_809' title='bbox 2964 4166 3081 4222; x_wconf 89' lang='lat' dir='ltr'><strong>Non</strong></span> <span class='ocrx_word' id='word_1_810' title='bbox 3130 4169 3273 4222; x_wconf 90' lang='lat' dir='ltr'><strong>enim</strong></span> <span class='ocrx_word' id='word_1_811' title='bbox 3327 4170 3503 4238; x_wconf 78' lang='lat' dir='ltr'><strong>dixit,</strong></span> <span class='ocrx_word' id='word_1_812' title='bbox 3550 4173 3679 4241; x_wconf 88' lang='lat' dir='ltr'><strong>quia</strong></span> 
     </span>
    </p>
   </div>
   <div class='ocr_carea' id='block_1_103' title="bbox 2113 4256 3675 4329">
    <p class='ocr_par' dir='ltr' id='par_1_103' title="bbox 2113 4256 3675 4329">
     <span class='ocr_line' id='line_1_103' title="bbox 2113 4256 3675 4329; baseline 0.003 -20"><span class='ocrx_word' id='word_1_813' title='bbox 2113 4256 2406 4312; x_wconf 78' lang='lat' dir='ltr'><strong>fecitDeus</strong></span> <span class='ocrx_word' id='word_1_814' title='bbox 2430 4257 2705 4312; x_wconf 86' lang='lat' dir='ltr'><strong>hominem</strong></span> <span class='ocrx_word' id='word_1_815' title='bbox 2754 4260 2822 4313; x_wconf 89' lang='lat' dir='ltr'><strong>ad</strong></span> <span class='ocrx_word' id='word_1_816' title='bbox 2852 4259 3142 4329; x_wconf 89' lang='lat' dir='ltr'><strong>imaginem</strong></span> <span class='ocrx_word' id='word_1_817' title='bbox 3173 4269 3228 4313; x_wconf 90' lang='lat' dir='ltr'><strong>et</strong></span> <span class='ocrx_word' id='word_1_818' title='bbox 3263 4259 3675 4316; x_wconf 90' lang='lat' dir='ltr'><strong>similitudinem</strong></span> 
     </span>
    </p>
   </div>
   <div class='ocr_carea' id='block_1_104' title="bbox 2113 4351 3684 4421">
    <p class='ocr_par' dir='ltr' id='par_1_104' title="bbox 2113 4351 3684 4421">
     <span class='ocr_line' id='line_1_104' title="bbox 2113 4351 3684 4421; baseline 0.005 -18"><span class='ocrx_word' id='word_1_819' title='bbox 2113 4362 2285 4412; x_wconf 87' lang='lat' dir='ltr'><strong>suam,</strong></span> <span class='ocrx_word' id='word_1_820' title='bbox 2333 4352 2430 4404; x_wconf 90' lang='lat' dir='ltr'><strong>sed</strong></span> <span class='ocrx_word' id='word_1_821' title='bbox 2454 4390 2469 4415; x_wconf 93' lang='lat'><strong>,</strong></span> <span class='ocrx_word' id='word_1_822' title='bbox 2496 4351 2565 4403; x_wconf 86' lang='lat' dir='ltr'><strong>ad</strong></span> <span class='ocrx_word' id='word_1_823' title='bbox 2613 4351 2892 4420; x_wconf 88' lang='lat' dir='ltr'><strong>imaginem</strong></span> <span class='ocrx_word' id='word_1_824' title='bbox 2932 4351 3028 4406; x_wconf 91' lang='lat' dir='ltr'><strong>Dei</strong></span> <span class='ocrx_word' id='word_1_825' title='bbox 3050 4351 3175 4419; x_wconf 80' lang='lat' dir='ltr'><strong>fecit</strong></span> <span class='ocrx_word' id='word_1_826' title='bbox 3226 4353 3396 4407; x_wconf 86' lang='lat' dir='ltr'><strong>illum.</strong></span> <span class='ocrx_word' id='word_1_827' title='bbox 3439 4354 3569 4421; x_wconf 69' lang='lat' dir='ltr'><strong>Qua:</strong></span> <span class='ocrx_word' id='word_1_828' title='bbox 3598 4365 3684 4411; x_wconf 87' lang='lat' dir='ltr'><strong>est</strong></span> 
     </span>
    </p>
   </div>
   <div class='ocr_carea' id='block_1_105' title="bbox 2118 4439 3682 4513">
    <p class='ocr_par' dir='ltr' id='par_1_105' title="bbox 2118 4439 3682 4513">
     <span class='ocr_line' id='line_1_105' title="bbox 2118 4439 3682 4513; baseline 0.004 -19"><span class='ocrx_word' id='word_1_829' title='bbox 2118 4455 2249 4509; x_wconf 87' lang='lat' dir='ltr'><strong>ergo</strong></span> <span class='ocrx_word' id='word_1_830' title='bbox 2284 4439 2391 4495; x_wconf 90' lang='lat' dir='ltr'><strong>alia</strong></span> <span class='ocrx_word' id='word_1_831' title='bbox 2429 4441 2611 4510; x_wconf 81' lang='lat' dir='ltr'><strong>imago</strong></span> <span class='ocrx_word' id='word_1_832' title='bbox 2641 4443 2733 4496; x_wconf 88' lang='lat' dir='ltr'><strong>Dei</strong></span> <span class='ocrx_word' id='word_1_833' title='bbox 2760 4443 2827 4497; x_wconf 91' lang='lat' dir='ltr'><strong>ad</strong></span> <span class='ocrx_word' id='word_1_834' title='bbox 2858 4444 3011 4512; x_wconf 89' lang='lat' dir='ltr'><strong>cujus</strong></span> <span class='ocrx_word' id='word_1_835' title='bbox 3055 4444 3308 4513; x_wconf 89' lang='lat' dir='ltr'><strong>imaginis</strong></span> <span class='ocrx_word' id='word_1_836' title='bbox 3366 4446 3682 4501; x_wconf 88' lang='lat' dir='ltr'><strong>similitudi—</strong></span> 
     </span>
    </p>
   </div>
   <div class='ocr_carea' id='block_1_106' title="bbox 2120 4530 3682 4608">
    <p class='ocr_par' dir='ltr' id='par_1_106' title="bbox 2120 4530 3682 4608">
     <span class='ocr_line' id='line_1_106' title="bbox 2120 4530 3682 4608; baseline 0.007 -26"><span class='ocrx_word' id='word_1_837' title='bbox 2120 4545 2243 4583; x_wconf 90' lang='lat' dir='ltr'><strong>nem</strong></span> <span class='ocrx_word' id='word_1_838' title='bbox 2276 4530 2451 4586; x_wconf 91' lang='lat' dir='ltr'><strong>factus</strong></span> <span class='ocrx_word' id='word_1_839' title='bbox 2482 4546 2566 4587; x_wconf 89' lang='lat' dir='ltr'><strong>est</strong></span> <span class='ocrx_word' id='word_1_840' title='bbox 2593 4533 2776 4600; x_wconf 88' lang='lat' dir='ltr'><strong>homo,</strong></span> <span class='ocrx_word' id='word_1_841' title='bbox 2807 4536 2908 4588; x_wconf 90' lang='lat' dir='ltr'><strong>nisi</strong></span> <span class='ocrx_word' id='word_1_842' title='bbox 2958 4534 3214 4590; x_wconf 84' lang='lat' dir='ltr'><strong>Salvator</strong></span> <span class='ocrx_word' id='word_1_843' title='bbox 3241 4547 3448 4603; x_wconf 91' lang='lat' dir='ltr'><strong>noster,</strong></span> <span class='ocrx_word' id='word_1_844' title='bbox 3476 4541 3567 4608; x_wconf 92' lang='lat' dir='ltr'><strong>qui</strong></span> <span class='ocrx_word' id='word_1_845' title='bbox 3596 4550 3682 4595; x_wconf 89' lang='lat' dir='ltr'><strong>est</strong></span> 
     </span>
    </p>
   </div>
   <div class='ocr_carea' id='block_1_107' title="bbox 2117 4624 3684 4703">
    <p class='ocr_par' dir='ltr' id='par_1_107' title="bbox 2117 4624 3684 4703">
     <span class='ocr_line' id='line_1_107' title="bbox 2117 4624 3684 4703; baseline 0.008 -28"><span class='ocrx_word' id='word_1_846' title='bbox 2117 4624 2491 4694; x_wconf 69' lang='lat' dir='ltr'><strong>primogenita:</strong></span> <span class='ocrx_word' id='word_1_847' title='bbox 2558 4628 2726 4681; x_wconf 87' lang='lat' dir='ltr'><strong>omnis</strong></span> <span class='ocrx_word' id='word_1_848' title='bbox 2780 4643 3034 4683; x_wconf 68' lang='lat' dir='ltr'><strong>creatura:</strong></span> <span class='ocrx_word' id='word_1_849' title='bbox 3080 4631 3125 4662; x_wconf 82' lang='grc'><strong>²⁹</strong></span> <span class='ocrx_word' id='word_1_850' title='bbox 3181 4633 3207 4685; x_wconf 87' lang='lat'><strong><em>?</em></strong></span> <span class='ocrx_word' id='word_1_851' title='bbox 3255 4633 3321 4688; x_wconf 81' lang='lat' dir='ltr'><strong>de</strong></span> <span class='ocrx_word' id='word_1_852' title='bbox 3379 4647 3487 4703; x_wconf 89' lang='lat' dir='ltr'><strong>quo</strong></span> <span class='ocrx_word' id='word_1_853' title='bbox 3542 4634 3684 4689; x_wconf 88' lang='lat' dir='ltr'><strong>scri-</strong></span> 
     </span>
    </p>
   </div>
   <div class='ocr_carea' id='block_1_108' title="bbox 2117 4719 3684 4796">
    <p class='ocr_par' dir='ltr' id='par_1_108' title="bbox 2117 4719 3684 4796">
     <span class='ocr_line' id='line_1_108' title="bbox 2117 4719 3684 4796; baseline 0.01 -29"><span class='ocrx_word' id='word_1_854' title='bbox 2117 4722 2266 4781; x_wconf 91' lang='lat' dir='ltr'><strong>ptum</strong></span> <span class='ocrx_word' id='word_1_855' title='bbox 2317 4725 2424 4782; x_wconf 88' lang='lat' dir='ltr'><strong>est,</strong></span> <span class='ocrx_word' id='word_1_856' title='bbox 2470 4719 2595 4787; x_wconf 91' lang='lat' dir='ltr'><strong>quia</strong></span> <span class='ocrx_word' id='word_1_857' title='bbox 2633 4720 2704 4774; x_wconf 88' lang='lat' dir='ltr'><strong>sit</strong></span> <span class='ocrx_word' id='word_1_858' title='bbox 2754 4721 3001 4791; x_wconf 84' lang='lat' dir='ltr'><strong>splendor</strong></span> <span class='ocrx_word' id='word_1_859' title='bbox 3036 4725 3218 4778; x_wconf 78' lang='lat' dir='ltr'><strong>wterni</strong></span> <span class='ocrx_word' id='word_1_860' title='bbox 3268 4726 3503 4793; x_wconf 88' lang='lat' dir='ltr'><strong>luminis,</strong></span> <span class='ocrx_word' id='word_1_861' title='bbox 3536 4737 3584 4780; x_wconf 81' lang='lat' dir='ltr'><strong>et</strong></span> <span class='ocrx_word' id='word_1_862' title='bbox 3613 4727 3684 4796; x_wconf 73' lang='lat' dir='ltr'><strong>ﬁ-</strong></span> 
     </span>
    </p>
   </div>
   <div class='ocr_carea' id='block_1_109' title="bbox 2118 4814 3685 4891">
    <p class='ocr_par' dir='ltr' id='par_1_109' title="bbox 2118 4814 3685 4891">
     <span class='ocr_line' id='line_1_109' title="bbox 2118 4814 3685 4891; baseline 0.013 -34"><span class='ocrx_word' id='word_1_863' title='bbox 2118 4820 2251 4873; x_wconf 84' lang='lat' dir='ltr'><strong>gura</strong></span> <span class='ocrx_word' id='word_1_864' title='bbox 2291 4824 2539 4877; x_wconf 76' lang='lat' dir='ltr'><strong>expressa</strong></span> <span class='ocrx_word' id='word_1_865' title='bbox 2568 4814 2876 4869; x_wconf 71' lang='lat' dir='ltr'><strong>substantiae</strong></span> <span class='ocrx_word' id='word_1_866' title='bbox 2915 4816 3012 4872; x_wconf 89' lang='lat' dir='ltr'><strong>Dei</strong></span> <span class='ocrx_word' id='word_1_867' title='bbox 3042 4819 3108 4884; x_wconf 77' lang='grc' dir='ltr'><strong>³ο,</strong></span> <span class='ocrx_word' id='word_1_868' title='bbox 3135 4822 3258 4889; x_wconf 88' lang='lat' dir='ltr'><strong>quia</strong></span> <span class='ocrx_word' id='word_1_869' title='bbox 3284 4832 3338 4875; x_wconf 90' lang='lat' dir='ltr'><strong>et</strong></span> <span class='ocrx_word' id='word_1_870' title='bbox 3365 4822 3481 4891; x_wconf 88' lang='lat' dir='ltr'><strong>ipse</strong></span> <span class='ocrx_word' id='word_1_871' title='bbox 3519 4823 3587 4877; x_wconf 90' lang='lat' dir='ltr'><strong>de</strong></span> <span class='ocrx_word' id='word_1_872' title='bbox 3622 4834 3685 4876; x_wconf 83' lang='lat' dir='ltr'><strong>se</strong></span> 
     </span>
    </p>
   </div>
   <div class='ocr_carea' id='block_1_110' title="bbox 2118 4898 3685 4984">
    <p class='ocr_par' dir='ltr' id='par_1_110' title="bbox 2118 4898 3685 4984">
     <span class='ocr_line' id='line_1_110' title="bbox 2118 4898 3685 4984; baseline 0.012 -34"><span class='ocrx_word' id='word_1_873' title='bbox 2118 4898 2250 4952; x_wconf 86' lang='lat' dir='ltr'><strong>dicit</strong></span> <span class='ocrx_word' id='word_1_874' title='bbox 2277 4898 2345 4954; x_wconf 73' lang='grc' dir='ltr'><strong>³¹ε</strong></span> <span class='ocrx_word' id='word_1_875' title='bbox 2379 4901 2487 4970; x_wconf 83' lang='lat' dir='ltr'><strong>Ego</strong></span> <span class='ocrx_word' id='word_1_876' title='bbox 2511 4903 2565 4957; x_wconf 88' lang='lat' dir='ltr'><strong>in</strong></span> <span class='ocrx_word' id='word_1_877' title='bbox 2599 4904 2775 4974; x_wconf 87' lang='lat' dir='ltr'><strong>Patre,</strong></span> <span class='ocrx_word' id='word_1_878' title='bbox 2806 4918 2855 4961; x_wconf 86' lang='lat' dir='ltr'><strong>et</strong></span> <span class='ocrx_word' id='word_1_879' title='bbox 2896 4907 3057 4964; x_wconf 86' lang='lat' dir='ltr'><strong>Pater</strong></span> <span class='ocrx_word' id='word_1_880' title='bbox 3092 4912 3145 4964; x_wconf 86' lang='lat' dir='ltr'><strong>in</strong></span> <span class='ocrx_word' id='word_1_881' title='bbox 3172 4928 3288 4978; x_wconf 88' lang='lat' dir='ltr'><strong>me;</strong></span> <span class='ocrx_word' id='word_1_882' title='bbox 3314 4923 3359 4965; x_wconf 88' lang='lat' dir='ltr'><strong>et</strong></span> <span class='ocrx_word' id='word_1_883' title='bbox 3389 4915 3479 4984; x_wconf 84' lang='lat' dir='ltr'><strong>qui</strong></span> <span class='ocrx_word' id='word_1_884' title='bbox 3506 4930 3588 4968; x_wconf 90' lang='lat' dir='ltr'><strong>me</strong></span> <span class='ocrx_word' id='word_1_885' title='bbox 3612 4916 3685 4969; x_wconf 76' lang='lat' dir='ltr'><strong>vi-</strong></span> 
     </span>
    </p>
   </div>
   <div class='ocr_carea' id='block_1_111' title="bbox 2120 4992 3679 5076">
    <p class='ocr_par' dir='ltr' id='par_1_111' title="bbox 2120 4992 3679 5076">
     <span class='ocr_line' id='line_1_111' title="bbox 2120 4992 3679 5076; baseline 0.013 -35"><span class='ocrx_word' id='word_1_886' title='bbox 2120 4992 2229 5055; x_wconf 87' lang='lat' dir='ltr'><strong>det,</strong></span> <span class='ocrx_word' id='word_1_887' title='bbox 2257 4993 2391 5046; x_wconf 83' lang='lat' dir='ltr'><strong>videt</strong></span> <span class='ocrx_word' id='word_1_888' title='bbox 2416 5006 2463 5048; x_wconf 84' lang='lat' dir='ltr'><strong>et</strong></span> <span class='ocrx_word' id='word_1_889' title='bbox 2503 4994 2738 5054; x_wconf 85' lang='lat' dir='ltr'><strong>Patrem.</strong></span> <span class='ocrx_word' id='word_1_890' title='bbox 2771 4999 2923 5055; x_wconf 87' lang='lat' dir='ltr'><strong>Sicut</strong></span> <span class='ocrx_word' id='word_1_891' title='bbox 2962 5006 3105 5058; x_wconf 90' lang='lat' dir='ltr'><strong>enim</strong></span> <span class='ocrx_word' id='word_1_892' title='bbox 3131 5005 3221 5073; x_wconf 88' lang='lat' dir='ltr'><strong>qui</strong></span> <span class='ocrx_word' id='word_1_893' title='bbox 3257 5006 3451 5059; x_wconf 81' lang='lat' dir='ltr'><strong>viderit</strong></span> <span class='ocrx_word' id='word_1_894' title='bbox 3485 5007 3679 5076; x_wconf 85' lang='lat' dir='ltr'><strong>imagi-</strong></span> 
     </span>
    </p>
   </div>
   <div class='ocr_carea' id='block_1_112' title="bbox 2485 5111 3403 5181">
    <p class='ocr_par' dir='ltr' id='par_1_112' title="bbox 2485 5111 3403 5181">
     <span class='ocr_line' id='line_1_112' title="bbox 2485 5111 3403 5181; baseline 0.01 -18"><span class='ocrx_word' id='word_1_895' title='bbox 2485 5111 2529 5142; x_wconf 75' lang='grc' dir='ltr'><strong>’ί</strong></span> <span class='ocrx_word' id='word_1_896' title='bbox 2573 5113 2834 5176; x_wconf 71' lang='grc' dir='ltr'><strong>ἱὺίι1.,ξὶ“1.</strong></span> <span class='ocrx_word' id='word_1_897' title='bbox 2935 5117 2979 5148; x_wconf 81' lang='grc'>²¹</span> <span class='ocrx_word' id='word_1_898' title='bbox 3025 5116 3221 5172; x_wconf 87' lang='lat' dir='ltr'><strong>Genes.</strong></span> <span class='ocrx_word' id='word_1_899' title='bbox 3258 5133 3319 5181; x_wconf 85' lang='lat' dir='ltr'><strong>ll,</strong></span> <span class='ocrx_word' id='word_1_900' title='bbox 3350 5118 3403 5172; x_wconf 92' lang='lat'><strong>7.</strong></span> 
     </span>
    </p>
   </div>
   <div class='ocr_carea' id='block_1_113' title="bbox 2591 5184 3087 5254">
    <p class='ocr_par' dir='ltr' id='par_1_113' title="bbox 2591 5184 3087 5254">
     <span class='ocr_line' id='line_1_113' title="bbox 2591 5184 3087 5254; baseline 0.012 -19"><span class='ocrx_word' id='word_1_901' title='bbox 2591 5184 2634 5214; x_wconf 80' lang='grc'><strong>’⁷</strong></span> <span class='ocrx_word' id='word_1_902' title='bbox 2665 5184 2832 5239; x_wconf 84' lang='lat' dir='ltr'><strong>Marc.</strong></span> <span class='ocrx_word' id='word_1_903' title='bbox 2878 5202 2934 5240; x_wconf 85' lang='lat' dir='ltr'><strong>tu</strong></span> <span class='ocrx_word' id='word_1_904' title='bbox 2957 5228 2972 5254; x_wconf 94' lang='lat'><strong>,</strong></span> <span class='ocrx_word' id='word_1_905' title='bbox 3004 5187 3087 5241; x_wconf 82' lang='lat'><strong>17.</strong></span> 
     </span>
    </p>
   </div>
   <div class='ocr_carea' id='block_1_114' title="bbox 3507 5119 3679 5174">
    <p class='ocr_par' dir='ltr' id='par_1_114' title="bbox 3507 5119 3679 5174">
     <span class='ocr_line' id='line_1_114' title="bbox 3507 5119 3679 5174; baseline 0.012 -2"><span class='ocrx_word' id='word_1_906' title='bbox 3507 5119 3679 5174; x_wconf 72' lang='lat' dir='ltr'><strong>&quot;lsa.</strong></span> 
     </span>
    </p>
   </div>
   <div class='ocr_carea' id='block_1_115' title="bbox 3190 5187 3679 5257">
    <p class='ocr_par' dir='ltr' id='par_1_115' title="bbox 3190 5187 3679 5257">
     <span class='ocr_line' id='line_1_115' title="bbox 3190 5187 3679 5257; baseline 0.004 -14"><span class='ocrx_word' id='word_1_907' title='bbox 3190 5187 3236 5219; x_wconf 74' lang='grc'><strong>’⁸</strong></span> <span class='ocrx_word' id='word_1_908' title='bbox 3262 5189 3458 5245; x_wconf 70' lang='lat' dir='ltr'><strong>(Senes.</strong></span> <span class='ocrx_word' id='word_1_909' title='bbox 3499 5205 3557 5257; x_wconf 86' lang='grc' dir='ltr'><strong>ι,</strong></span> <span class='ocrx_word' id='word_1_910' title='bbox 3586 5189 3679 5245; x_wconf 76' lang='grc'><strong>27.</strong></span> 
     </span>
    </p>
   </div>
   <div class='ocr_carea' id='block_1_116' title="bbox 3081 5392 3680 5463">
    <p class='ocr_par' dir='ltr' id='par_1_116' title="bbox 3081 5392 3680 5463">
     <span class='ocr_line' id='line_1_116' title="bbox 3081 5392 3680 5463; baseline -0.002 -15"><span class='ocrx_word' id='word_1_911' title='bbox 3081 5396 3256 5449; x_wconf 90' lang='lat' dir='ltr'><strong>inatus</strong></span> <span class='ocrx_word' id='word_1_912' title='bbox 3293 5393 3363 5463; x_wconf 86' lang='lat' dir='ltr'><strong>sit</strong></span> <span class='ocrx_word' id='word_1_913' title='bbox 3393 5392 3680 5463; x_wconf 85' lang='lat' dir='ltr'><strong>Origenes,</strong></span> 
     </span>
    </p>
   </div>
   <div class='ocr_carea' id='block_1_117' title="bbox 2119 5412 3682 5535">
    <p class='ocr_par' dir='ltr' id='par_1_117' title="bbox 2119 5412 3682 5535">
     <span class='ocr_line' id='line_1_117' title="bbox 2119 5412 3680 5465; baseline -0.001 -16"><span class='ocrx_word' id='word_1_914' title='bbox 2119 5412 2210 5449; x_wconf 84' lang='lat' dir='ltr'><strong>vei</strong></span> <span class='ocrx_word' id='word_1_915' title='bbox 2238 5412 2291 5448; x_wconf 86' lang='lat' dir='ltr'><strong>in</strong></span> <span class='ocrx_word' id='word_1_916' title='bbox 2321 5412 2537 5452; x_wconf 83' lang='lat' dir='ltr'><strong>nomine</strong></span> <span class='ocrx_word' id='word_1_917' title='bbox 2569 5412 2827 5465; x_wconf 82' lang='lat' dir='ltr'><strong>impressa</strong></span> <span class='ocrx_word' id='word_1_918' title='bbox 2855 5412 2982 5465; x_wconf 79' lang='lat' dir='ltr'><strong>quin</strong></span> <span class='ocrx_word' id='word_1_919' title='bbox 3006 5412 3037 5450; x_wconf 92' lang='grc' dir='ltr'>ο</span> <span class='ocrx_word' id='word_1_920' title='bbox 3081 5412 3256 5449; x_wconf 83' lang='lat' dir='ltr'><strong>matus</strong></span> <span class='ocrx_word' id='word_1_921' title='bbox 3293 5412 3363 5447; x_wconf 85' lang='lat' dir='ltr'><strong>su</strong></span> <span class='ocrx_word' id='word_1_922' title='bbox 3393 5412 3680 5463; x_wconf 87' lang='lat' dir='ltr'><strong>urigenes,</strong></span> 
     </span>
     <span class='ocr_line' id='line_1_118' title="bbox 2119 5412 3682 5535; baseline 0.002 -21"><span class='ocrx_word' id='word_1_923' title='bbox 2119 5466 2317 5520; x_wconf 82' lang='lat' dir='ltr'><strong>videsis</strong></span> <span class='ocrx_word' id='word_1_924' title='bbox 2375 5471 2513 5535; x_wconf 88' lang='lat' dir='ltr'><strong>apud</strong></span> <span class='ocrx_word' id='word_1_925' title='bbox 2569 5468 2992 5522; x_wconf 87' lang='lat' dir='ltr'><strong>illustrissimum</strong></span> <span class='ocrx_word' id='word_1_926' title='bbox 3043 5412 3296 5520; x_wconf 51' lang='lat' dir='ltr'><strong>fluetium</strong></span> <span class='ocrx_word' id='word_1_927' title='bbox 3325 5462 3682 5533; x_wconf 80' lang='lat' dir='ltr'><strong>Origeniano-</strong></span> 
     </span>
    </p>
   </div>
   <div class='ocr_carea' id='block_1_118' title="bbox 459 5535 3050 5605">
    <p class='ocr_par' dir='ltr' id='par_1_118' title="bbox 459 5535 3050 5605">
     <span class='ocr_line' id='line_1_119' title="bbox 459 5535 3050 5605; baseline 0.001 -18"><span class='ocrx_word' id='word_1_928' title='bbox 459 5537 692 5601; x_wconf 87' lang='lat' dir='ltr'><strong>pondeat</strong></span> <span class='ocrx_word' id='word_1_929' title='bbox 712 5535 866 5588; x_wconf 88' lang='lat' dir='ltr'><strong>alteri</strong></span> <span class='ocrx_word' id='word_1_930' title='bbox 892 5537 1155 5602; x_wconf 88' lang='lat' dir='ltr'><strong>membro,</strong></span> <span class='ocrx_word' id='word_1_931' title='bbox 1182 5545 1230 5589; x_wconf 88' lang='lat' dir='ltr'><strong>et</strong></span> <span class='ocrx_word' id='word_1_932' title='bbox 1260 5545 1450 5588; x_wconf 86' lang='lat' dir='ltr'><strong>terram</strong></span> <span class='ocrx_word' id='word_1_933' title='bbox 1477 5551 1687 5589; x_wconf 79' lang='lat' dir='ltr'><strong>sensum</strong></span> <span class='ocrx_word' id='word_1_934' title='bbox 1712 5537 1885 5589; x_wconf 86' lang='lat' dir='ltr'><strong>carnis</strong></span> <span class='ocrx_word' id='word_1_935' title='bbox 1905 5550 2021 5604; x_wconf 86' lang='lat' dir='ltr'><strong>pro-</strong></span> <span class='ocrx_word' id='word_1_936' title='bbox 2114 5551 2232 5588; x_wconf 85' lang='lat' dir='ltr'><strong>rum</strong></span> <span class='ocrx_word' id='word_1_937' title='bbox 2257 5535 2346 5605; x_wconf 86' lang='lat' dir='ltr'><strong>lib.</strong></span> <span class='ocrx_word' id='word_1_938' title='bbox 2382 5551 2442 5599; x_wconf 89' lang='grc' dir='ltr'><strong>ιι,</strong></span> <span class='ocrx_word' id='word_1_939' title='bbox 2471 5548 2664 5605; x_wconf 72' lang='lat' dir='ltr'><strong>quaest.</strong></span> <span class='ocrx_word' id='word_1_940' title='bbox 2691 5537 2780 5599; x_wconf 66' lang='lat'><strong>12,</strong></span> <span class='ocrx_word' id='word_1_941' title='bbox 2814 5552 2963 5589; x_wconf 92' lang='lat' dir='ltr'><strong>num.</strong></span> <span class='ocrx_word' id='word_1_942' title='bbox 2996 5537 3050 5590; x_wconf 89' lang='lat'><strong>9.</strong></span> 
     </span>
    </p>
   </div>
   <div class='ocr_carea' id='block_1_119' title="bbox 461 5611 1851 5745">
    <p class='ocr_par' dir='ltr' id='par_1_119' title="bbox 461 5611 1851 5745">
     <span class='ocr_line' id='line_1_120' title="bbox 461 5611 1851 5745; baseline 0.002 -19"><span class='ocrx_word' id='word_1_943' title='bbox 461 5611 647 5741; x_wconf 47' lang='lat' dir='ltr'><strong>(erigit)</strong></span> <span class='ocrx_word' id='word_1_944' title='bbox 676 5673 830 5745; x_wconf 76' lang='lat' dir='ltr'><strong>Mss,</strong></span> <span class='ocrx_word' id='word_1_945' title='bbox 856 5672 1000 5741; x_wconf 79' lang='lat' dir='ltr'><strong>facta</strong></span> <span class='ocrx_word' id='word_1_946' title='bbox 1025 5684 1169 5739; x_wconf 87' lang='lat' dir='ltr'><strong>sunt;</strong></span> <span class='ocrx_word' id='word_1_947' title='bbox 1200 5673 1331 5728; x_wconf 90' lang='lat' dir='ltr'><strong>libb.</strong></span> <span class='ocrx_word' id='word_1_948' title='bbox 1362 5674 1516 5741; x_wconf 88' lang='lat' dir='ltr'><strong>editi,</strong></span> <span class='ocrx_word' id='word_1_949' title='bbox 1542 5675 1712 5745; x_wconf 75' lang='lat' dir='ltr'><strong>factus</strong></span> <span class='ocrx_word' id='word_1_950' title='bbox 1752 5684 1851 5730; x_wconf 74' lang='lat' dir='ltr'><strong>est.</strong></span> 
     </span>
    </p>
   </div>
   <div class='ocr_carea' id='block_1_120' title="bbox 536 5744 2018 5819">
    <p class='ocr_par' dir='ltr' id='par_1_120' title="bbox 536 5744 2018 5819">
     <span class='ocr_line' id='line_1_121' title="bbox 536 5744 2018 5819; baseline 0.003 -21"><span class='ocrx_word' id='word_1_951' title='bbox 536 5746 647 5817; x_wconf 78' lang='lat'><strong>(65)</strong></span> <span class='ocrx_word' id='word_1_952' title='bbox 683 5744 801 5800; x_wconf 67' lang='lat' dir='ltr'><strong>Non</strong></span> <span class='ocrx_word' id='word_1_953' title='bbox 851 5745 1191 5816; x_wconf 80' lang='lat' dir='ltr'><strong>intelligimus</strong></span> <span class='ocrx_word' id='word_1_954' title='bbox 1248 5744 1591 5816; x_wconf 80' lang='lat' dir='ltr'><strong>corporalem.</strong></span> <span class='ocrx_word' id='word_1_955' title='bbox 1655 5749 1728 5803; x_wconf 90' lang='lat' dir='ltr'><strong>De</strong></span> <span class='ocrx_word' id='word_1_956' title='bbox 1786 5747 2018 5819; x_wconf 79' lang='lat' dir='ltr'><strong>imagine</strong></span> 
     </span>
    </p>
   </div>
   <div class='ocr_carea' id='block_1_121' title="bbox 2181 5602 3681 5675">
    <p class='ocr_par' dir='ltr' id='par_1_121' title="bbox 2181 5602 3681 5675">
     <span class='ocr_line' id='line_1_122' title="bbox 2181 5602 3681 5675; baseline 0.001 -18"><span class='ocrx_word' id='word_1_957' title='bbox 2181 5604 2294 5673; x_wconf 73' lang='lat'><strong>(64)</strong></span> <span class='ocrx_word' id='word_1_958' title='bbox 2324 5605 2392 5658; x_wconf 82' lang='lat' dir='ltr'><strong>Et</strong></span> <span class='ocrx_word' id='word_1_959' title='bbox 2416 5602 2937 5659; x_wconf 39' lang='lat' dir='ltr'><strong>att—similitudinem.</strong></span> <span class='ocrx_word' id='word_1_960' title='bbox 2964 5604 3298 5675; x_wconf 68' lang='lat' dir='ltr'><strong>Haecquteiu</strong></span> <span class='ocrx_word' id='word_1_961' title='bbox 3327 5614 3487 5659; x_wconf 87' lang='lat' dir='ltr'><strong>antea</strong></span> <span class='ocrx_word' id='word_1_962' title='bbox 3517 5602 3681 5659; x_wconf 81' lang='lat' dir='ltr'><strong>editis</strong></span> 
     </span>
    </p>
   </div>
   <div class='ocr_carea' id='block_1_122' title="bbox 2115 5677 3052 5743">
    <p class='ocr_par' dir='ltr' id='par_1_122' title="bbox 2115 5677 3052 5743">
     <span class='ocr_line' id='line_1_123' title="bbox 2115 5677 3052 5743; baseline 0 -12"><span class='ocrx_word' id='word_1_963' title='bbox 2115 5677 2315 5731; x_wconf 81' lang='lat' dir='ltr'><strong>omissa</strong></span> <span class='ocrx_word' id='word_1_964' title='bbox 2352 5685 2495 5739; x_wconf 83' lang='lat' dir='ltr'><strong>sunt,</strong></span> <span class='ocrx_word' id='word_1_965' title='bbox 2521 5677 2836 5743; x_wconf 84' lang='lat' dir='ltr'><strong>supplentur</strong></span> <span class='ocrx_word' id='word_1_966' title='bbox 2865 5691 2896 5730; x_wconf 90' lang='lat' dir='ltr'><strong>e</strong></span> <span class='ocrx_word' id='word_1_967' title='bbox 2924 5692 3052 5731; x_wconf 88' lang='lat' dir='ltr'><strong>mss.</strong></span> 
     </span>
    </p>
   </div>
   <div class='ocr_carea' id='block_1_123' title="bbox 2189 5742 3652 5818">
    <p class='ocr_par' dir='ltr' id='par_1_123' title="bbox 2189 5742 3652 5818">
     <span class='ocr_line' id='line_1_124' title="bbox 2189 5742 3652 5818; baseline -0.003 -18"><span class='ocrx_word' id='word_1_968' title='bbox 2189 5746 2301 5818; x_wconf 80' lang='lat'><strong>(65)</strong></span> <span class='ocrx_word' id='word_1_969' title='bbox 2328 5744 2457 5811; x_wconf 74' lang='lat' dir='ltr'><strong>Qua:</strong></span> <span class='ocrx_word' id='word_1_970' title='bbox 2479 5757 2553 5802; x_wconf 81' lang='lat' dir='ltr'><strong>est</strong></span> <span class='ocrx_word' id='word_1_971' title='bbox 2578 5742 2677 5801; x_wconf 75' lang='lat' dir='ltr'><strong>ista</strong></span> <span class='ocrx_word' id='word_1_972' title='bbox 2710 5747 2899 5816; x_wconf 84' lang='lat' dir='ltr'><strong>imago.</strong></span> <span class='ocrx_word' id='word_1_973' title='bbox 2927 5746 2982 5800; x_wconf 94' lang='lat' dir='ltr'><strong>ln</strong></span> <span class='ocrx_word' id='word_1_974' title='bbox 3007 5757 3161 5802; x_wconf 87' lang='lat' dir='ltr'><strong>antea</strong></span> <span class='ocrx_word' id='word_1_975' title='bbox 3185 5744 3344 5802; x_wconf 85' lang='lat' dir='ltr'><strong>editis</strong></span> <span class='ocrx_word' id='word_1_976' title='bbox 3375 5742 3527 5801; x_wconf 85' lang='lat' dir='ltr'><strong>deest</strong></span> <span class='ocrx_word' id='word_1_977' title='bbox 3548 5749 3652 5798; x_wconf 76' lang='lat' dir='ltr'><strong>ista</strong></span> 
     </span>
    </p>
   </div>
  </div>
