4000 6146
294 277 398 338 15³1

1522 279 1590 335 ΙΝ
1626 279 1924 337 GENESIM
1965 278 2254 335 llOMlLlA
2292 279 2331 333 Ι.

3439 278 3541 335 158

296 412 417 453 ne-
435 395 688 465 alicujus,
711 396 873 454 videt
903 413 1028 454 eum
1053 396 1207 466 cujus
1247 398 1428 469 imago
1450 406 1554 465 est,
1586 401 1658 454 ita
1687 409 1744 455 et
1778 415 1873 468 per
1901 405 1948 462 Α
1974 400 2108 453 dixit
2153 416 2239 454 eos
2290 398 2428 452 Deus
2487 398 2662 452 dicens
2687 412 2706 451 :
2737 396 2965 452 Crescite
3016 406 3063 451 et
3093 396 3539 468 multiplicamini,

299 488 531 544 Verbum
558 488 676 554 Dei,
708 505 837 560 qua
884 502 972 548 est
1011 492 1187 562 imago
1218 492 1333 554 Dei,
1377 492 1540 546 Deum
1559 492 1680 559 quis
1710 493 1872 547 videt.

296 580 362 634 Et
396 579 469 633 ita
503 594 696 634 verum
724 580 835 635 erit
863 582 1008 651 quod
1034 583 1171 636 dixit
1196 598 1210 634 :
1243 581 1346 647 Qui
1372 596 1450 634 me
1469 582 1603 635 videt
1623 621 1636 645 ,
1663 582 1798 635 videt
1827 593 1875 637 et

298 670 541 726 Patrem.
565 671 646 726 Ad
662 671 825 742 hujus
849 687 983 742 ergo
1001 673 1250 742 imaginis
1271 672 1675 728 similitudinem
1713 674 1874 729 homo

298 766 477 818 factus
532 772 640 827 est,
673 772 729 817 et
774 772 1070 834 propterea
1120 763 1371 818 Salvator
1423 772 1623 830 noster,
1666 765 1755 834 qui
1792 773 1876 819 est

298 855 481 925 imago
497 854 617 917 Dei,
652 853 1030 909 misericordia
1066 865 1244 908 matus
1272 868 1370 922 pro
1412 853 1654 917 homine,
1684 855 1774 922 qui
1805 853 1872 908 ad

293 944 418 1009 eius
439 945 855 999 similitudinem
887 945 1064 1000 lactus
1094 945 1295 1008 fuerat,
1320 944 1508 999 videns
1537 960 1684 1009 eum,
1706 946 1872 1015 depo-

294 1037 401 1090 sita
428 1051 531 1092 sua
563 1036 811 1106 imagine,
841 1037 1058 1106 maligni
1089 1035 1374 1105 imaginem
1405 1035 1703 1100 induxisse,
1756 1037 1874 1106 ipse

295 1140 484 1183 motus
535 1129 949 1191 misericordia,
1000 1127 1235 1198 imagine
1285 1128 1523 1183 hominis
1575 1137 1868 1198 assumpta,

296 1223 455 1275 venit
522 1221 593 1274 ad
646 1234 800 1283 eum,
857 1221 998 1274 sicut
1045 1220 1336 1288 Apostolus
1388 1229 1727 1277 contestatur
1785 1222 1867 1275 di-

293 1328 431 1367 cens
457 1311 501 1343 ³¹
535 1328 554 1367 :
578 1311 710 1365 Cum
734 1313 787 1365 in
813 1311 986 1380 forma
1015 1310 1107 1363 Dei
1130 1321 1283 1375 esset,
1314 1328 1417 1365 non
1454 1313 1696 1380 rapinam
1722 1312 1871 1364 arbi-

294 1414 477 1459 tratus
498 1413 577 1457 est
603 1419 713 1457 esse
738 1420 790 1457 se
818 1404 1069 1473 tequalem
1109 1402 1237 1467 Deo,
1260 1403 1352 1456 sed
1397 1403 1727 1470 semetipsum
1760 1402 1872 1456 exi-

294 1498 505 1552 nanivit
530 1496 757 1566 formam
783 1496 916 1548 servi
959 1496 1219 1564 accipiens
1259 1494 1315 1547 in
1359 1495 1757 1548 similitudinem
1778 1497 1872 1547 Ito-

296 1591 505 1642 ntimtnt
537 1590 729 1658 factus,
751 1599 798 1642 et
833 1588 1016 1641 Itabitu
1042 1588 1278 1641 inventus
1312 1597 1365 1639 ut
1402 1586 1580 1649 homo,
1620 1587 1871 1640 humilia-

294 1682 369 1734 υἷι
396 1682 733 1749 semetipsum
764 1696 925 1750 usque
969 1681 1037 1731 ad
1084 1688 1322 1733 mortem.
1377 1678 1698 1749 Quicunque
1739 1696 1870 1750 ergo

303 1773 628 1826 reniuntad
658 1786 803 1839 eum,
826 1783 879 1826 et
929 1771 1258 1826 rationabilis
1284 1772 1532 1841 imaginis
1578 1773 1871 1843 participes

297 1862 444 1918 elIici
469 1864 710 1929 student,
754 1880 849 1931 per
881 1863 1181 1932 profectum
1207 1878 1361 1917 suum
1397 1866 1694 1918 secundum
1729 1865 1870 1920 inte-

298 1956 504 2009 riorem
545 1954 816 2009 hominem
850 1965 1180 2010 renovantur
1204 1955 1443 2023 quotidie
1483 1955 1549 2009 ad
1584 1956 1869 2026 imaginem

296 2046 424 2115 ejus
457 2046 553 2115 qui
585 2044 711 2100 fecit
733 2061 858 2112 eos;
900 2045 973 2098 ita
1026 2056 1081 2099 ut
1141 2047 1345 2115 possint
1394 2044 1703 2100 eouformes
1752 2060 1871 2099 cor-

302 2139 428 2205 pori
460 2137 728 2191 claritatis
763 2136 882 2208 (66)
906 2138 1024 2206 ejus
1044 2136 1203 2203 ellici,
1235 2138 1328 2192 sed
1375 2138 1746 2206 unusquisque
1774 2151 1872 2206 pro

300 2228 515 2284 viribus
537 2229 671 2284 suis.
688 2230 931 2298 Apostoli
976 2245 1033 2285 se
1068 2231 1133 2283 ad
1162 2229 1278 2297 ejus
1327 2229 1735 2284 similitudinem
1781 2245 1870 2285 re-

304 2320 617 2376 formarunt
651 2320 761 2391 58
792 2323 843 2375 in
879 2331 1084 2375 tantum
1109 2334 1166 2375 ut
1188 2322 1305 2391 ipse
1335 2323 1402 2377 de
1438 2323 1519 2377 eis
1542 2324 1749 2377 diceret
1782 2324 1868 2379 8'z

305 2412 463 2468 Vada
513 2414 581 2467 ad
623 2413 839 2468 Patrem
904 2432 1072 2468 meum
1123 2424 1171 2468 et
1230 2416 1440 2470 Patrem
1494 2426 1742 2480 vestrum,
1801 2417 1871 2470 ad

303 2506 474 2559 Deam
521 2523 689 2560 meum
739 2518 786 2560 et
820 2508 891 2559 ad
923 2509 1087 2561 Deum
1124 2518 1373 2562 vestrum.
1429 2508 1544 2578 Ipse
1594 2524 1722 2563 vero
1757 2510 1869 2578 jam

302 2596 538 2665 petierat
570 2597 784 2651 Patrem
839 2614 936 2667 pro
988 2599 1266 2670 discipulis
1298 2601 1433 2665 suis,
1467 2613 1522 2653 ιιι
1556 2603 1633 2657 eis
1679 2605 1872 2658 simili-

301 2689 436 2741 tudo
483 2689 709 2757 pristina
738 2690 1072 2755 redderetur,
1102 2709 1222 2747 cum
1273 2694 1408 2748 dixit.
1434 2695 1520 2751 ³³ε
1553 2693 1736 2761 Pater,
1774 2698 1868 2761 da,

302 2790 363 2833 ιιι
403 2782 539 2833 sicut
583 2798 676 2850 ego
718 2793 769 2836 et
823 2794 879 2835 tu
913 2800 1075 2838 unum
1127 2802 1327 2853 sumus,
1352 2789 1426 2840 ita
1448 2799 1495 2841 et
1522 2790 1610 2842 isti
1643 2790 1698 2841 in
1722 2790 1870 2844 nobis

302 2888 471 2925 unum
496 2873 623 2926 sint.
655 2874 879 2944 Semper
905 2891 1035 2946 ergo
1059 2878 1363 2933 intueamur
1398 2881 1552 2935 istam
1582 2882 1869 2950 imaginem

306 2964 427 3028 Dei,
459 2974 521 3018 ut
548 2968 815 3034 possimus
867 2969 931 3022 ad
972 2969 1087 3038 ejus
1117 2971 1527 3026 similitudinem
1564 2972 1865 3028 reformari.

1979 501 2027 546 et
2058 492 2246 562 replete
2276 500 2498 555 terram,
2551 500 2598 544 et
2636 490 2988 543 dominamini
3022 491 3074 543 in
3105 505 3166 543 ea
3212 489 3279 543 ³⁸.
3313 491 3539 559 Dignum

1976 585 2191 638 videtur
2217 584 2318 638 hoc
2350 584 2402 635 in
2454 582 2572 637 loco
2608 583 2893 651 requirere
2945 582 3243 637 secundum
3276 583 3542 651 litteram,

1975 676 2249 745 quomodo
2304 676 2539 728 nondum
2602 672 2746 727 facta
2793 673 3016 727 muliere
3054 673 3184 727 dicit
3214 673 3488 742 Scriptura
3522 691 3539 729 :

1974 765 2276 819 Masculum
2313 775 2358 818 et
2402 763 2654 833 feminam
2702 763 2826 832 fecit
2871 780 2981 818 eos.
3045 762 3414 829 Fortassis,ut
3444 780 3544 834 ego

1972 859 2233 921 arbitror,
2272 864 2490 925 propter
2536 855 2964 909 benedictionem
2996 869 3099 922 qua
3147 856 3424 911 benedixit
3450 871 3544 911 eos

1972 951 2158 1004 dicens
2184 967 2198 1002 :
2230 947 2456 1001 Crescite
2484 955 2531 1000 et
2556 945 3003 1009 multiplicamini,
3031 953 3091 1012 et,
3110 945 3299 1014 replete
3325 957 3540 1011 terram,

1970 1040 2307 1109 praeveniens
2328 1039 2473 1108 quod
2502 1037 2744 1093 futurum
2790 1046 2932 1104 erat,
2961 1038 3091 1091 dicit
3121 1055 3134 1091 :
3168 1037 3466 1092 Masculum
3495 1050 3543 1093 et

1977 1133 2227 1201 feminam
2256 1131 2376 1201 fecit
2415 1147 2528 1195 eos,
2565 1131 2822 1200 quoniam
2872 1129 3357 1198 quidemcrescere
3387 1129 3546 1184 aliter

1972 1233 2029 1277 et
2058 1222 2409 1291 multiplicari
2444 1238 2549 1277 non
2577 1230 2791 1291 poterat
2816 1221 2999 1283 homo,
3024 1219 3126 1273 nisi
3154 1234 3277 1272 cum
3312 1217 3542 1273 femina.

1973 1315 2048 1372 Ut
2079 1330 2209 1383 ergo
2239 1316 2545 1370 benedictio
2568 1314 2684 1381 ejus
2717 1314 2837 1368 sine
2867 1314 3035 1368 dubio
3053 1313 3230 1366 futura
3265 1328 3389 1367 esse
3420 1328 3543 1367 cre—

1972 1408 2215 1473 deretur,
2238 1407 2315 1460 ait
2350 1428 2362 1461 :
2405 1405 2706 1459 Masculum
2753 1415 2799 1459 et
2843 1405 3093 1475 feminam
3143 1404 3266 1471 fecit
3289 1421 3398 1458 eos.
3431 1404 3547 1461 Hoc

1972 1514 2212 1567 namque
2241 1498 2399 1552 modo
2446 1498 2610 1552 homo
2643 1497 2831 1552 videns
2884 1496 3165 1550 crescendi
3204 1506 3258 1548 el
3289 1494 3548 1562 multipli-

1970 1589 2130 1642 candi
2183 1588 2626 1655 consequentiam
2654 1600 2773 1640 esse
2821 1600 2885 1640 ex
2916 1601 3002 1648 eo,
3046 1587 3189 1654 quod
3243 1586 3291 1639 ei
3344 1585 3545 1640 femina

1966 1679 2317 1750 jungebatur,
2355 1680 2644 1735 certiorem
2674 1695 2821 1749 spem
2851 1696 3043 1750 gerere
3064 1689 3278 1749 poterat
3311 1680 3362 1733 in
3384 1680 3547 1733 bene-

1904 1758 1947 1817 Β
1975 1770 2210 1826 dictione
2240 1771 2442 1825 divina.
2500 1771 2556 1823 Si
2582 1771 2725 1823 enim
2767 1771 2993 1824 dixisset
3058 1770 3340 1839 Scriptura
3371 1785 3384 1820 :
3412 1767 3547 1822 Cre-

1972 1860 2101 1913 scite
2127 1869 2174 1911 et
2217 1859 2642 1929 multiplicamini
2685 1870 2731 1913 et
2766 1860 2958 1930 replete
2989 1871 3206 1924 terram,
3235 1870 3281 1912 et
3298 1860 3545 1914 domina-

1972 1952 2105 2005 mini
2130 1953 2182 2005 in
2201 1968 2282 2017 ea,
2310 1968 2414 2005 non
2448 1950 2705 2019 adjiciens
2734 1953 2855 2017 hoc,
2889 1953 3015 2020 quia
3047 1952 3338 2005 masculum
3379 1959 3428 2005 et
3466 1953 3546 2020 fe-

1971 2046 2168 2098 minam
2190 2046 2310 2113 fecit
2340 2061 2450 2111 eos,
2480 2046 2667 2113 utique
2718 2045 3081 2098 benedictioni
3136 2045 3333 2099 divina:
3361 2047 3544 2102 incre-

1971 2136 2129 2192 dulus
2154 2136 2477 2201 exstitisset,
2509 2135 2721 2190 sicutet
2744 2133 2909 2188 Maria
2945 2138 3011 2190 ad
3041 2151 3160 2190 eam
3209 2136 3543 2191 benedictio-

1971 2245 2092 2283 nem
2127 2244 2230 2296 qua
2256 2229 2680 2284 benedicebatur
2708 2230 2778 2283 ab
2802 2228 3018 2298 angelo,
3038 2229 3113 2282 ait
3142 2229 3188 2260 ³⁸
3220 2249 3232 2282 :
3268 2228 3544 2293 Quomodo

1972 2322 2134 2373 sciam
2164 2320 2260 2373 Itoc
2309 2319 2467 2391 (67)?
2506 2320 2756 2389 quoniam
2798 2319 2968 2372 virum
3003 2336 3106 2372 non
3134 2335 3408 2389 cognosco.
3437 2320 3546 2372 Aut

1980 2412 2212 2465 fortasse
2233 2412 2362 2481 quia
2416 2412 2599 2467 omnia
2654 2428 2831 2481 qutca
2865 2411 2974 2465 Deo
3012 2411 3154 2464 facta
3208 2422 3356 2476 sunt,
3414 2426 3546 2463 con-

1966 2503 2154 2574 juncta
2187 2519 2241 2559 et
2265 2496 2640 2573 compaginata
2669 2503 2943 2566 dicuntur,
2979 2515 3037 2557 ut
3064 2503 3261 2557 caelum
3293 2514 3348 2557 et
3373 2513 3540 2567 terra,

1972 2604 2025 2650 et
2058 2595 2216 2650 solet
2254 2596 2415 2658 luna;
2452 2596 2524 2649 ita
2554 2608 2693 2663 ergo
2718 2602 2776 2647 ut
2802 2595 3179 2649 ostenderetur
3206 2596 3458 2664 quoniam
3488 2604 3544 2649 et

1972 2687 2136 2740 homo
2164 2686 2256 2740 Dei
2280 2702 2414 2756 opus
2441 2698 2546 2752 est,
2572 2694 2627 2742 et
2655 2699 2760 2739 non
2792 2684 2910 2739 sine
2947 2686 3259 2750 harmonia,
3293 2686 3544 2741 velcom-

1974 2778 2176 2847 petenti
2234 2777 2618 2845 conjunctione
2670 2775 2914 2847 prolatus
2944 2789 3048 2843 est,
3105 2776 3310 2833 idcirco
3340 2791 3544 2846 praeve-

1971 2871 2124 2923 niens
2170 2868 2289 2924 ait:
2328 2870 2626 2925 Masculum
2677 2886 2722 2926 et
2783 2871 3034 2942 feminam
3079 2868 3198 2938 fecit
3245 2884 3350 2922 eos.
3409 2868 3534 2923 Haec

1970 2961 2189 3029 quidem
2218 2961 2286 3015 ad
2313 2976 2430 3015 eam
2458 2964 2814 3031 quaestionem
2838 2962 2982 3017 dicta
3012 2967 3160 3027 sunt,
3188 2973 3309 3026 quae
3344 2973 3540 3013 secun-

301 3055 364 3111 Si
390 3057 531 3110 enim
563 3058 630 3111 ad
660 3058 947 3128 imaginem
982 3061 1073 3115 Dei
1122 3060 1304 3117 factus
1334 3063 1522 3135 homo,
1551 3074 1738 3119 contra
1773 3081 1869 3119 na-
1896 3097 1938 3154 ο
1974 3052 2359 3154 όυιιῖιῖιιθνίυιι
2388 3053 2615 3123 Ρτοίεντί
2647 3063 2841 3125 Dom“-

304 3159 486 3202 turam
520 3149 736 3205 intuens
786 3152 1075 3221 imaginem
1109 3154 1306 3210 diaboli
1362 3170 1458 3226 per
1484 3166 1766 3225 peccatum
1792 3157 1869 3212 si-

300 3238 449 3293 milis
469 3238 589 3307 ejus
611 3239 838 3297 effectus
864 3251 949 3299 est
978 3262 994 3298 :
1026 3245 1199 3301 multo
1234 3248 1403 3316 magis
1434 3249 1648 3304 intuens
1683 3249 1874 3319 imagi-

311 3344 442 3383 nem
482 3330 597 3394 Dei,
623 3334 690 3386 ad
717 3333 872 3401 cujus
901 3335 1310 3393 similitudinem
1360 3339 1533 3393 factus
1556 3348 1639 3394 est
1669 3355 1699 3393 a
1736 3340 1869 3405 Deo,

303 3436 408 3491 per
422 3419 661 3478 Verbum
690 3437 746 3478 et
769 3426 1024 3482 virtutem
1048 3429 1163 3497 ejus
1194 3432 1415 3499 recipiet
1447 3430 1676 3485 formam
1725 3432 1868 3486 illam

303 3526 429 3580 quae
457 3513 580 3567 data
604 3515 652 3569 ei
688 3515 861 3572 fuerat
888 3534 988 3588 per
1029 3530 1299 3575 naturam.
1351 3522 1458 3577 Sed
1485 3538 1644 3579 nemo
1676 3525 1869 3593 despe-

304 3611 393 3658 ret
413 3605 601 3661 ridens
622 3608 1032 3665 similitudinem
1077 3629 1229 3667 suam
1258 3616 1429 3684 magis
1455 3631 1575 3671 esse
1600 3632 1723 3670 cum
1750 3619 1873 3671 dia-

304 3693 432 3749 bolo
462 3712 621 3765 quam
665 3714 787 3753 cum
818 3700 952 3766 Deo,
993 3717 1152 3772 posse
1196 3717 1256 3758 se
1302 3705 1498 3759 iterum
1548 3721 1870 3775 recuperate

300 3780 534 3837 formam
570 3787 821 3858 imaginis
853 3790 971 3855 Dei,
1011 3792 1141 3860 quia
1180 3809 1285 3847 non
1315 3795 1463 3849 venit
1496 3793 1747 3851 Salvator
1769 3814 1866 3852 vo-

298 3889 431 3931 care
458 3877 658 3946 justos,
693 3880 788 3933 sed
836 3892 1154 3949 peccatores
1200 3883 1254 3938 in
1288 3886 1687 3956 pmnitentiam.
1732 3888 1868 3943 Mat-

301 3971 479 4025 theus
502 3971 823 4041 publicanus
838 3983 978 4041 erat,
1001 3985 1055 4030 et
1081 3977 1265 4046 utique
1287 3980 1464 4048 imago
1507 3982 1624 4050 ejus
1651 3983 1868 4039 diabolo

298 4062 497 4119 similis
523 4074 663 4130 erat,
692 4067 784 4121 sed
815 4068 1043 4124 veniens
1070 4070 1134 4124 ad
1161 4071 1445 4141 imaginem
1471 4073 1564 4127 Dei
1583 4073 1866 4129 Dominmn

309 4164 367 4208 et
394 4154 735 4211 Salvatorem
766 4169 1036 4224 nostrum,
1071 4170 1126 4216 et
1172 4177 1406 4230 sequens
1434 4180 1574 4231 eam,
1609 4169 1870 4222 transfor-

298 4256 481 4300 niatus
510 4257 593 4302 est
622 4248 687 4301 ad
715 4249 1129 4305 similitudinem
1188 4252 1438 4322 imaginis
1484 4255 1602 4310 Dei.
1636 4254 1868 4313 Jacobus

296 4333 550 4394 Zebedaei
609 4339 767 4404 filius,
823 4351 881 4396 ct
923 4342 1161 4400 Joannes
1211 4346 1383 4401 frater
1413 4349 1529 4418 ejus
1569 4351 1866 4418 piscatores

2046 3142 2133 3199 15.
2166 3144 2455 3201 Videamus
2474 3156 2652 3200 autem
2695 3147 2857 3200 etiam
2906 3161 3004 3216 per
3059 3143 3374 3214 allegoriam
3403 3156 3541 3210 quo—

1973 3238 2133 3292 modo
2154 3238 2219 3291 ad
2250 3237 2538 3309 imaginem
2594 3238 2684 3292 Dei
2740 3240 2897 3293 homo
2955 3240 3129 3293 factus
3185 3235 3458 3291 masculus
3485 3241 3542 3289 et

1972 3330 2174 3384 femina
2235 3339 2336 3384 est.
2381 3330 2611 3385 Interior
2677 3331 2838 3384 homo
2887 3341 3072 3385 noster
3118 3345 3183 3384 ex
3235 3329 3431 3396 spiritu
3486 3337 3543 3382 et

1974 3426 2150 3479 anima
2194 3435 2427 3482 constat.
2467 3425 2741 3482 Masculus
2788 3427 3013 3495 Spiritus
3070 3426 3288 3489 dicitur,
3339 3423 3538 3478 femina

1974 3519 2151 3571 anima
2191 3528 2368 3587 potest
2406 3521 2731 3589 nuncupari.
2782 3521 2909 3575 Haec
2938 3520 2982 3574 si
3014 3518 3368 3574 concordiam
3395 3516 3542 3570 inter

1971 3623 2032 3662 se
2058 3608 2290 3662 habeant
2316 3617 2371 3663 et
2396 3624 2744 3674 consensum,
2765 3610 3142 3665 convenientia
3173 3609 3314 3663 inter
3339 3622 3398 3663 se
3424 3607 3540 3677 ipsa

1972 3710 2224 3756 crescunt
2253 3710 2307 3756 et
2339 3699 2788 3769 multiplicantur,
2837 3709 3206 3770 generantque
3239 3699 3377 3753 lilios
3415 3712 3541 3752 sen-

1970 3808 2064 3848 sus
2088 3793 2278 3858 bonos,
2300 3802 2355 3846 et
2388 3792 2694 3847 intellectus
2713 3792 2796 3847 vel
2823 3792 3182 3862 cogitationes
3209 3791 3394 3852 utiles.
3439 3803 3538 3858 per

1971 3900 2091 3954 qua:
2138 3883 2385 3952 repleant
2426 3895 2651 3951 terram,
2711 3893 2767 3938 et
2806 3883 3157 3938 dominentur
3200 3882 3255 3935 in
3293 3896 3394 3947 ea;
3436 3882 3540 3937 hoc

1970 3986 2075 4041 est,
2108 3975 2411 4045 subjectum
2444 3976 2548 4031 sibi
2604 3991 2820 4031 sensum
2869 3976 3053 4029 carnis
3085 3977 3151 4029 ad
3199 3975 3422 4029 meliora
3454 3975 3538 4030 in-

1970 4070 2156 4124 stituta
2205 4076 2545 4133 convertunt,
2581 4076 2636 4122 et
2664 4069 3016 4122 dominantur
3047 4067 3149 4131 eis,
3182 4066 3537 4121 sciliceteum

1970 4160 2021 4213 in
2044 4158 2189 4214 nullo
2212 4175 2343 4214 caro
2370 4168 2556 4214 contra
2606 4158 2933 4214 voluntatem
2974 4158 3196 4226 spiritus
3230 4157 3536 4213 insolescit.

1967 4251 2085 4307 Jam
2116 4266 2245 4306 vero
2285 4252 2328 4306 si
2372 4254 2552 4305 anima
2595 4249 2881 4320 conjuncta
2932 4250 3173 4319 spiritui,
3204 4260 3366 4318 atque
3394 4247 3534 4318 ejus,

1968 4356 2028 4398 ut
2056 4348 2127 4399 ita
2149 4345 2345 4410 dicam,
2377 4344 2632 4413 conjugio
2680 4342 2950 4411 copulata,
2985 4342 3218 4396 declinet
3249 4341 3536 4409 aliquando

296 4436 480 4492 erant,
528 4437 581 4482 et
634 4431 881 4487 homines
944 4435 1065 4489 sine
1114 4435 1334 4500 litteris,
1373 4440 1466 4508 qui
1518 4441 1705 4509 utique
1739 4449 1867 4497 tunc
1898 4442 1942 4496 D
1971 4437 2036 4491 ad
2054 4452 2345 4506 corporeus
2387 4437 2714 4505 voluptates,
2758 4450 3096 4506 sensumque
3128 4450 3285 4489 suum
3317 4435 3368 4488 in
3398 4434 3538 4509 deles

295 4518 474 4587 magis
496 4519 565 4572 ad
594 4519 880 4589 imaginem
909 4523 1110 4579 diaboli
1155 4524 1562 4582 similitudinem
1596 4530 1860 4596 ferebant,

297 4608 393 4661 sed
440 4617 732 4676 sequentes
761 4618 817 4664 et
846 4610 934 4665 isti
966 4610 1259 4680 imaginem
1321 4614 1439 4679 Dei,
1485 4614 1689 4671 similes
1734 4615 1863 4671 facti

296 4707 424 4751 sunt
447 4699 524 4764 ei,
548 4701 688 4753 sicut
708 4709 762 4754 et
785 4704 970 4757 caeteri
994 4705 1241 4774 apostoli.
1274 4703 1470 4761 Paulus
1519 4706 1689 4774 ipsius
1729 4708 1865 4762 ima-

298 4788 444 4857 ginis
466 4789 564 4843 Dei
588 4802 901 4871 persecutor
930 4806 1066 4849 erat.
1109 4798 1176 4854 Ut
1208 4808 1386 4852 autem
1414 4799 1587 4866 potuit
1609 4801 1859 4854 decorem

296 4878 418 4949 ejus
436 4887 491 4934 et
509 4880 965 4950 pulchritudinem
985 4888 1369 4953 contueri,visa
1391 4904 1473 4953 ea,
1498 4889 1547 4942 in
1569 4897 1771 4942 tantum
1793 4891 1859 4943 ad

297 4970 416 5040 ejus
461 4971 879 5029 similitudinem
925 4977 1254 5035 reformatus
1302 4992 1404 5048 est,
1447 4989 1504 5035 ut
1532 4982 1741 5036 diceret
1770 4980 1860 5035 ³⁸ε

296 5060 379 5113 An
406 5059 776 5116 documentum
817 5065 1056 5134 quaeritis
1097 5068 1212 5136 ejus
1260 5072 1349 5139 qui
1393 5070 1451 5123 in
1496 5085 1576 5122 me
1629 5067 1866 5136 loquitur

299 5146 544 5206 Christus
559 5154 585 5208 .’

368 5263 455 5321 ﬂ.
487 5263 789 5319 Haeculum
842 5277 891 5321 et
946 5266 1199 5339 feminam
1249 5273 1373 5342 fecit
1427 5289 1552 5338 eos,
1599 5281 1649 5325 et
1709 5269 1863 5324 bene-

363 5358 407 5432 ‘f
438 5358 579 5414 Phil.
623 5375 702 5432 !l_,
725 5360 796 5427 6,
838 5362 892 5429 7,
929 5374 984 5417 et
1014 5365 1068 5422 8.
1175 5368 1221 5399 ”
1244 5366 1401 5423 Joan.
1448 5384 1543 5432 xx,
1572 5366 1659 5421 17.

297 5425 347 5462 ³⁸
368 5429 497 5485 Luc.
528 5445 568 5497 t,
620 5430 715 5487 54.

304 5590 337 5620 ._
359 5542 468 5620 (66)
497 5544 656 5620 Μαι,
680 5547 891 5620 corpori
916 5545 1197 5615 claritatis,
1227 5531 1354 5606 libb.
1386 5551 1536 5617 editi,
1561 5551 1849 5620 corporalis

290 5614 563 5677 claritatis.
594 5617 766 5672 male.

349 5687 463 5758 (67)
492 5688 683 5745 Sciam
745 5686 893 5746 hoc?
946 5687 1023 5744 Et
1071 5692 1330 5748 memoria
1383 5692 1512 5747 citat
1572 5690 1848 5763 Origenes.

1800 5363 1844 5394 ³³
1868 5359 2026 5415 Joan.
2048 5377 2182 5427 xvu,
2218 5363 2308 5418 2'2.

1971 4528 2301 4584 ctationibus
2350 4529 2662 4583 carnalibus
2710 4528 2962 4590 inclinet,
2989 4539 3044 4581 et
3088 4526 3378 4596 aliquando
3413 4508 3536 4596 qui;

1972 4621 2093 4676 dem
2117 4621 2500 4691 obtemperare
2526 4621 2775 4674 videatur
2819 4620 3149 4675 salutaribus
3174 4622 3392 4677 monitis
3424 4622 3535 4691 spi-

1968 4712 2125 4777 ritus,
2153 4712 2444 4782 aliquando
2466 4726 2593 4766 vero
2634 4712 2781 4765 vitiis
2832 4710 3143 4769 carnalibus
3200 4713 3374 4775 cedat,
3408 4714 3533 4768 talis

1968 4802 2187 4868 anima,
2217 4803 2362 4856 velut
2413 4802 2675 4857 adulterio
2725 4803 2967 4872 corporis
3018 4803 3305 4867 maculata,
3360 4818 3534 4871 neque

1967 4911 2238 4962 crescere,
2267 4909 2438 4965 neque
2467 4892 2816 4963 multiplicari
2870 4893 3109 4963 legitime
3152 4895 3373 4961 dicitur,
3395 4910 3531 4965 quo-
3568 4934 3571 4935 ν

1966 4989 2109 5042 niam
2140 4986 2357 5056 quidem
2406 4985 2547 5039 filios
2579 4984 2950 5039 adulterorum
2984 4985 3329 5055 imperfectos
3386 4986 3532 5041 Scri-

1966 5089 2127 5148 plura
2182 5078 2452 5148 designat.
2503 5077 2655 5133 Talis
2705 5078 2851 5132 enim
2880 5079 3085 5143 anima,
3138 5093 3258 5146 qum
3311 5078 3534 5147 spiritus

1967 5175 2351 5246 conjunctione
2375 5177 2613 5238 deserta,
2642 5176 2825 5231 sensui
2874 5191 2934 5231 se
2963 5177 3143 5231 carnis
3166 5186 3224 5231 et
3248 5176 3535 5232 desideriis

1965 5266 2343 5336 corporalibus
2366 5279 2530 5323 totam
2572 5268 2890 5337 prosternit,
2936 5268 3082 5322 velut
3142 5281 3336 5322 aversa
3366 5282 3396 5321 a
3427 5269 3534 5323 Deo

2414 5364 2459 5396 “
2482 5364 2523 5418 ll
2556 5363 2683 5419 Cor.
2732 5378 2853 5429 xm,
2877 5362 2931 5416 3.
3067 5363 3112 5394 ³⁵
3146 5362 3343 5419 Genes.
3365 5379 3411 5427 ι,
3438 5362 3531 5421 27.

1955 5551 2090 5606 Nam
2128 5553 2182 5605 in
2229 5551 2478 5605 omnibus
2526 5551 2684 5606 codd.
2722 5550 2926 5606 Graecis
2979 5559 3034 5605 et
3085 5549 3297 5603 Latinis
3334 5548 3534 5612 legitur

2125 5620 2277 5745 ἐσιῗιξι
2315 5621 2508 5689 τοῦτο;
2548 5621 2661 5686 πῶς
2697 5621 2849 5675 ἔσται
2885 5636 2974 5691 μοι
3024 5620 3219 5688 τοῦτο;
3262 5620 3537 5684 Quomodo

2000 5702 2167 5749 ettstu
2225 5733 2236 5745 .
2385 5726 2388 5730 λ

2000 5702 2044 5749 et
2065 5702 2204 5747 istud
2225 5702 2236 5745 Ξ
