4000 6146
542 295 642 351 159

2021 290 2346 349 ORIGENIS

3676 293 3781 350 160

535 399 901 480 impudenter,
931 408 1132 475 audiet,
1170 408 1299 478 quia
1344 409 1509 479 facies
1533 410 1822 465 meretricis
1848 408 1994 476 facta
2025 417 2098 462 est
2127 409 2175 467 Α
2202 405 2381 476 gentis
2421 404 2764 460 meretricem
2818 419 2944 460 cum
2994 401 3240 459 Israelita
3286 399 3408 458 viro
3453 397 3555 456 sub
3601 406 3780 458 oculis

533 505 656 565 tibi,
684 501 798 555 sine
816 500 1018 571 pudore
1047 508 1231 565 eiecta
1279 518 1335 557 ss
1360 503 1429 555 ad
1465 518 1641 558 omnes
1670 504 1737 557 ³⁷.
1763 502 1939 558 Veluti
1998 518 2105 558 mo-

533 596 706 649 retrix
733 608 863 661 ergo
915 594 1184 663 punietur,
1243 603 1300 649 et
1349 594 1446 651 lilii
1475 596 1594 665 ejus
1646 597 1714 652 ad
1768 596 2100 653 occisionem

533 687 826 756 prmparari
853 684 1111 755 jubentur
1133 686 1179 719 ⁸⁸
1209 685 1346 759 (68).

603 786 691 841 16.
732 782 1162 840 Etdominamiui
1203 787 1424 854 piscium
1455 789 1637 853 maris,
1697 798 1749 842 et
1804 786 2101 843 volatiltum

531 878 668 939 eteli,
705 888 751 931 et
765 877 1152 947 jumentorum,
1187 881 1233 931 et
1266 880 1500 933 omnium
1521 897 1639 950 qute
1664 891 1787 935 sunt
1814 897 1968 949 super
1994 891 2101 933 ter-

532 985 669 1034 ram,
692 979 743 1022 et
778 969 1064 1036 repentium
1102 986 1220 1039 qute
1249 981 1432 1038 repunt
1460 988 1617 1039 super
1645 982 1843 1026 terram
1872 971 1938 1028 ³⁸.
1977 970 2096 1026 1am

530 1058 1023 1128 haecinterpretata
1045 1070 1173 1115 sunt
1220 1062 1519 1116 secundum
1563 1064 1826 1128 litteram,
1861 1081 1984 1120 cum
2017 1067 2099 1121 di-

529 1165 774 1205 ceremus
806 1153 949 1219 quod
985 1152 1119 1207 dicit
1173 1151 1350 1207 Deus:
1390 1150 1680 1208 Facimus
1707 1155 1992 1219 hominem,
2041 1166 2097 1212 et

530 1241 758 1310 reliqua,
805 1242 895 1296 ubi
929 1241 1057 1296 dicit
1094 1257 1110 1295 :
1146 1241 1211 1294 Et
1246 1226 1545 1297 dominetur
1572 1246 1793 1314 piscium
1839 1247 2023 1309 utaris.
2045 1259 2096 1302 et

529 1330 821 1385 volatilium
851 1331 988 1398 cceli,
1042 1343 1097 1387 et
1138 1344 1359 1409 caetera.
1427 1335 1736 1391 Secundum
1783 1337 2093 1408 allegoriam

529 1431 706 1475 tamen
740 1422 792 1476 in
823 1423 1087 1492 piscibus,
1124 1436 1177 1479 et
1207 1425 1545 1494 volatilibus,
1577 1428 1663 1483 vel
1693 1429 2019 1485 animalibus
2041 1440 2097 1486 et

527 1514 842 1582 repentibus
895 1522 1074 1580 terrae,
1118 1531 1183 1572 ea
1237 1518 1368 1572 mihi
1420 1519 1672 1573 videntur
1714 1520 1970 1584 indicari,
2027 1522 2095 1575 de

526 1604 724 1673 quibus
758 1604 1109 1660 nihilominus
1167 1608 1421 1676 superius
1474 1609 1736 1674 diximus,
1775 1609 1829 1663 id
1872 1619 1975 1677 est,
2008 1610 2092 1665 vel

524 1709 644 1763 quae
674 1693 741 1750 de
762 1710 925 1750 sensu
949 1698 1143 1752 anima:
1176 1737 1192 1763 ,
1230 1707 1285 1751 et
1307 1698 1491 1754 cordis
1540 1700 1864 1769 cogitatione
1900 1716 2092 1772 proce-

524 1771 678 1852 dunt,
710 1786 796 1840 vel
823 1802 941 1857 quae
969 1804 1035 1843 ex
1080 1789 1365 1844 desideriis
1397 1792 1796 1861 corporalibus,
1827 1801 1883 1846 et
1908 1792 2092 1849 carnis

523 1876 759 1931 motibus
787 1878 1177 1946 proferuntur;
1207 1894 1436 1948 quorum
1483 1883 1658 1937 sancti
1686 1885 1889 1953 quique
1915 1892 1969 1937 et
1993 1883 2090 1939 be-

525 1968 889 2024 nedictionem
916 1970 1010 2025 Dei
1058 1971 1114 2025 iu
1146 1972 1454 2041 semetipsis
1513 1984 1817 2040 servantes,
1846 1975 2092 2031 domina-

524 2062 728 2117 tionem
780 2074 1060 2130 exercent,
1098 2074 1322 2136 agentes
1371 2075 1543 2121 totum
1597 2068 1870 2123 hominem
1903 2084 2092 2125 secun-

523 2158 649 2210 dum
681 2158 908 2229 spiritus
932 2159 1289 2215 voluntatem.
1350 2159 1737 2216 Peccatoribus
1764 2176 1893 2217 vero
1918 2162 2091 2232 magis

522 2247 636 2315 ipsa
661 2248 1026 2316 dominantur,
1079 2264 1198 2319 quae
1247 2253 1313 2305 de
1362 2250 1544 2306 carnis
1577 2250 1728 2307 vitiis
1751 2259 1806 2307 et
1842 2252 2090 2323 corporis

520 2338 888 2408 voluptatibus
913 2340 1285 2411 proferuntur.

590 2439 701 2511 59
733 2442 819 2495 17.
852 2440 919 2495 Et
949 2442 1085 2496 dixit
1111 2441 1286 2496 Deus:
1325 2440 1459 2497 Ecce
1485 2443 1607 2497 dedi
1633 2444 1775 2498 vobis
1802 2461 1956 2499 omne
1988 2444 2087 2513 Ite-

519 2551 643 2589 num
671 2537 947 2602 seminale,
976 2539 1117 2608 quod
1154 2539 1375 2593 seminat
1407 2556 1584 2593 semen
1606 2579 1623 2605 ,
1653 2541 1793 2609 quod
1826 2550 1906 2595 est
1935 2557 2090 2612 super

515 2644 718 2682 omnent
758 2639 952 2683 terram
985 2670 1000 2696 ,
1041 2638 1093 2684 et
1139 2647 1288 2685 omne
1318 2631 1520 2702 lignum
1574 2634 1715 2701 quod
1748 2634 1905 2688 habet
1941 2635 1996 2687 in
2032 2650 2089 2691 se

513 2719 743 2789 fructum
770 2721 984 2775 seminis
1020 2722 1324 2791 seminatis,
1367 2724 1514 2778 vobis
1552 2725 1655 2778 erit
1693 2726 1764 2779 ad
1809 2741 2004 2793 escam,
2037 2738 2087 2782 et

515 2812 755 2865 omnibus
781 2813 956 2867 bestiis
981 2821 1156 2881 teme,
1196 2823 1247 2868 et
1272 2817 1511 2869 omnibus
1542 2816 1839 2873 volatilibus
1869 2818 2003 2883 cali,
2036 2830 2086 2875 et

514 2904 752 2957 omnibus
793 2901 1087 2971 repentibus
1124 2922 1242 2975 qua:
1291 2918 1476 2974 repunt
1504 2925 1660 2975 super
1695 2920 1927 2978 terram,
1968 2929 2087 2982 qute

514 2995 704 3048 [tabent
729 2996 784 3047 in
826 3013 882 3050 se
919 2999 1152 3051 animam
1192 3001 1310 3054 vita'
1335 3000 1404 3058 ⁸⁸.
1444 3001 1701 3058 Historia-
1734 3006 1951 3074 quidem
1980 3007 2085 3063 hu~

509 3083 600 3151 jus
633 3088 900 3142 sententia
932 3087 1223 3155 manifeste
1259 3090 1463 3147 indicat
1496 3109 1650 3149 usum
1687 3096 1935 3152 ciborum
1967 3099 2084 3168 pri-
2109 3086 2153 3145 (ἶ

513 3179 680 3232 initus
708 3193 738 3232 a
772 3180 881 3234 Deo
906 3194 975 3235 ex
1005 3182 1210 3249 herbis,
1242 3185 1297 3239 id
1324 3195 1410 3241 est
1438 3187 1702 3256 oleribus,
1741 3199 1797 3246 et
1825 3192 2082 3248 arborum

512 3270 778 3326 fructibus
800 3287 920 3328 esse
936 3277 1260 3344 permissum
1282 3278 1349 3333 ⁶¹.
1381 3278 1665 3338 Postremo
1687 3297 1837 3351 vero,
1867 3300 1991 3340 cum
2016 3287 2082 3343 ad

512 3363 628 3417 Noe
656 3374 777 3434 post
808 3367 1070 3423 diluvium
1105 3370 1259 3426 ﬁeret
1291 3381 1697 3444 testamentum,
1730 3378 1962 3435 facultas
1990 3395 2088 3436 ve-

513 3458 838 3511 scendarum
899 3461 1143 3515 carnium
1228 3463 1542 3521 hominibus
1615 3469 1797 3523 datur.
1873 3468 2080 3538 Quibus

509 3563 646 3603 sane
701 3550 767 3605 de
811 3552 990 3607 causis
1042 3554 1097 3608 in
1151 3555 1266 3611 suis
1310 3557 1446 3614 locis
1497 3560 1699 3616 rectius
1748 3573 2076 3632 exponetur.

510 3641 819 3698 Secundum
849 3644 1160 3715 allegoriam
1196 3656 1373 3703 tamen
1414 3651 1578 3705 herba
1604 3660 1764 3707 terra}
1785 3664 1841 3708 et
1868 3653 2079 3711 fructus

508 3735 626 3803 ejus
655 3737 745 3805 qui
777 3739 843 3791 ad
874 3753 1056 3792 escam
1096 3739 1406 3796 hominibus
1438 3742 1773 3813 indulgetur,
1806 3753 1988 3814 potest
2013 3745 2080 3802 de

509 3826 797 3884 affectibus
826 3831 1055 3901 intelligi
1095 3834 1495 3898 corporalibus.
1548 3836 1709 3891 Verbi
1745 3851 1945 3891 causa:
1992 3838 2076 3892 lra

506 3929 562 3973 et
596 3922 1036 3992 concupiscentia
1075 3939 1297 3993 germen
1322 3935 1407 3980 est
1439 3927 1708 3996 corporis.
1749 3926 1922 3995 Hujus
1952 3944 2077 3997 ger-

507 4009 672 4065 minis
721 4010 929 4069 fructus
954 4054 970 4079 ,
1007 4015 1058 4068 id
1096 4024 1200 4082 est,
1233 4030 1370 4085 opus
1393 4056 1407 4081 ,
1447 4017 1606 4072 nobis
1637 4016 1994 4074 rationalibus
2017 4030 2077 4075 et

504 4103 695 4160 bestiis
725 4114 883 4162 terrae
913 4109 1215 4165 communis
1240 4118 1347 4165 est.
1383 4108 1518 4165 Nam
1544 4111 1761 4182 quando
1788 4113 2076 4169 irascimur

505 4198 573 4251 ad
601 4198 869 4268 justitiam
899 4242 914 4266 ,
951 4201 1003 4255 id
1037 4210 1139 4268 est,
1175 4203 1241 4257 ad
1276 4206 1672 4261 correctionem
1710 4206 2073 4275 delinquentis

501 4299 558 4343 et
588 4293 1025 4349 emendationem
1053 4294 1245 4348 salutis
1270 4294 1405 4363 ejus,
1444 4297 1550 4352 isto
1578 4295 1757 4351 fructu
1788 4306 1948 4351 terrae
1980 4313 2072 4352 ve-

502 4382 744 4449 scimur,
774 4392 830 4438 et
857 4385 1012 4440 cibus
1042 4394 1232 4439 noster
1258 4386 1541 4442 iracundia
1570 4387 1870 4458 corporalis
1903 4387 2068 4444 elﬁci-

503 4486 609 4538 tur,
648 4491 746 4545 per
774 4492 933 4546 quam
968 4480 1317 4548 reprimimus
1347 4489 1650 4549 peccatum,
1682 4482 1949 4552 justitiam
1977 4497 2067 4537 re-

502 4581 777 4635 paramus.
826 4568 892 4623 Et
936 4583 1006 4624 ne
1046 4568 1142 4623 tibi
1182 4569 1467 4624 videamur
1503 4569 1622 4626 haec
1655 4571 1721 4626 de
1753 4582 1941 4627 nostro
1973 4587 2070 4642 po-

504 4658 612 4710 tius
646 4672 840 4724 sensu,
879 4674 1040 4728 quam
1071 4660 1137 4714 de
1170 4660 1370 4715 divina:
1410 4659 1708 4731 Scripturae
1740 4664 2066 4720 auctoritate

498 4748 745 4817 proferre
764 4790 781 4817 ,
812 4753 923 4807 redi
950 4754 1019 4806 ad
1047 4753 1242 4809 librum
1281 4752 1661 4818 Numerorum,
1696 4765 1751 4809 et
1778 4756 2066 4810 recordare

496 4841 627 4909 quid
662 4842 835 4914 egerit
866 4842 1097 4901 Pbiuees
1122 4845 1404 4906 sacerdos,
1431 4846 1522 4914 qui
1556 4860 1676 4898 cum
1706 4844 2065 4901 Madianitica:

570 4960 613 4991 ³⁷
645 4957 755 5013 Jer.
786 4975 868 5026 In,
904 4959 959 5016 5.
1036 4960 1082 4991 ³⁸
1119 4959 1223 5015 lsa.
1256 4976 1370 5020 xw.
1394 4960 1484 5015 2i.

498 5047 614 5085 XXI.

568 5160 680 5232 (68)
707 5162 831 5219 Mss.
854 5164 1132 5233 jubentur.
1164 5166 1320 5222 Libb.
1352 5167 1504 5231 editi,
1533 5169 1867 5222 videbuntur.
1900 5168 2066 5225 Paulo

493 5242 796 5312 post_mss.,
817 5244 865 5288 et
896 5238 1182 5303 repentium
1215 5254 1333 5307 qua:
1367 5246 1572 5308 repunt.
1602 5238 1762 5313 Libb.
1781 5239 1932 5303 edit.,
1961 5256 2066 5293 ser-

496 5313 734 5374 pentium
751 5320 873 5374 qua:
898 5316 1103 5371 repunt.

566 5371 676 5447 (6t!)
725 5371 1006 5447 Arreptum
1041 5376 1277 5447 gladium
1304 5394 1396 5445 per
1432 5377 1707 5447 utriusque
1739 5393 1919 5446 pectus
1945 5394 2064 5432 exe-

531 5440 590 5495 it.
635 5440 715 5515 ita
745 5440 901 5498 codd.
935 5440 1109 5515 sancti
1143 5440 1488 5510 Theoderici,
1535 5440 1640 5501 duo
1670 5440 2011 5502 Turonenscs
2039 5489 2056 5515 ,

546 5513 844 5579 emigiauus
870 5523 924 5567 et
950 5513 1311 5570 Belvacensis.
1347 5519 1652 5571 Secundum
1698 5519 1836 5572 hanc
1870 5513 2056 5572 lectio;

494 5597 617 5658 Item
648 5581 911 5650 Origenes
941 5593 1159 5658 putasse
1190 5591 1492 5658 censendus
1520 5587 1626 5658 erit
1658 5587 1915 5642 Phineein
1941 5589 2057 5658 gina

405 5716 409 5721 ι
494 5654 641 5705 dium
669 5666 827 5705 suum
860 5669 955 5722 per
981 5654 1082 5708 viri
1108 5655 1364 5711 Israelita:
1392 5666 1445 5711 et
1478 5657 1719 5712 mulieris
1747 5654 2052 5713 Madian'iti-

494 5727 577 5777 d.s
615 5731 802 5792 pectus
827 5724 1102 5795 exegisse;
1128 5727 1223 5782 scd
1260 5726 1481 5798 Vulgata
1515 5729 1590 5783 ait
1637 5729 1781 5799 ipsos
1814 5731 1863 5784 in
1918 5728 2048 5785 locis

2203 495 2445 550 omnium
2497 494 2728 564 impuris
2761 493 2990 548 vidisset
3026 493 3296 548 inhaerere
3349 490 3733 559 complexibus
3760 534 3779 561 ,

2201 587 2283 642 ira
2323 587 2523 642 divina:
2571 585 2937 641 aemulationis
2991 584 3282 654 impletus,
3334 593 3616 654 arreptum
3654 586 3774 654 gla-

2201 680 2348 735 dium
2382 695 2479 749 per
2508 679 2791 748 utriusque
2830 687 3020 748 pectus
3052 677 3237 748 exegit
3273 675 3410 749 (69).
3445 675 3601 744 Quod
3630 693 3774 746 Opus

2202 780 2508 840 reputatum
2539 779 2624 826 est
2659 772 2709 825 ei
2757 785 2786 824 a
2837 771 2946 825 Deo
2981 771 3048 824 ad
3073 768 3366 840 justitiam,
3421 769 3635 824 dicente
3665 769 3775 825 Do-

2200 864 2348 918 mino
2377 863 2459 916 “:
2496 863 2717 917 Phinees
2753 862 2956 916 sedavit
2981 861 3214 930 furorem
3244 875 3438 923 meum,
3478 869 3527 914 et
3554 870 3774 930 reputar

2199 955 2343 1007 bitur
2369 955 2419 1007 ei
2466 953 2537 1007 ad
2558 952 2851 1022 justitiam.
2886 951 2993 1007 Iste
3036 965 3165 1021 ergo
3209 953 3363 1006 cibus
3394 951 3490 1006 iraa
3523 959 3774 1008 terrenus

2197 1054 2387 1099 noster
2429 1042 2492 1098 iit
2522 1042 2710 1108 cibus,
2760 1056 2884 1097 cum
2917 1056 2980 1097 eo
3035 1039 3436 1095 rationabiliter
3468 1040 3674 1095 utimur
3700 1040 3772 1096 ad

2193 1132 2479 1203 justitiam.
2518 1131 2577 1187 Si
2628 1144 2760 1185 vero
2807 1130 3264 1184 irrationabiliter
3297 1141 3489 1199 agatur
3517 1129 3599 1183 ira
3627 1169 3643 1195 ,
3676 1139 3774 1184 aut

2199 1224 2521 1279 innocentes
2546 1223 2736 1293 puniat
2763 1261 2780 1289 ,
2816 1230 2912 1278 aut
2939 1222 3265 1277 eﬂervescat
3297 1220 3350 1273 in
3380 1235 3477 1276 eos
3509 1223 3603 1291 qui
3636 1222 3773 1276 nihil

2196 1317 2516 1385 delinquunt
2542 1355 2558 1382 ,
2590 1316 2693 1370 iste
2726 1313 2882 1369 cibus
2910 1314 3015 1369 erit
3063 1313 3360 1367 bestiarum
3390 1313 3525 1384 agri,
3553 1322 3609 1369 et
3652 1327 3773 1368 ser-

2194 1415 2414 1474 pentum
2447 1415 2604 1461 terrat
2627 1445 2642 1471 ,
2677 1413 2733 1459 et
2766 1403 3048 1457 volucrum
3093 1403 3241 1457 cteli.
3292 1401 3387 1456 His
3413 1401 3613 1457 etenim
3640 1401 3756 1456 dte-

2195 1508 2382 1550 iunnes
2414 1494 2728 1548 nutriuntur
2774 1492 2913 1547 cibis
2936 1532 2951 1557 ,
2984 1493 3074 1561 qui
3126 1490 3282 1545 malis
3317 1490 3520 1546 nostris
3548 1491 3759 1546 actibus

2194 1594 2249 1640 et
2277 1592 2577 1656 pascuntur
2604 1593 2659 1640 et
2696 1584 2903 1638 l‘avent.
2938 1582 3202 1637 Indicium
3237 1596 3468 1651 namque
3496 1591 3581 1637 est
3606 1581 3769 1650 hujus

2194 1676 2374 1746 operis
2424 1674 2599 1739 Cain,
2641 1674 2733 1743 qui
2791 1675 3134 1728 innocentem
3183 1670 3409 1724 fratrem
3446 1670 3525 1724 ira
3557 1671 3769 1740 decepit

2122 1750 2166 1806 Β
2194 1767 2433 1824 invidiae.
2473 1766 2739 1821 Similiter
2783 1766 2947 1819 etiam
2977 1764 3046 1819 de
3092 1761 3536 1833 concupiscentia
3564 1803 3580 1828 ,
3614 1772 3669 1816 et
3697 1767 3767 1818 de

2193 1860 2420 1932 singulis
2481 1858 2856 1929 hujuscemodi
2922 1856 3207 1912 all'ectibus
3263 1854 3609 1913 sentiendum
3658 1865 3764 1910 est.

2192 1950 2326 2009 Cum
2361 1951 2507 2007 enim
2558 1950 2901 2021 concupiscit
2946 1961 3002 2005 et
3037 1948 3223 2003 deficit
3263 1949 3443 2003 anima
3481 1957 3666 2003 nostra
3696 1948 3765 2004 ad

2191 2043 2362 2099 Deum
2394 2044 2596 2108 vivum,
2624 2055 2807 2098 noster
2840 2042 3000 2096 cibus
3023 2050 3108 2096 est
3129 2041 3595 2110 concupiscentia.
3625 2040 3763 2095 Cum

2191 2145 2373 2190 autem
2409 2135 2495 2190 vel
2540 2135 2776 2189 alienam
2823 2133 3106 2188 mulierem
3157 2132 3225 2186 ad
3274 2132 3764 2203 concupiscendum

2188 2225 2458 2289 videmus,
2483 2224 2570 2281 vel
2595 2223 2800 2294 aliquid
2829 2237 3010 2279 rerum
3036 2221 3269 2290 proximi
3304 2221 3761 2292 concupiscimus,

2188 2315 2434 2372 bestialis
2459 2317 2612 2372 cibus
2642 2314 2870 2370 elIicitur
2903 2313 3373 2382 concupiscentia.
3405 2313 3561 2369 Sicut
3584 2327 3764 2367 exem-

2189 2405 2281 2475 plo
2323 2413 2506 2475 potest
2539 2418 2662 2460 esse
2704 2403 3144 2472 concupiscentia
3178 2402 3365 2458 Achab
3397 2441 3415 2468 ,
3464 2411 3522 2458 et
3555 2401 3761 2458 factum

2188 2497 2408 2555 Iezabel
2431 2499 2497 2555 de
2519 2496 2679 2552 vinea
2710 2494 2980 2551 Nabutbei
3011 2492 3315 2551 Jezraelitaz
3344 2494 3412 2547 “.
3447 2493 3760 2551 Observan-

2189 2593 2258 2649 da
2289 2607 2422 2648 sane
2452 2599 2536 2648 est
2581 2599 2785 2647 sancta:
2829 2589 3127 2662 Scriptura:
3170 2590 3336 2646 etiam
3371 2588 3426 2645 in
3462 2590 3759 2644 verborum

2189 2685 2399 2739 ratione
2435 2682 2646 2738 cautela
2670 2720 2686 2746 ,
2716 2696 2837 2750 quae
2868 2696 2993 2740 cum
3045 2683 3110 2738 de
3139 2681 3451 2737 hominibus
3484 2679 3760 2745 dixisset,

2188 2778 2315 2847 quia
2354 2776 2493 2831 dixit
2534 2775 2674 2830 Deus
2715 2774 2763 2807 “
2787 2787 2807 2827 :
2854 2773 2990 2829 Ecce
3036 2775 3159 2829 dedi
3203 2772 3344 2829 vobis
3394 2787 3545 2827 omne
3583 2785 3763 2827 semen

2187 2869 2434 2927 seminale
2484 2870 2623 2940 quod
2671 2878 2748 2924 est
2793 2885 2945 2938 super
2978 2878 3214 2933 terram,
3266 2876 3316 2924 et
3367 2881 3519 2919 omne
3555 2865 3759 2935 lignum

2185 2962 2325 3034 quod
2371 2972 2447 3016 est
2481 2977 2636 3031 super
2675 2973 2871 3014 terram
2904 2960 3045 3015 vobis
3075 2960 3173 3013 erit
3205 2957 3274 3013 ad
3305 2973 3479 3012 escam
3510 2996 3526 3022 ,
3560 2958 3628 3010 de
3657 2956 3755 3010 be-

2185 3055 2304 3110 stiis
2331 3069 2436 3111 non
2476 3053 2638 3120 dixit,
2671 3054 2795 3125 quia
2828 3052 2952 3107 dedi
2979 3053 3060 3107 eis
3091 3051 3158 3107 ad
3187 3065 3370 3106 escam
3404 3050 3516 3103 liaec
3547 3048 3751 3111 omnia,

2189 3147 2284 3202 sed
2312 3148 2411 3201 erit
2444 3145 2549 3199 illis
2581 3145 2651 3199 ad
2685 3160 2891 3211 escam;
2921 3152 2983 3198 ut
3010 3143 3305 3198 secundum
3332 3139 3630 3211 spiritalem
3663 3154 3755 3195 ra-

2188 3239 2388 3293 tionem
2424 3252 2587 3308 quam
2623 3236 2970 3306 exposuimus
2996 3273 3012 3299 ,
3059 3231 3288 3288 aﬂ‘ectus
3324 3233 3414 3288 iSti
3443 3231 3753 3300 intelligan—

2186 3339 2274 3385 tur
2307 3328 2509 3385 homini
2544 3328 2760 3397 quidem
2812 3343 2841 3381 a
2895 3327 3003 3381 Deo
3036 3326 3146 3379 dati
3192 3338 3316 3380 esse
3341 3365 3358 3390 ,
3391 3322 3749 3394 praenuntiari

2185 3430 2365 3477 tamen
2396 3438 2424 3473 a
2460 3421 2589 3484 Deo,
2621 3419 2767 3490 quod
2796 3427 2955 3473 erunt
2982 3419 3144 3472 etiam
3174 3417 3363 3473 bestiis
3393 3425 3550 3470 terra:
3580 3416 3635 3469 in
3666 3415 3749 3470 ci-

2182 3515 2332 3569 bum.
2375 3511 2498 3567 ldeo
2541 3527 2672 3580 ergo
2705 3511 3025 3566 cautissimo
3053 3526 3151 3564 usa
3183 3520 3267 3563 est
3311 3523 3565 3563 sermone
3595 3508 3748 3563 Serio-

2180 3615 2336 3674 ptura
2359 3604 2685 3670 divina,quas
2700 3602 3009 3657 hominibus
3030 3600 3246 3670 quidem
3262 3599 3529 3653 aitdicere
3547 3597 3742 3652 Deum:

2182 3697 2316 3751 Dedi
2368 3697 2509 3750 vobis
2547 3696 2657 3748 [nec
2700 3694 2770 3747 ad
2818 3709 3010 3748 escam.
3062 3690 3165 3747 Ubi
3202 3700 3380 3745 autem
3428 3690 3494 3743 ad
3540 3690 3745 3745 bestias

2179 3789 2347 3851 venit,
2385 3804 2488 3840 non
2526 3785 2805 3855 jubentis,
2838 3783 2931 3838 sed
2972 3782 3127 3851 quasi
3167 3780 3509 3850 praedicentis
3536 3776 3744 3848 signiti-

2179 3877 2574 3941 catione-dicit,
2602 3877 2727 3945 quia
2765 3875 2878 3926 lucc
2909 3881 3071 3927 erunt
3102 3870 3264 3925 etiam
3296 3868 3480 3923 bestiis
3507 3879 3563 3922 et
3593 3867 3744 3921 volu-

2176 3969 2359 4025 cribus
2390 3976 2446 4022 et
2471 3964 2816 4035 serpentibus
2848 3964 2918 4017 ad
2957 3977 3141 4018 escam
3177 3961 3244 4015 ".
3281 3958 3386 4014 Sed
3417 3976 3516 4013 nos
3546 3974 3743 4013 secun-

2176 4061 2303 4115 dum
2350 4057 2575 4129 apostoli
2619 4054 2776 4109 Pauli
2829 4054 3154 4110 sententiam
3199 4051 3245 4083 “
3272 4052 3616 4107 attendamus
3662 4051 3742 4104 le-

2175 4148 2341 4204 ctioni
2360 4188 2376 4214 ,
2414 4158 2471 4202 ut
2502 4147 2772 4217 possimus
2794 4183 2811 4210 ,
2842 4144 2989 4198 sicut
3018 4144 3132 4212 ipse
3161 4142 3257 4210 ait,
3286 4157 3503 4198 sensum
3530 4142 3739 4197 Christi

2173 4251 2442 4320 accipere,
2473 4258 2527 4303 et
2551 4250 2689 4303 scire
2714 4263 2832 4318 qua:
2856 4263 2888 4299 a
2919 4244 3024 4299 Deo
3059 4246 3257 4298 donata
3285 4255 3405 4299 sunt
3440 4245 3586 4300 nobis
3633 4245 3677 4276 "
3718 4264 3733 4313 ;

2172 4350 2227 4397 et
2257 4357 2377 4411 quae
2411 4338 2569 4395 nobis
2601 4338 2667 4390 ad
2713 4351 2893 4391 escam
2945 4334 3068 4389 data
3102 4346 3270 4400 sunt,
3326 4350 3431 4389 non
3477 4334 3739 4390 faciamus

2098 4430 2143 4486 D
2171 4455 2326 4496 escas
2351 4453 2636 4509 porcorum
2672 4437 2756 4493 vel
2787 4452 2982 4493 canum
3004 4476 3019 4500 ,
3057 4436 3152 4491 sed
3183 4435 3317 4491 tales
3344 4451 3437 4491 eas
3465 4450 3736 4506 prazpare-

2172 4556 2296 4595 mus
2325 4540 2378 4595 in
2408 4540 2586 4603 nobis,
2613 4540 2810 4609 quibus
2837 4539 3057 4610 dignum
3083 4538 3155 4593 sit
3183 4537 3383 4607 suscipi
3415 4539 3467 4593 in
3499 4538 3735 4606 hospitio

2171 4633 2354 4697 cordis
2405 4640 2575 4696 nostri
2632 4639 2866 4695 Verbum
2917 4654 2981 4694 ac
3032 4639 3229 4694 Filium
3276 4640 3373 4694 Dei
3428 4642 3730 4696 venientem

2170 4759 2293 4798 cum
2329 4743 2489 4798 Patre
2517 4756 2650 4807 suo,
2679 4750 2736 4797 et
2765 4740 3032 4796 volentem
3068 4740 3248 4796 facere
3286 4743 3426 4811 apud
3456 4758 3553 4797 nos
3579 4758 3733 4796 man-

2171 4849 2373 4902 sionem
2406 4848 2457 4900 in
2488 4846 2690 4915 Spiritu
2720 4854 2906 4902 sancto
2929 4887 2946 4914 ,
2973 4845 3127 4915 cujus
3162 4845 3310 4914 prius
3345 4844 3599 4913 templum
3636 4858 3733 4913 per

1559 4961 1604 4996 ³⁹
1635 4960 1831 5032 Ganges.
1866 4978 1903 5027 t,
1937 4962 2027 5017 28.
2070 4962 2115 4994 ⁴⁰
2151 4964 2282 5017 ibid.
2316 4964 2405 5026 29,
2438 4964 2528 5017 50.
2571 4962 2826 5018 “Genes.
2859 4978 2935 5019 ix.
2974 4963 3019 4995 η
3048 4963 3207 5018 Num.
3238 4978 3366 5016 xxv.
3422 4961 3468 4992 ‘3
3496 4960 3557 5014 Ill
3594 4961 3725 5032 lit-g.

693 5029 739 5060 “
771 5031 968 5085 Genes.
1011 5047 1051 5095 ι,
1079 5031 1172 5087 29.
1249 5030 1292 5062 "
1333 5032 1467 5088 ibid.
1501 5030 1590 5085 50.
1668 5032 1713 5062 ⁸⁸
1741 5031 1758 5085 l
1791 5029 1931 5086 Titii.
1959 5048 2032 5098 1v,
2066 5033 2151 5089 15.
2227 5031 2271 5064 ⁸⁷
2296 5032 2317 5084 l
2347 5036 2474 5087 Cor.
2507 5050 2567 5098 tl,
2602 5034 2684 5087 i2.

2161 5171 2489 5239 genitalibus
2511 5168 2800 5224 transﬁxos
2821 5168 3014 5233 fuisse;
3052 5167 3405 5239 Septuaginta
3432 5180 3596 5239 vero,
3630 5168 3724 5239 κᾳὶ

2160 5236 2527 5310 ἆπεκέντησεν
2562 5240 2920 5310 ἀμφοτέρους,
2950 5239 3060 5310 adv
3096 5236 3154 5291 τὲ
3184 5237 3466 5310 ἀνθρῳπον
3504 5237 3594 5310 καὶ
3627 5236 3723 5308 τὴν

2158 5306 2522 5379 γυναῖκα,’διὰ
2536 5306 2635 5380 τῆς
2657 5306 2873 5380 μήτρας
2901 5308 3089 5378 αὐτῆς.
3119 5306 3300 5380 codex
3329 5306 3725 5380 Geiueticcnsis

2158 5377 2360 5434 habet:
2392 5377 2918 5448 arreptum’gladium
2951 5377 3042 5446 per
3070 5378 3341 5447 utriusque
3371 5392 3526 5448 sexus
3564 5377 3724 5428 ultio-

2157 5467 2271 5503 nem
2306 5450 2491 5519 easegit.
2512 5446 2871 5503 Libb.—antea
2910 5448 3057 5519 editi,
3073 5458 3337 5519 arreptum
3369 5446 3605 5519 gladium
3633 5462 3725 5519 per

2160 5515 2432 5597 utriusque
2457 5530 2634 5597 pectus
2662 5521 2915 5597 esercuit.
2933 5517 3093 5597 _lul'ra
3121 5515 3382 5597 Origenes
3405 5515 3723 5596 homilia20

2160 5590 2214 5641 in
2246 5585 2610 5643 Numerosait
2638 5604 2651 5641 :
2703 5587 2872 5656 Rapta
2899 5588 3177 5641 siromaste
3208 5585 3261 5640 in
3304 5603 3466 5640 manu
3494 5602 3592 5638 sua
3617 5585 3719 5656 iu-

2155 5676 2361 5725 giessus
2392 5660 2461 5711 sit
2490 5654 2859 5727 prostibulum,
2882 5666 2931 5714 et
2955 5668 3236 5728 utrumque
3261 5673 3354 5729 per
3374 5657 3493 5727 ipsa
3516 5654 3714 5726 puden-

2151 5731 2220 5781 da
2254 5729 2609 5799 transfoderit.
