4000 6146
304 196 396 248 161

1500 191 1569 247 ΙΝ
1600 189 1899 265 ϐΕῆΕΞΙΜ
1933 188 2216 245 HOMILIA
2253 188 2316 245 Il.

3438 183 3541 238 162

300 309 637 365 nouitatem
667 307 939 364 debemus
967 310 1255 365 exsistere.
1285 309 1390 380 Ipsi
1424 309 1598 380 gloria
1630 310 1683 363 in
1713 321 1872 363 αξιοι-ο
1901 319 1945 371 Α
1976 310 2115 378 ipsa,
2147 322 2268 377 qum
2296 305 2501 375 scripta
2536 314 2682 370 sunt,
2716 316 3098 374 proponamus.
3135 300 3204 356 Et
3246 301 3414 369 dixit,
3448 302 3535 357 in-

301 416 369 457 na
396 400 585 455 saecla
617 402 974 455 saeculorum.
1013 403 1208 457 Amen.

902 491 1185 547 HOMILIA
1248 491 1316 545 Il.

427 581 503 638 De
531 583 741 652 fabrica
780 599 949 647 arcte,
985 594 1033 637 et
1072 599 1250 636 eorum
1279 597 1398 652 quin
1428 582 1480 634 in
1524 598 1585 635 ea
1626 593 1770 637 sunt.

374 673 703 743 lncipientes
735 676 804 728 de
853 689 983 728 arca
1011 718 1026 741 ,
1060 691 1179 740 qua:
1221 678 1518 730 secumlnm
1563 673 1874 725 mandatum

306 766 401 821 Dei
430 782 459 819 a
490 763 602 819 Noe
623 775 939 820 constructa
965 775 1073 827 est,
1091 766 1383 830 disserere,
1403 766 1576 835 primo
1599 762 1866 824 omnium,

305 857 622 919 videamus,
656 870 780 924 quae
812 856 878 909 de
907 870 969 909 ea
1010 857 1313 910 secundum
1353 856 1587 911 litteram
1627 853 1879 907 referun-

210 976 217 985 -
306 958 430 1002 tur:
460 958 515 1002 et
542 949 870 1017 quaestiones
903 958 1272 1018 proponentes
1302 962 1421 1017 qua:
1453 947 1613 1018 objici
1647 962 1673 998 a
1711 944 1881 1014 pluri-

307 1038 411 1093 bus
441 1037 654 1101 solent,
684 1039 849 1091 etiam
897 1038 1267 1093 absolutiones
1308 1052 1495 1093 earum
1525 1053 1592 1092 ex
1622 1037 1730 1098 his,
1762 1049 1882 1103 qute

308 1131 468 1185 nobis
512 1141 645 1185 sunt
692 1146 721 1183 a
776 1129 1072 1198 majoribus
1106 1130 1302 1185 tradita
1334 1170 1352 1196 ,
1398 1129 1783 1199 requiramus;
1825 1136 1884 1180 ut

308 1238 434 1276 cum
465 1222 837 1291 hujuscemodi
876 1221 1225 1278 fundamenta
1255 1222 1574 1293 jecerimns,
1615 1220 1684 1275 ab
1715 1220 1884 1275 histo-

308 1317 407 1368 ria:
443 1324 594 1367 textu
645 1315 918 1384 possimus
944 1314 1236 1369 ascendere
1266 1315 1332 1369 ad
1380 1312 1644 1382 spiritalis
1688 1311 1883 1366 intelli-

305 1406 510 1474 gentia:
538 1406 831 1475 mysticum
855 1414 910 1459 et
941 1406 1288 1471 allegoricum
1321 1419 1565 1472 sensum,
1594 1415 1649 1458 et
1679 1402 1723 1458 si
1756 1401 1884 1471 quid

307 1497 363 1550 in
400 1496 485 1551 eis
509 1511 778 1550 arcanum
814 1496 1159 1560 continetur,
1191 1495 1423 1565 aperire,
1462 1494 1690 1551 Domino
1729 1493 1885 1548 nobis

308 1588 464 1641 verbi
520 1587 603 1642 sui
643 1588 926 1643 scientiam
979 1590 1273 1643 revelante.
1314 1587 1501 1642 Primo
1553 1586 1720 1657 igitur
1770 1585 1888 1639 lucc

1976 401 2118 468 quit,
2151 399 2406 453 Dominus
2434 399 2504 451 ad
2531 398 2682 452 Noe:
2718 396 2939 466 Tempus
2962 398 3128 450 omnis
3152 395 3377 450 hominis
3404 403 3544 450 venit

1976 501 2097 547 ante
2119 508 2235 557 me,
2268 490 2520 560 quoniam
2551 490 2770 560 impleta
2792 497 2869 543 est
2907 498 3048 542 terra
3086 487 3447 559 iniquitatibus
3474 489 3544 541 ab

1975 585 2081 647 eis,
2111 593 2160 637 et
2189 598 2304 636 ecce
2339 597 2432 651 ego
2458 582 2756 650 disperdam
2785 580 2907 634 illos
2934 596 3051 633 cum
3084 587 3248 633 terra.
3281 576 3393 632 Fac
3418 594 3544 648 ergo

1977 673 2075 727 tibi
2101 690 2278 731 arcam
2310 676 2374 727 de
2403 673 2563 742 lignis
2602 673 2896 741 quadratis,
2926 672 3078 725 nidos
3110 671 3275 739 facies
3307 671 3364 725 in
3392 686 3543 737 arca,

1977 774 2025 816 et
2048 763 2385 817 bituminabis
2407 778 2523 816 eam
2553 762 2616 814 ab
2646 763 2789 815 intus
2811 770 2859 814 et
2883 778 2914 813 a
2941 761 3367 831 forisbitumine,
3391 768 3440 811 et
3468 759 3546 812 sic

1978 853 2140 921 facies
2171 870 2373 908 arcam.
2420 852 2790 907 Trecentorum
2830 851 3124 905 cubitorum
3167 852 3547 921 longitudinem

1979 961 2142 1009 arcte,
2170 956 2217 998 et
2244 946 2626 1015 quinquaginta
2654 944 2948 997 cubitorum
2975 943 3341 1007 latitudinem,
3373 950 3420 995 et
3450 945 3547 994 tri-

1979 1039 2123 1108 ginta
2149 1038 2444 1092 cubitorum
2475 1036 2813 1090 altitudinem
2840 1035 2954 1104 ejus
2990 1034 3238 1101 colligens
3266 1033 3425 1103 facies
3454 1050 3548 1086 ar-

1980 1145 2136 1193 cam,
2184 1138 2230 1182 et
2284 1130 2340 1181 in
2382 1127 2614 1181 cubitum
2655 1126 3042 1180 eonsummabis
3072 1141 3188 1179 eam
3232 1115 3288 1178 in
3318 1140 3544 1179 summo.

1984 1218 2189 1274 Ostium
2221 1230 2393 1273 autem
2424 1234 2563 1271 arcae
2611 1217 2772 1288 facies
2802 1234 2834 1270 a
2866 1217 3028 1272 latere
3054 1258 3069 1284 ,
3106 1216 3361 1286 inferiora
3404 1216 3551 1269 bien-

1982 1320 2224 1373 merata,
2286 1318 2335 1363 et
2394 1311 2734 1363 tricamerata
2792 1309 3063 1373 superiora
3124 1309 3287 1378 facies
3342 1324 3425 1362 ea.
3484 1308 3551 1360 Et

1985 1412 2107 1472 post
2154 1417 2321 1472 pauca
2367 1402 2515 1456 addit
2576 1422 2588 1457 :
2622 1402 2691 1455 Et
2745 1402 2869 1469 fecit
2895 1441 2909 1464 ,
2951 1401 3122 1470 inquit
3153 1400 3199 1432 ’δ’
3224 1440 3240 1465 ,
3282 1398 3397 1453 Noe
3435 1417 3551 1452 om-

1986 1497 2072 1550 nia
2122 1512 2241 1566 qua:
2284 1497 2527 1566 pracepit
2600 1496 2647 1550 ei
2707 1494 2964 1549 Dominus
3022 1494 3212 1560 Deus,
3268 1494 3345 1547 sic
3404 1493 3550 1562 fecit.

307 1699 582 1769 Ζητητέον
616 1701 856 1756 ποταπὸν
892 1702 975 1755 δεῖ
1004 1703 1193 1773 νοῆσαι
1238 1701 1300 1754 τὸ
1352 1701 1539 1773 σχῆμα
1580 1699 1680 1770 τῆς
1710 1696 1879 1751 κιϐω-

1988 1691 2090 1763 60
2120 1689 2306 1745 Primo
2335 1705 2464 1760 ergo
2496 1690 2757 1760 quaeritur
2794 1689 3005 1759 qualem
3042 1697 3285 1759 oporteat
3309 1688 3421 1761 (70)
3452 1690 3551 1743 ha-

306 1790 406 1843 τοῦ
431 1807 445 1820 ο
477 1793 617 1860 ὅπερ
645 1793 850 1862 νομίζω
876 1793 956 1847 ὅτι
992 1792 1350 1864 πυραμοειδές
1380 1794 1551 1853 ἐστιν,
1585 1788 1885 1862 ἀρχόμενον

308 1883 415 1953 μὲν
443 1883 554 1936 ἀπὸ
583 1885 793 1955 μήκους
821 1883 1146 1956 τριακοσίων
1175 1882 1385 1954 πηχῶν.
1430 1882 1538 1937 ἀπὸ
1568 1882 1625 1935 δὲ
1656 1880 1887 1942 πλάτους

306 1978 676 2048 πεντήκοντα,
720 1976 818 2030 καὶ
860 1978 953 2031 ἐπὶ
974 1977 1099 2041 τοὺς
1140 1975 1431 2048 τριάκοντα
1457 1974 1551 2028 τοῦ
1587 1973 1753 2045 ὕψους
1782 1974 1889 2042 πή-

304 2082 425 2136 χεις
452 2069 936 2139 ὲτιισυναγόμενον,
966 2068 1105 2123 ὥστε
1134 2068 1232 2140 τὴν
1255 2069 1498 2141 κορυφὴν
1515 2065 1764 2137 γενέσθαι
1793 2065 1890 2137 μή·

307 2175 438 2221 κους
467 2158 567 2212 καὶ
600 2159 837 2223 πλάτους
868 2160 1067 2230 πῆχυν.
1100 2160 1278 2213 Ἔστω
1300 2158 1357 2212 δὲ
1384 2157 1454 2211 τὰ
1487 2157 1585 2228 μὲν
1612 2156 1762 2210 κάτω
1792 2154 1890 2207 αύ-

304 2251 430 2321 τῆς,
461 2251 612 2323 ἅπερ
656 2251 965 2322 ὠνόμασται
1010 2250 1300 2318 κατάγαια,
1330 2248 1544 2321 ὀροφῶν
1584 2247 1704 2301 δύο·
1736 2244 1808 2299 τὰ
1832 2244 1889 2300 δὲ

306 2343 458 2414 ὑπὲρ
489 2342 592 2407 τὰς
624 2342 718 2397 δύο
747 2343 949 2413 ὀροφὰς
976 2345 1070 2397 ἐπὶ
1115 2344 1191 2414 τῷ
1218 2343 1473 2415 ἀνωτέρῳ
1516 2340 1719 2414 ὀρόφῳ,
1765 2341 1890 2412 ὀρο-

305 2431 430 2503 φῶν
458 2432 651 2504 τριῶν.
689 2434 858 2488 Τοῦτο
876 2434 933 2487 δὲ
959 2435 1052 2489 καὶ
1075 2438 1103 2489 ὁ
1133 2436 1425 2507 Σύμμαχος
1465 2434 1650 2503 σαφῶς
1679 2431 1891 2497 ἐξέθετο

300 2522 486 2578 εἰπών
508 2541 523 2554 ο
555 2524 721 2580 Κατὰ
751 2525 996 2597 δίστεγα
1041 2528 1138 2581 καὶ
1178 2528 1453 2596 τρίστεγα
1482 2523 1755 2590 ποιήσεις
1780 2526 1889 2577 αὐ-

303 2613 449 2680 τήν.
490 2615 740 2669 Νοείσθω
759 2616 817 2669 δὲ
848 2614 969 2670 καθ’
995 2616 1229 2689 ἑκάστην
1257 2614 1458 2688 ὀροφὴν
1487 2612 1893 2683 ἁποδιαλαμόα-

302 2704 515 2776 νόμενα
542 2706 722 2777 χωρία
752 2706 894 2776 ὑπὲρ
941 2704 1034 2759 τοῦ
1080 2705 1406 2778 χωρίζεσθαι
1437 2703 1504 2758 τὰ
1536 2702 1890 2775 ἀνομοιογενῆ

305 2796 430 2862 ζῶα
460 2799 557 2851 ἀπ’
591 2797 836 2869 ἀλλήλων
861 2814 874 2827 ·
911 2798 1006 2851 καὶ
1033 2796 1296 2851 καλείσθω
1333 2797 1399 2851 τὰ
1426 2794 1895 2867 ἁποδιαλαμὸανὸ-

309 2903 459 2956 μενα
483 2886 659 2940 ταῦτα
710 2885 905 2957 χωρία,
952 2885 1157 2940 νοσσιαί
1180 2903 1194 2917 ο
1235 2886 1269 2957 ἢ
1300 2885 1376 2950 ὡς
1405 2888 1434 2940 ὀ
1456 2884 1750 2957 Σύμμαχος
1792 2902 1893 2939 πε-

307 2979 537 3049 ποίηκε,
589 2976 792 3032 καλιαί.
830 2977 940 3032 Καὶ
986 2980 1113 3048 μετ’
1146 2979 1344 3048 ὀλίγα·
1381 2979 1517 3032 Φασὶ
1538 2978 1717 3032 τοίνυν
1747 2979 1827 3032 ὅτι
1856 2980 1890 3051 ἡ

1988 1784 2157 1838 bitnm
2185 1784 2359 1851 ipsum
2404 1791 2459 1835 et
2487 1781 2715 1836 formam
2744 1796 2884 1836 arca:
2927 1781 3172 1851 intelligi.
3234 1780 3407 1847 Quam
3452 1796 3553 1852 ego

1988 1886 2142 1943 puto,
2194 1884 2451 1943 quantum
2490 1887 2555 1927 ex
2604 1874 2687 1927 his
2713 1889 2832 1943 quae
2879 1873 3262 1929 describuntur
3307 1883 3551 1941 apparet,

1987 1977 2223 2037 quatuor
2251 1965 2465 2035 angulis
2506 1981 2571 2019 ex
2600 1964 2708 2019 imo
2736 1975 3146 2035 c0nsurgentem
3175 1964 3286 2033 (7|)
3319 1964 3553 2019 eisdem-

1987 2073 2093 2128 que
2121 2056 2384 2126 paulatim
2442 2071 2614 2126 usque
2648 2056 2713 2111 ad
2760 2072 3031 2110 summum
3064 2056 3116 2109 in
3146 2066 3429 2125 angustum
3470 2064 3553 2109 at-

1990 2150 2196 2209 tractis.
2242 2149 2294 2202 in
2351 2150 2589 2218 spatium
2624 2150 2781 2203 unius
2816 2149 2983 2203 cubiti
3033 2147 3198 2202 fuisse
3247 2148 3551 2203 collectam.

1990 2240 2082 2295 Sic
2126 2238 2270 2295 enim
2317 2238 2577 2304 refertur,
2625 2242 2769 2308 quod
2804 2240 2858 2292 in
2900 2237 3260 2294 fundamentis
3293 2237 3409 2305 ejus
3440 2245 3555 2292 tre-

1988 2333 2131 2387 centi
2181 2331 2348 2386 cubiti
2406 2332 2456 2385 in
2512 2330 2923 2399 longitudinem,
2980 2331 3032 2385 in
3081 2330 3372 2385 latndinem
3424 2344 3556 2383 vero

1989 2419 2377 2488 quinquaginta
2414 2419 2525 2471 sint
2575 2418 2757 2486 positi,
2807 2418 3023 2487 triginta
3059 2428 3239 2472 autem
3282 2420 3333 2472 in
3361 2418 3554 2473 altitu-

1990 2512 2172 2565 dinem
2210 2509 2482 2564 aadificati.
2526 2508 2631 2563 Sed
2656 2509 2880 2565 collecta
2905 2520 2990 2565 est
3026 2509 3082 2564 in
3106 2524 3363 2565 cacumen
3387 2526 3556 2580 angu-

1990 2613 2154 2667 stum,
2185 2602 2254 2656 ita
2291 2612 2349 2656 ut
2393 2600 2609 2656 cubitus
2649 2602 2719 2655 sit
2751 2601 3068 2665 latitudinis,
3120 2610 3175 2655 et
3205 2601 3554 2672 longitudinis

1991 2693 2130 2764 ejus.
2187 2692 2306 2748 Jam
2344 2708 2472 2748 vero
2508 2693 2833 2748 intrinsecus
2862 2708 2924 2748 ea
2973 2693 3193 2779 quidem
3215 2708 3333 2763 quae
3363 2695 3555 2748 dicun-

1993 2758 2083 2839 tur
2104 2784 2221 2853 ejus
2246 2783 2523 2850 inferiora,
2551 2784 2877 2840 bicamerata
2909 2758 3203 2852 ponunttiir,
3231 2758 3297 2838 id
3325 2793 3429 2851 est,
3462 2786 3558 2839 ha-

1991 2875 2307 2931 bitationem
2360 2876 2629 2946 duplicem
2675 2876 3031 2931 continentia.
3089 2875 3378 2946 Superiora
3425 2891 3557 2930 vero

1997 2970 2362 3033 tricamerata,
2398 2969 2562 3024 veluti
2598 2969 2645 3023 si
2677 2970 2922 3024 dicamus
2977 2970 3274 3041 triplicibus
3307 2981 3558 3025 cons'ru-

311 3069 421 3139 μὲν
450 3069 750 3141 κατωτέρω
774 3069 910 3141 πρὸς
936 3068 1014 3140 τῷ
1064 3069 1296 3140 πυθμένι
1325 3069 1419 3122 τοῦ
1450 3069 1697 3141 διορόφου
1724 3069 1886 3139 στέγη

1992 3069 2076 3116 cta
2120 3062 2438 3116 ctenaculis.
2481 3063 2588 3117 Sed
2618 3063 2699 3116 ba:
2747 3063 3137 3118 habitationum
3185 3063 3558 3118 distinctiones

310 3160 398 3221 εἰς
428 3157 679 3211 σκύϐαλα
710 3160 938 3213 τέτακτο
961 3176 974 3190 ο
1007 3160 1040 3231 ἡ
1080 3159 1135 3212 δὲ
1163 3158 1366 3231 ταύτης
1399 3161 1654 3231 ἀνωτέρω
1685 3163 1764 3222 είς
1794 3158 1892 3231 τὴν

315 3251 645 3320 συναγωγὴν
676 3250 776 3320 τῆς
802 3251 1007 3325 τροφῆς
1038 3250 1145 3303 τῶν
1174 3250 1347 3315 ζώων,
1381 3252 1519 3305 ὥστε
1547 3252 1795 3323 εὐπορεῖν
1822 3250 1893 3304 τὰ

316 3341 422 3411 μὲν
449 3343 779 3416 σαρκοϐόρα,
814 3343 1029 3412 σαρκῶν
1047 3361 1060 3374 ·
1091 3343 1169 3416 τῷ
1199 3343 1359 3415 ἕτερα
1396 3344 1509 3408 ζῶα
1539 3343 1689 3414 παρὰ
1716 3342 1783 3396 τὰ
1813 3344 1893 3406 είς

315 3431 641 3503 διατήρησιν
687 3433 1028 3504 εἰσαχθέντα,
1087 3434 1293 3505 τροφῆς
1342 3433 1528 3485 ἕνεκεν
1572 3432 1891 3503 εἰσαχθῆναι

318 3523 403 3583 είς
429 3520 528 3591 τὴν
559 3522 792 3575 κιϐωτόν
812 3540 824 3552 ·
858 3522 926 3577 τὰ
978 3522 1034 3575 δὲ
1069 3522 1141 3593 μὴ
1167 3522 1408 3586 τοιαῦτα,
1451 3522 1551 3593 τῆς
1586 3521 1890 3592 ἐπιτηδείου

318 3609 551 3665 ικαστον
580 3612 879 3684 εὐπορῆσαι
909 3612 1135 3682 τροφῆς.
1175 3610 1361 3665 Ταζτα
1412 3611 1510 3682 μὲν
1538 3610 1615 3675 είς
1643 3611 1734 3664 τὸν
1764 3613 1891 3684 περὶ

321 3702 428 3754 τῶν
457 3702 770 3770 καταγαίων
813 3703 1074 3773 διορόφων
1123 3701 1299 3769 λόγον.
1340 3702 1412 3756 Τὸ
1451 3702 1507 3755 δὲ
1558 3702 1693 3772 μετὰ
1721 3703 1892 3757 ταῦτα

322 3793 623 3866 τριώροφον
647 3799 760 3859 τοῖς
784 3796 942 3860 ζώοις
968 3796 1304 3849 ἀποτέτακτο
1333 3795 1473 3849 κατὰ
1499 3794 1599 3858 τὰς
1619 3795 1892 3865 νομισθεί-

324 3902 423 3950 σας
456 3888 694 3951 νοσσιάς.
734 3890 843 3943 Καὶ
870 3890 1014 3954 εἰκὸς
1044 3890 1125 3943 ὅτι
1171 3888 1247 3960 τῷ
1283 3888 1376 3959 μὲν
1414 3887 1520 3941 τῶν
1544 3887 1718 3956 ὅςρεων
1742 3888 1891 3956 γένει

322 3979 552 4033 καὶτῶν
588 3981 793 4053 θηρίων
841 3985 874 4053 ή
905 3982 1000 4036 τοῦ
1046 3982 1355 4036 κατωτάτου
1386 3980 1690 4054 τριωρόφου
1739 3978 1891 4052 χώρα

1994 3155 2061 3209 ad
2083 3155 2186 3209 hoc
2206 3153 2361 3209 facta:
2385 3155 2657 3221 videntur,
2688 3165 2741 3209 ut
2776 3157 2990 3213 secerni
3017 3172 3111 3227 per
3137 3157 3374 3225 singulas
3407 3171 3558 3209 man-

1994 3248 2174 3302 siones
2213 3246 2423 3302 diversa
2468 3247 2778 3303 animalium
2809 3249 2894 3303 vel
2922 3249 3217 3304 bestiarum
3253 3262 3448 3318 genera
3477 3247 3559 3301 fa-

1992 3338 2148 3394 cilius
2185 3340 2419 3410 possint,
2469 3349 2524 3394 et
2550 3354 2579 3393 a
2616 3340 2804 3395 bestiis
2836 3339 2967 3395 feris
3013 3348 3294 3395 mansueta
3328 3354 3559 3411 quisque

1993 3439 2046 3483 et
2085 3432 2276 3500 ignava
2324 3431 2554 3501 sejungi.
2595 3430 2713 3485 Istae
2764 3446 2894 3502 ergo
2930 3430 3321 3487 habitationum
3348 3434 3557 3488 discre-

1995 3525 2174 3578 tiones
2204 3523 2313 3578 nidi
2345 3524 2704 3592 appellantur.
2747 3522 3023 3589 Quadrato
3069 3540 3198 3577 vero
3230 3524 3366 3594 ligna
3396 3523 3560 3579 fuisse

1996 3615 2326 3681 referuntur,
2375 3629 2483 3683 quo
2527 3626 2582 3669 et
2629 3615 2843 3670 facilius
2892 3614 3122 3669 alterum
3176 3617 3330 3669 alteri
3380 3624 3561 3685 posset

1996 3708 2193 3775 aptari,
2226 3716 2280 3761 et
2330 3707 2627 3761 innndante
2663 3707 2869 3762 diluvio
2900 3716 3043 3761 totus
3080 3723 3341 3777 aquarum
3376 3708 3560 3778 prohi-

1996 3798 2219 3853 beretur
2264 3799 2537 3865 incursus,
2594 3813 2715 3853 cum
2764 3799 3089 3854 intrinsecus
3136 3810 3187 3854 et
3220 3799 3559 3854 estrinseeus

1997 3889 2163 3943 oblita
2201 3888 2468 3945 bitumine
2508 3890 2768 3958 junctura
2805 3894 3122 3944 muniretur.
3158 3889 3436 3943 Traditum
3466 3906 3557 3944 sa-

1999 3995 2065 4034 ne
2093 3981 2251 4035 nobis
2282 3991 2386 4045 est,
2419 3991 2474 4037 et
2517 3997 2623 4035 non
2659 3982 2861 4050 absque
2899 3982 3390 4046 verisimilitudine,
3424 3980 3559 4035 infe-

323 4071 647 4143 ἀπενεμήθῆ
666 4091 678 4102 ·
712 4077 826 4136 τοῖς
849 4074 905 4127 δὲ
930 4076 1148 4146 κτήνεσι
1174 4076 1268 4128 καὶ
1297 4075 1407 4137 τοῖς
1437 4072 1641 4135 λοιποῖς
1667 4071 1777 4125 τῶν
1808 4090 1888 4126 τι·-

1999 4073 2167 4136 riora,
2191 4087 2314 4142 quae
2337 4087 2497 4143 supra
2521 4073 2756 4127 diximus
2776 4080 3085 4127 constructa
3109 4073 3415 4143 dupliciter,
3436 4088 3557 4141 quae

325 4161 671 4234 θασσοτέρων
702 4165 735 4235 ἢ
762 4164 1146 4237 ἡμερωτέρων,
1183 4163 1333 4230 τάξει
1373 4163 1467 4217 καὶ
1496 4163 1640 4234 λόγῳ
1664 4162 1733 4218 τὰ
1753 4165 1888 4218 ἀνω-

1999 4172 2056 4216 et
2104 4163 2396 4231 separatim
2427 4163 2753 4218 bicamerata
2801 4163 3063 4234 appellata
3112 4175 3257 4230 sunt,
3316 4165 3559 4235 exceptis

324 4254 486 4326 τὲρω.
534 4256 730 4327 Ἐχρῆν
759 4256 816 4310 δὲ
843 4257 934 4310 τὸν
963 4256 1266 4328 ἄνθρωπον,
1296 4254 1482 4328 ὥσπερ
1509 4257 1576 4327 τῇ
1611 4253 1769 4325 φύσει
1797 4254 1896 4324 ἄρ-

2002 4255 2396 4323 superioribus,
2419 4271 2541 4325 quae
2591 4255 2931 4310 tricamerata
2980 4255 3094 4328 (72)
3153 4257 3426 4321 dicuntur,
3489 4258 3556 4310 ad

1695 4348 1945 4407 VERSIO
1995 4349 2204 4407 NOVA.

395 4442 755 4510 Quaerendum
789 4457 899 4512 quo
943 4452 1101 4513 pacto
1144 4457 1288 4499 arca:
1318 4441 1550 4496 formam
1600 4440 1900 4514 intelligere
1931 4442 2372 4514 Oportgeatalsam
2418 4450 2547 4514 puto
2597 4441 2650 4497 in
2693 4442 2985 4514 pyramidis
3025 4442 3256 4511 speciem
3289 4453 3554 4500 structam

329 4512 539 4586 fuisse,_
567 4522 728 4586 atque
752 4528 783 4586 a
811 4511 1083 4586 principio
1107 4514 1323 4583 quidem
1355 4520 1716 4586 trecentorum
1743 4511 2049 4586 cubitorum
2080 4512 2650 4586 longit_udiue_fuisse,_
2672 4511 2952 4586 latitudine
2977 4527 3108 4586 [ero
3137 4514 3547 4586 quinquaginta,

324 4581 615 4654 altitudine
644 4580 903 4654 triginta,
936 4580 1019 4654 ita,
1056 4580 1334 4638 ut'vertex
1370 4580 1902 4654 fuerit‘longitudine
1952 4592 2007 4636 et
2053 4580 2213 4654 simul
2244 4582 2532 4654 latitudine
2567 4584 2733 4638 cubiti
2772 4584 2952 4638 unius.
2990 4580 3337 4654 Supponatur
3374 4580 3554 4641 autem

329 4651 514 4706 intima
544 4652 682 4721 ejus,
712 4648 833 4722 qua:
866 4652 1120 4708 inferiora
1146 4656 1513 4722 nominantur,
1544 4648 1712 4722 finisse
1741 4651 1971 4722 duarum
2001 4652 2509 4722 contignationum:
2544 4667 2663 4721 qua:
2696 4665 2872 4707 autem
2914 4648 3083 4720 supra
3105 4648 3240 4708 duas
3270 4654 3391 4711 illas
3421 4672 3555 4711 con-

329 4719 659 4792 tignationes
687 4719 842 4792 erant
861 4760 877 4784 ,
909 4723 1067 4777 trium
1094 4721 1580 4792 contignationum.
1608 4720 1665 4792 ιιι
1693 4719 1839 4792 enim
1883 4720 2030 4792 clare
2060 4719 2419 4792 Symmachus
2445 4719 2693 4791 exposuit
2726 4725 2941 4778 dicens:
2977 4719 3080 4778 Per
3109 4728 3257 4777 binas
3298 4736 3345 4778 et
3375 4734 3553 4779 ternas

328 4789 745 4862 contignationes
776 4791 941 4860 facies
976 4808 1112 4846 eam.
1146 4789 1430 4862 Cogitetur
1460 4791 1587 4844 item
1621 4789 1674 4842 in
1724 4789 1954 4859 singulis
1984 4789 2493 4862 contignationibus
2518 4789 2773 4859 Separata
2824 4793 2991 4849 fuisse
3034 4796 3171 4857 loca,
3202 4803 3259 4846 ut
3290 4797 3550 4849 animalia

330 4860 559 4917 diversa:
584 4862 792 4981 ἱρέεςίοί
832 4860 1279 4931 segregarentur;
1306 4868 1674 4927 vocenturque
1704 4872 1950 4926 separata
1980 4861 2069 4914 illa
2111 4860 2225 4916 loca
2254 4861 2390 4927 nidi,
2420 4862 2667 4916 νοσσιαί
2685 4902 2701 4928 ,
2739 4862 2843 4928 vel,
2877 4873 2934 4917 ut
2983 4864 3342 4935 Symmachus
3372 4867 3554 4928 vertit,

331 4931 555 4981 καλιαί.
638 4932 860 4981 tnuncis
886 4931 1211 4981 internositis
1233 4946 1253 4981 :
1286 4930 1481 4981 Dicunt.
1516 4928 1679 4981 icitur
1718 4928 1958 4981 inﬁmam
1992 4931 2235 4981 omnium
2263 4946 2384 4981 una!
2413 4934 2477 4981 ad
2508 4931 2731 4981 fundum
2764 4943 2903 4981 erat-
2940 4935 3389 4981 continuationem
3424 4936 3553 4981 fimo

638 4942 710 5001 ιρ

331 4931 555 4985 καλιαί.

713 4932 860 4985 nucis
886 4928 1211 5001 interpositis
1233 4946 1253 4985 :
1286 4930 1481 5001 Dicunt
1512 4928 1679 5001 igitur
1718 4928 1958 5001 infimam
1992 4931 2235 4985 omnium
2263 4946 2384 4998 qua
2413 4934 2477 4986 ad
2508 4931 2731 4987 fundum
2764 4943 2903 4996 erat,
2940 4928 3390 5001 contignationem
3424 4936 3553 4989 limo

332 5017 392 5055 ac
420 5001 650 5073 stercori
678 4997 992 5073 deputatam
1024 4998 1220 5055 fuisse:
1253 4999 1383 5056 huic
1402 4997 1651 5073 yicinam
1687 4999 2033 5073 superiorem
2071 4997 2327 5055 alimento
2372 5002 2684 5056 animalium
2723 5004 3024 5073 capiendo;
3075 4997 3148 5057 ita
3181 5015 3237 5058 ut
3265 5006 3555 5059 caruit-ora

332 5067 835 5143 carniumgcopiam
883 5071 1321 5143 ha_berent,gquia
1368 5068 1474 5124 alia
1504 5067 1983 5136 animalia’praater
2009 5086 2069 5124 ea
2107 5085 2229 5138 qua:
2269 5075 2551 5126 servanda:
2582 5067 2804 5141 speciei‘
2827 5067 3039 5127 inducta
3073 5084 3225 5128 erant
3253 5114 3267 5134 ,
3305 5090 3401 5143 pro
3434 5076 3557 5129 ciho

331 5139 908 5212 aliornmjntromissa
936 5140 1150 5212 fuerant
1175 5139 1228 5212 in
1260 5154 1479 5212 arcam;
1513 5151 1632 5212 quas
1670 5145 1851 5191 autem
1880 5149 2157 5212 mansueta
2189 5152 2376 5210 erant,
2410 5139 2794 5209 congruentem
2829 5145 2928 5198 sibi
2968 5158 3146 5199 escam
3176 5139 3421 5212 paratam
3454 5144 3555 5197 ha-

330 5208 514 5264 buere.
547 5206 674 5264 ﬂzec
716 5211 784 5264 de
822 5208 1024 5263 inlimis
1053 5206 1550 5280 contignationibus
1584 5206 1727 5261 dicta
1759 5218 1937 5262 sunto.
1966 5208 2046 5264 Ex
2077 5213 2248 5266 tribus
2279 5206 2443 5282 porro
2476 5206 2598 5266 aliis
2628 5206 3316 5283 contignationibusqu
3370 5216 3555 5268 intima

392 5297 439 5331 ⁸⁸
473 5300 677 5359 Cenes.
703 5318 785 5369 Vl,
826 5303 895 5358 13
924 5313 978 5360 et
1019 5318 1174 5374 seqq.
1247 5306 1293 5337 ⁸⁸
1324 5304 1478 5368 ibid.,
1507 5304 1599 5357 22.

392 5397 504 5467 (70)
533 5395 722 5468 Primo
751 5412 874 5468 ergo
903 5398 1157 5468 quieritur
1178 5467 1184 5468 ί
1202 5398 1407 5468 qualem
1455 5407 1715 5468 oporteat,
1770 5409 1885 5454 etc.

332 5466 508 5522 Graeca
540 5466 705 5535 hujus
757 5466 866 5522 loci
898 5466 1060 5521 Verba
1107 5466 1273 5522 edidit
1301 5467 1743 5523 Montefalconius
1793 5483 1889 5522 no-

332 5547 433 5594 ster
460 5548 591 5593 tom.
619 5539 637 5592 Ι
669 5535 1056 5605 Ηεαιαρίοηιηι,
1088 5551 1139 5605 p.
1163 5537 1251 5591 24.

388 5607 501 5680 (7i)
530 5607 695 5674 ωδε..
728 5621 798 5661 ea:
825 5604 932 5662 imo
970 5604 1382 5678 consurgentem.
1443 5604 1599 5661 Libb
1636 5607 1790 5667 editi.
1822 5624 1888 5662 ex

1988 5412 2093 5452 uno
2122 5397 2574 5464 consurgentibus.

2057 5468 2172 5539 (⁸72)
2200 5466 2471 5539 Appellata
2511 5475 2653 5530 sunt,
2683 5472 2907 5536 exceptis
2938 5469 3434 5538 superioribusque
3459 5473 3556 5524 tri-

1987 5534 2276 5592 camerata.
2321 5534 2445 5590 Haec
2492 5539 2656 5591 verba
2685 5541 2736 5592 in
2767 5534 2926 5594 antea
2959 5534 3117 5595 editis
3159 5534 3558 5607 desiderantur,

1994 5611 2086 5663 sed
2113 5606 2429 5677 supplentur
2451 5622 2482 5661 ο
2510 5623 2634 5662 mss.
