4050 6142
528 196 633 254 165
701 193 707 200 ’
2008 210 2123 267 ORI

2176 211 2328 269 ENlS
3666 230 3775 289 {64

523 317 671 372 hunc
708 317 925 373 modum
955 318 1121 375 fuisse
1158 320 1415 390 duplicia,‘
1451 323 1707 391 quoniam
1738 325 1956 394 quidem
1989 343 2089 381 an-
2121 383 2122 387 η

2192 347 2353 400 χοντα
2371 330 2479 384 τῶν
2502 331 2730 403 ἀλόγων,
2757 329 2832 391 ὧν
2848 339 3175 413 ἐπιϐέϐηκεν
3200 344 3385 412 αὐτὸς,
3418 345 3561 403 οὕτω
3591 351 3686 404 καὶ
3711 353 3772 407 ἐν

520 425 649 465 num
696 409 964 479 integrum
998 412 1217 467 luerunt
1261 414 1438 467 omnia
1474 415 1723 469 animalia
1760 420 1812 470 in
1842 433 1988 471 arca.
2029 418 2095 471 Et

2195 423 2258 492 τῇ
2276 420 2435 515 Δχώρτξι
2455 420 2589 479 εἶναι
2617 428 2873 484 ἀνωτάτω
2896 432 2996 503 τῆς
3017 409 3247 489 κίὸωτοῦ
3279 409 3407 511 περὶ
3438 441 3533 513 τὴν
3573 444 3771 515 τρίτην

518 501 707 568 utique
735 501 785 553 in
811 508 978 553 totum
1002 517 1198 555 annum
1223 518 1443 559 necesse
1470 514 1589 559 erat
1608 505 1891 575 providere
1920 508 2090 572 cibos,

2196 512 2412 585 στέγην,
2433 517 2715 590 ὑποχείρια
2730 521 2919 592 ἔχοντα
2942 501 3010 578 τὰ
3035 526 3195 582 λοιπὰ
3210 528 3316 584 τῶν
3537 501 3771 591 Πιδανέν

513 599 704 646 etnon
741 590 911 645 solum
936 592 1085 647 cibos
1115 605 1301 647 verum
1338 602 1393 647 et
1425 595 1786 665 digestionum
1833 598 2087 652 constitui

2192 604 2249 658 δὲ
2276 607 2375 677 τὴν
2413 609 2647 678 πλαγίαν
2676 590 2804 685 napi
2835 610 2901 687 ἧς
2931 618 3141 689 εἴρηται
3167 620 3257 691 (74
3283 590 3405 695 bis}
3439 625 3553 693 τὴν
3582 610 3651 681 δὲ
3678 590 3772 682 eo.

514 682 653 745 loca,
686 691 797 751 qun
823 697 997 753 neque
1027 686 1140 752 ipsa
1176 687 1452 751 animalia,
1478 688 1749 758 prmcipue
1774 697 1952 744 tamen
1987 692 2090 745 ho-

2184 716 2306 766 ραν
2320 700 2430 769 τῆς
2455 705 2702 758 κιϐωτοῦ
2724 707 2792 759 ἐκ
2817 712 3087 780 πλαγίων
3138 682 3434 783 εέοιήσείς,
3483 682 3768 788 γεγονέναι

514 775 713 839 mines,
747 776 855 830 {imi
889 776 1083 831 faetore
1114 787 1465 833 vexarentur.
1508 780 1758 835 Tradunt
1785 796 1914 852 ergo
1944 783 2087 852 quod

2191 791 2320 855 περὶ
2348 791 2445 863 τὴν
2476 796 2716 850 κάτωθεν
2752 798 2974 872 πρώτην
2997 804 3212 878 στέγην,
3247 808 3333 860 ἵνα
3362 808 3567 863 ἐκεῖθεν
3599 812 3770 864 εἰσελ-

512 865 737 920 inferior
765 868 911 938 regio
933 870 1066 937 ipsa,
1100 886 1215 938 qua:
1241 870 1290 923 in
1316 870 1479 926 fundo
1509 883 1611 937 est,
1654 873 1720 926 ad
1750 874 2089 943 hujuscemo-

2191 880 2350 937 θόντα
2383 885 2450 937 τὰ
2499 885 2613 949 ζῶα
2641 889 2774 961 ἀπίῃ
2804 892 2895 944 ἐπὶ
2928 896 3053 959 τοὺς
3081 900 3443 970 τεταγμένους
3488 904 3606 964 rati;
3637 921 3764 956 νοσ-

512 957 566 1013 di
599 961 950 1015 necessitates
972 964 1273 1031 mancipata
1298 963 1362 1016 sit
1389 975 1442 1018 et
1471 975 1733 1035 excepta;
1758 968 1884 1024 huic
1905 979 2084 1026 autem

2191 978 2332 1038 σιαϊς
2357 977 2570 1042 τόπους.
2609 981 2718 1033 Καὶ
2737 957 2896 1036 τοῦτο
2925 957 3127 1055 βέλτιον
3149 957 3278 1060 ἡμίν
3307 957 3551 1059 φαίνεται
3579 957 3764 1062 λέγειν

512 1055 764 1124 superior
806 1056 1081 1125 contigua,
1109 1059 1497 1112 conservandis
1538 1059 1747 1127 pabulis
1775 1061 2080 1130 deputetur.

2187 1065 2312 1136 περὶ
2335 1066 2523 1137 αὐτῆς,
2552 1067 2583 1139 ἦ
2607 1069 2808 1124 ἄνωθεν
2832 1076 3067 1144 νομίζειν
3095 1055 3229 1148 μετὰ
3252 1055 3451 1151 πολλῆς
3474 1055 3764 1148 δυσκολίας

512 1146 725 1202 Etenim
761 1150 1127 1203 necessarium
1181 1150 1481 1215 videbatur,
1538 1162 1597 1207 ut
1627 1154 1693 1209 iis
1720 1156 1932 1225 bestiis,
1962 1158 2085 1228 qui-

2182 1156 2251 1209 τὰ
2279 1157 2392 1221 ζῶα
2417 1159 2762 1215 καταϐαίνειν
2791 1166 2881 1218 ἐπὶ
2897 1167 3022 1230 τοὺς
3044 1166 3273 1235 οἰκείους
3294 1168 3487 1237 τόπους
3512 1191 3525 1203 ·
3557 1174 3760 1229 Θειοτέ-

508 1239 609 1295 hus
643 1252 833 1295 natura
889 1243 1030 1298 vesci
1082 1244 1341 1297 carnibus
1393 1247 1561 1313 dedit,
1618 1247 1925 1303 introducta
1973 1250 2083 1304 sint

2185 1267 2285 1320 ρας
2312 1250 2456 1315 τινὸς
2504 1252 2784 1324 δυνάμεως
2830 1256 3116 1333 ἔχρῃζενὴ
3156 1264 3423 1333 ἀσφάλεια
3451 1267 3547 1337 τῆς
3579 1268 3758 1321 κλειο-

470 1358 471 1365 η
507 1335 855 1391 extrinsecus
900 1338 1177 1405 animalia,
1232 1355 1460 1409 quorum
1510 1350 1794 1395 vescentes
1822 1342 2069 1396 carnibus

2186 1341 2354 1412 μένης
2384 1341 2587 1416 ταύτης
2618 1346 2805 1419 θύρας,
2835 1351 3016 1405 οὐκέτι
3048 1353 3342 1427 δυναμένου
3378 1335 3524 1422 τινὸς
3555 1358 3756 1424 ἔξωθεν

506 1443 832 1484 conservare
855 1431 1020 1485 vitam
1049 1432 1384 1501 posteritatis
1411 1433 1722 1500 reparandae
1738 1432 1908 1501 gratia
1936 1432 2084 1487 vale-

2182 1432 2470 1505 ἀνθρώπου
2497 1437 2848 1506 ἀσφαλτῶσαι
2879 1442 3046 1517 αὐτὴν
3072 1444 3213 1519 ὑπὲρ
3241 1449 3333 1502 τοῦ
3368 1451 3441 1522 μὴ
3471 1453 3756 1523 παρεισδῦ-

506 1530 630 1575 rent
663 1538 678 1576 :
710 1523 830 1576 aliis
861 1538 992 1578 vero
1018 1524 1142 1589 alia,
1198 1540 1320 1595 qua}
1353 1524 1615 1578 naturalis
1649 1539 1780 1579 usus
1810 1525 2073 1593 deposcit,

2175 1543 2261 1579 ναι
2299 1524 2459 1597 ὕδωρ.
2487 1527 2576 1580 Διὸ
2602 1528 2842 1583 ἔκλεισε
2868 1532 3084 1599 Κύριος
3120 1537 3154 1587 ό
3184 1537 3328 1603 Θεὸς
3361 1539 3612 1595 ὄπισθεν
3637 1542 3751 1601 τοῦ

503 1624 856 1669 servarentur
908 1615 1186 1670 alimenta.
1250 1618 1306 1670 lu
1340 1616 1438 1671 hos
1466 1631 1596 1686 ergo
1630 1631 1759 1669 usus
1791 1616 2075 1670 inferiores

1862 1616 2075 1670 'eriores
2174 1616 2321 1685 Νῶε,
2348 1617 2445 1670 καὶ
2473 1617 2658 1685 οὕτως
2689 1619 2923 1689 ἐγένετο
2955 1626 2989 1678 ὁ
3017 1630 3461 1697 κατακλυσμός.

503 1721 709 1779 partes,
740 1728 863 1779 qum
893 1712 1240 1767 bicameratte
1277 1712 1552 1776 dicuntur,
1586 1712 1805 1764 tradunt
1832 1710 2005 1765 fuisse
2033 1710 2340 1775 distinctas,
2392 1715 2698 1783 superiores
2734 1732 2862 1773 vero
2911 1722 2977 1775 ad
3009 1721 3375 1777 habitaculum
3406 1726 3617 1793 bestiis,
3665 1727 3750 1779 vel

502 1804 828 1858 animalibus
859 1804 1168 1873 deputatas,
1215 1802 1267 1856 in
1302 1802 1497 1871 quibus
1543 1802 1831 1857 inferiores
1856 1802 2072 1871 quidem
2102 1803 2206 1874 61
2243 1803 2395 1869 feris,
2442 1815 2495 1861 et
2526 1806 2827 1867 immitibus
2854 1812 3063 1881 bestiis,
3098 1815 3183 1869 vel
3216 1818 3563 1884 serpentibus
3589 1820 3748 1875 habi-

503 1896 742 1951 taculum
777 1895 1098 1964 prtebuisse,
1132 1897 1216 1949 his
1246 1909 1374 1949 vero
1396 1895 1654 1964 contigua
1686 1895 1737 1947 in
1769 1893 2146 1964 superioribus
2179 1896 2318 1960 loca,
2355 1898 2664 1954 mitioribus
2695 1903 3066 1960 animantibus
3097 1907 3304 1962 stabula
3336 1907 3523 1965 fuisse.
3567 1910 3747 1980 Supra

503 1990 686 2045 omnia
717 2005 846 2043 vero
894 1988 948 2043 in
983 1989 1197 2042 excelso
1225 1987 1537 2043 hominibus
1567 1987 1747 2041 sedem
1781 1986 2036 2051 locatam,
2068 1996 2252 2055 utpote
2299 1989 2391 2058 qui
2418 1998 2474 2043 et
2503 1990 2708 2047 honore
2739 2004 2794 2048 et
2822 1997 3031 2051 ratione
3063 2008 3255 2053 cuncta
3289 2001 3600 2070 praecellant
3630 2020 3647 2056 :
3683 2014 3745 2057 ut

502 2086 645 2140 sicut
699 2084 909 2138 ratione
947 2091 1003 2136 et
1035 2082 1300 2151 sapientia
1349 2082 1711 2152 principatum
1744 2093 1933 2151 gerere
1981 2096 2142 2151 supra
2169 2083 2347 2136 omnia
2387 2098 2506 2151 quae
2533 2083 2586 2139 in
2625 2088 2788 2141 terris
2831 2096 2977 2155 sunt,
3009 2090 3213 2146 dicitur
3244 2094 3432 2158 homo,
3473 2094 3545 2148 ita
3573 2095 3740 2149 etiam

502 2178 622 2234 loco
652 2179 867 2244 celsior,
903 2185 960 2232 et
994 2192 1156 2246 supra
1191 2192 1383 2231 omnes
1411 2177 1738 2242 animantes,
1775 2191 1893 2244 quae
1939 2176 1991 2229 in
2030 2191 2152 2230 arca
2186 2188 2340 2243 sunt,
2368 2178 2666 2234 collocatus
2706 2180 2798 2235 sit.
2840 2181 3087 2236 Tradunt
3113 2195 3293 2239 autem
3325 2184 3488 2238 etiam
3514 2186 3739 2240 ostium.

503 2276 735 2344 quodex
766 2274 937 2328 latere
965 2272 1162 2325 lactant
1186 2272 1404 2335 dicitur,
1438 2285 1502 2325 eo
1540 2270 1641 2324 loci
1673 2269 1862 2334 fuisse,
1899 2280 1955 2325 ut
1989 2269 2268 2338 inferiora,
2299 2288 2419 2342 quae
2449 2274 2585 2327 dixit
2626 2273 2975 2340 bicamerata,
3011 2275 3148 2331 infra
3181 2291 3239 2332 se
3268 2277 3509 2342 haberet,
3537 2290 3592 2332 et
3617 2294 3739 2349 quae

502 2375 640 2428 dixit
667 2374 1040 2433 tricamerata,
1071 2370 1350 2438 superiora
1382 2383 1410 2420 a
1443 2367 1564 2421 loco
1592 2367 1716 2422 ostii
1751 2367 2019 2437 appellata
2047 2369 2154 2421 sint
2194 2386 2207 2423 :
2240 2376 2297 2423 ut
2331 2368 2458 2423 inde
2482 2369 2722 2438 ingressa
2753 2370 3006 2425 universa
3040 2372 3314 2438 animalia,
3344 2388 3439 2443 per
3469 2389 3564 2429 sua
3592 2390 3739 2443 quae-

500 2480 606 2534 que
655 2464 769 2519 loca
812 2463 1107 2519 secundum
1137 2461 1279 2531 quod
1331 2476 1494 2530 supra
1545 2461 1801 2524 diximus,
1845 2476 2083 2529 congrua
2123 2461 2451 2516 discretione
2485 2463 2753 2532 dirempta
2783 2465 2916 2518 sint.
2957 2466 3155 2520 Verum
3190 2468 3316 2521 osﬁi
3350 2468 3518 2536 ipsius
3556 2469 3735 2522 muni-

501 2573 621 2612 men
656 2560 791 2631 (7'5),
831 2577 937 2615 non
971 2542 1081 2632 iam
1126 2564 1379 2617 lmn‘ianis
1420 2562 1721 2616 rationibus
1751 2559 2098 2627 adimpletur.
2140 2559 2422 2626 Quomodo
2447 2561 2617 2626 enim,
2664 2570 3015 2629 posteaquam
3063 2561 3308 2616 clausum
3340 2573 3442 2627 est,
3473 2574 3526 2618 et
3554 2563 3735 2617 nullus

501 2653 776 2706 hominum
825 2664 977 2708 extra
1021 2670 1204 2709 arcam
1253 2654 1375 2720 fuit,
1431 2654 1749 2708 bituminari
1781 2654 2124 2707 extrinsecus
2152 2653 2350 2706 ostium
2398 2652 2594 2721 potuit,
2625 2653 2727 2707 nisi
2757 2654 2880 2721 quia
2936 2655 3128 2709 divinae
3162 2656 3381 2708 virtutis
3422 2656 3542 2709 sine
3569 2655 3736 2709 dubio

494 2760 632 2811 opus
664 2744 781 2809 fuit,
825 2761 894 2799 ne
930 2746 1313 2813 ingrederetur
1341 2760 1480 2816 aqua
1510 2761 1610 2816 per
1640 2746 1868 2811 aditum,
1914 2760 2072 2813 quem
2110 2745 2342 2798 humana
2374 2759 2476 2799 non
2508 2745 2779 2800 munierat
2825 2747 3052 2800 manus?
3095 2747 3385 2815 Pmpterea
3415 2762 3543 2815 ergo
3582 2746 3734 2802 Scri-

495 2846 651 2904 ptura
686 2854 807 2891 cum
846 2839 913 2893 de
942 2841 1154 2894 caeteris
1181 2842 1433 2895 omnibus
1469 2840 1716 2907 dixisset,
1754 2841 1880 2909 quia
1915 2840 2045 2894 fecit
2073 2854 2255 2894 arcam
2287 2831 2419 2903 Noe,
2455 2848 2509 2895 et
2534 2842 2831 2895 introduxit
2863 2842 3134 2906 animalia,
3167 2853 3222 2895 et
3257 2842 3418 2904 ﬁlios,
3448 2855 3504 2896 et
3536 2856 3733 2896 uxores

493 2949 705 2999 eorum,
737 2936 803 2989 de
833 2936 975 2990 ostio
1014 2951 1117 2989 non
1150 2937 1313 3002 dixit,
1347 2937 1472 3005 quia
1508 2937 1623 2992 Noe
1669 2938 1865 2992 clausit
1901 2937 2101 2992 osﬁum
2145 2953 2285 2991 arcte
2315 2955 2329 2990 :
2377 2939 2469 2992 sed
2502 2939 2602 3003 ait,
2656 2939 2782 3006 quia
2827 2939 3017 2991 clausit
3049 2937 3303 2992 Dominus
3344 2938 3481 2992 Deus
3532 2937 3731 3007 deforis

492 3031 683 3083 ouium
715 3048 872 3096 arcae,
917 3042 966 3085 et
1011 3033 1085 3086 sic
1110 3032 1306 3094 factum
1337 3042 1411 3087 est
1443 3033 1696 3087 diluvium
1715 3034 1784 3088 ⁵ο.
1840 3031 2250 3088 Observandum
2290 3044 2466 3087 tamen
2514 3045 2598 3088 est
2625 3034 2766 3102 quod
2802 3043 2921 3102 post
2950 3033 3207 3087 diluvium
3241 3049 3345 3087 non
3389 3035 3585 3089 dicitur
3616 3034 3728 3089 Noe

492 3126 770 3196 aperuisse
799 3128 1023 3192 ostium,
1075 3129 1169 3183 sed
1216 3129 1534 3195 fenestram,
1574 3144 1696 3183 cum
1750 3130 1932 3183 emisit
1961 3144 2206 3196 corvum,
2240 3137 2299 3182 ut
2325 3129 2536 3183 videret
2582 3139 2761 3182 utrum
2793 3137 3058 3182 cessasset
3102 3141 3242 3196 aqua
3290 3141 3452 3196 super
3500 3137 3724 3181 terram.

494 3224 647 3290 Quod
682 3235 864 3276 autem
917 3222 1170 3277 intulerit
1214 3225 1394 3277 cibum
1430 3224 1539 3278 Noe
1582 3226 1634 3277 in
1671 3240 1852 3279 arcam
1897 3224 2147 3278 omnibus
2177 3224 2569 3287 animantibus,
2603 3223 2686 3277 vel
2738 3222 2947 3287 bestiis,
2979 3238 3097 3292 qua:
3123 3238 3246 3277 cum
3280 3237 3345 3277 eo
3374 3223 3726 3286 introierunt,

492 3319 616 3373 audi
644 3333 708 3372 cx
739 3319 823 3372 his
859 3333 979 3387 qua:
1012 3318 1268 3373 Dominus
1307 3320 1439 3373 dicit
1467 3320 1532 3373 ad
1562 3318 1673 3374 Noe
1708 3338 1721 3374 :
1758 3318 1857 3387 Tu,
1895 3319 2073 3389 inquit
2096 3320 2168 3385 ξι,
2214 3321 2392 3388 accipe
2438 3321 2530 3371 tibi
2562 3321 2661 3381 ipsi
2704 3320 2768 3372 ab
2810 3320 3047 3373 omnibus
3076 3320 3204 3372 escis
3242 3334 3356 3389 qua:
3386 3318 3633 3382 eduntur,
3674 3327 3724 3371 et

496 3412 831 3482 «:ongregubis
874 3410 942 3463 ad
971 3411 1318 3478 temetipsum,
1362 3420 1409 3464 et
1461 3421 1610 3464 erunt
1645 3411 1738 3464 tibi
1780 3424 1826 3465 et
1853 3411 1977 3481 ipsis
2008 3412 2078 3464 ad
2124 3410 2397 3464 edendum.
2447 3410 2598 3477 Quod
2629 3420 2810 3464 autem
2840 3409 2971 3465 fecit
2997 3410 3107 3482 Noe
3137 3425 3197 3464 ea
3238 3425 3358 3480 qua:
3389 3412 3647 3478 praecepit
3673 3408 3725 3462 ei

495 3507 775 3571 Dominus,
819 3507 943 3560 audi
976 3506 1315 3575 Scripturam
1347 3506 1614 3561 dicentem
1645 3526 1657 3560 :
1689 3505 1755 3560 Et
1774 3507 1920 3576 fecit,
1953 3507 2130 3576 inquit
2153 3507 2222 3572 δ’,
2260 3505 2375 3560 Noe
2402 3507 2580 3560 omnia
2623 3522 2738 3571 qua:
2779 3507 3023 3574 prwcepit
3066 3508 3111 3559 ei
3157 3507 3410 3560 Dominus
3454 3505 3613 3571 Deus,
3649 3505 3727 3558 sic

493 3605 638 3668 fecit.
683 3603 828 3658 Sane
855 3603 995 3672 quod
1034 3603 1099 3657 de
1125 3602 1281 3668 locis,
1308 3617 1427 3672 quae
1457 3603 1689 3656 diximus
1721 3603 1788 3655 ad
1819 3604 2001 3656 limum
2040 3601 2350 3655 animalium
2380 3610 2654 3670 separata,
2693 3599 2973 3669 Scriptura
3003 3600 3133 3655 nihil
3158 3600 3357 3666 retulit,
3391 3601 3485 3654 sed
3506 3601 3725 3653 traditio

491 3707 659 3761 tenet,
694 3706 1001 3766 opportune
1035 3695 1315 3749 videbitur
1358 3709 1521 3761 super
1564 3695 1666 3749 hoc
1718 3695 1959 3748 habitum
2011 3708 2132 3749 esse
2163 3693 2463 3757 silentium,
2498 3693 2562 3746 de
2595 3707 2702 3760 quo
2750 3690 3079 3747 sulﬁcienter
3126 3692 3525 3760 consequentia:
3554 3691 3727 3760 ipsius

490 3791 628 3846 ratio
663 3792 901 3847 doceret.
960 3793 1026 3845 Et
1058 3792 1182 3860 quia
1223 3793 1289 3846 ad
1341 3791 1642 3864 spiritalem
1677 3790 2088 3858 intelligentiam
2140 3789 2322 3843 minus
2358 3789 2517 3859 digne
2562 3797 2772 3857 poterat
2803 3789 3001 3857 aptari,
3038 3791 3232 3843 merito
3278 3802 3407 3857 ergo
3439 3786 3721 3856 Scriptura

484 3885 635 3939 siluit
663 3886 730 3938 de
757 3887 877 3945 hoc.
910 3901 1032 3954 qua:
1067 3887 1237 3955 magis
1272 3887 1616 3940 narrationes
1644 3900 1770 3940 suas
1801 3883 2163 3938 intellectibus
2191 3882 2494 3953 allegoricis
2519 3891 2758 3951 coaptat.
2802 3882 3181 3936 Verumtamen
3230 3891 3487 3949 quantutn
3521 3881 3586 3933 ad
3620 3896 3722 3935 ne-

482 3980 793 4034 cessitatem
828 3980 1126 4049 pluviarum
1160 3993 1215 4035 et
1247 3981 1429 4035 diluvii
1460 3990 1691 4051 spectat,
1720 3979 1865 4035 nulla
1898 3982 2074 4049 potuit
2104 3988 2210 4032 tam
2245 3979 2573 4033 conveniens
2603 3986 2659 4032 et
2689 3993 2928 4045 congrua
2965 3992 3105 4031 arcte
3149 3978 3355 4045 species
3385 3977 3524 4040 dari,
3552 3992 3719 4045 quam

484 4085 540 4128 ut
569 4090 599 4129 e
628 4091 843 4128 summo
889 4076 1037 4129 velut
1062 4091 1093 4130 e
1125 4086 1265 4133 tecto
1292 4080 1527 4146 quodam
1569 4079 1622 4132 in
1677 4085 1960 4147 angustum
1994 4077 2206 4131 culmen
2251 4076 2448 4130 educto
2483 4074 2595 4144 (74)
2626 4074 2949 4129 diffunderet
2996 4073 3252 4127 imbrium
3286 4073 3494 4139 ruinas,
3522 4083 3578 4127 et
3610 4074 3718 4127 ima

482 4169 537 4223 in
571 4171 728 4240 aquis
754 4171 1014 4237 quadrata
1065 4172 1362 4227 stabilitate
1393 4176 1720 4240 consistens,
1748 4188 1849 4228 nec
1898 4173 2129 4243 impulsu
2163 4184 2469 4239 ventorum,
2501 4186 2605 4226 nec
2636 4172 2839 4241 impetu
2884 4171 3167 4235 ﬂuctuum,
3203 4184 3303 4224 nec
3344 4170 3718 4239 inquietudine

487 4262 827 4329 animalium,
859 4278 981 4330 qua:
1015 4263 1342 4318 intrinsecus
1369 4277 1548 4331 erant,
1577 4275 1671 4319 aut
1696 4265 1943 4318 inclinari
1974 4275 2177 4333 posset,
2206 4275 2294 4317 aut
2334 4262 2523 4332 mergi.

540 4354 596 4408 2.
629 4352 736 4407 Sed
780 4353 864 4407 his
908 4354 1162 4408 omnibus
1204 4354 1311 4424 (75)
1361 4363 1511 4408 tanta
1553 4362 1668 4408 arte
1698 4354 2045 4424 compositis,

2240 4353 2581 4426 Ἐπηπόρουν
2611 4353 2773 4416 τινες,
2806 4354 2853 4405 εί
2878 4351 3099 4405 δύναται
3129 4353 3162 4423 ἡ
3208 4350 3507 4423 τηλικαύτη
3543 4350 3714 4404 κιϐω-

476 4447 739 4517 objiciunt
773 4447 988 4517 quidam
1016 4446 1364 4517 quaestiones,
1412 4455 1468 4502 et
1514 4448 1783 4517 przecipue
1810 4445 2045 4515 Apelles,

2147 4446 2236 4507 τὸς
2267 4446 2512 4517 χωρῆσαι
2558 4444 2658 4497 κᾶν
2701 4446 2761 4497 τὸ
2792 4443 3080 4497 πολλοστὸν
3130 4443 3314 4514 μόριον
3348 4441 3455 4496 τῶν
3490 4443 3583 4495 ἐπὶ
3604 4442 3712 4514 γῆς

752 4540 771 4551 ’
1839 4535 2092 4592 VERSIO
2124 4535 2332 4591 NOV'A.

478 4637 617 4692 erat,
647 4628 970 4684 animalibus
1000 4629 1394 4691 destinabatur,
1425 4627 1717 4698 assignatis
1742 4628 2077 4698 singulorum
2106 4629 2266 4682 nidis.
2305 4628 2709 4698 Verisimileque
2741 4640 2821 4682 est
2846 4627 3193 4696 serpentibus
3219 4641 3283 4680 ac
3311 4625 3438 4698 leris
3466 4626 3710 4683 intimam

477 4698 629 4754 illam
665 4700 846 4753 sedem
886 4701 1064 4769 datam
1101 4699 1298 4762 fuisse;
1328 4696 1586 4763 jumentis
1617 4713 1744 4752 vero
1775 4696 1851 4751 τιό
1866 4698 2085 4769 reliquis
2113 4701 2409 4753 mansuetis
2433 4696 2798 4753 animantibus
2830 4699 3201 4768 superiorem;
3232 4696 3433 4769 homini
3453 4699 3709 4769 demum,

475 4779 661 4837 utpote
684 4771 964 4824 brutorum
990 4767 1218 4838 principi
1245 4770 1596 4835 omniumque
1625 4768 2093 4836 praestantissimo,
2119 4783 2423 4836 supremam
2457 4772 2698 4823 omnium
2725 4769 2904 4823 sedem
2929 4770 3107 4822 datam
3136 4767 3373 4838 oportuit
3402 4767 3465 4838 ad
3494 4768 3709 4821 tertiam

475 4835 953 4904 contignationem,
980 4835 1038 4893 ut
1071 4835 1265 4894 cratera
1297 4838 1549 4893 animalia
1579 4835 1680 4891 sub
1710 4853 1868 4890 manu
1902 4838 2148 4891 haberet.
2186 4835 2492 4892 Verisimile
2520 4849 2701 4892 autem
2738 4849 2822 4892 est
2851 4839 2994 4891 latus
3026 4850 3163 4890 area:
3205 4838 3309 4889 tale
3339 4835 3507 4888 fuisse
3548 4841 3709 4904 quale

474 4908 729 4963 diximus.
759 4908 988 4963 Januam
1017 4924 1147 4963 vero
1173 4925 1313 4963 arere
1335 4949 1349 4973 ,
1379 4924 1408 4961 a
1440 4908 1609 4961 latere
1635 4908 1865 4974 positam
1899 4907 2062 4960 fuisse
2096 4908 2244 4961 dicas
2276 4909 2341 4960 ad
2370 4909 2599 4974 primam
2631 4921 2685 4962 et
2718 4910 2958 4961 intimam
2994 4906 3475 4973 contignationem,
3504 4916 3562 4959 ut
3588 4910 3709 4960 ani-

476 4988 687 5031 mantes
735 4980 859 5033 inde
887 4980 1237 5039 introeuntes.
1308 4981 1372 5032 ad
1405 4980 1699 5032 constituta
1736 4977 1837 5031 sibi
1868 4976 1983 5029 loca
2016 4977 2281 5044 nidosque
2320 4989 2626 5048 pergerent.
2668 4977 2820 5044 Quod
2863 4994 2994 5048 sane
3039 4976 3370 5048 probabilius
3411 4977 3513 5029 dici
3546 4992 3709 5048 posse

477 5048 711 5111 videtur,
742 5065 902 5116 quant
936 5050 979 5103 si
1013 5061 1229 5117 putetur
1257 5048 1510 5101 animalia
1544 5062 1613 5101 ex
1643 5048 1952 5101 summitate
1983 5049 2047 5117 ad
2088 5049 2305 5117 propria
2348 5047 2464 5100 loca
2501 5064 2692 5117 magna
2731 5064 2851 5102 cum
2883 5047 3203 5102 diﬂicultate
3232 5047 3598 5117 descendisse.
3636 5047 3705 5101 Ut

478 5132 670 5171 secure
717 5114 1061 5173 clauderetur
1097 5120 1209 5173 haec
1255 5124 1440 5184 jatnta,
1489 5118 1667 5170 divina
1695 5119 1928 5185 quadam
1964 5114 2161 5172 virtute
2189 5114 2325 5185 opus
2357 5128 2506 5184 erat,
2538 5114 2658 5171 cu'm
2694 5134 2796 5171 non
2835 5119 3063 5185 amplius
3111 5127 3255 5170 esset
3287 5114 3493 5170 deforis
3539 5118 3704 5171 homo

478 5189 742 5255 quispiam
775 5190 864 5256 qui
895 5204 1013 5241 eam
1043 5188 1371 5243 hituminare
1401 5197 1597 5256 posset,
1632 5202 1697 5240 ne
1731 5188 2107 5256 ingrederetur
2133 5202 2297 5257 aqua.
2328 5186 2458 5241 Eam
2484 5189 2552 5242 ob
2583 5204 2694 5243 rem
2727 5189 2920 5243 clausit
2952 5186 3205 5242 Dominus
3241 5186 3381 5239 Deus
3409 5197 3533 5255 post
3563 5186 3700 5253 Noe,

475 5272 529 5312 et
563 5259 642 5311 sic
668 5258 862 5311 factum
885 5269 969 5311 est
990 5260 1267 5312 diluvium.

547 5328 873 5383 Dubitarunt
903 5328 1121 5397 quidam
1174 5343 1240 5381 an
1276 5326 1395 5380 talis
1425 5342 1551 5380 arca
1601 5334 1781 5393 posset
1810 5339 2003 5393 capere
2035 5325 2119 5380 vel
2160 5326 2438 5406 minimam
2468 5339 2676 5397 partem
2710 5327 2950 5382 omnium
2982 5340 3102 5397 qua:
3146 5326 3202 5381 in
3237 5333 3381 5380 terra
3412 5333 3537 5380 sunt
3580 5326 3710 5379 ani-

544 5440 592 5472 '°
613 5440 812 5495 Gencs.
835 5455 930 5504 vn,
961 5439 1048 5505 16,
1075 5440 1159 5494 1⁸7.
1200 5438 1245 5470 ⁸³
1268 5437 1463 5493 Cenes.
1494 5452 1566 5503 vr,
1590 5436 1682 5489 2|.
1720 5436 1766 5467 ⁸³
1791 5433 1918 5489 ibid.
1942 5434 2034 5488 22.

549 5508 661 5582 (75)
695 5508 886 5564 Verum
915 5500 1045 5582 ostii
1065 5510 1231 5582 ipsius
1257 5500 1678 5582 maniliumgete.
1718 5505 1905 5560 Graeca
1934 5506 2030 5558 hu-
2221 5500 2545 5582 bis)
2576 5500 2645 5555 ad
2667 5514 2885 5582 sensum
2913 5501 3125 5582 videtur
3145 5504 3335 5582 deesse
3354 5502 3579 5582 aliquid.
3604 5501 3705 5559 En.

470 5571 569 5650 jus'
594 5571 694 5634 lo'ci
727 5582 892 5634 verba
923 5595 953 5634 e
982 5571 1198 5634 Catenis
1224 5593 1354 5650 mss.
1384 5571 1588 5650 _Gr:e_ci_s
1619 5586 1770 5650 eruta
1803 5583 1947 5650 sunt.
2167 5572 2328 5650 “(75)
2355 5571 2459 5650 _S_ed
2487 5572 2566 5625 his
2593 5587 2735 5650 omn.
2755 5571 2938 5626 Grazca
2978 5571 3135 5650 hujus
3166 5573 3271 5629 loci
3304 5575 3465 5629 verba
3502 5588 3701 5643 suppe~

541 5651 653 5723 (7i)
672 5650 1038 5718 Mss.,culmeu
1059 5655 1260 5705 educto.
1279 5647 1435 5704 Libb.
1454 5646 2023 5714 cditi,culmineducto.
2147 5641 2320 5721 ditant
2349 5642 2565 5698 Catena:
2587 5641 2788 5698 Graeca}
2822 5644 3224 5712 manuscriptae.
