4050 6142
320 191 420 245 163

1516 183 1585 238 ΙΝ
1619 179 1921 239 GENESIM
1958 178 2243 235 HOMILIA
2279 180 2341 237 Il.

3472 192 3578 251 166

320 310 526 359 πέπων
561 300 746 366 ζώων.
783 305 904 359 Καὶ
951 305 1186 377 μάλιστα
1240 303 1500 376 Ἀπελλὴς
1538 305 1567 356 ὁ
1608 302 1703 356 τοῦ
1748 302 1901 372 Μαρέ

2009 296 2098 367 qui
2129 296 2232 351 fuit
2280 297 2579 367 discipulus
2607 299 2825 368 quidem
2861 300 3176 370 Marcionis,
3227 304 3322 359 sed
3349 307 3576 367 alterius

319 406 505 461 κίωνος
553 395 868 467 γνώριμος,
918 399 1013 451 καὶ
1056 398 1346 469 γενόμενος
1405 398 1596 469 ἑτέρας
1646 395 1906 467 αἱρέσεως

325 487 448 558 παρ’
471 487 677 538 ἐκεῖνον
701 486 854 556 πατὴ
864 503 915 557 ρ,
948 486 1159 539 ἀθετεῖν
1192 485 1512 557 βουλόμενος
1548 486 1623 548 ὼς
1649 485 1749 555 οὐχ
1775 483 1905 552 ἅγια

323 576 393 631 τὰ
416 578 695 642 Μωῦσέως
742 580 1173 653 συγγράμματα,
1202 580 1360 634 τοῦτο
1403 580 1757 650 ἐπαπορήσας
1787 580 1906 631 ἐπι-

327 668 500 742 φέρει,
532 670 614 733 τὺ,
658 671 881 743 Ψευδὴς
906 674 1014 745 ἄρα
1044 676 1072 727 ὁ
1115 672 1311 744 μῦθοςο
1343 673 1443 726 οὐκ
1477 670 1586 743 ἄρα
1618 673 1682 724 ὲκ
1710 670 1843 724 Θεοῦ
1871 673 1904 742 ἡ

329 762 557 833 Γραφήο
615 762 691 834 μὴ
746 763 946 817 συνιὼν
995 764 1267 828 ποδαποὺς
1300 764 1643 836 τριακοσίους
1688 764 1901 833 πήχεις,

330 854 425 904 xui.
465 853 742 917 ποδαποὺς
788 855 1146 925 πεντήκοντα,
1203 853 1466 926 πηλίκους
1508 869 1569 906 τε
1615 853 1906 924 τριάκοντα

325 944 611 1017 ὠνόμασεν
639 947 734 999 ἐπὶ
776 946 879 1018 τῆς
904 948 1245 1019 κατασκευῆς
1292 949 1390 1019 τῆς
1420 946 1657 1001 κιϐωτοῦ
1694 950 1726 1018 ή
1759 949 1903 1020 Γρα-

328 1038 428 1109 φή.
477 1038 788 1109 Ἑμάθομεν
845 1039 904 1093 δὲ
952 1042 1115 1111 ἡμεῖς
1159 1040 1267 1095 ἀπό
1309 1059 1453 1105 τινος
1488 1040 1598 1094 τῶν
1644 1043 1773 1114 παρ’
1822 1043 1906 1094 Έ-

327 1128 542 1201 6ραίοις
564 1130 885 1202 ἐλλογίμων,
909 1132 986 1195 ὡς
1017 1131 1124 1200 ἄρα
1152 1133 1201 1184 οἱ
1228 1134 1524 1205 τριακόσιοι
1556 1135 1748 1205 πήχεις
1776 1134 1906 1188 ὠνο-

333 1221 643 1293 μάσθησαν,
675 1222 752 1286 ὡς
778 1224 827 1276 οἱ
857 1222 1178 1294 καλούμενοι
1225 1226 1377 1297 παρὰ
1422 1228 1537 1290 τοῖς
1564 1228 1905 1298 γεωμέτραις

324 1312 557 1383 δύναμις
579 1313 676 1365 τοῦ
703 1313 812 1366 ἀπὸ
835 1314 928 1367 τοῦ
958 1315 1279 1388 τριακοστοῦ
1314 1316 1661 1388 τετραγώνου
1681 1335 1696 1349 ’
1726 1318 1802 1381 ὡς
1828 1314 1906 1371 εῖ-

325 1420 418 1455 ναι
443 1405 573 1467 τοὺς
598 1404 903 1476 ἡμετέρους
944 1405 1138 1477 πήχεις
1183 1403 1277 1458 τοῦ
1314 1406 1523 1477 μήκους
1566 1406 1625 1459 ὲν
1647 1405 1724 1478 τῷ
1755 1408 1906 1462 κάτω

325 1495 574 1565 ἐπιπέδῳ
602 1496 760 1549 ὲννέα
796 1495 1093 1566 μυριάδας
1125 1496 1267 1550 οὕτω
1298 1496 1355 1549 δὲ
1387 1498 1480 1550 καὶ
1523 1496 1615 1551 τοῦ
1650 1498 1900 1564 πλάτους,

321 1586 590 1656 δισχιλίας
605 1588 983 1653 πεντακοσίας,
1003 1587 1206 1642 καὶτοῦ
1225 1587 1409 1659 ὕψους,
1433 1590 1744 1655 ὲννακοσίας
1765 1590 1898 1663 (76)·

324 1680 438 1732 Καὶ
463 1678 576 1750 γὰρ
602 1680 742 1733 πάνυ
790 1678 856 1733 ἂν
898 1681 986 1748 εἴη
1030 1678 1376 1734 ἀτοπώτατον
1407 1681 1500 1734 τὸν
1545 1681 1899 1737 παιδευθέντα

325 1774 481 1843 πάσῃ
514 1773 677 1844 σοφίᾳ
703 1772 1018 1841 Αἰγυπτίων
1044 1773 1152 1826 τῶν
1180 1775 1711 1846 γεωμετρικωτάτων
1744 1776 1899 1846 μάλι-

327 1880 454 1927 στα,
482 1864 577 1915 καὶ
610 1863 667 1914 ἐν
690 1862 825 1932 οἴκῳ
873 1861 1135 1932 βασιλέως
1163 1863 1558 1934 ἀνατραφέντα,
1591 1864 1663 1935 μὴ
1697 1883 1896 1918 συνεω-

329 1951 577 2023 ρακέναι,
621 1952 704 2005 ὅτι
732 1953 781 2005 οἱ
825 1952 1129 2024 κοινότερον
1168 1951 1447 2023 νοηθέντες
1477 1954 1776 2023 τριακόσιοι
1802 1954 1895 2009 τοῦ

330 2045 558 2114 μήκους,
595 2045 688 2097 καὶ
712 2044 1051 2114 πεντήκοντα
1079 2044 1172 2096 τοῦ
1197 2043 1450 2108 πλάτους,
1485 2046 1579 2099 καὶ¹
1608 2046 1898 2116 τριάκοντα

326 2135 423 2187 τοῦ
450 2136 642 2205 ὕψους,
692 2136 815 2189 οὐδὲ
845 2135 1142 2205 ἐλέφαντας
1190 2136 1472 2210 ἐχώρησαν
1504 2137 1570 2192 ἂν
1612 2139 1752 2209 τάχα
1798 2157 1899 2193 που

325 2227 620 2300 τέσσαρας,
648 2228 744 2281 καὶ
759 2229 859 2292 τὰς
883 2228 1086 2295 τούτων
1108 2230 1199 2283 ἐπὶ
1222 2230 1465 2284 ἐνιαυτὸν
1485 2230 1711 2301 τροφὰς,
1736 2249 1903 2303 προσ-

224 2375 235 2381 _
323 2318 585 2386 τάξαντος
609 2319 704 2374 τοῦ
729 2320 866 2374 Θεοῦ
897 2320 992 2374 δύο
1022 2319 1115 2373 δύο
1151 2321 1258 2374 ἀπὸ
1279 2321 1387 2376 τῶν
1426 2323 1752 2395 ἀκαθάρτων
1791 2326 1899 2378 εἰσ⁹

324 2412 581 2485 έρχεσθαι
630 2412 786 2478 ζώων
832 2413 915 2477 είς
960 2413 1058 2484 τὴν
1109 2412 1360 2467 κιϐωτόν.
1416 2414 1479 2468 Et
1510 2414 1567 2468 δὲ
1613 2415 1740 2487 χρὴ,
1808 2416 1901 2468 ἐπὶ

2010 390 2280 445 haereseos
2306 392 2499 461 magis,
2530 408 2690 463 quam
2714 393 2829 462 ejus
2856 410 3017 464 quam
3048 411 3077 450 a
3105 398 3364 467 magistro
3392 416 3575 459 susce-

2007 482 2106 548 pit,
2137 482 2406 538 inventor.
2447 481 2500 536 ls
2554 498 2685 555 ergo
2731 485 2858 539 dum
2890 488 3170 556 assignare
3194 489 3346 559 Cupit
3371 493 3574 563 scripta
3602 548 3609 556 ,

2005 571 2177 642 Moysi
2213 574 2352 627 nihil
2401 574 2455 627 in
2506 589 2564 629 se
2612 576 2806 630 divina:
2862 579 3159 646 sapientia},
3192 582 3299 652 62
3329 584 3576 656 nihilque

2006 666 2190 735 aperis
2240 667 2418 720 sancti
2455 667 2701 736 Spiritus
2723 669 3026 736 continere,
3061 684 3356 742 exaggerat
3385 677 3574 745 hujus-

2007 758 2151 812 modi
2183 758 2349 826 dicta,
2402 769 2456 812 et
2488 760 2617 814 dicit
2660 760 2806 815 nullo
2843 762 3001 816 modo
3033 763 3152 818 fieri
3201 767 3468 834 potuisse,
3515 777 3576 822 ut

2009 860 2116 903 tam
2152 851 2317 906 breve
2348 853 2579 920 spatium
2614 862 2691 909 tot
2721 856 3028 911 animalium
3054 873 3249 927 genera
3281 874 3576 929 eorumque

2007 943 2178 1010 cibos,
2216 944 2305 1012 qui
2339 960 2436 1014 per
2468 953 2634 999 totum
2665 961 2863 1001 annum
2900 948 3229 1018 sufﬁcerent,
3259 966 3453 1021 capere
3479 968 3575 1022 po-

2005 1037 2218 1091 tuisset.
2258 1036 2393 1092 Cum
2443 1039 2586 1093 enim
2620 1040 2743 1094 bina
2778 1050 2832 1095 et
2865 1041 2990 1096 bina
3039 1058 3103 1097 ex
3138 1043 3430 1097 immundis
3457 1044 3577 1099 ani-

2009 1127 2260 1192 malibus,
2292 1128 2399 1182 hoc
2440 1138 2524 1183 est
2553 1130 2665 1184 bini
2696 1131 2920 1186 masculi
2955 1142 3010 1187 et
3038 1132 3179 1188 bina:
3207 1132 3420 1188 feminae
3449 1135 3578 1205 (hoc

2006 1220 2148 1272 enim
2179 1220 2383 1275 indicat
2414 1236 2593 1276 sermo
2633 1222 2936 1293 repetitus,)
2972 1240 3039 1279 ex
3084 1227 3298 1280 mundis
3328 1241 3456 1280 vero
3487 1242 3578 1283 se-

2006 1317 2164 1376 plena
2195 1320 2249 1363 et
2275 1314 2675 1379 septena,quod
2707 1322 2791 1367 est
2813 1313 2960 1381 paria
2987 1323 3208 1383 septena
3238 1314 3373 1387 (77),
3406 1318 3459 1371 in
3490 1332 3577 1371 ar-

2005 1415 2122 1453 cam
2176 1401 2431 1455 dicantur
2480 1403 2722 1469 inducta,
2771 1407 3060 1473 quomodo,
3105 1407 3301 1476 inquit,
3332 1409 3446 1464 fieri
3480 1425 3577 1479 po-

2007 1491 2111 1544 tuit
2156 1492 2300 1546 istud
2329 1494 2591 1562 spatium,
2623 1494 2767 1562 quod
2801 1497 3061 1566 scriptum
3092 1508 3195 1563 est,
3255 1508 3315 1553 ut
3338 1511 3579 1569 quatuor

2003 1587 2194 1640 saltem
2224 1586 2373 1641 solos
2398 1586 2719 1655 elephantes
2745 1602 2940 1657 capere
2967 1591 3239 1658 potuerit?
3266 1590 3333 1644 Et
3369 1601 3577 1660 postea-

2005 1695 2168 1750 quam
2212 1695 2313 1750 per
2357 1679 2598 1749 singulas
2654 1682 2864 1750 species
2909 1681 3012 1735 hoc
3054 1683 3214 1738 modo
3244 1684 3571 1754 refragatur,

2006 1772 2156 1825 addit
2185 1786 2350 1841 super
2379 1771 2561 1825 omnia
2594 1771 2680 1826 his
2718 1772 2899 1826 verbis
2931 1789 2945 1825 :
2980 1771 3207 1827 Constat
3233 1789 3363 1844 ergo
3391 1776 3572 1833 fictam

2004 1878 2127 1918 esse
2153 1861 2419 1918 fabulam.
2460 1862 2615 1930 Quod
2646 1863 2690 1917 si
2724 1871 2828 1925 est,
2868 1872 3082 1918 constat
3114 1879 3217 1919 non
3248 1880 3370 1922 esse
3397 1882 3429 1924 a
3462 1870 3574 1923 Deo

2004 1955 2143 2009 hanc
2192 1955 2539 2023 scripturam.
2582 1955 2689 2010 Sed
2722 1956 2788 2009 ad
2818 1958 2931 2011 baac
2964 1970 3061 2009 nos
3092 1970 3211 2024 quae
3237 1971 3265 2009 a
3303 1961 3576 2027 prudenti-

2005 2047 2107 2102 bus
2134 2047 2288 2109 viris,
2338 2056 2393 2101 et
2424 2046 2812 2101 llebraicarum
2866 2046 3212 2101 traditionum
3243 2051 3445 2116 gnaris,
3489 2061 3575 2107 at-

2005 2155 2110 2209 que
2135 2156 2165 2193 a
2198 2140 2474 2194 veteribus
2504 2141 2777 2209 magistris
2826 2140 3129 2205 didicimus,
3171 2140 3236 2193 ad
3264 2140 3573 2196 auditorum

2006 2229 2255 2283 notitiam
2289 2228 2615 2285 deferemus.
2674 2228 2905 2284 Aiebant
2949 2244 3078 2299 ergo
3126 2230 3377 2299 majoies,
3430 2231 3574 2303 quod

2005 2323 2237 2390 Moyses,
2268 2323 2358 2391 qui
2391 2323 2474 2393 (ut
2511 2322 2578 2377 de
2607 2335 2672 2376 eo
2702 2320 2986 2390 Scriptura
3020 2325 3274 2394 testatur)
3302 2327 3448 2380 omni
3483 2342 3575 2381 sa-

2006 2417 2209 2488 pientia
2237 2415 2617 2486 Aﬁgyptiorum
2650 2414 2823 2470 fuerat
2854 2415 3118 2483 eruditus,
3161 2420 3453 2474 secundum
3485 2434 3574 2474 ar-

1711 2560 1964 2618 VERSIO
1995 2561 2206 2619 NOVA.

326 2671 600 2744 maliumt
626 2675 967 2744 maximeque
998 2674 1234 2744 Apelles,
1265 2675 1357 2744 qui
1392 2676 1533 2729 inter
1573 2674 1863 2732 familiares
1906 2675 2200 2731 Marcionis
2247 2675 2369 2742 fuit,
2419 2686 2475 2731 et
2528 2677 2753 2730 alterius
2809 2682 3000 2744 aucior
3041 2674 3334 2735 haereseos.
3377 2675 3478 2731 Hic
3515 2690 3574 2733 ut

325 2742 911 2814 )lnysisAScriptut-am
944 2754 1005 2799 ut
1029 2742 1248 2800 minime
1275 2742 1519 2800 Sanctam
1554 2747 1884 2811 traduceret,
1920 2748 2000 2801 sic
2039 2747 2337 2800 dubitantis
2373 2761 2525 2800 more
2573 2745 2841 2801 inferebat
2872 2762 2886 2798 :
2913 2742 3037 2800 Hzec
3065 2747 3310 2801 narratio
3343 2748 3572 2801 mendax

328 2826 385 2867 et
403 2812 661 2887 _fabulosa
688 2812 792 2878 est,
819 2830 948 2882 ergo
975 2816 1088 2887 haec
1120 2814 1401 2887 Scriptura
1430 2831 1538 2869 non
1568 2828 1650 2870 est
1671 2832 1736 2870 ex
1766 2817 1877 2871 Deo
1902 2835 1916 2871 :
1944 2832 2050 2870 non
2077 2817 2380 2887 intelligens
2409 2816 2565 2884 cujus
2593 2831 2860 2887 mensurze
2887 2816 3007 2869 illos
3031 2824 3301 2887 trecentos
3335 2816 3568 2883 cubilos,

328 2884 486 2955 cujus
515 2884 946 2953 quinquagenos,
983 2884 1139 2950 cujus
1165 2885 1407 2941 tricenos
1433 2887 1797 2940 nominaverit
1835 2887 1887 2940 in
1915 2883 2323 2942 constructione
2358 2883 2499 2942 arca:
2529 2886 2807 2955 Scriptura
2842 2901 3015 2939 sacra.
3059 2883 3166 2939 Nos
3206 2895 3382 2939 autem
3435 2887 3571 2941 didi-

326 2954 504 3007 cimus
532 2969 560 3005 a
582 2955 837 3023 quopiam
865 2969 930 3008 ex
962 2954 1310 3010 Hebraeorum
1343 2956 1689 3024 peritioribus
1721 2966 1998 3012 trecentos
2033 2958 2251 3012 cubitos
2279 2957 2450 3011 dictos
2477 2954 2830 3023 fuisse’pares
2860 2955 2963 3008 illis
2992 2970 3126 3023 quos
3154 2968 3445 3023 geometrae
3473 2973 3570 3012 vo-

327 3033 480 3088 cant,
510 3023 593 3096 vis
624 3024 1037 3096 quadrangulia
1060 3023 1540 3096 _tricesimo’ducti,
1572 3026 1646 3079 ita
1681 3033 1739 3080 ut
1762 3026 1816 3080 in
1850 3043 1956 3081 uno
1985 3027 2226 3082 tabulato
2259 3028 2462 3082 fuerint
2502 3027 2791 3096 nonaginta
2820 3025 2981 3077 millia
3015 3026 3316 3079 cubitorum
3349 3036 3567 3082 nostro-

328 3109 476 3157 rum,
513 3094 878 3164 similiterque
898 3095 950 3147 in
982 3094 1268 3150 latitudine
1295 3096 1403 3149 duo
1434 3095 1578 3149 mille
1606 3097 1887 3164 quingenti
1919 3097 2087 3152 cubiti
2122 3108 2173 3150 et
2204 3100 2255 3152 in
2283 3098 2569 3151 altitudine
2597 3094 2873 3164 nongenti.
2914 3096 3377 3148 Absurdissimum
3412 3111 3569 3150 nam-

325 3178 437 3237 que
460 3175 611 3237 esset
637 3180 759 3237 eum
791 3163 885 3233 qui
916 3165 1159 3237 eruditus
1193 3165 1468 3237 fueratiin
1503 3163 1650 3220 omni
1679 3163 1943 3234 sapientia
1974 3166 2355 3237 Egyptiorum
2386 3163 2741 3237 geometrica;
2763 3165 3236 3237 peritissimorum
3262 3165 3566 3230 hominum,

325 3233 530 3307 quique
562 3234 615 3286 in
638 3235 843 3307 :edihus
872 3235 1328 3307 regiis‘educatus
1374 3234 1574 3299 fuerat,
1612 3252 1719 3291 non
1748 3238 1945 3292 vidisse
1975 3233 2246 3293 trecentos
2280 3233 2631 3307 longitudinis
2661 3234 2899 3299 cubitos,
2946 3234 3335 3307 quinquaginta
3374 3238 3567 3290 latitu-

324 3303 495 3377 dinis,
525 3313 581 3358 et
610 3305 834 3377 triginta
869 3304 1169 3377 altitudinis
1200 3306 1407 3377 vulgari
1448 3321 1598 3360 more
1625 3316 1899 3376 acceptos,
1948 3324 2013 3361 ne
2040 3316 2269 3376 quatuor
2306 3303 2524 3377 quidem
2557 3306 2878 3377 elephantos
2933 3320 3128 3377 capere
3162 3305 3405 3377 potuisse
3440 3323 3564 3361 cum

327 3372 591 3446 alimento
620 3375 686 3426 ad
713 3389 924 3446 annum
952 3374 1238 3446 suilicienti
1270 3372 2214 3446 :'qnandoquidetmpraecepit'Deus
2246 3388 2303 3430 ut
2326 3372 2453 3430 bina
2503 3376 2624 3430 bina
2646 3372 2659 3374 “
2681 3390 2747 3428 ex
2805 3375 3101 3429 immundis
3144 3372 3468 3429 animalibus
3511 3378 3565 3431 in

329 3456 520 3517 arcam
541 3444 966 3517 ingrederentur.
1006 3444 1158 3517 Quod
1185 3444 1906 3517 si_ut'clarins’inlelligatur
1949 3444 2076 3501 illud
2115 3468 2128 3502 :
2162 3448 2225 3501 In
2257 3457 2535 3517 augustum
2574 3446 2765 3500 sensim
2805 3447 3007 3513 redige:
3036 3461 3238 3517 (ii-cam,
3265 3448 3389 3517 etin
3422 3448 3570 3500 cubi-

331 3521 443 3587 ium
469 3513 701 3587 absolves
740 3514 912 3587 illam,
964 3515 1249 3587 architecti
1298 3530 1451 3570 more
1479 3530 1622 3571 arcae
1654 3513 1827 3570 forma
1855 3519 1926 3572 sit
1952 3520 2295 3585 exponenda,
2331 3513 2463 3587 'age,
2507 3518 2583 3571 ita
2626 3530 2987 3583 exponamus.
3031 3513 3219 3587 Cogita
3250 3514 3381 3569 mihi
3425 3533 3569 3573 arca:

334 3583 501 3637 imam
554 3583 971 3653 longitudinem,
1022 3586 1317 3640 secundum
1364 3601 1527 3655 supra
1571 3598 1925 3642 memoratam
1979 3583 2087 3641 vim
2123 3605 2242 3641 esse
2279 3583 2647 3641 trecentorum
2696 3586 3028 3647 cubitorum,
3063 3586 3411 3640 latitudinem
3440 3602 3569 3643 vero

400 3724 513 3796 (76)
555 3724 883 3796 Ἐμάθομεν
1031 3727 1410 3794 ἐννακοσίας.
1473 3727 1632 3784 Hunc
1671 3737 1890 3784 contex-

2006 3747 2091 3784 sas
2131 3730 2293 3784 fuisse
2335 3731 2402 3782 ab
2447 3726 2887 3781 amanuensibus.
2953 3724 3025 3778 Ea
3060 3724 3332 3796 enim__vis
3375 3735 3459 3779 est
3486 3728 3572 3782 vel

332 3803 446 3867 tum
477 3805 684 3867 attente
713 3802 761 3851 si
800 3799 1113 3853 consideres
1142 3800 1501 3867 conferasquc
1529 3815 1650 3859 cum
1683 3800 1788 3853 alio
1821 3801 1898 3854 si-

332 3866 443 3918 mili
493 3866 748 3937 Origenis
799 3879 1059 3922 contexm
1113 3883 1144 3923 e
1196 3869 1291 3923 lib.
1318 3884 1372 3923 tv
1414 3866 1623 3922 Contra
1666 3868 1898 3932 Celsum,

332 3950 483 4010 nun].
508 3936 754 4010 ἅμμος.
778 3937 930 4010 555..
956 3938 1046 4010 qui
1099 3939 1170 3993 ita
1204 3953 1262 3992 se
1317 3937 1476 4010 habet
1523 3956 1536 3991 :
1580 3938 1705 4002 Πῶς
1731 3939 1899 4010 δὀὐχὶ

333 4005 549 4083 ι.ιιᾷ.λλον⁸
567 4004 877 4083 θαυμαστὸν
900 4004 1055 4083 ἦντρ
1085 4008 1530 4083 κατασκεύασμα-
1546 4010 1649 4083 καὶΔ
1670 4004 1899 4083 μεγίστῂ

329 4075 484 4151 πόλει
533 4075 738 4151 ἐοικός
787 4077 877 4149 Τῷ
924 4075 1145 4151 δυνάμει
1171 4075 1449 4151 *λέγεσθαι
1477 4079 1546 4151 τά
1585 4075 1789 4151 μέτραέ
1824 4075 1898 4144 ώξ

329 4148 488 4220 ἐννέα
508 4148 618 4220 μὲν
666 4145 805 4220 εἶναι
839 4145 1109 4220 μυριάδων
1137 4148 1196 4202 τὸ
1227 4145 1397 4220 μῆκος
1422 4150 1563 4202 κατὰ
1587 4145 1698 4219 τὴν
1722 4149 1897 4220 βάσιν,

329 4219 473 4272 κατὰ
499 4219 559 4271 δὲ
582 4219 642 4271 τὺ
666 4219 865 4282 πλάτος
890 4219 1160 4289 δισχιλίων
1197 4219 1584 4273 πεντακοσίων.
1620 4238 1639 4270 ι
1665 4219 1901 4286 Qttonm-

331 4291 401 4343 do
426 4305 534 4342 non
567 4290 896 4360 admiranda
931 4288 1106 4360 potius
1151 4301 1235 4344 est
1284 4290 1373 4344 illa
1402 4300 1681 4360 structura
1713 4288 1897 4360 (arcae)

331 4361 588 4413 maritum
616 4360 731 4414 urbi
764 4359 992 4414 similis?
1041 4360 1138 4414 Hic
1163 4360 1306 4414 enim
1354 4360 1414 4413 ﬁt
1444 4374 1624 4413 sermo
1653 4359 1721 4413 de
1747 4359 1898 4413 men—

332 4431 480 4483 suris
519 4430 699 4498 quoad
740 4438 1060 4499 potestatem
1111 4447 1125 4483 :
1175 4429 1250 4483 ita
1282 4441 1342 4484 ut
1374 4430 1517 4484 basis
1550 4429 1708 4498 longa
1738 4428 1901 4483 luerit

332 4500 627 4567 nonaginta
660 4500 824 4553 millia
854 4501 1181 4566 cubitorum,
1211 4499 1315 4553 lata
1346 4511 1528 4553 autem
1556 4499 1639 4553 bis
1674 4499 1819 4552 mille
1848 4509 1902 4551 et

332 4571 660 4639 quingentos
684 4571 915 4628 cubitos,
941 4569 1073 4627 »ΡΙ-ο
1091 4571 1174 4623 his
1199 4571 1395 4635 verbis,
1424 4569 1652 4639 δύναμις
1669 4568 1764 4639 τοῦ
1792 4568 1901 4622 ἀπὸ

331 4639 782 4712 τοῦγτριακοστοῦ
809 4641 1171 4712 τετραγώνου,
1203 4640 1327 4712 (vis
1348 4638 1701 4712 quadranguli
1737 4657 1765 4712 ξι
1800 4642 1899 4712 tri_—

335 4708 538 4764 cesinio
569 4711 739 4773 ducti,
767 4730 786 4762 ι
822 4708 1099 4780 legendum
1154 4711 1362 4763 videtur
1395 4709 1623 4780 δύναμις
1666 4708 1763 4780 τοῦ
1792 4708 1901 4762 ἀπὸ

335 4780 426 4833 τοῦ
458 4780 773 4852 τριακοσίου
800 4777 1162 4852 τετραγώνου,
1193 4798 1212 4830 ι
1238 4780 1321 4833 vis
1349 4777 1698 4852 quadranguli
1735 4794 1764 4831 a
1801 4788 1904 4832 trc-

337 4848 637 4905 centeSiIno
665 4852 833 4916 ducti,
859 4870 879 4903 ι
900 4848 1000 4903 ’νει
1049 4849 1272 4920 δύναμις
1296 4849 1389 4903 τοῦ
1417 4850 1524 4903 ἀπὸ
1537 4848 1644 4920 ῃτοῦ
1679 4865 1902 4920 τριακο-

336 4921 472 4985 σίου,
521 4921 618 4993 καὶ
664 4920 1051 4993 πεντηκοστοῦ,
1108 4917 1204 4974 καὶ
1245 4918 1563 4993 τριακοστοῦ
1624 4917 1899 4993 τετραγώ-

335 5009 445 5055 νου,
487 5011 508 5043 ι
537 4992 619 5045 vis
663 4990 1013 5061 quadranguli
1064 5006 1095 5044 a
1141 4990 1540 5061 trecentesimo,
1579 5000 1633 5044 et
1674 5004 1704 5042 a
1734 4990 1899 5061 quin-

337 5063 884 5152 quagesitnokatque.
908 5059 939 5116 a
991 5061 1268 5152 trigesimo
1303 5059 1635 5115 ducti.oCum
1663 5059 1894 5152 e'nimlea
1935 5098 1974 5152 Β

337 5130 486 5189 metis
537 5132 615 5188 s-it
666 5130 937 5199 Origenis,
962 5141 1023 5185 ut
1066 5145 1335 5185 mensura:
1379 5145 1537 5194 arcze,
1573 5130 1760 5199 quales
1806 5131 1898 5183 de-

337 5205 651 5259 scribuntur
681 5203 731 5256 iu
763 5199 978 5264 Genesi,
1035 5215 1141 5255 non
1197 5200 1490 5269 vulgariter
1517 5216 1611 5254 seu
1644 5201 1711 5252 ad
1744 5199 1896 5269 litte-

338 5289 467 5338 ram,
495 5275 592 5330 sed
612 5272 766 5340 juxta
799 5271 906 5325 vim
938 5270 1021 5325 vel
1056 5268 1375 5338 potestatem
1420 5268 1783 5340 quadranguli
1804 5285 1900 5323 ac-

334 5338 628 5413 cipiantur,
651 5342 738 5397 vel
788 5342 1071 5413 legendum
1101 5342 1209 5396 erit
1238 5340 1601 5413 τριᾳιςοσίυᾼυ,
1647 5338 1787 5407 quod
1818 5348 1902 5392 est

333 5410 571 5482 potestas
599 5412 956 5485 longitudinis
975 5424 1145 5485 _arcaa,
1192 5411 1275 5463 vel
1310 5410 1586 5485 si_l_ege_t_'is_
1610 5420 1890 5475 τριακοσ-

327 5478 451 5553 ἓοῦ,
486 5487 596 5541 erit
647 5478 1022 5555 tantummodo
1052 5489 1292 5555 potestas
1319 5478 1640 5544 altitudinis,
1685 5488 1741 5532 et
1771 5492 1899 5555 sup-

323 5550 630 5625 ponendum
680 5554 791 5607 erit
837 5566 1000 5625 voces
1034 5550 1355 5625 _cptatxosiou
1382 5559 1469 5625 _et_
1505 5550 1894 5625 πεντηκοστοῦ,

322 5619 576 5696 quodest
619 5633 875 5697 potestas
904 5619 1250 5693 longitudinis
1276 5630 1330 5675 et
1380 5619 1701 5685 latitudinis,
1731 5619 1896 5675 omis-

2008 3812 2244 3869 pntestas
2274 3798 2648 3869 quadranguli,
2687 3798 2728 3869 si
2765 3796 2972 3848 numeri
3021 3794 3444 3869 multiplicemur
3474 3814 3569 3869 per

2006 3864 2344 3939 sentietilisos.
2408 3864 2576 3922 Porro
2606 3868 2653 3939 si
2689 3867 2766 3921 sic
2821 3865 3046 3918 trecenti
3078 3865 3243 3917 cubiti
3279 3864 3571 3933 longitudi-

2007 3941 2090 3994 nis
2132 3958 2272 3994 arcu:
2321 3956 2416 4008 per
2461 3938 2709 4008 eumdem
2767 3950 3050 4008 numerum
3107 3944 3567 4004 trecentesunum,

2005 4022 2059 4066 et
2115 4005 2505 4080 quinquaginta
2560 4007 2738 4080 cubiti
2784 4005 3087 4080 latitudinis
3130 4019 3232 4080 per
3281 4021 3564 4080 numerum

2005 4075 2528 4151 quinquagesimum,
2578 4087 2632 4130 et
2678 4075 3089 4151 trigintacubiti
3143 4075 3442 4151 aititudinis
3474 4092 3573 4151 per

2007 4144 2290 4205 numerum
2321 4148 2649 4216 trigesimum
2687 4145 3124 4216 multiplicantur,
3159 4144 3366 4216 dabunt
3393 4146 3569 4200 90000

2007 4221 2214 4275 cubitos
2261 4215 2627 4287 longitudinis,
2676 4215 2817 4269 2500
2865 4215 3275 4287 latitudinistet
3311 4215 3412 4268 900
3442 4217 3569 4268 alti-

2009 4291 2227 4353 tudinis,
2275 4282 2417 4359 quod
2474 4295 2658 4359 aperte
2707 4285 3141 4359 exprimitipse
3184 4282 3475 4359 Origenes
3514 4287 3565 4359 in

2008 4371 2236 4428 utroque
2264 4354 2541 4414 contextu.
2581 4356 2675 4410 His
2706 4354 3085 4428 ita’expositis,
3120 4354 3275 4407 facile
3311 4355 3567 4425 intelligi-

2007 4441 2094 4484 tur
2141 4427 2413 4499 quomodo
2466 4429 2662 4481 dixerit
2726 4427 2990 4499 Origenes
3048 4437 3188 4479 arca:
3237 4434 3566 4499 structuram

2009 4496 2249 4555 maxime
2279 4500 2396 4553 urbi
2423 4499 2672 4553 similem.
2723 4498 2833 4550 lmo
2860 4512 2959 4550 nec
2989 4505 3094 4549 tam
3142 4496 3319 4562 ampla
3348 4496 3567 4563 quidem

2006 4587 2231 4640 usquam
2269 4569 2480 4624 exsmit
2530 4569 2680 4623 urbs.
2735 4567 2878 4640 Pone
2923 4567 3064 4618 enim
3092 4564 3333 4640 cubitum
3381 4581 3447 4618 rx
3478 4567 3570 4620 de-

2006 4637 2123 4695 cem
2172 4650 2231 4695 et
2260 4651 2384 4695 octo
2422 4648 2627 4692 tantum
2670 4637 2949 4706 pollicibus
2983 4645 3236 4689 constare
3266 4638 3445 4706 (quem
3483 4647 3568 4688 ta-

2008 4726 2130 4765 men
2182 4711 2247 4765 ll.
2280 4713 2342 4764 Ρ.
2374 4708 2528 4763 Lami
2577 4704 2769 4776 viginti
2826 4708 3112 4774 pollicibus
3159 4708 3298 4773 apud
3353 4704 3569 4760 Judwos

2006 4781 2312 4836 constitisse
2343 4781 2542 4847 docet).
2577 4778 2752 4832 90000
2785 4777 2954 4831 cubiti
2986 4776 3331 4845 longitudinis
3362 4780 3566 4828 consti-

2010 4861 2160 4904 tuent
2191 4866 2371 4905 arcam
2398 4850 2606 4904 155000
2632 4852 2826 4918 pedum
2859 4857 3166 4901 nostrorum
3196 4847 3428 4918 longam,
3453 4847 3569 4900 sive

2004 4921 2181 4975 27000
2234 4935 2491 4991 passuum
2542 4915 3018 4991 geometricorum,
3053 4915 3324 4991 _videlicet
3376 4930 3568 4991 novem

2009 4986 2281 5046 lcucaruin
2319 5007 2385 5045 ex
2433 4986 2605 5044 tribus
2640 4988 2877 5045 millibus
2919 4988 3170 5057 passibus
3219 4986 3567 5053 geometricis

2007 5067 2392 5116 constantium.
2437 5063 2587 5125 Quod
2623 5076 2751 5114 sane
2788 5072 2853 5111 ne
2904 5056 3193 5110 verisimile
3213 5058 3428 5123 quidem
3459 5069 3566 5110 est.

2006 5132 2110 5186 Sed
2157 5136 2291 5187 satis
2340 5133 2590 5186 habuisse
2642 5132 2852 5184 videtur
2903 5127 3167 5198 Origenes
3215 5130 3257 5178 si
3310 5126 3463 5181 Celso
3513 5136 3569 5180 et

2001 5203 2172 5270 Apelli
2230 5217 2412 5256 arcam
2463 5202 2820 5255 irridentibus
2869 5209 3141 5265 utcunque
3192 5204 3564 5270 respondere}.

2005 5266 2151 5327 llltnc
2178 5272 2612 5327 observationem
2650 5270 2803 5325 nobis
2848 5271 3257 5337 suppeditarunt
3310 5268 3423 5321 ltlt.
3459 5266 3568 5337 ΡΒ.

2001 5343 2292 5397 Societatis
2339 5340 2466 5396 Jcsu
2503 5342 2555 5393 in
2611 5358 2710 5396 suo
2754 5336 3315 5396 Diariol‘revoliicnsi
3367 5336 3571 5393 mensis

2001 5413 2317 5468 Decembris
2350 5412 2477 5466 anni
2506 5411 2661 5475 1740,
2696 5428 2818 5481 pag.
2844 5408 3008 5464 2555.

2072 5482 2184 5556 (Π)
2223 5482 2373 5556 Quod
2398 5492 2495 5548 est,
2534 5477 2958 5556 paria'se'ptena.
3020 5477 3146 5533 Haec
3178 5493 3297 5549 qua:
3326 5479 3377 5532 in
3407 5484 3569 5533 antea

2001 5552 2173 5610 editis"
2195 5554 2398 5611 omissa
2432 5563 2582 5621 sunt,
2616 5552 2931 5623 supplentur
2956 5564 2988 5605 e
3014 5563 3149 5604 mss.
