4050 6142
500 185 602 241 167

1946 179 2270 237 ORIGENIS

3636 179 3738 238 188

503 313 609 358 tem
634 303 1038 370 geometricam,
1068 317 1230 372 quam
1260 303 1532 371 praecipue
1564 300 1806 372 Egyptii
1845 301 2063 368 callent,

2169 302 2263 355 τοῦ
2281 304 2598 375 τρανότερον
2615 303 2805 375 νοῆσαι
2822 302 2903 368 τὸ,
2921 300 3303 372 ἐπισυιοάγων
3326 299 3598 368 ποιήσεις
3623 302 3741 371 τὴν

499 393 805 447 cubitorum
835 406 1119 445 numerum
1155 393 1208 445 in
1242 393 1344 447 hoc
1376 393 1493 447 loco
1520 394 1718 463 posuit.
1755 393 1912 462 Apud
1940 409 2071 464 geo-

500 492 705 539 metras
754 482 865 552 (78)
911 483 1054 535 enim
1097 484 1399 537 secundum
1443 500 1563 537 eam
1612 485 1900 548 ratiunem,
1950 499 2071 554 quae

498 576 644 640 apud
672 589 767 629 eos
798 576 972 631 virtus
1002 588 1252 641 vocatur,
1281 591 1347 630 ex
1381 576 1556 631 solido
1588 585 1642 630 et
1687 577 1955 645 quadrato
1987 576 2070 631 vel

456 720 461 733 λ
499 666 554 718 in
604 680 699 719 sex
731 665 943 720 cubitos
996 682 1135 719 unus
1180 667 1474 734 deputatur
1511 666 1556 720 si
1602 666 1947 736 generaliter,
1983 665 2070 721 vel

452 744 457 821 ξ
499 764 774 810 trecentos
816 757 860 810 si
894 757 1200 810 minutatim
1236 758 1554 811 deducatur.
1596 756 1725 823 Qua:
1761 757 1944 826 utique
1981 770 2073 809 ra-

502 847 579 901 tio
608 848 652 901 si
686 848 1029 908 observetur,
1060 848 1111 901 in
1142 847 1303 916 hujus
1334 861 1477 901 arca:
1503 862 1756 901 mensura
1792 847 2070 902 invenien-

501 951 589 994 tur
616 949 671 994 et
701 940 1051 1010 longitudinis
1098 948 1155 994 et
1186 941 1485 995 latitudinis
1532 950 1680 995 tanta
1717 941 1916 1008 spatia,
1949 954 2069 1008 quae

496 1049 626 1089 vere
659 1035 824 1089 totius
859 1034 1043 1087 mundi
1082 1034 1379 1103 reparanda
1414 1034 1657 1104 germina
1690 1043 1745 1087 et
1788 1033 2070 1087 universo-

500 1141 620 1179 rum
673 1126 1032 1178 animantium
1080 1139 1278 1194 capere
1324 1125 1563 1179 rediviva
1612 1124 1720 1195 63
1768 1124 2066 1178 seminaria

500 1217 796 1284 potuerint.
863 1214 1008 1280 llaec,
1040 1224 1299 1284 quantum
1332 1216 1397 1269 ad
1428 1215 1665 1269 historia:
1711 1216 1947 1284 pertinet
1974 1229 2064 1268 ra-

500 1307 724 1370 tionem,
778 1308 1062 1360 adversnm
1104 1320 1198 1360 eos
1248 1306 1390 1359 dicta
1427 1305 1555 1369 sint,
1606 1306 1697 1375 qui
1750 1307 2067 1376 impugnare

499 1399 799 1465 scripturas
850 1397 1061 1452 Veteris
1117 1397 1448 1450 Testamenti
1497 1397 1762 1463 nituntur,
1811 1407 2062 1466 tanquam

500 1489 855 1558 impossibilia
904 1489 1150 1559 quaedam
1215 1498 1270 1544 et
1322 1487 1717 1544 irrationabilia
1776 1490 2065 1544 continen-

501 1591 602 1636 tes.

2172 391 2438 452 κιϐωτὸν,
2467 394 2563 446 καὶ
2593 396 2679 459 εὶς
2710 393 2919 464 πῆχυν
2951 391 3341 457 συντελέσας
3367 389 3561 457 αὐτὴν
3589 389 3743 442 ἄνω-

2171 482 2296 544 θεν,
2315 480 2566 534 ἐκθέσθαι
2585 483 2676 535 τὸν
2690 483 2850 535 οἱονεὶ
2866 482 3302 553 ὰρχιτεκτονικὸν
3318 480 3555 552 περὶτῆς
3571 479 3738 532 κιϐω-

2168 571 2263 624 τοῦ
2303 572 2477 639 λόγον,
2512 573 2665 645 φέρε,
2708 574 2783 637 ὡς
2816 573 3207 626 ὑποπέπτωκεν
3248 574 3399 643 ἡμῖν,
3441 570 3535 623 καὶ
3562 586 3739 641 μεμα-

2170 661 2438 734 θήκαμεν,
2468 663 2628 718 αὐτὸν
2660 663 2966 735 ὲκθώμεθα.
3006 665 3136 717 Νόει
3166 681 3252 733 μοι
3275 662 3601 734 τριακοσίων
3631 678 3739 731 πη-

2169 752 2310 823 χέων
2352 754 2462 808 τῶν
2503 757 2805 826 εἰρημένων
2834 756 2974 811 κατὰ
3016 756 3113 828 τὴν
3145 756 3482 827 καλουμένην
3511 753 3739 824 δύναμιν

2170 841 2307 899 εἶναι
2349 847 2645 900 κατωτάτω
2689 849 2750 901 τὺ
2789 849 2887 919 τῆς
2912 847 3141 901 κιϐωτοῦ
3174 848 3366 919 μῆκος,
3413 846 3509 900 καὶ
3541 848 3741 915 πεντή-

2172 952 2335 991 κοντα
2368 938 2600 1002 πλάτοςο
2652 936 2769 993 εἶτα
2816 939 2956 994 κατὰ
2981 939 3159 1009 πῆχυν
3198 936 3615 1005 ὲπισυνάγεσθαι
3641 934 3739 988 τοῦ

2176 1026 2277 1097 μὲν
2314 1028 2517 1097 μήκους
2561 1028 2692 1082 δέκα
2742 1030 2956 1100 πήχεις,
2986 1031 3080 1083 τοῦ
3133 1030 3190 1083 δὲ
3232 1029 3495 1092 πλάτους,
3523 1028 3621 1081 ἕνα
3661 1027 3742 1079 δί-

2174 1136 2360 1191 μοιρον
2386 1137 2403 1154 ο
2433 1120 2572 1174 ὥστε
2596 1120 2841 1188 γενέσθαι
2861 1122 2951 1176 τὸν
2983 1121 3300 1195 τριακοστὸν
3321 1120 3413 1174 τοῦ
3437 1120 3601 1189 ὕψους
3631 1118 3741 1188 πῆ-

2169 1228 2291 1281 χυν,
2319 1211 2450 1265 δέκα
2486 1213 2584 1283 μὲν
2608 1213 2702 1266 τοῦ
2744 1214 2972 1285 μήκους,
3004 1213 3119 1277 ἐνὸς
3152 1215 3209 1268 δὲ
3236 1213 3330 1267 καὶ
3369 1212 3608 1284 διμοίρου
3640 1212 3737 1264 τοῦ

2169 1301 2406 1365 πλάτους
2425 1319 2438 1333 ο
2469 1303 2589 1356 εἶτα
2638 1303 2774 1374 μετὰ
2814 1304 2972 1357 τοῦτο
3019 1302 3428 1374 συντελεσθῆναι
3452 1304 3528 1366 εἰς
3560 1302 3740 1371 πῆχυν

2166 1397 2267 1467 τὴν
2300 1396 2733 1467 ἐπισυναγωγὴν.
2774 1397 2837 1449 Ei
2869 1397 2925 1449 δέ
2952 1413 3029 1467 τῳ
3060 1395 3229 1467 βιαίος
3256 1392 3392 1449 εἶναι
3426 1395 3549 1468 δόξῃ
3575 1395 3603 1445 ὁ
3631 1394 3738 1464 πῆ-

2167 1505 2266 1558 χυς
2305 1488 2622 1557 τριακοστὸς
2646 1487 2741 1552 ὢν,
2769 1489 2863 1542 καὶ
2887 1488 3100 1561 πρῶτος
3130 1487 3204 1543 ὢν
3228 1489 3320 1542 τοῦ
3352 1487 3535 1555 ὕψους,
3564 1502 3735 1555 προσ-

2169 1582 2338 1651 εχέτω
2359 1582 2424 1651 τῇ
2468 1580 2609 1647 λέξει
2639 1580 2889 1655 λεγούσῃ,
2924 1581 3023 1635 καὶ
3048 1581 3363 1649 τριάκοντα
3391 1583 3630 1649 πηχέων
3667 1586 3735 1629 το

497 1670 656 1739 ὕψος
678 1668 882 1736 αὐτῆς,
912 1672 1296 1740 ἐπισυνάῃων
1317 1671 1593 1739 ποιήσεις
1615 1670 1731 1739 τὴν
1762 1669 2032 1734 κιϐωτὸν,
2057 1669 2157 1725 καὶ
2185 1674 2274 1737 εὶς
2318 1670 2526 1740 πῆχυν
2540 1670 2931 1739 συντελέσας
2957 1672 3172 1739 αὐτήν.
3215 1668 3380 1743 Οἶμαι
3403 1673 3510 1745 γὰρ
3532 1674 3736 1743 ἐμφαί-

497 1763 682 1815 νεσθαι
719 1762 856 1832 μετὰ
880 1763 960 1826 τὸ,
990 1763 1088 1817 καὶ
1138 1763 1453 1831 τριάκοντα
1500 1762 1742 1831 πηχέων
1792 1761 1859 1815 τὸ
1903 1761 2081 1829 ὕψος,
2129 1762 2220 1815 τὸν
2253 1762 2468 1834 πρῶτον
2513 1764 2607 1816 καὶ⁵
2657 1764 2974 1835 τριακοστὸν
3006 1765 3201 1835 πῆχυν,
3245 1764 3332 1817 διὰ
3367 1766 3484 1828 τοῦ,
3515 1765 3613 1818 καὶ
3650 1767 3738 1831 εὶς

497 1857 701 1927 πῆχυν
727 1859 1118 1923 συντελέσας
1143 1860 1338 1927 αὐτὴν
1363 1858 1608 1914 ἀνωθεν·
1861 1923 2112 1979 VERSIO
2147 1924 2335 1980 Nova

501 2022 939 2093 quinquaginta;
975 2020 1167 2074 deinde
1204 2036 1305 2090 per
1338 2020 1589 2093 singulos
1635 2019 1851 2093 cubitus
1889 2020 2394 2093 arram__secund_um
2425 2016 2816 2093 longitudinem
2858 2020 3025 2075 minui
3073 2022 3260 2077 decem
3289 2024 3508 2091 cubitis,
3539 2039 3735 2081 secun-

499 2088 626 2147 dum
661 2088 996 2144 latitudinem
1031 2088 1233 2154 autem,
1278 2107 1385 2144 uno
1422 2088 1603 2144 (ubito
1631 2099 1686 2144 et
1718 2089 1924 2142 duabus
1960 2088 2136 2139 tertiis
2174 2088 2441 2156 partibus,
2475 2088 2547 2141 ita
2582 2101 2638 2142 ut
2674 2092 2980 2146 tricesimus
3022 2094 3074 2145 in
3117 2096 3396 2148 cacumine
3421 2088 3635 2150 cubitus
3666 2113 3735 2151 ex

498 2165 689 2216 decem
715 2162 768 2213 in
805 2162 1162 2230 longitudine,
1193 2170 1356 2229 atque
1395 2176 1459 2213 ex
1488 2177 1595 2213 uno
1628 2175 1691 2230 ac
1723 2159 1930 2210 duabus
1971 2157 2146 2230 tertiis
2178 2158 2422 2225 partibus
2445 2158 2495 2210 in
2533 2157 2815 2212 latitudine
2846 2159 2972 2225 nat;
2998 2163 3193 2218 deinde
3227 2179 3353 2218 vero
3390 2165 3731 2220 imminutam

500 2236 583 2286 sic
628 2246 810 2304 arcam
845 2227 1186 2304 in'_cubittiin
1219 2227 1488 2304 desinere.
1529 2230 1584 2304 Si
1611 2229 1696 2304 cui
1726 2236 1906 2304 autem
1929 2227 2205 2304 _vio|enter
2238 2241 2531 2304 expressus
2564 2230 2775 2304 videtur
2821 2231 3131 2304 trigesimus
3160 2234 3373 2288 cubitus
3407 2236 3498 2304 qui
3548 2237 3599 2288 in
3636 2251 3730 2289 ca-

499 2302 713 2359 cumine
743 2311 880 2377 erat,
918 2302 964 2377 is
996 2303 1239 2377 attendat
1258 2300 1638 2377 huicnl-ertioni
1680 2320 1691 2377 ξ
1725 2296 1794 2377 Et
1818 2298 2034 2377 triginta
2063 2300 2360 2377 cubitorum
2392 2297 2793 2377 altitudoejus;
2819 2296 3179 2377 inaugustum
3202 2306 3391 2377 sensim
3424 2296 3620 2377 rediges
3644 2322 3734 2357 ar-

500 2388 641 2435 eum,
682 2382 734 2445 et
762 2373 815 2424 in
845 2372 1075 2445 cubitum
1122 2370 1352 2445 absolves
1384 2370 1554 2445 illam.
1596 2369 1864 2422 Existimo
1888 2368 2033 2445 enim
2068 2368 2482 2445 declararinpost
2515 2370 2664 2445 illud,
2691 2381 2737 2421 et
2765 2368 2990 2445 triginta
3026 2374 3314 2445 cubitorum
3342 2368 3591 2441 altitudo,
3623 2378 3735 2445 pri-

500 2458 646 2495 mum
683 2440 829 2493 illum
860 2442 1102 2493 cubitum
1136 2441 1225 2505 qui
1272 2441 1585 2509 trigesimus
1617 2447 1758 2502 erat,
1786 2451 1880 2505 per
1916 2438 2032 2490 lucc
2062 2439 2226 2489 verba
2266 2453 2279 2489 :
2319 2436 2386 2490 Et
2418 2438 2472 2490 in
2498 2438 2725 2491 cubitum
2757 2436 2987 2495 absolves
3026 2442 3173 2495 illam
3209 2446 3449 2511 desuper.

565 2533 619 2589 3.
654 2532 807 2587 Nunc
837 2546 964 2586 vero
993 2531 1106 2599 jam
1134 2531 1487 2600 deprecantes
1531 2544 1657 2583 eum
1690 2529 1841 2599 prius
1861 2527 1953 2597 qui
1982 2541 2074 2581 so-
2106 2529 2150 2588 B
2181 2537 2268 2580 tur
2296 2541 2427 2598 ergo
2457 2528 2684 2599 populus
2717 2530 2806 2585 hic
2832 2532 2924 2601 qui
2958 2531 3199 2588 salvatur
3237 2536 3290 2589 in
3327 2535 3586 2605 Ecclesia,
3627 2538 3732 2595 illis

496 2625 583 2683 lus
606 2635 785 2697 potest
826 2625 892 2680 de
937 2624 1168 2679 lectione
1197 2622 1409 2680 Veteris
1462 2621 1796 2678 Testamenti
1854 2619 2069 2675 auferre

497 2718 769 2778 velamen.
799 2729 1069 2771 tentemus
1121 2717 1401 2787 inquirere
1429 2714 1558 2785 quid
1602 2714 1762 2769 etiam
1809 2710 2071 2783 spiritalis

497 2807 879 2864 mdillcationis
902 2807 1179 2861 contineat
1201 2804 1486 2876 magniﬁca
1513 2804 1627 2858 haec
1650 2818 1789 2857 arca:
1818 2811 2074 2856 constru-

498 2900 627 2955 ctio.
660 2899 794 2955 Puto
826 2912 957 2967 ergo
991 2894 1092 2967 (ut
1123 2911 1224 2965 ego
1269 2912 1366 2967 pro
1417 2895 1685 2966 parvitate
1720 2908 1916 2949 sensus
1965 2892 2069 2947 mei

499 2991 718 3061 assequi
750 2987 1002 3059 possunt)
1036 2990 1177 3058 quod
1208 2988 1336 3042 illud
1378 2987 1662 3053 diluvium,
1692 3000 1800 3055 quo
1832 2996 1969 3054 pene
2006 2982 2072 3037 ﬁ-

500 3082 585 3138 nis
620 3092 744 3137 tunc
788 3082 943 3135 datus
972 3090 1056 3134 est
1084 3080 1311 3143 mundo,
1346 3078 1576 3133 formam
1611 3087 1791 3133 teneat
1839 3078 1962 3131 linis
2007 3075 2072 3130 il-

498 3174 605 3229 lius
654 3172 746 3243 qui
794 3186 920 3225 vere
967 3172 1184 3224 futurus
1226 3179 1310 3224 est
1348 3171 1533 3223 mundi
1571 3170 1636 3225 ⁵³.
1666 3168 1817 3236 Quod
1864 3177 1919 3223 et
1955 3167 2072 3237 ipse

498 3263 768 3317 Dominus
786 3260 1156 3331 pronuntiavit
1185 3259 1373 3313 dicens
1409 3275 1423 3310 :
1459 3257 1606 3311 Sicut
1634 3257 1772 3312 enim
1802 3257 1857 3310 in
1886 3254 2067 3307 diebus

503 3350 622 3407 Noe
660 3354 921 3419 emebant,
956 3352 1266 3417 vendebant,
1313 3347 1673 3417 aediﬁcabant,
1721 3347 1981 3400 uubebant
2020 3355 2069 3398 et

499 3456 720 3515 nuptum
753 3444 1056 3508 tradebant,
1084 3455 1131 3496 et
1158 3443 1292 3497 venit
1320 3441 1599 3507 diluvium,
1635 3450 1681 3494 et
1709 3440 1933 3509 perdidit
1957 3454 2070 3491 ont-

502 3553 612 3600 nes,
641 3537 715 3590 ita
746 3536 846 3589 erit
876 3546 924 3588 et
962 3538 1213 3587 adventus
1253 3531 1384 3586 Filii
1412 3533 1659 3586 hominis.
1706 3532 1763 3585 In
1810 3546 1917 3600 quo
1954 3531 2070 3584 evi-

501 3632 692 3684 denter
749 3644 852 3683 una
905 3627 1203 3696 eademque
1251 3626 1423 3679 forma
1464 3626 1688 3690 diluvii,
1738 3624 1882 3693 quod
1928 3636 2068 3692 pra:-

499 3722 683 3786 cessit,
716 3729 771 3775 et
814 3719 939 3774 linis
977 3720 1162 3773 mundi
1208 3733 1369 3788 quem
1416 3726 1697 3770 venturum
1733 3717 1888 3780 dicit,
1921 3713 2068 3768 desi-

499 3824 714 3884 gnatur.
745 3813 897 3868 Sicut
936 3825 1066 3880 ergo
1098 3819 1227 3864 tunc
1264 3810 1465 3863 dictum
1502 3815 1589 3863 est
1621 3807 1687 3861 ad
1736 3806 1882 3860 illum
1927 3805 2059 3872 Noe,

2172 2618 2446 2686 omnibus,
2476 2622 2590 2676 sive
2611 2622 2939 2688 hominibus,
2967 2624 3081 2679 sive
3110 2626 3457 2694 animalibus,
3483 2644 3603 2699 qua:
3625 2630 3732 2685 sal-

2172 2721 2293 2766 vata
2338 2724 2463 2767 sunt
2487 2714 2538 2768 in
2569 2729 2716 2769 arca.
2746 2715 2945 2771 Verum
2970 2719 3222 2785 quoniam
3250 2736 3355 2774 non
3384 2732 3468 2776 est
3490 2722 3731 2777 omnium

2174 2821 2339 2860 unum
2373 2808 2649 2875 meritum,
2677 2823 2777 2863 nec
2813 2825 2953 2865 unus
2985 2810 3035 2863 in
3071 2813 3173 2867 tide
3202 2812 3498 2881 profectus,
3530 2816 3733 2873 idcirco

2171 2905 2225 2950 et
2254 2910 2380 2951 arca
2411 2896 2497 2950 illa
2530 2912 2633 2952 non
2666 2914 2826 2953 unam
2857 2900 3060 2970 praebet
3087 2903 3339 2959 omnibus
3368 2907 3732 2974 mansionem,

2171 2988 2268 3042 sed
2295 2989 2626 3045 bicamerata
2656 3000 2782 3045 sunt
2806 2992 3083 3062 inferiora,
3107 3003 3162 3050 et
3194 2995 3535 3052 tricamerata
3568 3015 3733 3071 supe-

2172 3078 2336 3143 riora,
2367 3089 2423 3135 et
2451 3082 2561 3135 nidi
2590 3082 2992 3153 distinguuntur
3014 3084 3065 3140 in
3094 3102 3154 3141 ea
3183 3104 3197 3142 :
3235 3098 3293 3142 ut
3316 3093 3567 3147 ostendat
3605 3095 3733 3163 quia

2167 3180 2224 3225 et
2256 3171 2309 3225 in
2339 3171 2575 3227 Ecclesia
2608 3173 2731 3227 licet
2751 3190 2936 3231 omnes
2963 3177 3102 3231 intra
3154 3196 3310 3234 unam
3356 3181 3512 3237 [idem
3549 3185 3733 3240 conti-

2174 3274 2428 3332 neantur,
2461 3276 2623 3332 atque
2669 3283 2777 3323 uno
2815 3268 3144 3339 baptismate
3173 3275 3473 3342 diluantur,
3508 3292 3613 3332 non
3646 3288 3732 3333 ta-

2171 3372 2289 3411 men
2322 3373 2459 3414 unus
2504 3361 2758 3416 omnibus
2802 3374 2964 3432 atque
2998 3364 3136 3418 idem
3179 3368 3452 3436 profectus
3483 3383 3589 3433 est,
3637 3373 3731 3426 sed

2169 3449 2539 3519 unusquisque
2581 3450 2633 3504 in
2668 3466 2765 3506 suo
2794 3454 3008 3508 ordine.
3037 3453 3098 3508 lli
3132 3458 3367 3525 quidem,
3398 3460 3491 3530 qui
3515 3477 3613 3531 per
3644 3479 3733 3516 ra—

2169 3537 2481 3594 tionabilem
2510 3542 2790 3596 scientiam
2825 3544 3016 3599 vivunt
3055 3556 3111 3599 et
3140 3548 3311 3602 idonei
3343 3560 3466 3604 sunt
3497 3568 3603 3607 non
3636 3569 3730 3608 so-

2167 3628 2276 3682 lum
2296 3633 2614 3701 semetipsos
2642 3649 2844 3705 regere,
2877 3640 2969 3689 sed
2993 3645 3047 3689 et
3068 3637 3202 3692 alios
3227 3640 3444 3705 docere,
3471 3644 3728 3710 quoniam

2166 3721 2323 3775 valde
2356 3724 2508 3791 pauci
2561 3724 2925 3792 inveniuntur,
2975 3742 3269 3796 paucorum
3307 3730 3418 3802 (79)
3459 3734 3551 3801 qui
3603 3748 3728 3788 cum

2168 3809 2287 3881 ipso
2320 3811 2428 3867 Noe
2475 3815 2775 3881 salvantur,
2827 3828 2881 3872 et
2932 3819 3174 3888 proxima
3220 3822 3270 3876 ei
3312 3824 3729 3895 pr0pinquitate

499 3915 556 3959 ut
586 3905 795 3959 faceret
815 3919 1019 3967 arcam,
1044 3910 1098 3956 et
1127 3901 1496 3955 introduceret
1526 3899 1577 3952 in
1600 3913 1718 3953 eam
1748 3912 1929 3952 secum
1955 3912 2059 3951 non

2167 3904 2478 3974 iunguntur,
2514 3918 2697 3964 leuent
2728 3912 2949 3980 liguram
2982 3930 2995 3965 :
3022 3914 3161 3968 sicut
3181 3924 3234 3968 et
3267 3913 3525 3973 Dominus
3546 3930 3732 3973 noster

498 3999 670 4053 solmu
711 3997 871 4059 ﬁlios,
895 4006 947 4050 et
977 3998 1255 4065 proximos
1276 4010 1427 4059 suos,
1456 4008 1642 4047 verum
1668 3992 1832 4045 etiam
1863 3991 2063 4046 diversi

498 4090 716 4162 generis
752 4089 1007 4143 animalia
1042 4102 1057 4139 :
1096 4088 1168 4140 ita
1215 4087 1378 4141 etiam
1415 4086 1480 4140 ad
1524 4094 1767 4140 nostrum
1811 4082 1943 4147 Noe,
1974 4083 2062 4150 qui

497 4197 627 4237 vere
662 4181 809 4236 solus
830 4180 1004 4248 justus
1031 4189 1086 4233 et
1110 4179 1258 4234 solus
1303 4178 1578 4248 perfectus
1616 4188 1722 4241 est,
1777 4176 2061 4230 Dominum

496 4269 679 4326 Jesum
706 4270 979 4324 Christum
1019 4270 1071 4321 in
1111 4271 1578 4323 consummati-ne
1619 4266 1935 4322 saeculorum
1982 4267 2064 4318 die

499 4373 646 4419 ctum
672 4375 758 4418 est
784 4380 813 4417 a
841 4362 1026 4427 Patre,
1060 4371 1120 4416 ut
1165 4363 1368 4416 faceret
1410 4361 1510 4416 sibi
1557 4376 1741 4414 arcam
1792 4374 1859 4413 ex
1905 4359 2063 4428 lignis

499 4457 803 4525 quadratis,
835 4466 889 4510 et
926 4469 1211 4508 mensuras
1249 4454 1296 4507 ei
1336 4453 1489 4507 daret
1522 4450 1837 4506 cmlestilms
1872 4463 2062 4502 sacra-

502 4547 702 4600 mentis
760 4546 1013 4615 repletas.
1065 4543 1180 4598 Hoc
1222 4543 1363 4597 enim
1398 4541 1712 4607 designatur
1762 4539 1815 4593 in
1848 4536 2063 4592 Psalmo

498 4637 588 4690 ubi
619 4638 751 4693 dicit
777 4654 790 4692 :
823 4636 949 4691 Pete
971 4655 1001 4690 η
1024 4652 1125 4701 me;
1149 4646 1195 4690 et
1222 4636 1357 4688 dabo
1389 4634 1481 4687 tibi
1504 4642 1678 4703 gentes
1704 4633 2062 4687 liazreditatem

498 4735 668 4794 tuam,
713 4734 765 4780 et
809 4726 1186 4794 possessionem
1220 4736 1367 4777 tuam
1407 4725 1652 4777 terminos
1695 4731 1869 4776 terrae.
1917 4721 2061 4776 Con-

497 4820 659 4874 struit
685 4833 817 4890 ergo
840 4833 1047 4884 arcam,
1072 4826 1128 4872 et
1150 4816 1280 4871 facit
1301 4816 1355 4870 in
1379 4829 1438 4870 ea
1467 4813 1641 4879 nidos,
1669 4814 1719 4869 id
1745 4823 1847 4879 est,
1879 4829 2061 4882 prom-

496 4908 708 4979 ptuaria
727 4909 974 4977 quaedam
1003 4909 1202 4979 quibus
1223 4907 1422 4963 diversi
1451 4908 1665 4978 generis
1693 4906 1945 4959 animalia
1971 4919 2059 4959 re-

497 4998 789 5067 cipiantur.
827 5000 901 5053 De
946 5000 1146 5069 quibus
1200 5008 1256 5055 et
1286 4998 1549 5069 propheta
1579 4997 1710 5052 dicit
1740 4992 1786 5027 ⁶⁸
1817 5012 1832 5048 :
1872 4993 2065 5067 Perge,

495 5092 719 5159 populus
758 5108 924 5152 meus,
956 5093 1099 5145 intra
1140 5093 1195 5145 in
1230 5091 1588 5161 promptuaria
1640 5100 1755 5150 tua,
1800 5086 2060 5139 absconde

495 5192 545 5237 te
568 5200 849 5253 parumper
877 5186 1039 5238 donec
1087 5193 1320 5239 transeat
1346 5184 1496 5253 [uror
1538 5183 1635 5236 ira:
1660 5195 1807 5234 metu.
1834 5179 2049 5233 Confer-

567 5277 612 5312 ⁸³
641 5278 771 5335 Luc.
803 5295 937 5344 xvn,
962 5278 1057 5346 ‘26,
1080 5280 1171 5335 27.
1247 5281 1294 5314 “
1315 5280 1464 5338 Psal.
1487 5296 1551 5341 ιι.
1584 5279 1637 5335 8.

564 5372 677 5437 (78)
689 5374 839 5436 Apud
855 5384 1067 5442 geomet.
1085 5374 1169 5429 Cf.
1187 5376 1282 5429 lib.
1298 5392 1348 5429 iv
1360 5383 1541 5428 contra
1558 5376 1786 5435 Celsum,
1804 5387 1949 5427 num.
1968 5372 2056 5431 M.

566 5444 680 5514 (79)
712 5444 1031 5499 Pimcorum.
1063 5445 1185 5500 Haec
1224 5462 1475 5515 voa,quae
1520 5449 1572 5499 in
1603 5448 1762 5502 codd.
1795 5460 1922 5497 mss.
1973 5462 2060 5499 re-

499 5516 727 5580 peritur.
760 5527 814 5569 et
844 5518 1144 5570 necessaria
1175 5525 1273 5577 est,
1302 5516 1642 5571 desideratur
1674 5518 1722 5571 in
1752 5530 1907 5571 antea
1943 5520 2058 5569 ecl.-

497 5588 589 5648 tis,
614 5585 703 5638 ubi
734 5585 871 5640 male
897 5585 1058 5640 etiam
1090 5586 1228 5641 infra
1266 5597 1386 5657 post
1412 5587 1737 5657 junguntur,
1786 5589 2055 5659 sequitur,

1719 5278 1764 5309 ⁸⁵
1792 5277 1892 5330 lsa.
1920 5271 2161 5337 sxvt,20.

2168 4014 2329 4053 verus
2356 4000 2468 4055 Noe
2499 4000 2747 4057 Christus
2774 4002 2931 4059 Jcsus
2981 4020 3181 4074 paucos
3225 4007 3387 4061 habet
3430 4011 3727 4078 proximos,

2165 4102 2365 4156 paucos
2402 4090 2544 4144 lilios
2569 4100 2622 4144 ct
2663 4093 3017 4160 propinquos,
3052 4093 3141 4161 qui
3175 4093 3321 4147 verbi
3357 4094 3475 4161 ejus
3507 4098 3729 4166 partici—

2167 4191 2261 4244 pes
2288 4179 2413 4240 sint,
2446 4190 2501 4234 et
2549 4181 2830 4249 sapientiae
2865 4196 3113 4252 capaces.
3155 4181 3223 4235 Et
3254 4183 3287 4236 ii
3331 4193 3478 4249 sunt,
3529 4188 3618 4255 qui
3673 4188 3727 4242 in

2164 4284 2379 4324 summo
2417 4270 2589 4340 gradu
2640 4274 2803 4341 positi
2852 4284 3001 4336 sunt,
3051 4285 3106 4328 et
3155 4276 3207 4329 in
3238 4277 3556 4331 summitate
3588 4292 3728 4333 arcte

2164 4361 2521 4416 collocantur.
2552 4362 2815 4417 Caeterum
2864 4366 3145 4420 multitudo
3180 4367 3576 4423 irrationalium
3612 4369 3728 4423 ani-

2165 4452 2411 4518 malimn,
2438 4453 2522 4509 vel
2549 4456 2709 4509 etiam
2744 4458 3038 4511 bestiarum
3088 4459 3140 4512 in
3194 4459 3538 4517 inferioribus
3588 4461 3728 4517 locis

2163 4543 2417 4611 habetur,
2450 4556 2504 4600 et
2533 4560 2717 4601 eorum
2748 4550 3002 4615 maxime,
3033 4565 3265 4619 quorum
3304 4552 3538 4607 feritatis
3567 4554 3726 4608 saevi-

2164 4634 2297 4687 tiam
2349 4649 2450 4690 nec
2503 4636 2627 4690 ﬁdei
2681 4638 2909 4694 dulcedo
2957 4641 3210 4697 mollivit.
3246 4641 3565 4713 Superiores
3595 4659 3727 4700 vero

2164 4723 2501 4794 aliquantulo
2527 4728 2707 4783 abhis
2743 4739 2889 4795 sunt,
2921 4732 3011 4801 qui
3064 4732 3186 4787 licet
3240 4734 3418 4791 minus
3477 4737 3726 4805 rationis,

2164 4816 2458 4886 plurimum
2485 4826 2665 4874 tamen
2690 4822 3072 4892 simplicitatis,
3096 4825 3521 4897 innocentiaeque
3541 4840 3728 4885 custo-

2162 4906 2339 4962 diunt.
2371 4908 2438 4963 Et
2465 4911 2547 4965 sic
2579 4927 2675 4981 per
2700 4913 2940 4983 singulos
2966 4916 3357 4972 habitationum
3400 4922 3599 4989 gradus
3638 4938 3727 4977 as-

2162 4999 2519 5057 cendentibus
2549 5005 2866 5073 pervenitur
2916 5009 2982 5062 ad
3041 5010 3213 5078 ipsum
3253 5009 3384 5073 Noe,
3416 5012 3509 5080 qui
3560 5015 3729 5068 inter-

2161 5098 2410 5155 pretatur
2466 5093 2681 5162 requies
2737 5094 2872 5167 (80),
2930 5098 3015 5151 vel
3070 5099 3268 5168 justus,
3318 5103 3409 5169 qui
3456 5112 3539 5156 est
3566 5103 3725 5159 Jesus

2162 5177 2431 5238 Christus.
2463 5183 2650 5255 Neque
2676 5190 2823 5243 enim
2857 5191 2911 5244 in
2953 5191 3099 5244 illum
3132 5191 3245 5247 Noe
3280 5197 3553 5263 convenit,
3581 5201 3729 5269 quod

2240 5276 2291 5310 “
2310 5275 2508 5337 Cenes.
2535 5300 2589 5351 v,
2613 5285 2702 5341 29.

2163 5377 2222 5459 et
2244 5384 2417 5459 tenent
2467 5378 2714 5449 ﬁguram.
2746 5381 2879 5436 Nam
2914 5383 3221 5453 conjunctio
3268 5397 3319 5443 et
3369 5391 3725 5459 expungenda

2162 5450 2657 5583 ῗὲνέέῖἱιμίξίρῗηὲιιω
2697 5469 2910 5509 sensum
2944 5450 3244 5525 perturbet,
3284 5450 3455 5529 neque
3502 5450 3730 5531 in‘Supet‘

2573 5548 2619 5574 δ’

2573 5548 2619 5574 θ.

2233 5588 2347 5657 (80)
2379 5590 2423 5644 Α
2452 5600 2575 5659 nu,
2621 5595 2899 5665 quiescere.
