4050 6142
354 247 448 304 “39
1612 277 1684 333 IN
1717 277 1954 336 GENESI

2056 281 2332 338 llOMlLlA
2370 285 2434 340 ll.
3552 305 3652 359 170

367 371 494 428 dicit
539 372 804 440 Lamech
871 401 1048 458 pater
1097 395 1210 462 ejus
1248 411 1262 446 :
1298 394 1397 450 llic
1428 396 1587 456 enim,
1611 399 1784 467 inquit
1807 401 1874 467 ⁵⁸,
1910 417 1988 453 re-
2019 403 2065 460 Α
2093 401 2263 456 emisit
2289 406 2358 456 ad
2386 405 2561 458 omnia
2591 403 2735 476 ligna
2773 411 2962 478 campi.
2998 410 3282 481 Propterea
3310 418 3537 472 caaltata
3575 432 3652 477 est

379 471 543 538 quiem
576 475 735 530 dabit
765 485 936 539 nobis
991 487 1059 540 ab
1088 489 1326 557 operibus
1357 497 1553 545 nostris
1597 490 1707 562 (8i)
1737 503 1784 546 et
1824 510 1856 546 a
1884 495 1984 546 tri-
2087 490 2311 544 altitudo
2336 492 2449 561 ejus
2471 471 2830 560 super—omnia
2863 471 3005 568 ligna
3030 471 3218 571 campi.
3244 505 3307 558 Et
3335 471 3649 577 postpau'c'a

395 565 548 621 stitiis
575 583 844 626 manuum
872 588 1206 642 nostrarum,
1233 590 1280 633 et
1304 597 1336 632 a
1357 590 1499 633 terra
1531 597 1688 651 quam
1711 583 1954 638 maledixi

2087 580 2222 635 dicit
2255 601 2267 636 :
2303 583 2546 652 Cypressi
2576 587 2755 642 multa:
2784 589 2840 644 in
2869 565 3118 656 paradiso
3144 565 3269 659 'Dei,
3309 565 3359 650 et
3392 565 3504 664 pini
3545 619 3648 656 non

410 659 653 716 Dominus
718 661 898 723 Deus.
965 669 1246 734 Quomodo
1303 671 1445 724 enim
1493 685 1675 726 verum
1709 675 1815 728 erit
1841 676 1982 744 quod
2084 684 2204 726 sunt
2228 674 2424 729 similes
2451 678 2613 732 ramis
2638 679 2776 748 ejus,
2805 691 2852 734 et
2879 683 3070 738 abietes
3101 703 3205 741 non
3249 689 3466 757 fuerunt
3505 695 3646 747 simi-

411 754 494 808 ille
529 752 643 810 Noe
673 757 929 825 requiem
972 761 1185 816 dederit
1226 761 1298 815 illi
1337 762 1594 829 Lamech,
1625 764 1710 818 vel
1760 765 1978 834 populo,
2083 762 2156 816 les
2195 764 2262 816 ei.
2301 765 2466 821 Omne
2496 767 2693 835 lignum
2735 772 2790 824 in
2826 775 3075 840 paradiso
3107 776 3204 831 Dei
3234 752 3336 833 non
3379 785 3647 838 assimila-

409 846 498 916 qui
529 855 658 902 tunc
683 847 998 904 habebatur
1027 853 1078 906 in
1110 853 1288 915 terris,
1320 853 1402 908 vel
1443 855 1714 923 quomodo
1740 855 1977 911 ablatum
2081 861 2189 904 lum
2220 864 2297 908 est
2323 857 2392 918 ei,
2426 867 2472 909 et
2507 859 2678 912 zelata
2701 873 2820 913 sum
2858 879 2973 915 eum
3015 867 3194 921 omnia
3222 869 3367 938 ligna
3410 875 3649 940 paradisi

406 947 490 991 est
517 938 867 994 maledictum
901 949 1080 1007 ιρι-ηε,
1112 945 1253 1012 quod
1294 945 1516 1000 dederat
1571 947 1851 1012 Dominus,
1883 950 1975 1003 ubi
2079 946 2388 1000 deliciarum
2411 947 2531 1002 Dei.
2565 949 2967 1008 Animadvertis
3007 956 3074 1010 de
3109 959 3305 1026 quibus
3339 938 3422 1016 .vel
3469 967 3644 1034 quali-

407 1030 591 1097 potius
632 1031 917 1086 iracundia
943 1034 1127 1087 divina
1156 1035 1334 1103 major
1365 1038 1691 1105 ostenditur,
1723 1048 1778 1094 et
1807 1041 1976 1096 refer—
2079 1036 2181 1091 bus
2208 1037 2369 1107 lignis
2395 1040 2541 1095 dicat
2579 1045 2841 1112 propheta
2869 1084 2886 1111 ,
2939 1049 3213 1114 quomodo
3253 1030 3524 1111 describat
3552 1074 3646 1131 ey-

405 1129 494 1172 tur
520 1120 707 1176 dicere
738 1123 883 1178 Deus
924 1123 972 1156 "
1009 1141 1024 1177 :
1058 1123 1278 1179 Paenitet
1309 1143 1390 1181 me
1417 1129 1556 1197 quod
1587 1130 1686 1196 feci
1713 1131 1976 1186 hominem
2079 1141 2325 1208 pressum
2357 1127 2572 1196 Libani,
2606 1136 2694 1188 cui
2743 1136 2925 1188 omnia
2962 1137 3100 1208 ligna
3131 1156 3251 1209 qua:
3299 1144 3352 1198 in
3396 1120 3645 1214 paradiso

399 1227 562 1277 super
600 1214 848 1268 terram?
880 1214 944 1269 Et
979 1215 1172 1271 iterum
1203 1218 1337 1273 dicit,
1369 1239 1382 1273 ;
1418 1219 1609 1275 θείερο
1632 1239 1833 1276 omnem
1855 1241 1973 1277 car-
2077 1218 2172 1272 Dei
2211 1230 2358 1286 sunt,
2392 1227 2693 1294 comparari
2717 1242 2822 1281 11011
2857 1231 3109 1297 possint?
3141 1232 3208 1286 Ει
3239 1236 3443 1292 addidit
3477 1242 3640 1295 etiam

405 1318 524 1353 nem
551 1319 674 1371 qua:
700 1314 776 1357 est
803 1322 958 1374 super
973 1317 1168 1361 terram
1193 1307 1331 1377 (82).
1362 1309 1428 1364 Et
1449 1326 1612 1380 super
1629 1313 1808 1366 omnia
1830 1328 1974 1368 sum-
2077 1312 2178 1366 hoc
2201 1313 2267 1367 ad
2298 1314 2566 1380 ultimum,
2599 1320 2740 1387 quod
2765 1323 2944 1376 omnia
2971 1323 3136 1394 ligna,
3165 1341 3284 1395 qua:
3306 1338 3432 1383 sunt
3463 1331 3516 1385 in
3545 1347 3642 1400 pa-

404 1408 506 1446 nue
559 1393 784 1451 offensae
814 1397 1065 1452 indicium
1100 1399 1348 1455 interitus
1389 1403 1686 1457 viventium
1712 1406 1890 1459 datur.
1915 1406 1971 1463 Si
2076 1404 2256 1460 radiso
2306 1407 2420 1474 Dei,
2466 1411 2642 1464 zelata
2681 1412 2790 1468 sint
2818 1429 2957 1478 eam,
2998 1418 3276 1475 evidenter
3311 1425 3629 1489 ostendens,

407 1498 545 1537 vero
575 1489 838 1555 respicias
879 1489 946 1544 ad
1000 1490 1281 1545 Dominum
1315 1504 1559 1548 nostrum
1590 1494 1773 1550 Jesum
1812 1497 1974 1552 Cbri-
2074 1496 2370 1550 secundum
2439 1501 2739 1568 spiritalem
2795 1505 3232 1578 intelligentiam,
3293 1514 3636 1571 rationabilia

394 1588 566 1641 stum,
585 1576 655 1631 de
676 1594 781 1648 quo
798 1579 1055 1636 dicitur“3
1075 1600 1088 1636 :
1107 1582 1243 1638 Ecce
1258 1585 1436 1654 Agnus
1462 1585 1573 1652 Dei,
1589 1603 1703 1641 ecce
1722 1589 1813 1659 qui
1836 1590 1971 1644 tollit
2077 1586 2185 1641 dici
2219 1587 2359 1656 ligna
2387 1606 2506 1660 Quae
2535 1595 2586 1648 itt
2613 1597 2865 1664 paradiso
2890 1598 2980 1654 Dei
3006 1612 3131 1656 sunt
3163 1626 3175 1660 :
3206 1576 3406 1675 quippe
3438 1609 3488 1663 in
3513 1609 3636 1679 qui-

397 1679 618 1734 peceata
681 1672 921 1735 mundi;.
959 1674 1151 1728 iterum
1202 1676 1272 1730 de
1301 1691 1409 1746 quo
1435 1678 1632 1733 dicitur
1655 1681 1700 1712 ⁵⁹
1730 1697 1744 1733 :
1774 1679 1970 1736 Factus
2001 1742 2041 1796 Β
2072 1677 2173 1732 bus
2203 1681 2603 1739 aemulationem
2644 1690 2938 1756 quamdam
2982 1672 3242 1750 describit
3277 1672 3398 1753 esse
3441 1701 3634 1755 adver-

397 1777 492 1796 ιιι-η
550 1763 701 1796 nam.
751 1765 1085 1796 ..ωηιηκηουη
1171 1779 1228 1796 ..ι
1271 1786 1365 1796 ,μη
1416 1771 1474 1796 .t-
1518 1771 1791 1796 ._._I-_L°_._
1842 1777 1960 1796 :-A,_-_
2070 1785 2187 1796 μη...
2241 1787 2296 1796 ,η
2351 1773 2483 1796 πμ---
2541 1793 2643 1796 μέμ
2702 1795 2743 1796 ,,
2801 1790 2812 1796 -
2863 1783 2872 1793 .
2939 1783 3018 1796 ν..
3199 1787 3240 1796 -.
3301 1790 3312 1796 -

391 1777 492 1828 pro
550 1763 701 1816 nobis
751 1765 1122 1832 maledictum,
1171 1779 1228 1822 ut
1271 1786 1365 1824 nos
1409 1771 1474 1824 de
1518 1771 1794 1828 maledicto
1837 1777 1964 1846 legis

396 1855 717 1917 redimeret;
764 1855 958 1912 iterum
996 1875 1115 1913 cum
1149 1859 1278 1915 dicit
1305 1862 1350 1893 ⁸ο
1381 1881 1397 1916 :
1434 1861 1614 1917 Venite
1633 1865 1699 1918 ad
1721 1883 1826 1933 me,
1853 1883 1965 1922 am-

394 1961 485 2000 nes
519 1945 632 2017 (85)
666 1949 756 2008 qui
786 1947 1062 2014 laboratis,
1101 1959 1152 2005 et
1189 1953 1393 2006 onerati
1433 1955 1583 2019 estis,
1628 1967 1675 2010 et
1707 1972 1799 2028 ego
1844 1958 1965 2027 reﬁ-

389 2037 528 2091 ciam
576 2054 687 2104 vos,
734 2049 784 2094 et
832 2040 1101 2096 invenietis
1140 2045 1370 2114 requiem
1417 2048 1695 2101 animabus
1728 2052 1908 2105 uestris
1943 2069 1962 2106 :

392 2128 644 2184 invenies
684 2130 829 2184 hunc
858 2145 1000 2191 esse.
1039 2133 1131 2202 qui
1160 2149 1291 2191 vere
1323 2139 1564 2207 requiem
1597 2140 1744 2196 dedit
1786 2141 1962 2198 homi-

391 2221 572 2287 nibus,
614 2230 672 2277 et
700 2222 956 2280 liberavit
989 2234 1187 2281 terram
1217 2229 1284 2284 de
1316 2230 1625 2299 maledicto,
1661 2248 1768 2303 quo
1790 2236 1962 2292 male-

389 2312 526 2367 dixit
579 2314 629 2367 ei
681 2314 944 2370 Dominus
999 2317 1158 2373 Deus.
1193 2318 1332 2375 Huic
1381 2336 1512 2391 ergo
1559 2325 1787 2392 spiritali
1829 2325 1958 2391 Noe,

388 2403 479 2470 qui
524 2405 769 2473 requiem
835 2407 982 2461 dedit
1034 2408 1368 2478 hominibus,
1418 2423 1475 2468 et
1526 2415 1648 2470 tulit
1680 2426 1960 2486 peccatum

390 2495 593 2559 mundi,
624 2496 827 2552 dicitur
852 2499 895 2530 ⁶²
931 2514 946 2552 :
976 2497 1168 2555 Facies
1207 2503 1299 2556 tibi
1325 2521 1504 2560 arcam
1541 2523 1606 2561 ea;
1647 2507 1799 2578 lignis
1826 2527 1960 2580 qua-

388 2587 577 2640 dratis.
1788 2665 1804 2677 '

457 2677 512 2732 4.
549 2677 850 2735 Videamus
880 2696 1010 2751 ergo
1035 2698 1155 2754 quae
1186 2685 1296 2740 sint
1321 2688 1585 2755 quadrata
1609 2690 1771 2760 ligna.
1814 2691 1959 2758 Qua-

386 2769 604 2823 dratum
643 2781 749 2833 est,
781 2765 924 2840 quod
953 2776 1098 2829 nulla
1129 2778 1348 2833 vacillat
1391 2795 1457 2835 ex
1500 2792 1672 2850 parte,
1708 2785 1802 2840 sed
1828 2801 1959 2856 quo-

387 2879 608 2934 cunque
661 2869 913 2934 verteris,
950 2870 1054 2926 lida
1089 2882 1144 2928 et
1171 2873 1340 2928 solida
1369 2876 1664 2931 stabilitate
1688 2880 1955 2935 consistit.

393 2953 495 3008 Ista
530 2968 660 3011 sunt
713 2958 878 3028 ligna,
918 2977 1040 3031 quae
1080 2979 1240 3020 omne
1276 2968 1484 3034 pondus
1511 2969 1590 3021 vel
1644 2971 1955 3027 animalium

384 3048 740 3117 intrinsecus,
777 3054 860 3108 vel
919 3054 1170 3111 ﬂuctuum
1204 3060 1539 3116 extrinsecus
1587 3062 1782 3118 ferunt.
1811 3065 1958 3132 Quos
1984 3077 2027 3136 α

383 3154 480 3209 ego
507 3142 753 3198 arbitror
782 3146 1033 3202 doctores
1061 3148 1172 3221 64
1208 3166 1328 3205 esse
1377 3152 1429 3205 in
1462 3153 1726 3222 Ecclesia,
1757 3167 1811 3210 et
1838 3174 1954 3211 ma-

382 3232 579 3299 gistros
611 3245 774 3306 atque
800 3239 1149 3296 mmulatores
1196 3244 1344 3307 fidei,
1387 3245 1477 3313 qui
1522 3255 1577 3302 et
1614 3249 1836 3316 populos
1870 3250 1952 3304 in—

385 3325 650 3381 trinsecus
680 3329 888 3396 positos
928 3331 1094 3387 verbo
1119 3335 1578 3402 commonitionis,
1610 3347 1665 3392 et
1694 3340 1952 3396 doctrinm

383 3417 556 3486 gratia
603 3419 982 3484 consolantur,
1016 3431 1072 3477 et
1120 3424 1564 3494 impngnantibus
1588 3429 1950 3500 extrinsecus,

383 3508 462 3561 vel
493 3509 804 3579 gentilibus,
833 3513 917 3567 vel
954 3515 1320 3586 haereticis,et
1358 3521 1714 3587 quaestionum
1756 3521 1951 3580 ﬂuetus

383 3615 444 3656 ac
491 3604 763 3672 procellas
807 3608 1168 3663 certaminum
1217 3614 1704 3682 commoventibus,
1749 3616 1949 3673 virtute

385 3694 528 3748 verbi
585 3711 650 3750 ac
696 3699 960 3766 sapientia
1032 3701 1255 3756 rationis
1301 3704 1590 3759 obsistunt.
1627 3708 1720 3763 Vis
1768 3718 1945 3764 autem

382 3787 561 3841 videre
588 3791 730 3857 quod
774 3791 920 3859 ligna
963 3794 1303 3849 rationabilia
1339 3797 1489 3851 novit
1538 3798 1818 3868 Scriptura
1869 3803 1949 3856 di-

378 3879 497 3933 vina
526 3882 549 3934 ?
580 3881 984 3940 Reeenseamus
1015 3888 1143 3954 quid
1175 3887 1316 3950 apud
1347 3889 1683 3946 Ezechielem
1716 3895 1947 3963 prophe-

379 3981 488 4026 tam
521 3975 793 4044 scriptum
821 3985 905 4032 est
942 3996 955 4032 :
993 3977 1060 4031 Et
1090 3978 1286 4046 factum
1311 3990 1408 4044 est,
1447 3981 1623 4052 inquit
1647 3984 1713 4049 θ’,
1743 3987 1797 4037 in
1849 4002 1948 4039 un-

373 4067 577 4121 decimo
611 4085 774 4134 anno,
801 4071 956 4124 tertio
989 4088 1182 4135 mense,
1221 4089 1326 4127 una
1357 4075 1442 4128 die
1487 4079 1702 4140 mensis,
1746 4079 1946 4147 factum

371 4169 445 4212 est
467 4161 678 4214 verbum
693 4161 906 4217 Domini
926 4165 995 4216 ad
1020 4181 1099 4218 me
1120 4166 1297 4220 dicens
1321 4181 1339 4218 :
1365 4164 1474 4220 Fili
1508 4170 1849 4234 ltominis,dic
1876 4172 1944 4224 ad

375 4249 711 4307 Pharaonem
740 4271 909 4325 regem
941 4255 1180 4328 IEgypti,
1206 4267 1254 4311 et
1288 4259 1356 4311 ad
1381 4259 1760 4315 multitudinem
1784 4264 1896 4332 ejus
1924 4281 1943 4317 :

374 4344 471 4397 Cui
499 4355 550 4398 te
587 4346 810 4400 similem
846 4347 978 4414 facis
1010 4349 1065 4401 in
1106 4349 1423 4404 exaltatione
1453 4351 1586 4404 tua?
1613 4350 1749 4406 Ecce
1778 4355 1946 4408 Assur

2069 1785 2189 1824 sum
2238 1787 2299 1827 ea
2350 1773 2488 1844 ligna
2533 1793 2652 1847 qua:
2694 1790 2820 1834 sunt
2860 1783 2912 1836 in
2939 1783 3164 1840 Libano.
3199 1787 3347 1844 Unde
3379 1800 3511 1846 utet
3540 1810 3636 1848 ex-

2067 1876 2226 1917 cursu
2260 1865 2420 1918 etiam
2478 1868 2580 1923 hoc
2621 1870 2889 1939 dicamus,
2939 1877 3220 1932 considera
3281 1896 3349 1935 ne
3398 1884 3538 1938 forte
3579 1897 3635 1940 et

2067 1953 2217 2020 illttd,
2246 1956 2390 2024 quod
2435 1959 2697 2027 scriptum
2724 1972 2806 2015 est
2837 1965 2902 2029 ⁸³,
2939 1966 3070 2032 quia
3105 1968 3414 2024 maledictus
3453 1991 3485 2026 a
3525 1975 3633 2029 Deo

2064 2045 2230 2098 omnis
2260 2048 2350 2116 qui
2381 2050 2566 2115 pendet
2605 2056 2659 2104 in
2685 2050 2850 2122 ligno,
2889 2055 2970 2109 sic
2999 2058 3190 2112 debeat
3232 2059 3476 2131 intelligi,
3499 2080 3636 2132 quo-

2064 2137 2225 2191 modo
2257 2148 2311 2192 et
2340 2139 2466 2192 illud
2498 2142 2639 2210 quod
2674 2143 2802 2198 alibi
2835 2147 3037 2202 dictum
3077 2159 3161 2204 est
3189 2151 3234 2183 “
3265 2169 3278 2205 :
3311 2152 3630 2212 Malediclus

2063 2227 2214 2280 ltomo
2268 2231 2358 2298 qui
2389 2248 2531 2300 spem
2557 2234 2712 2288 liabet
2752 2236 2808 2290 in
2835 2239 3065 2296 homine.
3097 2241 3343 2300 Pendere
3387 2249 3530 2302 enim
3574 2251 3628 2304 in

2063 2318 2180 2371 solo
2212 2319 2318 2374 Deo
2346 2323 2628 2389 debemus,
2663 2327 2796 2380 etin
2832 2329 2976 2384 nullo
3005 2330 3110 2385 alio
3137 2334 3302 2389 etiam
3351 2338 3395 2390 si
3433 2339 3500 2393 de
3534 2356 3631 2410 pa-

2065 2409 2248 2464 radiso
2288 2411 2380 2465 Dei
2413 2417 2706 2481 procedere
2731 2419 2853 2486 quis
2881 2419 3111 2486 dicatur,
3147 2425 3291 2480 sicut
3337 2438 3391 2483 et
3429 2409 3628 2486 Paulus

2065 2501 2197 2555 dicit
2222 2503 2265 2534 ⁸⁵
2294 2519 2308 2556 :
2335 2503 2511 2559 Etiam
2539 2507 2586 2560 si
2624 2523 2743 2574 nos,
2775 2520 2868 2564 aut
2909 2513 3127 2582 angelus
3167 2516 3232 2570 de
3260 2519 3385 2572 caelo
3411 2537 3633 2591 cvange-

2062 2591 2302 2647 lizaverit
2347 2597 2490 2650 vobis
2539 2597 2696 2653 aliter
2745 2617 2904 2670 quam
2953 2608 3417 2675 evangelieavimus
3463 2617 3624 2678 vobis,

2064 2682 2344 2736 anathema
2401 2686 2492 2740 sit.
2535 2687 2642 2747 Sed
2679 2689 2794 2745 ha'e
2843 2691 3002 2746 alias.
3046 2693 3265 2751 Interim
3297 2701 3470 2756 vidisti
3507 2719 3627 2774 qua:

2061 2771 2170 2826 sint
2206 2776 2468 2843 quadrata
2530 2778 2674 2850 ligna
2727 2796 2847 2850 qua:
2879 2783 3026 2839 velut
3079 2801 3267 2844 murus
3316 2771 3540 2860 quidam
3571 2806 3628 2850 et

2062 2860 2305 2917 defensio
2345 2863 2432 2918 his
2466 2866 2559 2934 qui
2591 2878 2716 2921 sunt
2753 2870 3101 2941 intrinsecus,
3154 2891 3182 2930 a
3235 2877 3486 2937 fluctibus
3532 2885 3623 2953 qui

2059 2955 2399 3012 extrinsecus
2430 2962 2818 3028 superveniunt
2868 2965 3004 3036 (85),
3041 2969 3374 3029 collocantur
3407 2978 3474 3030 ab
3517 2979 3626 3045 spi-

2061 3051 2204 3107 ritali
2241 3054 2397 3110 Noe:
2451 3072 2571 3126 quae
2608 3058 2748 3128 ligna
2802 3062 3143 3120 extrinsecus
3194 3078 3247 3120 et
3301 3069 3626 3127 intrinsecus

2058 3143 2322 3200 bitumine
2347 3146 2631 3202 liniuntur.
2665 3147 2790 3203 Vult
2818 3151 2963 3208 enim
2993 3161 3047 3210 te
3072 3157 3401 3213 architectus
3441 3161 3624 3218 Eccle-

2062 3236 2157 3291 sia“:
2181 3237 2432 3294 Christus
2463 3255 2568 3295 non
2606 3255 2728 3296 esse
2783 3244 2965 3314 talem,
3017 3249 3204 3315 quales
3245 3261 3374 3305 sunt
3419 3253 3492 3306 illi
3531 3257 3622 3323 qui

2068 3329 2277 3385 deforis
2313 3331 2530 3400 quidem
2561 3346 2820 3404 apparent
2876 3337 3188 3395 hominibus
3229 3339 3380 3408 justi,
3409 3345 3623 3402 deintus

2057 3429 2236 3474 autem
2282 3430 2407 3476 sunt
2457 3424 2703 3494 sepulcra
2749 3436 3082 3484 mortuorum
3128 3432 3192 3487 ⁸⁸.
3247 3432 3353 3489 Sed
3406 3436 3520 3489 vult
3573 3447 3624 3492 te

2055 3520 2111 3566 et
2139 3528 2366 3583 corpore
2397 3527 2647 3572 sanetum
2684 3534 2806 3575 esse
2853 3523 3212 3592 extrinsecus,
3251 3535 3303 3579 et
3345 3529 3508 3582 corde
3542 3529 3623 3582 iu-

2059 3604 2329 3660 trinsecus
2368 3622 2582 3676 purum,
2616 3621 2837 3666 cautum
2868 3614 3125 3684 undique,
3153 3627 3207 3670 et
3235 3618 3501 3674 castitatis
3539 3631 3622 3673 at-

2055 3710 2161 3764 que
2199 3696 2524 3754 innocentiae
2555 3701 2755 3754 virtute
2785 3704 3073 3771 munitum,
3124 3704 3227 3762 hoc
3269 3717 3349 3762 est
3393 3711 3536 3764 intus
3568 3720 3623 3764 ct

2056 3785 2190 3840 foris
2219 3785 2484 3842 bitumine
2514 3803 2637 3844 esse
2663 3791 2915 3846 oblitum.

2122 3876 2176 3931 5.
2210 3877 2337 3932 Post
2383 3880 2497 3934 haec
2527 3885 2593 3935 de
2627 3881 2987 3952 longitudine,
3021 3896 3077 3941 et
3127 3886 3408 3944 latitudine
3455 3905 3617 3957 arcae,

2053 3977 2107 4021 et
2140 3969 2206 4024 de
2234 3968 2521 4026 altitudine
2561 3987 2918 4041 memoratur,
2957 3987 3011 4032 et
3041 3980 3250 4033 numeri
3294 3980 3347 4034 in
3381 3981 3467 4036 his
3500 3982 3620 4051 qui-

2053 4061 2174 4115 dam
2206 4072 2477 4132 ponuntur
2507 4065 2818 4136 ingentibus
2848 4072 3119 4140 mysteriis
3147 4075 3473 4130 consecrati.
3511 4074 3618 4130 Sed

2053 4163 2345 4225 antequam
2389 4158 2456 4212 de
2483 4159 2723 4214 numeris
2754 4161 3112 4227 disseramus,
3161 4165 3264 4219 hoc
3311 4167 3450 4234 quod
3486 4166 3622 4220 dicit

2052 4243 2466 4317 longitudinem,
2499 4259 2553 4304 et
2585 4249 2946 4318 latitudinem,
2981 4266 3036 4310 et
3062 4255 3425 4321 altitudinem,
3460 4258 3620 4326 quale

2054 4339 2130 4394 sit
2174 4339 2474 4397 videamus.
2532 4343 2822 4413 Apostolus
2865 4345 2915 4399 in
2955 4347 3186 4416 quodam
3223 4348 3359 4413 loco,
3391 4364 3513 4403 cum
3551 4350 3620 4405 de

375 4455 654 4507 Cymen,“
682 4440 734 4492 in
783 4439 1002 4504 Libano,
1051 4442 1316 4508 speciosa,
1358 4443 1542 4505 ramis,
1586 4453 1634 4498 ει
1677 4447 1948 4501 comm,“
1980 4438 2024 4495 1)
2057 4429 2313 4499 mysterio
2344 4432 2524 4486 crucis
2559 4435 2827 4488 sacratius
2857 4436 3191 4505 loqueretur,
3225 4438 3296 4491 ita
3329 4440 3404 4493 ait
3433 4441 3477 4471 ⁸⁷
3508 4460 3519 4495 ;
3549 4438 3619 4493 Ut

371 4530 716 4595 umbraculis,
774 4542 822 4584 et
865 4531 1098 4585 excelsus
1152 4532 1263 4604 (84)
1321 4533 1376 4586 in
1433 4532 1734 4590 altitudine.
1798 4535 1948 4591 Inter

373 4623 572 4676 medias
614 4625 773 4677 nubes
799 4625 999 4693 factum
1027 4637 1101 4679 est
1127 4643 1379 4681 cacumen
1402 4627 1540 4696 ejus,
1573 4646 1710 4697 aqua
1737 4633 1910 4685 enutri
1928 4662 1942 4669 —

372 4715 435 4765 rit
477 4731 622 4779 eum,
656 4725 703 4769 et
743 4719 962 4786 abyssus
1001 4717 1247 4772 exultavit
1286 4736 1436 4786 eum,
1482 4731 1530 4774 et
1575 4722 1799 4776 adduxit
1831 4740 1943 4776 ont-

373 4805 455 4858 uia
486 4806 710 4873 flumina
739 4823 839 4862 sua
875 4809 1015 4862 circa
1055 4825 1194 4873 eum,
1241 4823 1287 4864 et
1343 4814 1770 4881 congregationes
1816 4831 1941 4867 suas

2052 4523 2232 4576 sciatis
2268 4539 2386 4591 qua:
2413 4525 2482 4578 sit
2506 4525 2803 4594 longitudo,
2837 4538 2884 4582 ct
2917 4528 3168 4595 latitudo,
3200 4539 3249 4583 et
3284 4531 3532 4596 altitudo,
3569 4540 3618 4584 et

2048 4613 2392 4681 profundum.
2428 4616 2762 4674 Profundum
2794 4629 2976 4675 autem
3020 4631 3076 4676 et
3105 4623 3332 4678 altitudo
3373 4624 3510 4678 idem
3540 4627 3616 4679 si-

2049 4705 2326 4772 gniﬁcant,
2382 4707 2487 4763 nisi
2527 4711 2671 4778 quod
2703 4712 2936 4768 altitudo
2968 4715 3202 4784 spatium
3239 4715 3306 4770 de
3349 4716 3620 4770 inferiori-

2048 4796 2148 4851 bus
2173 4796 2387 4854 videtur
2419 4801 2486 4856 ad
2537 4804 2816 4873 superoria
2861 4807 3063 4874 metiri,
3113 4806 3436 4877 profundum
3488 4823 3617 4864 vero

437 4969 485 4999 “
505 4968 698 5051 Gt‘nzv.
731 4969 822 5026 29.
864 4971 906 5002 ⁸⁷
929 4969 1122 5051 Cenes.
1145 4988 1218 5032 vn.
1243 4973 1294 5036 6,
1319 4973 1368 5027 7.
1407 4973 1780 5051 {ibim-.529.
1819 4976 1995 5051 "Gal.
2019 4979 2200 5051 Itt,i5.
2236 4981 2279 5012 ⁶⁰
2294 4981 2482 5037 Matth.
2513 4985 2695 5051 xt,28,
2717 4987 2806 5040 29.
2849 4988 2890 5018 ⁸³
2911 4987 3104 5043 Cenes.
3127 5004 3195 5042 vt.
3225 4990 3310 5043 Μ.
3351 4992 3394 5022 θ’
3416 4990 3611 5046 Ezeeh.

376 5054 518 5098 sui,
549 5039 652 5102 με).
685 5052 738 5093 et
768 5056 921 5110 seqq.
1002 5041 1046 5071 “
1078 5042 1232 5096 Deut.
1255 5059 1368 5108 xxi,
1405 5044 1493 5100 25.
1573 5045 1620 5082 ⁸³
1647 5044 1759 5100 Jer.
1793 5062 1925 5112 xvu,
1961 5048 2012 5102 5.
2090 5050 2133 5080 εδ
2161 5050 2280 5105 Gal.
2313 5068 2355 5117 t,
2386 5052 2438 5108 8.
2514 5039 3104 5124 “'Maithmxuué-i:
3155 5039 3199 5089 ὦ
3230 5039 3373 5130 Eph.

435 5180 548 5252 (8|)
576 5179 812 5252 Nostris.
840 5180 991 5232 lianc
1021 5193 1204 5233 vocem
1231 5194 1282 5232 tn
1313 5180 1473 5232 editis
1496 5183 1752 5235 omissam
1783 5183 1938 5237 resti-

371 5249 527 5304 ‘mint
554 5249 717 5302 codd.
745 5263 877 5304 mss.

431 5321 544 5392 (32)
575 5318 1020 5392 D_elebo‘_omnem
1042 5334 1266 5392 _ca_rnem
1313 5335 1429 5387 qua:
1477 5329 1574 5392 est,
1611 5330 1717 5373 etc.
1752 5321 1936 5376 Codex

370 5387 535 5444 sancti
593 5388 924 5460 Tlteodbrici
973 5400 987 5440 :
1030 5387 1221 5442 Delebo
1279 5404 1482 5441 omnem
1544 5389 1801 5444 hominem
1849 5395 1938 5460 qui

369 5474 455 5526 est,
486 5471 597 5516 etc.
630 5458 804 5513 Paulo
835 5466 958 5526 post
991 5465 1102 5512 tres
1127 5474 1260 5513 mss.
1297 5460 1516 5511 interitu
1542 5462 1819 5514 viventium
1843 5458 1940 5516 da-

368 5538 465 5585 tur.

432 5600 545 5671 (85)
589 5596 1122 5671 \‘oxﬁomnes,__deest
1173 5596 1228 5650 in
1261 5607 1422 5651 antea
1473 5597 1658 5661 editis,
1719 5603 1932 5657 tametsi

363 5666 671 5742 reperiatur
703 5670 755 5742 in
793 5666 1044 5742 omnibus
1077 5682 1201 5719 mss.

425 5736 540 5814 (84)
579 5739 871 5805 Speciosus
911 5736 1072 5788 ramis
1103 5747 1148 5788 et
1185 5738 1455 5794 condensis
1503 5739 1843 5806 umbraculis,
1885 5750 1930 5793 ct

640 5832 913 5891 PATROL.
951 5829 1066 5890 Gn.
1105 5827 1246 5889 ΧΠ.

2041 5187 2298 5243 excelsus.
2347 5190 2444 5246 Sic
2504 5190 2703 5247 habent
2751 5208 2882 5249 mss.
2933 5196 3002 5250 At
3054 5195 3175 5250 libri
3230 5207 3386 5250 antea
3421 5198 3550 5252 editi
3595 5218 3610 5254 :

2041 5259 2303 5322 speciosus
2357 5277 2558 5329 ramus,
2609 5273 2658 5317 et
2710 5265 3001 5320 condensus
3058 5266 3406 5332 umbraculis,
3444 5271 3615 5324 excel—

2042 5344 2151 5381 διεδ.

2112 5397 2224 5470 (85)
2252 5399 2293 5451 A
2321 5401 2570 5469 ﬂuctibus
2603 5405 2696 5471 qui
2727 5404 3050 5458 extrinsecus
3090 5406 3479 5469 superveniunt.
3522 5408 3614 5462 Sic

2041 5471 2201 5524 codd.
2244 5485 2374 5524 tnss.
2421 5471 2636 5526 Belvae.
2685 5472 2948 5528 Gemetic.
3001 5474 3350 5542 Remigianus
3389 5488 3442 5529 et
3477 5476 3616 5529 San-

2041 5542 2434 5601 germauensis.
2480 5542 2626 5595 Libri
2670 5557 2801 5596 vero
2852 5554 3008 5598 antea
3060 5543 3187 5596 editi
3232 5559 3246 5596 :
3285 5545 3614 5599 obstacnlum

2042 5619 2216 5662 autem
2257 5620 2304 5662 et
2349 5613 2671 5682 impugnatio
2713 5613 2796 5667 Itis
2849 5617 2938 5684 qui
2999 5615 3326 5669 extrinsecus
3377 5631 3617 5685 superue-

2044 5689 2214 5732 munt.

3264 5834 3301 5889 6
