4050 6142
514 269 616 327 171

1987 263 2143 319 ORIG
2153 261 2307 320 ENIS

3638 267 3749 321 ΓΙΞ

516 389 586 443 de
620 385 984 457 superioribus
1035 383 1292 454 incipere,
1337 392 1393 438 et
1447 384 1514 439 ad
1559 384 1818 440 inferiora
1855 391 2081 440 desccn-
2111 391 2154 444 A
2187 385 2427 440 invenies
2461 398 2773 453 magnarum
2807 398 2986 441 rerum
3013 393 3160 456 gesta
3191 387 3291 441 sub
3327 385 3622 442 tricenario
3653 380 3747 441 vel

516 480 672 534 dere.
703 479 1112 545 Consequenter
1145 476 1308 546 igitur
1343 475 1577 545 Spiritus
1602 477 1692 531 Dei
1724 486 1779 530 et
1806 491 1902 547 per
1925 475 2075 547 Moy-

517 586 634 634 sen,
657 579 709 623 et
737 584 835 638 per
866 568 1086 623 Paulum
1123 569 1418 639 ingentium
1452 577 1913 624 sacramentorum
1941 569 2080 637 ﬁgu-

515 677 605 716 ras
641 662 906 714 enuntiat.
965 660 1106 715 Nam‘
1140 661 1360 726 Paulus,
1405 662 1660 729 quoniam
1710 660 2078 716 descensionis

517 752 723 808 Christi
757 752 1073 823 mysterium
1103 753 1430 823 praedicabat
1460 751 1596 823 (86),
1632 751 1955 821 profundum
1983 767 2079 805 no-

457 901 460 904 .
514 845 762 909 minavit,
796 844 950 913 quasi
979 844 1046 898 de
1070 844 1443 914 superioribus
1474 843 1541 898 ad
1571 843 1828 898 inferiora
1857 843 2078 898 venien-

513 940 601 994 tis.
628 937 838 1007 Moyses
859 937 1137 1006 vero,quia
1177 935 1573 991 restitutionem
1620 936 1863 1004 designat
1889 950 2076 990 eorum

512 1029 605 1100 qui
635 1043 731 1098 per
755 1027 1033 1082 Christum
1066 1026 1134 1082 de
1167 1026 1386 1082 interitu
1436 1037 1492 1082 et
1535 1028 1842 1098 perditione
1890 1027 2075 1082 saeculi

515 1130 770 1190 tanquam
797 1121 862 1174 de
893 1132 1028 1174 nece
1054 1117 1242 1173 diluvii
1267 1133 1334 1173 ex
1359 1117 1712 1174 inferioribus
1745 1119 1814 1174 ad
1840 1134 2074 1190 superna

511 1223 569 1269 et
601 1212 844 1268 ctelestia
873 1219 1220 1275 revocantur,
1258 1210 1311 1263 in
1353 1224 1601 1265 mensura
1632 1224 1776 1266 arcte
1807 1226 1913 1266 non
1947 1226 2069 1280 pro-

512 1305 738 1360 lundum
775 1309 1063 1368 memorat,
1099 1301 1194 1356 sed
1225 1300 1415 1366 altum,
1460 1310 1714 1371 tanquam
1747 1303 1833 1358 ubi
1862 1303 1929 1358 de
1967 1313 2078 1358 ter-

514 1398 660 1453 renis
692 1406 746 1451 et
769 1395 1063 1451 humilibus
1091 1394 1157 1448 ad
1186 1391 1428 1448 ctelestia
1470 1401 1526 1448 et
1551 1394 1766 1449 excelsa
1817 1409 2076 1451 conscen-

512 1489 677 1542 ditur.
723 1486 948 1541 Numeri
998 1499 1214 1556 quoque
1268 1492 1566 1555 ponuntur,
1620 1485 1853 1540 trecenti
1909 1485 2076 1541 cubiti

511 1576 1305 1651 longitudinis,quinquaginta
1340 1575 1663 1641 latitudinis,
1693 1577 1922 1647 triginta
1951 1577 2074 1631 alti-

511 1672 736 1726 tudinis.
766 1669 1038 1737 Trecenti,
1070 1670 1367 1724 tercenteni
1401 1677 1549 1724 sunt.
1585 1669 1938 1725 Centenarius
1971 1685 2068 1724 au-

512 1773 619 1817 tem
644 1775 925 1825 numerus,
950 1760 1142 1830 plenus
1166 1760 1220 1813 in
1241 1761 1494 1816 omnibus
1518 1770 1574 1817 et
1595 1761 1864 1831 perfectus
1889 1770 2096 1817 osten-.

510 1857 657 1912 ditur
685 1895 702 1918 ,
735 1863 789 1908 et
821 1853 989 1908 totius
1033 1852 1318 1908 rationalis
1350 1863 1614 1909 creaturae
1659 1854 1946 1910 continens
1984 1869 2073 1909 sa-

509 1953 848 2004 cramentum
901 1944 1092 2000 :sicut
1159 1945 1214 2000 in
1263 1944 1574 2017 Evangeliis
1629 1945 1857 2016 legimus
1887 1945 1952 2011 “,
1983 1945 2072 2000 ubi

510 2038 642 2094 dicit
668 2037 796 2108 quia
824 2037 1030 2092 habens
1056 2036 1176 2106 quis
1201 2046 1420 2093 centum
1457 2051 1606 2103 oves,
1636 2052 1704 2092 ex
1729 2038 1924 2107 quibus
1947 2052 2072 2092 cum

509 2131 742 2200 perisset
769 2143 898 2196 una,
919 2128 1124 2184 relictis
1152 2130 1445 2200 nonaginta
1475 2143 1667 2184 novem
1694 2129 1746 2184 in
1774 2128 2069 2192 montibus,

509 2223 792 2278 descendit
826 2233 1068 2291 quierere
1120 2235 1239 2276 eam
1291 2235 1412 2290 quae
1463 2221 1726 2290 perierat,
1789 2229 1846 2276 et
1892 2221 2074 2290 posuit

511 2333 633 2372 cum
663 2316 770 2372 illis
802 2315 1095 2385 nonaginta
1123 2328 1318 2369 novem
1372 2327 1490 2381 quae
1518 2327 1622 2366 non
1647 2313 1936 2382 perierant.
1975 2312 2072 2367 llic

509 2425 638 2480 ergo
661 2409 1005 2464 ccntenarius
1033 2407 1198 2463 totius
1231 2415 1496 2460 creatura:
1548 2404 1828 2458 rationalis
1879 2418 2066 2458 nume-

511 2513 626 2563 rus,
663 2498 921 2568 quoniam
973 2512 1076 2552 non
1130 2511 1195 2551 ex
1230 2495 1525 2563 semetipso
1550 2493 1818 2560 subsistit,
1855 2494 1950 2548 sed
2001 2508 2071 2548 ex

509 2589 778 2644 Trinitate
824 2589 1128 2654 descendit,
1151 2598 1206 2644 et
1236 2587 1623 2657 longitudinem
1648 2587 1794 2650 vitae,
1826 2586 1928 2641 hoc
1985 2595 2070 2641 est

509 2681 934 2737 immortalitatis
985 2681 1240 2752 gratiam,
1291 2694 1359 2734 ex
1391 2677 1552 2734 Patre
1611 2693 1706 2749 per
1759 2677 1956 2732 Filium
2005 2694 2071 2735 ac

510 2772 772 2844 Spiritum
802 2782 1049 2828 sanctum
1093 2771 1364 2840 suscepit,
1401 2772 1602 2826 idcirco
1633 2770 1935 2841 triplicatus
1969 2786 2068 2840 po-

508 2868 658 2922 nitur
689 2885 704 2922 :
737 2876 918 2937 utpote
949 2865 1039 2936 qui
1074 2864 1138 2919 ad
1163 2863 1548 2934 perfectionem
1580 2877 1678 2932 per
1697 2863 1925 2932 gratiam
1951 2863 2071 2918 Tri-

511 2962 700 3015 nitatis
729 2967 980 3031 augetur,
1021 2967 1076 3015 et
1099 2957 1194 3029 qui
1232 2972 1297 3013 ex
1324 2955 1640 3011 centenario
1674 2969 1770 3026 per
1816 2956 2069 3026 ignoran-

511 3054 642 3108 tiam
676 3054 908 3124 lapsum,
942 3067 1040 3123 per
1064 3050 1394 3122 agnitionem
1425 3047 1704 3104 Trinitatis
1737 3049 1987 3105 restituat
2012 3051 2066 3105 iu
2092 3061 2140 3126 ο

513 3157 806 3203 trecentos.
837 3143 1092 3199 Latitudo
1120 3141 1644 3213 quinquagenarium
1674 3156 1960 3196 numerum
1996 3152 2070 3198 te-

507 3250 622 3296 net.
649 3237 748 3308 Qui
778 3249 1031 3291 numerus
1059 3232 1366 3289 remissioni
1399 3242 1455 3288 et
1497 3231 1846 3301 indulgentiae
1876 3247 2070 3289 conse-

509 3340 695 3388 cratus
722 3337 826 3384 est.
861 3325 1170 3382 Secundum
1223 3324 1397 3393 legem
1436 3325 1580 3379 enim
1614 3325 2069 3394 quinquagesimo

508 3439 650 3479 anno
695 3421 942 3478 remissio
969 3425 1109 3482 erat,
1150 3415 1205 3471 id
1235 3424 1318 3470 est
1377 3424 1438 3470 ut
1487 3415 1532 3470 si
1565 3417 1686 3486 quis
1727 3417 2070 3472 distraxisset

509 3514 931 3586 possessionem,
959 3510 1230 3579 reciperet
1256 3525 1270 3573 ;
1302 3509 1346 3562 si
1392 3507 1527 3563 liber
1555 3509 1609 3562 in
1637 3508 1953 3563 servitutem
1977 3524 2069 3562 ve-

510 3607 695 3673 nisset,
730 3605 993 3674 reciperet
1046 3601 1388 3662 libertatem,
1440 3599 1820 3669 indulgentiam
1853 3598 2070 3653 debitor

509 3695 818 3765 acciperet,
849 3691 1002 3747 exsul
1035 3691 1236 3745 rediret
1261 3690 1325 3742 ad
1351 3689 1603 3758 patriam.
1635 3688 1908 3758 Spiritalis
1937 3703 2068 3759 ergo

505 3787 614 3860 65
662 3787 771 3840 Noe
799 3786 1048 3841 Christus
1100 3785 1153 3838 in
1187 3797 1311 3838 arca
1351 3796 1471 3843 sua,
1538 3782 1589 3834 in
1621 3796 1726 3851 qua
1763 3782 2058 3835 lmmanum

508 3896 678 3952 genus
707 3882 772 3934 de
805 3879 1026 3932 interitu
1082 3875 1306 3940 liberat,
1339 3875 1390 3930 id
1436 3883 1520 3928 est
1553 3873 1606 3927 in
1641 3872 1889 3928 Ecclesia
1947 3887 2065 3939 sua,

512 3975 658 4026 hunc
711 3969 1235 4040 quinquagenarium
1294 3965 1634 4022 remissionis
1686 3980 1970 4020 numerum
2012 3965 2064 4019 in

509 4063 795 4118 latitudine
828 4061 1131 4114 collocavit.
1169 4058 1280 4114 Nisi
1307 4060 1452 4114 enim
1480 4057 1854 4112 remissionem
1881 4071 2067 4126 peccao

512 4161 686 4204 torum
718 4149 968 4201 donasset
997 4147 1364 4209 credentibus.
1394 4162 1498 4202 non
1533 4145 1727 4200 fuisset
1753 4160 1849 4215 per
1874 4148 2063 4202 orbem

510 4253 671 4296 terra:
699 4239 955 4294 Ecclesiae
989 4237 1218 4292 latitudo
1247 4233 1458 4292 diffusa.
1501 4237 1744 4308 Triginta
1769 4245 1953 4292 autem
1983 4238 2064 4292 al-

510 4338 750 4394 titudinis
783 4348 1039 4389 numerus
1066 4331 1239 4386 simile
1260 4340 1318 4385 ut
1350 4332 1576 4386 trecenti
1611 4331 1856 4387 continet
1881 4345 2064 4385 sacra-

2181 477 2645 545 quinquagenario
2674 492 2902 532 numero
2923 478 3212 537 contineri.
3263 478 3510 549 Triginta
3561 493 3744 532 anno-

2183 581 2298 620 rum
2328 565 2530 635 Joseph
2559 567 2810 621 educitur
2840 567 2906 623 de
2935 570 3238 634 carcere",
3262 579 3316 623 et
3335 571 3500 625 totius
3517 567 3744 640 Egypti

2178 657 2405 726 suscipit
2461 658 2864 728 principatum,
2941 667 2998 714 ut
3046 659 3376 716 imminentis
3431 665 3739 732 perniciem

2179 747 2339 802 famis
2368 747 2549 802 divina
2581 749 2888 818 provisione
2918 749 3172 818 depellat.
3194 750 3440 820 Triginta
3471 769 3744 810 annorum

2180 837 2411 892 refertur
2436 838 2594 894 Jesus
2617 841 2684 905 ⁷³,
2717 855 2840 895 cum
2869 844 3020 897 venit
3041 844 3107 897 ad
3140 845 3487 914 baptismum,
3521 854 3578 901 et
3605 849 3746 902 vidit

2178 929 2345 986 caelos
2373 930 2596 997 divisos,
2624 941 2679 988 et
2707 934 2971 1002 Spiritum
3011 935 3103 990 Dei
3149 936 3201 990 in
3258 937 3521 992 columbae
3557 941 3744 1008 specie

2181 1023 2480 1078 venientem
2523 1039 2684 1094 super
2732 1040 2792 1080 se
2829 1043 2842 1079 :
2894 1026 2982 1081 ubi
3007 1036 3062 1082 et
3087 1028 3322 1096 primum
3357 1034 3520 1101 cmpit
3547 1047 3739 1088 sacra-

2181 1123 2416 1169 mentum
2457 1127 2736 1185 patescere
2769 1118 3069 1185 Trinitatis,
3113 1131 3168 1173 et
3202 1121 3364 1175 multa
3395 1123 3481 1177 bis
3537 1124 3740 1179 similia

2180 1205 2446 1264 invenies.
2491 1207 2596 1264 Sed
2647 1219 2702 1264 et
2753 1210 3255 1282 quinquagesimum
3307 1213 3447 1268 diem
3493 1216 3690 1270 festum
3720 1257 3740 1282 ,

2177 1297 2229 1352 in
2271 1312 2533 1352 novarum
2567 1299 2778 1371 frugum
2840 1304 3250 1360 consecratione
3305 1307 3548 1376 reperies
3571 1307 3644 1373 ⁷³,
3683 1319 3742 1363 et

2178 1391 2242 1445 de
2265 1391 2673 1447 Madianitarum
2699 1393 2812 1465 (87)
2835 1395 3022 1463 spoliis
3044 1396 3269 1452 Domino
3289 1399 3736 1470 quinquagesima

2179 1484 2526 1539 delibatur".
2549 1486 2682 1541 Cum
2703 1489 2959 1543 trecentis
2980 1503 3110 1544 vero
3127 1490 3368 1545 invenies
3385 1499 3439 1546 et
3461 1491 3735 1547 Abraham

2177 1571 2476 1628 vincentem
2509 1574 2817 1632 Sodomitas
2849 1577 2916 1643 ⁷⁸,
2959 1585 3015 1631 et
3058 1575 3280 1633 Gedeon
3327 1594 3450 1634 cum
3479 1583 3737 1638 trecentis

2177 1660 2353 1732 lingua
2377 1677 2572 1733 aquam
2591 1664 2950 1722 lambentibus
2961 1663 3282 1726 Madianitas
3301 1684 3520 1740 superat
3536 1673 3652 1745 (88)
3665 1675 3734 1729 ⁷⁸.

2173 1755 2381 1810 Ostium
2411 1771 2559 1822 sane,
2614 1760 2754 1827 quod
2790 1775 2895 1815 non
2929 1776 2957 1814 a
2986 1761 3189 1827 fronte,
3223 1779 3324 1819 nec
3353 1765 3610 1836 desuper,
3641 1769 3736 1822 sed

2175 1864 2205 1904 e
2229 1850 2396 1906 latere
2417 1865 2482 1904 ex
2517 1861 2828 1906 transverso
2850 1852 3164 1918 collocatur,
3195 1857 3452 1925 quoniam
3474 1858 3571 1912 irae
3591 1860 3735 1913 divi-

2173 1956 2256 1996 nae
2311 1952 2522 2008 tempus
2574 1951 2709 1996 est:
2751 1942 2874 1998 Dies
2926 1945 3062 1999 enim
3117 1944 3350 2014 Domini,
3399 1949 3507 2003 dies
3541 1951 3638 2004 ira:
3687 1961 3736 2004 et

2174 2032 2389 2099 furoris,
2425 2033 2566 2086 sicut
2595 2033 2854 2102 scriptum
2885 2041 2968 2090 est
2995 2035 3041 2068 "
3069 2051 3083 2086 :
3118 2037 3245 2092 licet
3271 2039 3414 2093 enim
3449 2040 3739 2096 videantur

2173 2123 2338 2194 aliqui
2370 2123 2589 2189 salvari,
2615 2125 2767 2180 multi
2799 2136 3000 2193 tamen,
3033 2144 3168 2198 quos
3203 2131 3393 2185 merita
3417 2147 3510 2186 sua
3541 2148 3734 2201 repro-

2170 2217 2324 2280 bant,
2352 2215 2597 2271 delentur
2642 2226 2696 2270 et
2727 2228 3002 2287 pereunt:
3057 2235 3123 2276 ex
3168 2230 3480 2278 transverso
3526 2226 3734 2278 ostium

2173 2309 2410 2378 ponitur,
2444 2317 2503 2362 ut
2562 2309 2689 2363 illud
2715 2311 3054 2378 ostendatur,
3115 2316 3257 2384 quod
3287 2329 3386 2384 per
3413 2315 3733 2386 prolihetam

2171 2399 2386 2467 dicitur,
2420 2402 2544 2471 quia
2575 2401 2620 2455 si
2655 2401 2975 2458 incesseritis
3007 2421 3206 2460 mecum
3243 2409 3471 2476 perversi
3490 2448 3507 2474 ,
3551 2421 3599 2464 et
3637 2428 3735 2481 ego

2171 2493 2407 2546 incedam
2459 2495 2718 2548 uobiscum
2763 2497 2821 2550 in
2868 2498 2950 2552 ira
2975 2515 3214 2568 perversa
3246 2499 3311 2554 ⁷⁸.
3353 2500 3482 2557 Post
3510 2503 3622 2559 haec
3650 2506 3738 2559 vi-

2171 2584 2393 2640 deamus
2419 2594 2477 2640 et
2497 2585 2564 2640 de
2591 2603 2656 2643 eo
2689 2589 2830 2656 quod
2853 2589 2984 2643 dicit
3015 2591 3308 2658 separatim
3349 2592 3611 2648 inferiora
3642 2595 3730 2649 bi-

2172 2687 2470 2740 camerata,
2495 2687 2550 2732 et
2581 2680 2860 2748 superiora
2893 2682 3240 2760 tricamerata
3269 2699 3283 2736 :
3317 2699 3386 2739 ne
3425 2685 3736 2740 forte'indi-

2171 2778 2325 2822 cetur
2346 2785 2442 2838 per
2459 2770 2592 2835 haec,
2623 2771 2763 2840 quod
2785 2773 3081 2840 Aposmlus
3109 2774 3263 2838 dixit,
3290 2776 3416 2844 quia
3443 2777 3497 2830 in
3521 2779 3735 2832 nomine

2169 2857 2298 2912 Jesu
2332 2875 2482 2914 omne
2519 2877 2652 2928 genu
2685 2863 2940 2931 ﬂectetur,
2987 2868 3292 2932 ctelestium,
3325 2872 3650 2924 terrestrium
3682 2885 3733 2926 et

2171 2944 2498 3013 infernarum
2521 2948 2602 3014 ’νς
2635 2958 2689 3003 et
2719 2951 2772 3003 in
2804 2965 2930 3005 arca
2963 2953 3301 3022 significetur
3339 2960 3582 3014 omnium
3607 2964 3734 3030 qui-

2171 3034 2293 3090 dem
2325 3037 2578 3092 inferiora
2612 3041 2729 3108 ipsa
2758 3057 2878 3096 esse
2927 3059 3048 3114 quae
3071 3045 3361 3115 Apostolus
3407 3049 3537 3105 dicit
3571 3052 3734 3107 infer-

2172 3140 2265 3191 na,
2297 3127 2489 3184 horum
2515 3139 2695 3184 autem
2721 3131 2974 3202 contigua
3007 3137 3288 3204 superiora
3313 3138 3429 3207 ipsa
3457 3155 3580 3196 esse
3622 3149 3731 3197 ter-

2171 3219 2386 3284 restria,
2419 3221 2768 3277 tricamerata
2792 3238 2924 3280 vero
2953 3228 3236 3294 superiora
3263 3244 3384 3298 quae
3414 3231 3547 3287 dicit
3569 3234 3731 3288 simul

2169 3311 2350 3365 omnia
2376 3326 2496 3368 esse
2516 3313 2778 3382 ctelestia,
2801 3317 2894 3371 sed
2926 3317 2978 3371 in
2999 3319 3082 3372 his
3103 3335 3290 3377 eorum
3315 3324 3508 3378 merita
3535 3325 3731 3380 distin-

2170 3403 2282 3471 gui,
2308 3404 2397 3472 qui
2427 3416 2655 3472 possunt
2675 3411 2968 3464 secundum
2987 3413 3288 3480 apostolum
3306 3414 3532 3471 Paulum
3557 3434 3730 3487 usque

2170 3493 2236 3546 ad
2270 3495 2488 3548 tertium
2527 3497 2724 3552 ctelum
2757 3503 3140 3558 conscendere.
3174 3503 3295 3559 Nidi
3329 3521 3458 3561 vero
3509 3518 3564 3562 et
3593 3509 3726 3573 nidi,

2169 3585 2295 3653 quia
2327 3586 2479 3640 multi
2512 3598 2640 3642 sunt
2667 3590 2718 3644 in
2750 3605 2902 3658 arca,
2940 3592 3141 3650 multas
3173 3610 3294 3652 esse
3335 3598 3473 3668 apud
3510 3597 3726 3654 Patrem

2171 3676 2411 3732 indicant
2434 3681 2763 3739 mansiones.
2796 3685 2870 3740 De
2895 3686 3222 3742 animalibus
3251 3703 3404 3754 vero,
3436 3700 3492 3746 et
3515 3691 3727 3758 bestiis,

2173 3782 2236 3821 ac
2301 3770 2590 3838 pecoribus
2643 3775 2967 3846 ueterisque
3041 3778 3274 3835 diversis
3333 3781 3728 3846 animantibus,

2171 3874 2290 3927 qua:
2314 3861 2468 3916 nobis
2495 3861 2600 3916 alia
2629 3863 2799 3934 ﬁgura
2833 3868 3101 3922 servanda
3127 3879 3232 3935 est,
3287 3871 3392 3925 nisi
3450 3887 3612 3941 quam
3644 3874 3730 3928 vel

2170 3951 2334 4007 Isaias
2365 3954 2603 4008 ostendit
2630 3953 2698 4021 ⁸⁸,
2755 3971 2877 4012 cum
2910 3957 3074 4023 dicit,
3099 3960 3152 4012 in
3211 3975 3376 4032 regno
3406 3963 3609 4019 Christi
3641 3964 3727 4020 lu-

2167 4059 2292 4112 pum
2314 4061 2436 4100 cum
2466 4061 2625 4115 agno,
2657 4048 2883 4117 pardum
2916 4064 3041 4104 cum
3078 4051 3250 4117 haedo,
3292 4053 3501 4110 leonem
3551 4066 3609 4112 et
3635 4059 3731 4113 bo-

2167 4151 2284 4194 vein
2324 4137 2483 4191 simul
2508 4137 2588 4194 ire
2615 4139 2684 4193 ad
2720 4154 2938 4209 pascua,
3000 4156 3296 4214 eorumque
3352 4145 3494 4203 ietus
3569 4150 3730 4204 simul

2167 4227 2336 4296 paleis
2369 4230 2540 4296 vesci,
2600 4231 2818 4300 insuper
2861 4233 3027 4287 etiam
3086 4233 3139 4289 in
3184 4239 3433 4306 aspidum
3465 4255 3725 4309 caverna,

2169 4336 2393 4390 parvum
2416 4338 2642 4392 puerum
2673 4323 2854 4396 (talem
2882 4326 3001 4380 sine
3031 4326 3221 4392 dubio,
3276 4332 3490 4399 qualem
3513 4334 3731 4392 dicebat

508 4441 776 4485 mentum.
814 4425 966 4492 Quod
994 4423 1137 4479 enim
1170 4423 1240 4478 ibi
1265 4423 1500 4488 centeni,
1546 4423 1648 4478 hoc
1679 4423 1768 4477 hic
1796 4422 1916 4477 deni
1952 4431 2063 4476 ter-
2096 4403 2142 4460 θ
2171 4416 2419 4472 Salvator
2439 4417 2506 4482 ⁸⁸,
2531 4415 2652 4471 Nisi
2680 4417 2913 4472 conversi
2936 4419 3146 4488 fueritis
3173 4433 3220 4476 et
3243 4425 3413 4493 effecti
3439 4427 3573 4480 sicut
3599 4444 3732 4496 puer

503 4522 579 4576 tio
607 4516 941 4587 multiplicati
973 4514 1195 4570 faciunt.
1219 4513 1300 4567 Ad
1322 4527 1484 4567 unum
1523 4525 1701 4568 autem
1728 4513 1891 4567 totius
1927 4528 2059 4567 con-

505 4612 820 4670 structionis
847 4624 1128 4666 numerum
1162 4623 1370 4663 summa
1403 4615 1714 4667 revocatur,
1745 4606 1869 4674 quia
1926 4620 2062 4658 unus

505 4705 646 4760 Deus
679 4703 843 4757 Pater
895 4718 958 4755 ea:
993 4716 1095 4770 quo
1133 4701 1310 4754 omnia
1335 4699 1401 4762 ",
1455 4709 1508 4753 et
1531 4713 1664 4750 unus
1691 4695 1966 4761 Dominus,
2007 4705 2064 4751 et

503 4814 610 4850 una
643 4795 896 4850 Ecclesiae
924 4793 1054 4862 ﬁdes
1086 4801 1190 4856 est,
1220 4808 1384 4845 unum
1411 4790 1692 4858 baptisma,
1754 4805 1916 4842 unum
1945 4804 2062 4844 cor-

502 4902 620 4954 pus,
651 4892 698 4937 et
746 4899 882 4936 unus
912 4882 1128 4950 spiritus
1181 4880 1250 4944 "°,
1309 4888 1364 4932 et
1395 4878 1461 4933 ad
1495 4893 1658 4932 unum
1712 4877 2063 4946 perfectionis

500 4970 596 5026 Dei
630 4971 792 5026 finem
825 4979 1020 5026 cuncta
1046 4969 1324 5024 festinant.
1351 4966 1458 5022 Sed
1495 4977 1551 5022 et
1585 4975 1639 5020 tu
1666 4965 1760 5036 qui
1811 4967 1926 5021 haec
1959 4983 2057 5020 an-

503 5065 612 5130 dis,
636 5065 680 5118 si
708 5063 1006 5131 Scripturis
1025 5061 1231 5118 sanctis
1264 5060 1511 5116 intendas
1539 5074 1606 5115 ex
1635 5060 1767 5124 otio,
1791 5061 2058 5128 permulta

574 5254 622 5287 ⁸⁸
650 5251 779 5306 Luc.
815 5267 902 5314 xv,
939 5251 973 5305 4
1017 5260 1073 5304 et
1119 5264 1272 5320 seqq.
1397 5248 1442 5280 ⁶⁹
1474 5246 1530 5320 l_
1551 5247 1709 5320 Cor.“
1735 5261 1851 5320 vni,
1902 5247 1956 5302 6.

2063 5252 2109 5285 "
2143 5251 2280 5322 Eph.
2336 5267 2412 5316 tv,
2458 5250 2513 5314 4,
2551 5250 2601 5322 5.

2166 4511 2272 4576 hic,
2296 4528 2398 4566 non
2426 4511 2710 4566 introibitis
2735 4516 2793 4567 in
2833 4529 3048 4583 regnum
3094 4515 3211 4588 Dei)
3268 4519 3558 4574 missurum
3606 4536 3731 4576 esse

2166 4619 2409 4666 manum,
2435 4613 2491 4658 et
2519 4604 2650 4659 nihil
2677 4606 3016 4675 laedendum;
3051 4610 3141 4663 vel
3188 4612 3350 4664 etiam
3393 4611 3481 4667 illa
3533 4614 3728 4684 figura,

2163 4709 2326 4763 quam
2379 4695 2570 4752 Petrus
2599 4696 2708 4764 jam
2738 4700 2958 4754 nuncin
2997 4699 3243 4756 Ecclesia
3300 4701 3488 4758 haberi
3547 4707 3729 4773 docet,

2163 4803 2287 4842 cum
2338 4789 2502 4844 refert
2538 4804 2597 4844 se
2651 4791 2917 4846 visionem
2966 4793 3166 4848 vidisse
3204 4795 3275 4859 ⁸³,
3304 4796 3357 4850 in
3407 4810 3510 4865 qua
3543 4801 3728 4855 omnia

2169 4880 2558 4950 quadrupedia,
2587 4891 2641 4938 et
2665 4883 2854 4938 bestiae
2880 4895 3060 4949 terrae,
3086 4901 3149 4940 ac
3178 4885 3415 4941 volatilia
3442 4888 3566 4944 cali
3586 4891 3729 4946 intra

2168 4987 2338 5026 unum
2386 4972 2511 5027 ﬁdei
2561 4973 2786 5027 linteum
2827 4975 3262 5043 continebantur,
3293 4991 3528 5048 quatuor
3556 4981 3732 5038 Evauo

2167 5063 2429 5133 geliorum
2467 5063 2636 5120 initiis
2673 5065 2997 5137 alligatum?

2703 5253 2744 5283 '"
2772 5251 2906 5308 Gen.
2945 5268 3054 5316 xu,
3095 5253 3185 5308 46.
3285 5256 3331 5286 ⁷³
3365 5254 3494 5311 Luc.
3521 5272 3601 5322 Ill,
3632 5257 3729 5318 23.

503 5323 552 5356 ’³
582 5325 735 5377 Deut.
773 5323 965 5396 IYIL9.
988 5391 999 5396 Δ
1041 5322 1088 5352 ⁷⁸
1119 5317 1278 5396 Num.
1312 5334 1463 5396 xlxt,
1502 5318 1592 5373 30.
1665 5317 1711 5396 ζ’
1733 5318 2014 5396 genia”,
2045 5322 2069 5374 1

2188 5317 2255 5352 ’⁷⁸
2285 5322 2410 5396 .lu_tl.
2444 5320 2629 5396 νῃηϐ.
2696 5323 2750 5354 ⁷⁷
2785 5322 3018 5396 Sophon.
3067 5339 3106 5390 ι,
3145 5325 3231 5378 15.
3307 5327 3352 5360 ⁷⁸
3377 5326 3548 5384 Levit.
3576 5317 3730 5396 iuvi,

504 5392 592 5458 2⁸1,
624 5395 714 5447 28.
791 5389 835 5422 7°
866 5391 1058 5460 Philip.
1088 5407 1148 5455 ll,
1179 5391 1264 5445 10.
1341 5390 1387 5421 ⁸⁶
1419 5388 1523 5443 lsa.
1568 5403 1641 5453 XI,
1669 5387 1784 5442 6-8.
1860 5388 1902 5421 ⁸³
1936 5389 2065 5446 Matt

2172 5407 2306 5455 tvm,
2341 5392 2394 5444 5.
2471 5391 2515 5423 ⁸⁸
2543 5393 2666 5446 Act.
2694 5387 2873 5458 1,“,
2913 5392 2997 5449 η.

487 5487 490 5490 ’
573 5484 683 5566 (ὃρ)
718 5485 824 5539 Sex
867 5499 999 5540 mss.
1052 5485 1278 5550 habent,
1335 5485 1690 5556 prwdicabat;
1717 5481 1845 5537 libb.
1882 5483 2058 5540 editi:

498 5556 1150 5696 Prfgifalifadiunitarrtni.
1189 5625 1281 5679 Sic
1305 5611 1504 5682 habent
1533 5639 1722 5682 omnes
1750 5641 1906 5692 mss.,
1930 5622 2054 5680 libri

504 5713 630 5752 vero
660 5694 810 5762 editi,
847 5694 1284 5750 Ammonitarum.

2242 5486 2353 5559 (88)
2379 5487 2985 5569 Madianitasnrufemt.
3020 5488 3094 5545 Ita
3125 5492 3334 5569 __codd._
3361 5491 3649 5569 Gemetic._
3677 5507 3735 5553 et

2171 5556 2677 5639 saiigermanensis,
2710 5556 2832 5615 libri
2862 5571 3040 5616 autem
3072 5562 3200 5617 editi
3226 5563 3487 5620 uniittunt
3520 5563 3732 5621 Modia-

2167 5639 2328 5682 mtas.
