2025 3071
196 132 243 160 ΓΒ

808 135 841 162 ΙΝ
858 134 1008 163 GENESIM
1026 135 1169 164 HOMILIA
1187 137 1219 164 ll.

1777 139 1829 167 174

232 193 260 221 6.
272 193 376 221 Verum
398 196 533 230 quoniam
565 203 628 223 arca
644 203 724 231 quam
737 195 893 224 describere
909 204 994 225 cona-
1009 199 1032 227 A
1047 197 1134 225 linem
1146 198 1240 229 vitam.
1251 202 1278 225 et
1288 205 1320 225 ex
1329 198 1403 226 omni
1418 201 1494 233 parte
1508 198 1644 227 libratam.
1657 198 1723 227 Nam
1739 206 1832 229 aucto-

206 249 271 274 mor,
280 248 336 268 non
351 241 447 269 solum
474 243 655 275 bicamerata,
671 242 718 269 sed
735 247 762 269 et
788 242 963 270 tricamerata
979 251 994 270 a

209 289 263 316 Deo
280 289 407 315 construi
430 288 554 323 jubetur,
580 296 691 322 operam
721 289 816 316 demus
842 293 871 316 et
898 296 948 317 nos
961 290 995 316 ad

209 336 278 363 hanc
291 333 430 369 duplicem
444 342 506 369 qua:
519 334 660 370 praecessit
677 334 875 369 expositionem
895 342 995 362 secun-

208 383 270 409 dum
287 386 452 416 praeceptum
475 381 522 409 Dei
543 381 625 408 etiam
651 380 892 415 tertiamjungere.
905 380 995 408 Prima

207 427 277 455 enim
303 434 365 461 quae
385 428 535 461 praecessit,
552 426 683 454 historica
700 431 752 458 est,
782 426 865 453 veluti
892 426 993 453 funda-

208 478 328 501 mentum
340 474 476 507 quoddam
494 474 521 500 in
537 472 715 500 inferioribus
740 473 840 507 posita.
869 472 994 500 Secunda

208 519 264 547 hac
279 521 410 555 mystica,
422 519 550 554 superior
563 524 591 547 et
604 518 741 546 excelsior
753 518 814 546 fuit.
834 517 958 545 Tertiam
971 518 993 545 si

208 572 353 601 possumus
366 565 496 593 moralem
513 569 649 592 teutemus
665 564 785 598 adjicere
798 571 806 590 :
818 564 943 598 quamvis
967 568 995 591 et

210 611 258 638 hoc
275 611 367 646 ipsum
382 611 454 645 quod
468 617 555 645 neque
568 610 764 637 bicameralam
778 611 866 637 solum
887 609 956 637 dixit
967 613 995 636 et

208 657 292 688 siluit,
309 664 398 691 neque
410 656 611 684 tricameratam
633 660 737 683 tantum
762 660 790 683 et
803 655 934 688 cessavit,
947 653 993 681 sed

207 709 268 728 cum
284 700 401 728 dixisset
425 699 633 734 bicameralam,
651 700 757 728 addidit
778 703 807 728 et
833 700 992 727 tricamera-

208 751 272 778 tarn,
287 753 339 774 nec
350 746 452 781 absque
463 747 544 781 hujus
556 747 642 781 ipsius
657 746 841 781 expositionis
850 753 930 780 quant
943 745 993 772 ha-

208 791 303 819 bemus
329 793 356 819 in
383 792 508 820 manibus
526 793 652 820 videatur
675 799 737 820 esse
765 792 905 827 mysterio.
925 790 992 819 Nam

208 839 383 865 tricamerata
399 838 534 873 triplicem
546 838 616 867 hanc
625 838 822 873 expositionem
838 838 991 872 designant.

209 884 261 911 Sed
275 883 343 918 quia
377 891 429 911 non
453 891 561 917 semper
575 884 602 910 in
630 883 780 919 Scripturis
793 882 892 910 divinis
907 883 995 910 histo-

209 932 284 960 rialis
297 932 497 966 consequentia
512 936 586 959 stare
596 936 698 967 potest,
724 932 772 959 sed
799 938 993 966 nonnunquam

206 978 306 1009 deﬁcit,
317 983 358 1007 ut.
374 978 450 1005 verbi
467 985 561 1009 causa,
574 985 636 1005 cum
659 977 760 1005 dicitur
772 977 795 993 ⁸³
814 985 820 1003 :
837 976 926 1008 Spirae
944 985 994 1004 na-

205 1028 311 1051 scentur
324 1025 353 1050 in
364 1032 444 1050 manu
453 1024 550 1051 ebriati
563 1044 571 1050 .
585 1028 614 1051 et
639 1031 700 1050 cum
716 1023 743 1050 in
759 1024 859 1056 templo
875 1030 890 1049 a
917 1022 995 1050 Salo-

207 1077 285 1096 mone
297 1074 456 1096 coustruclo
473 1069 573 1096 dicitur
584 1068 609 1084 “
627 1078 635 1097 :
654 1068 711 1096 Vos
734 1068 822 1095 mallei
844 1072 869 1095 et
896 1068 993 1095 securi:

205 1123 256 1142 non
272 1119 313 1142 ut
328 1115 421 1141 audita
436 1115 465 1141 in
489 1114 568 1141 domo
581 1115 631 1142 Dei
652 1124 662 1143 :
680 1119 708 1142 et
720 1115 821 1141 iterum
842 1115 868 1142 in
892 1113 993 1141 Leviti-

203 1168 236 1188 eo
246 1161 282 1194 ",
292 1168 355 1188 cum
367 1160 440 1194 lepra
468 1161 581 1194 parietis
607 1165 636 1188 et
654 1160 796 1195 pelliculae,
810 1165 840 1187 et
864 1159 990 1187 staminis

204 1209 302 1243 inspici
318 1208 430 1243 jubetur
444 1215 459 1234 a
471 1207 659 1235 sacerdotibus
683 1212 711 1234 et
733 1207 844 1243 purgari
859 1216 866 1235 :
882 1211 992 1241 propter

206 1254 262 1281 hac
273 1261 342 1288 ergo
353 1258 381 1280 et
392 1253 435 1280 his
443 1253 542 1281 similia
556 1260 609 1280 non
622 1252 709 1280 solum
735 1253 921 1285 tricamerata,
942 1253 990 1279 sed

205 1305 230 1328 et
247 1300 417 1327 bicamerata
434 1307 497 1326 arca
512 1300 676 1332 contexitur,
694 1303 721 1326 ut
736 1299 853 1326 sciamus
871 1299 897 1325 in
914 1298 989 1325 Scri-

204 1346 291 1380 pturis
304 1346 404 1373 divinis
419 1353 472 1373 non
490 1353 599 1379 semper
610 1345 754 1379 triplicem,
776 1345 838 1378 quia
853 1351 905 1371 non
920 1352 990 1370 seut—

203 1399 251 1426 per
269 1400 321 1420 nos
339 1393 451 1420 historia
485 1391 619 1426 sequitur,
645 1390 692 1417 sed
716 1391 849 1417 interdum
876 1390 989 1423 duplicis

203 1439 390 1466 tantummodo
405 1445 517 1466 sensum
528 1437 712 1472 expositionis
732 1437 873 1463 inscrtum.
891 1436 990 1463 Tente-

202 1491 260 1512 mus
278 1484 363 1520 igitur
374 1488 402 1512 et
425 1484 534 1511 ter—tiam
549 1483 748 1517 expositionem
771 1482 918 1514 disserere,
946 1490 989 1509 se-

202 1532 320 1560 cundum
337 1532 465 1559 moralem
478 1531 576 1558 locum.
593 1530 621 1557 Si
642 1530 704 1564 quis
717 1534 769 1561 est,
792 1529 837 1564 qui
862 1537 988 1557 crescen-
1003 1543 1023 1571 ο

201 1578 273 1605 tibus
288 1578 378 1609 malis,
406 1581 433 1604 et
458 1577 654 1604 inundantibus
677 1576 751 1602 vitiis
779 1580 941 1603 convertere
957 1583 986 1602 se

202 1627 292 1659 potest
305 1630 320 1650 a
334 1624 414 1650 rebus
429 1623 509 1649 fluxis
531 1627 559 1649 et
574 1622 750 1656 pereuntibus
762 1626 790 1648 et
817 1622 937 1653 caducis,
959 1626 986 1648 et

201 1670 295 1697 audire
308 1669 421 1697 verbum
437 1669 492 1700 Dei,
507 1676 538 1696 ac
557 1674 691 1703 prmcepta
714 1668 837 1696 ccelestia
854 1677 860 1694 :
881 1668 922 1695 hic
946 1669 986 1694 in—

202 1720 242 1742 tra
257 1722 305 1742 cor
320 1722 399 1742 suum
411 1721 502 1741 arcam
522 1714 618 1741 salutis
633 1714 761 1746 mdilicat,
787 1718 815 1740 et
842 1713 986 1741 bibliothe-

202 1768 271 1793 cam,
290 1765 319 1787 ut
333 1761 369 1787 ita
381 1760 481 1792 dicam,
496 1760 565 1786 intra
582 1767 611 1786 se
627 1760 710 1786 divini
727 1764 871 1786 consecrat
897 1760 984 1791 verbi,

203 1806 397 1841 longitudinem
412 1805 438 1832 in
451 1812 494 1836 ea,
511 1811 538 1832 et
552 1805 734 1837 latitudinem,
759 1810 786 1831 et
802 1805 984 1836 altitudinem,

202 1852 292 1883 ﬁdem,
305 1859 391 1886 spem,
406 1851 621 1885 charitatemque
638 1851 762 1878 collocat.
785 1851 877 1878 Fidem
894 1851 984 1877 Trini-

203 1898 266 1926 tatis
278 1897 337 1932 (89)
350 1900 383 1925 ad
398 1898 593 1934 longitudinem
619 1900 680 1925 vita:
700 1898 985 1933 immortalitalemque

201 1944 340 1973 distendit.
356 1945 411 1980 66
423 1945 606 1972 Latitudinem
634 1944 785 1977 charitatis,
808 1944 985 1979 indulgentia:

202 1995 227 2019 et
242 1991 418 2026 benignitatis
433 1990 528 2017 fundat
545 1989 656 2017 affectu.
675 1990 826 2017 Altitudine
840 1991 896 2025 spei
910 1997 938 2017 se
951 1991 983 2017 ad

200 2037 323 2064 cwlestia
339 2037 419 2071 erigit
435 2042 461 2063 et
477 2037 592 2064 excelsa.
615 2037 704 2070 Super
721 2042 822 2064 terram
840 2038 912 2064 enim
927 2044 984 2063 am-

200 2083 306 2114 bulans,
327 2083 355 2109 in
377 2082 453 2110 caelis
482 2082 563 2109 habet
577 2082 823 2109 conversationem.
845 2082 982 2109 Summam

200 2137 264 2156 vero
278 2134 388 2156 actuum
411 2136 521 2155 suorum
544 2129 628 2156 refert
643 2129 676 2156 ad
704 2137 799 2156 unum.
826 2128 883 2155 Scit
910 2129 983 2156 enim

199 2176 262 2209 quia
274 2182 362 2201 omnes
380 2175 483 2209 quidem
500 2179 626 2205 currunt;
649 2174 694 2201 sed
720 2182 787 2201 unus
803 2174 898 2208 acript't
925 2174 983 2207 pal-

1047 251 1091 271 res
1104 244 1273 271 saecularium
1285 244 1417 271 librarum
1433 249 1546 279 possunt
1560 245 1669 280 quidem
1684 246 1738 274 dici
1754 247 1827 282 ligna

1045 290 1290 325 excelsa.etligna
1316 291 1454 318 umbrosa.
1473 290 1530 318 Sub
1556 292 1628 319 omni
1657 294 1729 320 enim
1756 293 1830 328 ligno

1046 335 1154 362 excelso
1178 339 1206 362 et
1243 342 1388 363 nemoroso
1418 342 1563 364 accusatur
1591 337 1741 365 fornicatus
1768 347 1831 367 esse

1046 380 1126 407 Israel
1143 380 1166 395 “7
1182 389 1188 406 :
1205 381 1267 415 quia
1295 380 1333 407 illi
1351 380 1499 414 loquuntur
1525 382 1634 416 quidem
1659 384 1778 415 excelsa,
1802 388 1831 412 et

1046 426 1139 453 ﬂorida
1154 431 1268 453 utuntur
1282 426 1436 460 eloqttentia
1453 435 1460 453 :
1473 435 1524 455 non
1545 432 1633 456 tamen
1652 429 1688 456 ita
1703 434 1829 464 egerunt,

1046 476 1074 498 ut
1088 471 1168 499 locuti
1192 477 1256 499 sunt
1272 481 1278 499 :
1295 476 1322 499 et
1338 472 1397 500 ideo
1411 480 1464 499 non
1483 478 1596 506 possunt
1620 474 1691 509 ligna
1711 476 1830 509 quadra-

1047 523 1071 544 ta
1086 517 1230 549 nominari,
1244 518 1315 552 quod
1330 519 1356 545 in
1371 519 1412 546 eis
1432 526 1601 553 ttequaquam
1619 520 1673 547 vita
1697 526 1724 548 et
1740 528 1830 549 sermo

1044 563 1180 591 collibret.
1198 563 1238 590 Tu
1250 570 1314 599 ergo
1332 564 1355 591 si
1378 564 1445 592 facis
1474 572 1579 599 arcam,
1598 566 1620 593 si
1636 566 1829 594 bibliothecam

1045 617 1204 645 congregas,
1217 618 1250 638 ex
1262 611 1434 638 sermonibus
1445 611 1612 646 propheticis
1628 617 1655 639 et
1673 613 1830 647 apostolicis

1045 656 1086 682 vel
1105 663 1199 683 eorum
1217 656 1263 691 qui
1284 664 1331 684 eos
1356 658 1438 684 rectis
1467 657 1527 684 ﬁdei
1551 658 1629 686 lineis
1657 659 1742 686 secuti
1769 664 1831 686 sunt

1045 709 1196 737 congrege,
1237 703 1431 730 bicameralam
1462 708 1489 731 et
1518 704 1720 731 tricameratam
1747 704 1831 732 facito

1044 754 1116 779 eam,
1129 754 1162 774 ex
1179 747 1236 782 ipsa
1249 749 1418 775 narrationes
1444 748 1590 776 historicas
1604 749 1676 777 disce
1687 769 1695 781 ,
1723 757 1755 776 ex
1772 750 1829 784 ipsa

1044 792 1204 827 mysterium
1218 800 1345 827 magnum
1358 793 1430 827 quod
1446 801 1473 819 tn
1498 792 1609 820 Christo
1622 798 1649 821 et
1664 795 1690 821 in
1705 794 1830 822 Ecclesia

1045 836 1173 871 impletur
1196 845 1323 872 agnosce.
1338 838 1377 865 Ex
1394 838 1452 872 ipsa
1467 839 1549 866 etiam
1563 839 1709 867 emendare
1728 848 1829 873 mores,

1045 889 1169 910 resecare
1181 883 1257 915 vitia,
1272 890 1390 918 purgare
1402 884 1532 917 animam,
1551 888 1631 918 atque
1651 891 1753 912 exuere
1767 892 1829 911 eam

1044 929 1118 955 omni
1130 929 1239 956 vinculo
1255 929 1419 964 captivitatis
1442 930 1573 965 intellige,
1592 930 1670 958 nidos
1696 930 1723 957 in
1740 938 1782 961 ea.
1799 936 1829 959 et
1874 941 1878 946 -

1045 975 1123 1003 nidos
1142 976 1311 1003 diversarum
1338 976 1467 1003 virtutum
1497 981 1524 1004 et
1548 976 1720 1011 profectuum
1748 977 1830 1005 collo-

1044 1028 1118 1048 cans.
1148 1021 1263 1049 Deintns
1287 1029 1354 1049 sane
1377 1026 1404 1049 et
1430 1021 1532 1050 deforis
1549 1022 1725 1050 bituminabis
1753 1030 1828 1055 eam,

1045 1066 1127 1094 corde
1139 1066 1219 1094 fidem
1246 1074 1355 1102 gerens,
1368 1074 1417 1095 ore
1442 1067 1644 1095 confessionem
1661 1068 1827 1103 proferens:

1043 1111 1116 1138 intus
1134 1110 1277 1138 scientiam
1290 1131 1301 1143 ,
1328 1111 1396 1139 foris
1410 1119 1493 1147 opera
1517 1112 1720 1140 habens:intus
1746 1114 1830 1142 corde

1043 1157 1168 1191 mundus,
1180 1156 1247 1184 foris
1257 1160 1348 1185 castus
1362 1164 1475 1191 corpore
1486 1158 1628 1186 incedens.
1644 1158 1671 1187 in
1684 1159 1752 1187 hanc
1764 1167 1830 1196 ergo
1847 1176 1853 1181 -

1042 1210 1145 1237 arcam,
1162 1203 1219 1231 sive
1230 1210 1290 1231 eam
1315 1202 1508 1232 bibliothecam
1523 1204 1674 1232 divinorum
1698 1204 1828 1233 librorum

1042 1248 1100 1275 sive
1112 1248 1231 1275 animam
1250 1248 1356 1275 fidelem
1386 1249 1534 1276 secundum
1561 1250 1689 1278 moralem
1716 1251 1827 1278 interim

1042 1293 1129 1320 locum
1144 1301 1287 1327 ponamus,
1313 1294 1484 1321 introducere
1499 1295 1580 1322 debes
1602 1295 1682 1322 etiam
1698 1296 1825 1323 auimaiia

1041 1347 1073 1366 ex
1085 1340 1159 1365 omni
1175 1347 1283 1374 genere,
1299 1347 1350 1366 non
1365 1340 1450 1366 solum
1468 1340 1579 1372 munda,
1600 1342 1645 1367 sed
1668 1346 1694 1368 ct
1712 1343 1827 1369 immun-

1041 1386 1084 1413 da.
1109 1386 1162 1413 Sed
1178 1386 1276 1413 munda
1304 1387 1412 1421 quidem
1438 1387 1563 1414 animalia
1587 1388 1664 1415 facile
1683 1396 1828 1423 possumus

1041 1432 1143 1464 dicere,
1156 1433 1227 1467 quod
1246 1434 1386 1464 memoria,
1401 1433 1529 1466 eruditio,
1543 1434 1707 1466 intellectus,
1725 1436 1827 1462 exami-

1042 1480 1116 1505 natio
1141 1484 1168 1506 et
1180 1480 1310 1513 judicium
1325 1488 1418 1508 eorum
1434 1489 1493 1515 quae
1513 1482 1639 1515 legimus,
1659 1482 1767 1517 aliaque
1785 1484 1828 1511 his

1042 1525 1140 1552 similia
1166 1525 1279 1560 intelligi
1294 1531 1417 1560 possunt.
1443 1527 1480 1554 De
1509 1527 1656 1555 immundis
1682 1537 1745 1556 vero
1762 1537 1826 1564 pro—

1041 1571 1166 1597 nuntiare
1184 1571 1290 1598 diilicile
1303 1576 1355 1604 est,
1371 1580 1431 1607 quae
1444 1577 1472 1599 et
1484 1573 1546 1600 bina
1563 1577 1590 1600 et
1606 1573 1667 1600 bina
1683 1575 1827 1601 nominan-

1043 1622 1095 1643 tur.
1112 1617 1302 1644 Verumtamen
1319 1623 1448 1652 quantum
1467 1618 1493 1645 in
1515 1623 1569 1645 tam
1589 1619 1743 1647 difﬁcilibus
1759 1620 1826 1648 locis

1040 1664 1140 1690 audere
1155 1672 1307 1697 possumus,
1324 1669 1388 1698 pulo
1405 1665 1477 1699 quod
1492 1666 1711 1700 concupiscentia
1727 1672 1752 1694 et
1772 1668 1824 1700 ira,

1040 1710 1102 1743 quia
1118 1710 1207 1736 insunt
1217 1710 1272 1745 (90)
1285 1712 1357 1737 ontui
1371 1711 1477 1742 animm,
1494 1712 1648 1739 necessario
1658 1714 1715 1740 istae
1727 1722 1826 1741 secuti-

1040 1755 1102 1781 dum
1124 1756 1175 1783 hoc
1204 1757 1274 1790 quod
1294 1756 1327 1783 ad
1347 1757 1510 1790 peccandum
1527 1758 1629 1785 homini
1651 1759 1824 1793 famulantur,

1040 1801 1184 1827 immunda:
1210 1801 1351 1833 dicuntur,
1380 1803 1528 1829 secundum
1544 1802 1595 1830 hoc
1610 1811 1675 1830 vero
1690 1806 1760 1838 quod
1777 1814 1825 1832 nc-

1039 1855 1092 1881 que
1110 1848 1276 1881 posteritatis
1297 1849 1356 1874 sine
1375 1849 1593 1883 concupiscentia
1620 1851 1757 1878 successio
1783 1859 1825 1878 re-

1038 1897 1159 1927 paratur,
1177 1901 1264 1927 neque
1277 1893 1433 1920 emendatio
1459 1894 1512 1920 ulla
1527 1895 1586 1922 sine
1602 1896 1641 1922 ira
1669 1901 1755 1930 potest
1781 1905 1826 1924 ne

1038 1948 1091 1974 que
1110 1941 1252 1975 disciplina
1271 1946 1407 1973 constare,
1423 1943 1581 1969 necessarize
1593 1948 1619 1970 et
1631 1944 1824 1971 conservandae

1040 1986 1175 2013 dicuntur.
1189 1986 1222 2013 Et
1237 1987 1362 2021 quamvis
1379 1988 1434 2014 haec
1448 1988 1503 2021 jam
1523 1996 1574 2015 non
1593 1989 1700 2021 morali,
1714 1989 1759 2016 scd
1775 1997 1824 2016 na-

1039 2032 1117 2059 turali
1141 2033 1246 2059 ratione
1268 2033 1391 2059 discussa
1421 2033 1576 2066 videantur,
1605 2039 1693 2061 tamen
1719 2043 1778 2069 qua:
1789 2036 1823 2062 ad

1038 2086 1157 2114 praesens
1173 2086 1318 2106 occurrere
1332 2085 1488 2113 potuerunt,
1505 2088 1553 2114 pro
1573 2081 1752 2109 aedificatione
1768 2087 1823 2108 tra-

1038 2126 1182 2152 ctavimus.
1197 2125 1226 2152 Si
1240 2125 1300 2159 quis
1316 2132 1382 2152 sane
1405 2126 1524 2159 potuerit
1540 2133 1573 2153 ex
1589 2127 1644 2154 otio
1670 2127 1756 2160 ipsam
1771 2127 1822 2153 sibi

1036 2171 1163 2199 conferre
1177 2176 1203 2198 et
1213 2179 1373 2205 comparare
1387 2171 1554 2206 Scripturam
1567 2173 1683 2199 divinam
1700 2177 1726 2199 et
1743 2173 1823 2207 spiri—

198 2229 270 2248 tuum
282 2220 317 2254 ",
331 2221 437 2248 scilicet
455 2221 501 2255 qui
516 2221 713 2254 cogitationum
731 2220 863 2247 varietate
895 2226 922 2246 et
941 2220 983 2246 in-
1001 2226 1022 2253 1)
1037 2218 1134 2245 talibus
1146 2218 1276 2252 spiritalia
1289 2223 1427 2252 coaptare,
1454 2226 1503 2245 nec
1517 2226 1566 2245 nos
1580 2219 1646 2245 latet
1658 2219 1728 2252 quod
1746 2219 1821 2253 plura

198 2267 347 2295 stabilitate
359 2267 456 2294 mentis
469 2274 521 2293 non
535 2267 615 2293 fuerit
629 2267 780 2301 multiplex.
795 2267 848 2293 Sed
858 2266 927 2293 hanc
941 2267 982 2292 hi-

198 2313 362 2341 bliotbecam
378 2320 431 2340 non
450 2320 484 2339 ex
511 2313 665 2348 agrestibus
681 2313 862 2346 etimpolitis,
881 2313 927 2339 sed
948 2320 981 2339 ex

198 2359 338 2393 quadratis
360 2363 388 2386 et
415 2359 562 2386 secundum
588 2360 725 2394 mquitatis
752 2358 852 2385 lineam
872 2359 983 2385 directis

198 2405 331 2432 construit
358 2404 447 2437 lignis,
467 2404 493 2432 id
506 2410 547 2432 est
563 2413 615 2431 non
639 2404 808 2432 saecularium
831 2409 983 2437 auctorum,

201 2451 247 2478 sed
267 2458 299 2478 ex
314 2451 485 2486 propheticis
510 2457 590 2485 atque
607 2451 763 2486 apostolicis
791 2450 981 2477 voluminibus.

198 2496 249 2532 Ipsi
260 2498 333 2525 enim
346 2502 420 2529 sunt,
441 2497 486 2532 qui
508 2497 624 2524 diversis
650 2497 846 2524 tentationibus
865 2496 981 2527 edolati,

198 2542 327 2569 resecatis
340 2542 468 2570 omnibus
486 2542 558 2569 vitiis
572 2546 600 2569 et
619 2541 730 2574 excisis,
744 2544 900 2575 quadratam
918 2548 983 2567 con-

232 2633 254 2650 ⁸³
270 2634 397 2662 Proverb.
413 2641 487 2666 xxvt,
503 2634 530 2662 9.
576 2633 642 2661 “Ill
654 2634 718 2668 Reg.
732 2641 768 2665 vi,
782 2634 805 2660 7.

231 2702 286 2738 (89)
300 2701 373 2729 Libri
387 2706 474 2738 antea
489 2701 567 2738 editi,
581 2701 632 2735 ﬁde
647 2700 788 2738 Trinitatis
801 2701 840 2738 ad
869 2700 985 2734 longitu-

196 2736 281 2765 ditim
297 2737 356 2764 vita:
383 2736 661 2771 immortalitatemque
691 2736 838 2771 descendit,
863 2740 890 2761 at
917 2743 982 2761 tnss.

195 2771 380 2803 Belvacensis,
396 2770 572 2805 Remigianus
584 2776 610 2797 et
619 2770 680 2798 'tres
697 2770 872 2797 Turonenses
896 2774 924 2796 Iit
952 2771 977 2795 in

197 2813 289 2836 nostro
308 2813 398 2834 textu.
412 2806 503 2833 Codex
516 2805 728 2833 Gemeticeusis:
747 2805 824 2839 [idem
839 2805 976 2831 Trinitatis

194 2842 406 2878 cal-longitudine
419 2841 479 2868 vim
492 2841 735 2874 immortalitateque
756 2841 890 2868 distendit.
920 2839 978 2866 Mox

845 2633 866 2649 ⁸⁸
882 2633 967 2659 Levii.
982 2640 1040 2660 xm.

1034 2264 1060 2290 in
1079 2264 1130 2290 hoc
1144 2263 1202 2290 loco
1215 2263 1340 2298 prol'undi
1354 2268 1380 2289 et
1396 2265 1488 2290 arcani
1512 2266 1634 2300 mysterii
1652 2270 1758 2292 secreta
1775 2264 1830 2297 re—i

1033 2312 1130 2344 pcriet,
1146 2318 1205 2344 qua:
1223 2318 1293 2336 nunc
1309 2318 1358 2337 nos
1373 2309 1508 2337 adducere
1520 2311 1546 2337 in
1568 2311 1697 2343 medium,
1719 2311 1760 2338 vel
1773 2320 1822 2346 pro

1039 2356 1175 2383 brevitate
1191 2356 1327 2389 temporis,
1343 2356 1383 2382 vel
1408 2363 1457 2390 pro
1479 2356 1630 2383 auditorum
1650 2356 1742 2383 labore
1768 2365 1821 2384 non

1034 2408 1187 2435 possumus.
1205 2400 1404 2436 Omnipotentis
1425 2406 1513 2428 tamen
1538 2401 1584 2428 Dei
1601 2403 1819 2430 misericordiam

1037 2448 1224 2482 deprecemur,
1242 2447 1288 2481 qui
1304 2455 1353 2474 nos
1369 2455 1422 2474 non
1441 2447 1526 2474 solum
1543 2448 1681 2475 auditores
1694 2450 1766 2476 verbi
1780 2451 1821 2477 sui

1037 2493 1129 2525 faciat,
1144 2494 1191 2520 sed
1211 2498 1237 2520 et
1249 2493 1367 2520 factores
1380 2493 1403 2509 ⁸⁸
1418 2502 1424 2520 :
1441 2498 1469 2520 et
1491 2493 1602 2521 inducat
1619 2501 1702 2529 super
1715 2501 1822 2523 nostras

1035 2546 1143 2573 quoque
1161 2539 1266 2566 animas
1281 2539 1411 2566 diluvium
1426 2547 1502 2574 aqua:
1511 2548 1577 2573 sum,
1590 2544 1618 2568 et
1630 2541 1718 2569 deleat
1728 2542 1754 2569 in
1772 2551 1821 2570 no-

1079 2631 1122 2657 ﬂ“l
1139 2632 1201 2659 Cor.
1218 2641 1256 2665 ix,
1268 2632 1314 2659 24.

1368 2632 1411 2659 ﬁ’l
1430 2633 1496 2667 Reg.
1510 2641 1575 2660 ΠΗ.
1629 2635 1651 2650 ’⁸⁸
1667 2634 1723 2661 Jac.
1742 2642 1761 2666 l,
1775 2634 1820 2661 9'2.

1039 2699 1104 2726 libb.
1123 2705 1203 2726 antea
1214 2701 1277 2727 editi
1294 2709 1299 2726 :
1317 2701 1456 2727 latitudine
1480 2702 1627 2733 charimtis,
1648 2701 1818 2735 indulgentia.-

1039 2739 1062 2760 et
1081 2735 1248 2769 benignitatis
1279 2736 1372 2769 [undat
1404 2737 1538 2770 a/fectnm.
1559 2737 1703 2762 Allitudiue
1714 2737 1767 2771 spei
1784 2737 1818 2762 ad

1036 2770 1261 2805 cwlestiarerigit;
1279 2772 1324 2797 sed
1337 2779 1401 2797 mss.
1418 2777 1447 2797 ut
1459 2772 1484 2797 in
1501 2777 1592 2797 nostro
1608 2775 1691 2798 textu.

1069 2806 1123 2841 (90)
1140 2804 1215 2838 Mss,
1229 2806 1413 2838 insunt;libb,
1431 2807 1509 2839 editi,
1528 2807 1601 2833 inest.
