4050 6142
437 269 542 324 175

1887 267 2206 324 ORIGENIS

3559 271 3666 326 {76

437 389 521 444 bis
545 405 666 459 quae
697 389 797 442 scit
849 402 970 442 esse
1001 386 1250 450 delenda,
1276 395 1330 440 et
1361 387 1598 442 vivificet
1646 404 1766 458 qum
1792 387 1997 458 jndicat
2025 394 2072 449 Α
2103 389 2285 459 ligitur
2307 389 2552 445 voluntas
2580 390 2671 445 Dei
2703 391 2996 455 contineri,
3029 390 3132 444 nisi
3167 404 3228 444 ea
3271 390 3482 444 locutus
3515 391 3664 444 diea-

435 496 557 535 esse
584 479 925 541 vivificanda,
965 493 1062 543 per
1106 479 1384 533 Christum
1416 478 1698 532 Dominum
1733 489 1996 542 nostrum,

433 583 490 627 et
513 589 607 641 per
631 571 887 641 Spiritum
911 585 1067 623 suum
1095 579 1362 624 sanctum.
1386 569 1489 639 ipsi
1529 571 1700 640 gloria
1728 571 1779 624 itt
1801 581 1999 625 teterna

433 666 629 721 saacula
659 661 999 718 saeculorum.
1033 663 1224 714 Amen.

1022 756 1305 811 llOMILIA
1347 753 1432 811 ill.

819 849 894 902 De
921 849 1320 902 circumcisione
1359 849 1606 902 Abralue.

507 948 559 999 l.
611 943 877 1008 Quoniam
917 944 966 995 in
1020 942 1204 996 tuultis
1261 941 1457 996 divinae
1506 941 1804 1010 Scriptum
1864 941 1997 996 locis

437 1039 604 1091 Deum
635 1035 862 1103 legimus
884 1035 950 1088 ad
983 1033 1226 1088 homines
1257 1033 1423 1102 loqui,
1448 1041 1503 1086 et
1532 1042 1754 1101 propter
1776 1036 1874 1088 hoc
1901 1032 1995 1088 .Iu-

435 1129 534 1182 d:ei
559 1128 798 1196 quidem,
820 1126 913 1180 sed
937 1135 993 1179 et
1019 1135 1328 1180 nostrorum
1359 1125 1622 1190 nonnulli,
1650 1125 1815 1179 Deum
1841 1127 1993 1194 quasi

437 1221 706 1274 hominem
740 1217 1147 1286 intelligendum
1178 1225 1525 1285 putaverunt,
1566 1217 1619 1271 id
1676 1228 1760 1269 est
1808 1218 1990 1270 buma-

435 1313 520 1366 nis
542 1309 800 1365 membris
841 1310 1132 1379 habituque
1179 1307 1517 1372 distinctum,
1552 1309 1844 1379 philosophi
1871 1323 1996 1362 vero

437 1403 588 1456 velut
619 1402 864 1458 fabulosa
889 1402 1003 1456 haec
1027 1412 1082 1456 et
1108 1403 1172 1456 ad
1223 1402 1557 1471 poeticormn
1585 1402 1992 1456 similitudinem

433 1497 807 1563 figmentorum
831 1492 1057 1548 formata
1118 1494 1464 1562 despiciunt:
1497 1495 1711 1549 videtur
1763 1494 1891 1548 mihi
1927 1495 1993 1549 de

435 1587 518 1639 his
541 1585 718 1654 primo
770 1584 961 1653 paucis
1011 1585 1510 1650 sermocinandum,
1551 1594 1603 1640 et
1651 1594 1774 1639 tunc
1825 1589 1891 1641 ad
1930 1601 1994 1640 ea

432 1688 550 1740 qua:
583 1673 809 1728 recitata
841 1683 968 1728 sunt
1011 1673 1359 1728 veniendum.
1407 1672 1589 1728 Primo
1629 1688 1760 1744 ergo
1791 1675 1858 1728 ad
1898 1689 1993 1730 eos

432 1766 504 1818 sit
555 1779 734 1817 sermo
791 1765 875 1831 qui
935 1763 1064 1818 foris
1087 1763 1246 1832 positi
1276 1772 1592 1833 arroganter
1629 1779 1726 1818 nos
1753 1765 1988 1820 circum-
2022 1751 2062 1807 Β

432 1865 702 1924 strepunt,
734 1855 976 1909 dicentes
1005 1856 1221 1909 excelso
1247 1855 1324 1907 illi
1359 1865 1418 1909 et
1440 1854 1694 1910 invisibili
1722 1864 1883 1923 atque
1911 1855 1992 1906 iu-

433 1960 695 2014 corporeo
732 1946 841 2000 Deo
873 1961 975 2000 non
1003 1946 1312 2010 convenire,
1374 1955 1434 2000 ut
1501 1945 1749 2000 humanis
1812 1957 1991 2000 utatur

430 2037 709 2093 affectibus
734 2037 868 2108 (9i).
911 2036 970 2092 Si
991 2037 1134 2091 enim
1171 2037 1443 2107 loquendi,
1507 2037 1779 2108 inquiunt,
1814 2040 1863 2092 ei
1898 2040 1991 2092 da—

431 2130 502 2184 tis
535 2146 711 2194 usum,
755 2131 871 2185 sine
896 2130 1060 2185 dubio
1079 2129 1276 2184 dabitis
1299 2139 1351 2183 et
1384 2144 1462 2194 os,
1495 2141 1550 2184 et
1575 2131 1846 2198 linguam,
1885 2144 1991 2183 cae~

430 2230 656 2290 teraque
689 2222 928 2275 membra
959 2221 1156 2289 quibus
1187 2220 1439 2289 loquendi
1464 2218 1986 2290 expleturoiiicium.

429 2313 582 2380 Quod
615 2314 658 2368 si
686 2314 777 2377 sit,
818 2328 1091 2368 recessum
1123 2322 1210 2368 est
1241 2315 1308 2366 ab
1336 2312 1598 2368 invisibili
1631 2322 1688 2368 et
1737 2314 1990 2380 incorpo-

429 2425 524 2464 reo
553 2411 660 2463 Deo
691 2421 706 2462 :
735 2417 790 2462 et
845 2406 1008 2460 multa
1042 2404 1127 2459 his
1175 2404 1370 2458 similia
1403 2412 1680 2459 nectentes
1727 2418 1823 2458 nos
1867 2403 1990 2456 fati-

429 2512 559 2572 gant
585 2499 718 2571 (92).
751 2498 833 2552 Ad
877 2498 994 2552 haec
1023 2511 1177 2564 ergo,
1213 2495 1259 2550 si
1303 2495 1559 2564 precibus
1608 2495 1802 2550 vestris
1834 2495 1990 2565 juve-

428 2606 568 2655 mur,
594 2598 753 2660 prout
781 2588 1042 2642 Dominus
1071 2585 1302 2651 dederit,
1338 2585 1576 2640 breviter
1613 2599 1982 2640 occurremus.

497 2682 552 2736 2.
578 2680 686 2736 Nos
715 2681 857 2736 sicut
881 2679 1262 2747 incorporeum
1294 2691 1416 2732 esse
1447 2676 1636 2742 Deum,
1660 2686 1716 2731 et
1743 2677 1988 2747 omnipo-

430 2781 652 2837 tentem,
677 2782 733 2829 et
758 2769 1081 2825 invisibilem
1115 2767 1454 2837 profitemur,
1516 2769 1587 2821 ita
1631 2782 1756 2821 emn
1795 2783 1987 2824 curare

429 2863 700 2927 mortalia,
757 2871 812 2916 et
866 2860 1002 2916 nihil
1037 2859 1246 2929 absque
1302 2859 1420 2929 ejus
1466 2859 1809 2927 providentia
1846 2858 1982 2925 geri,

429 2969 604 3023 neque
640 2955 691 3007 in
723 2953 886 3018 caelo,
921 2965 1097 3021 neque
1136 2951 1190 3005 in
1253 2951 1438 3012 terris,
1464 2959 1614 3004 certo
1643 2958 1698 3003 et
1725 2948 1983 3003 immobili

429 3048 680 3113 dogmate
708 3043 1030 3097 confitemur
1073 3041 1208 3112 (95).
1262 3041 1528 3096 Memento
1557 3041 1682 3110 quia
1707 3041 1839 3094 nihil
1867 3041 1985 3095 sine

428 3134 770 3204 providentia
798 3134 914 3202 ejus
942 3134 1054 3203 geri
1083 3133 1341 3200 diximus,
1393 3148 1498 3186 non
1527 3133 1646 3188 sine
1678 3132 1980 3187 voluntate.

427 3228 590 3283 Multa
619 3227 761 3280 enim
789 3225 908 3280 sine
935 3224 1206 3278 voluntate
1232 3224 1349 3293 ejus
1372 3233 1652 3290 geruntur,
1710 3223 1841 3276 nihil
1864 3224 1987 3278 sine

432 3317 794 3389 providentia.
846 3313 1186 3368 Providentia
1225 3328 1455 3382 namque
1476 3323 1557 3368 est
1582 3328 1686 3381 qua
1713 3323 1986 3382 procurat,

426 3424 483 3467 et
501 3413 794 3480 dispensat,
817 3418 872 3463 et
894 3409 1140 3479 providet
1161 3423 1281 3478 qua:
1300 3419 1582 3477 geruntur.
1612 3406 1874 3462 Voluntas
1896 3424 1987 3462 ve-

428 3519 490 3558 ro
512 3515 727 3571 est,qua
751 3501 864 3556 vult
886 3500 1086 3571 aliquid
1110 3509 1202 3554 aut
1228 3516 1331 3555 non
1357 3499 1489 3553 vult.
1509 3499 1615 3554 Sed
1635 3500 1700 3553 de
1725 3499 1806 3554 his
1829 3499 1983 3554 alias.

428 3596 662 3664 Longior
686 3593 827 3648 enim
860 3601 943 3648 est
972 3602 1027 3647 et
1053 3593 1292 3646 diiiusior
1329 3593 1429 3646 iste
1463 3601 1743 3646 tractatus.
1773 3591 1984 3647 Secun-

425 3691 551 3741 dum
576 3687 676 3742 hoc
698 3701 826 3756 ergo
845 3685 987 3754 quod
1009 3683 1339 3753 provisorem
1360 3683 1692 3751 omnium,et
1712 3683 1984 3752 dispensa-

429 3793 599 3834 torem
647 3779 965 3846 prolitemur
1016 3776 1210 3843 Deum,
1261 3790 1603 3844 consequens
1648 3785 1736 3830 est
1769 3786 1826 3828 ut
1856 3776 1984 3844 quid

423 3869 530 3940 67
567 3869 716 3930 velit,
749 3867 831 3921 vel
855 3867 981 3936 quid
1023 3866 1336 3920 hominibus
1363 3865 1614 3935 expediat
1644 3866 1867 3920 indicet.
1925 3865 1982 3920 Si

427 3963 572 4015 enim
613 3975 716 4013 non
766 3960 986 4021 indicet,
1024 3974 1124 4013 nec
1163 3961 1267 4014 erit
1305 3959 1548 4026 provisor
1587 3959 1841 4025 hominis,
1885 3974 1984 4014 nec

425 4051 668 4106 creditur
720 4065 916 4105 curare
971 4050 1239 4104 mortalia.
1306 4049 1556 4106 lndicans
1618 4050 1781 4120 igitur
1845 4051 1983 4104 Deus

425 4144 736 4199 nominibus
768 4157 886 4221 quae
943 4157 1036 4196 eos
1087 4158 1248 4212 agere
1296 4143 1438 4207 vult,
1491 4157 1598 4212 quo
1641 4144 1981 4214 potissimum

425 4235 617 4291 aii'ectu
653 4235 911 4288 dicendus
947 4243 1028 4287 est
1051 4233 1328 4287 iudicare?
1366 4233 1548 4288 Nonne
1587 4221 1652 4288 eo
1690 4235 1780 4304 qui
1809 4233 1983 4288 homi-

425 4330 583 4382 nibus
623 4328 677 4381 in
733 4340 830 4379 usu
863 4334 918 4378 et
957 4324 1146 4378 notitia
1186 4325 1309 4378 est?
1334 4325 1389 4377 Si
1426 4326 1590 4393 enim,
1616 4326 1766 4380 verbi
1796 4341 1978 4389 causa,

2012 3085 2053 3142 C

2103 492 2215 548 tur,
2269 483 2396 551 quia
2423 498 2521 538 nec
2552 485 2804 549 sentitur,
2843 497 2940 538 nec
2973 482 3288 551 intelligitur
3323 484 3469 538 inter
3493 484 3662 538 homi-

2100 588 2195 627 nes
2228 573 2454 626 indicari
2491 587 2728 642 unquam
2769 588 2925 642 posse
2964 587 3062 641 per
3097 571 3373 628 silentium
3417 573 3661 627 volunta-

2098 674 2226 720 tem.
2266 665 2372 720 Sed
2417 667 2531 719 hrec
2561 681 2777 719 rursum
2823 680 2929 719 non
2968 665 3264 720 secundum
3298 680 3535 719 errorem
3563 664 3659 720 Ju-

2099 758 2362 821 daeorum,
2413 757 2498 811 vel
2535 756 2700 811 etiam
2747 771 2813 812 ex
2855 759 3059 812 nostris
3105 757 3516 819 nonnullorum,
3568 756 3661 826 qui

2097 865 2220 905 cum
2273 849 2382 905 illis
2436 858 2659 914 errant,
2711 860 2935 904 eatenus
2981 850 3240 915 dicimus,
3290 857 3350 903 ut
3403 851 3660 918 quoniam

2098 943 2334 996 humana
2368 940 2633 1012 fragilitas
2661 941 2824 996 aliter
2853 941 3043 995 audire
3073 942 3139 995 de
3177 942 3286 995 Deo
3314 957 3420 995 non
3459 951 3657 1008 poteSI,

2095 1033 2198 1086 nisi
2227 1043 2288 1087 ut
2335 1032 2437 1088 sibi
2471 1047 2559 1088 res
2585 1033 2700 1101 ipsa
2739 1041 2796 1088 et
2827 1031 3088 1087 vocabula
3123 1041 3247 1086 nota
3279 1043 3423 1093 sunt,
3457 1032 3660 1086 idcirco

2094 1124 2262 1177 etiam
2309 1122 2564 1178 membris
2614 1123 2729 1177 haec
2785 1123 2989 1178 nostris
3039 1120 3328 1185 similibus,
3370 1130 3424 1174 et
3471 1120 3654 1174 habitu

2098 1215 2339 1268 humano
2394 1212 2562 1267 Deum
2605 1227 2766 1284 agere
2797 1213 3120 1267 sentiamus.
3158 1211 3404 1266 Alienum
3440 1213 3541 1265 hoc
3573 1222 3656 1265 est

2095 1308 2164 1361 ab
2202 1305 2454 1361 Ecclesia:
2509 1305 2615 1359 fide
2658 1304 2826 1373 (94).
2885 1303 2991 1359 Sed
3040 1306 3143 1358 hoc
3182 1304 3353 1372 ipsum
3391 1304 3532 1372 quod
3572 1303 3652 1357 vel

2097 1397 2300 1467 aspirat
2367 1396 2422 1450 in
2477 1395 2646 1451 corde
2691 1393 3122 1464 uniuscujusque
3168 1403 3519 1454 sanctorum,
3570 1394 3652 1448 vel

2095 1503 2289 1543 sonum
2325 1488 2474 1542 vocis
2506 1486 2791 1556 pervenire
2815 1487 2882 1540 ad
2916 1500 3078 1540 aures
3102 1485 3220 1554 ejus
3258 1483 3408 1547 facit,
3442 1483 3652 1539 loeutus

2096 1583 2300 1637 homini
2336 1581 2478 1636 Deus
2507 1579 2726 1634 dicitur.
2757 1579 2850 1634 Sic
2870 1586 3069 1633 etcum
3097 1586 3221 1631 nota
3246 1577 3346 1630 sibi
3376 1590 3496 1631 esse
3517 1575 3653 1629 indi-

2094 1686 2180 1729 cat
2217 1689 2338 1743 quae
2365 1673 2734 1741 unusquisque
2762 1670 2844 1724 vel
2877 1671 3138 1740 loquitur,
3167 1670 3246 1722 vel
3278 1670 3406 1736 agit,
3439 1668 3652 1723 audisse

2091 1783 2153 1822 se
2184 1767 2351 1822 dicit:
2379 1776 2573 1821 etcum
2610 1765 2809 1834 aliquid
2841 1763 3094 1834 injustam
3130 1762 3241 1832 geri
3273 1777 3302 1815 a
3334 1761 3485 1816 nobis
3515 1760 3656 1815 indi-

2093 1869 2202 1928 cat,
2254 1859 2416 1914 irasci
2453 1874 2512 1914 se
2562 1857 2888 1912 dicitzcum
2936 1853 3215 1908 beneﬁciis
3268 1853 3380 1906 suis
3414 1852 3652 1921 ingratos

2093 1967 2192 2006 nos
2241 1951 2442 2022 arguit,
2506 1949 2771 2019 poenitere
2822 1962 2881 2002 se
2926 1945 3098 2002 dicit:
3133 1946 3375 2000 indicans
3435 1944 3651 2012 quidem

2091 2046 2206 2100 haec
2232 2045 2321 2098 his
2346 2041 2631 2098 aii'ectibos
2670 2041 2758 2110 qui
2787 2038 3094 2094 hominibus
3146 2038 3197 2090 in
3231 2052 3330 2090 usu
3365 2044 3511 2097 sunt,
3547 2050 3650 2088 non

2093 2145 2274 2190 tamen
2303 2135 2389 2189 his
2419 2132 2677 2188 membris
2703 2147 2765 2186 ea
2803 2131 3122 2186 ministrans
3147 2144 3266 2197 qua:
3293 2137 3497 2181 natura:
3533 2143 3654 2180 cor-

2091 2245 2269 2300 porcae
2296 2238 2424 2283 sunt
2454 2224 2624 2299 (95).
2653 2225 2890 2294 Simplex
2923 2236 3156 2292 namque
3185 2229 3269 2276 est
3292 2219 3377 2273 illa
3405 2221 3656 2274 substan-

2093 2323 2185 2384 tia,
2227 2327 2282 2375 et
2325 2332 2502 2387 neque
2528 2317 2785 2373 membris
2817 2314 2960 2376 ullis,
2999 2325 3174 2380 neque
3241 2309 3652 2378 compaginibus

2093 2411 2481 2481 atl'ectibusque
2506 2407 2826 2478 composita,
2860 2407 2956 2461 sed
2988 2403 3246 2474 quidquid
3266 2402 3462 2457 divinis
3481 2399 3651 2456 viriu-

2092 2507 2236 2559 tibus
2266 2504 2494 2574 geritur,
2527 2502 2628 2555 hoc
2661 2511 2720 2554 ttt
2768 2499 3014 2554 homines
3059 2505 3281 2566 possent
3330 2494 3648 2564 intelligere,

2089 2605 2184 2651 aut
2224 2597 2582 2650 humanorum
2625 2591 2988 2645 membrorum
3031 2587 3393 2657 appellatione
3433 2585 3650 2656 profer-

2095 2701 2200 2752 tur,
2225 2697 2316 2742 aut
2343 2685 2720 2741 communibus
2742 2692 2797 2739 et
2825 2683 2966 2736 notis
3001 2680 3314 2735 enuntiatur
3337 2678 3358 2750 (
3384 2677 3482 2749 96)
3525 2676 3651 2731 alie-

2091 2779 2292 2832 ctibus.
2323 2775 2390 2830 Et
2427 2776 2529 2829 hoc
2555 2775 2712 2827 modo
2746 2773 2826 2826 vel
2856 2771 3038 2835 irasci,
3068 2771 3149 2822 vel
3177 2769 3388 2835 audire,
3409 2769 3486 2821 vel
3510 2767 3648 2835 l0qui

2088 2870 2288 2924 dicitur
2317 2869 2475 2922 Deus.
2505 2865 2638 2920 Nam
2663 2867 2706 2921 si
2736 2881 2842 2919 vox
2876 2865 3108 2919 humana
3137 2877 3232 2918 aer
3272 2863 3432 2927 ictus,
3465 2861 3516 2914 id
3559 2871 3648 2914 est

2088 2960 2267 3028 lingua
2303 2973 2647 3027 repercussus
2675 2956 2948 3018 delinitur,
2983 2961 3158 3022 potest
3189 2962 3245 3008 et
3275 2967 3379 3007 vox
3416 2952 3506 3006 Dei
3539 2952 3644 3004 dici

2088 3064 2181 3104 aer
2215 3050 2352 3102 ictus
2373 3087 2388 3113 ,
2426 3047 2511 3101 vel
2537 3047 2613 3110 vi,
2652 3046 2733 3098 vel
2765 3045 3038 3098 voluntate
3067 3044 3266 3097 divina.
3316 3043 3383 3097 Et
3420 3043 3543 3096 inde
3567 3051 3647 3095 est

2088 3141 2230 3208 quod
2276 3140 2321 3194 si
2357 3139 2575 3208 quando
2619 3151 2720 3190 vox
2752 3135 3011 3190 divinitus
3042 3136 3223 3201 datur,
3268 3149 3373 3188 non
3414 3134 3481 3186 ad
3530 3148 3645 3187 om-

2088 3233 2236 3286 nimn
2260 3245 2438 3293 aures,
2475 3230 2569 3283 sed
2616 3229 2682 3281 ad
2729 3243 2967 3297 quorum
3000 3228 3251 3292 interest,
3280 3227 3498 3280 auditus
3520 3226 3646 3280 alla-

2088 3321 2254 3384 bitur,
2291 3327 2349 3372 ttt
2380 3333 2644 3385 agnoscas
2676 3319 2909 3371 sonitum
2951 3317 3282 3386 non-lingua:
3316 3317 3468 3386 pulsu
3524 3318 3646 3369 red—

2089 3411 2255 3464 ditum
2277 3409 2531 3480 (alioquin
2557 3407 2709 3462 fieret
2727 3407 3028 3462 communis
3051 3405 3305 3476 auditus),
3321 3407 3413 3460 sed
3432 3405 3645 3473 Sttpt'l‘ui

2093 3510 2254 3555 nutus
2286 3499 2656 3554 moderamine
2688 3499 3071 3568 gubernatum.
3099 3497 3412 3566 Quanquam
3443 3508 3495 3551 et
3525 3512 3648 3565 pro.

2087 3592 2264 3660 phetis
2287 3604 2428 3658 Stepe
2455 3600 2511 3643 et
2545 3590 2874 3658 patriarchis
2896 3631 2910 3654 ,
2960 3589 3281 3655 ueterisque
3310 3597 3644 3650 sanctorum,

2085 3684 2246 3736 etiam
2301 3681 2418 3736 sine
2457 3681 2610 3735 vocis
2667 3695 2801 3734 sono
2857 3681 3081 3733 verbum
3138 3679 3231 3732 Dei
3286 3678 3645 3733 factumesse

2087 3774 2376 3838 referatur,
2453 3773 2597 3826 sicut
2642 3787 2708 3826 ex
2763 3771 3015 3826 omnibus
3062 3771 3232 3826 sacris
3286 3771 3644 3825 voluminibus

2085 3865 2420 3919 abundanter
2463 3865 2737 3920 docemur.
2790 3861 2849 3916 In
2882 3879 3013 3932 quo,
3057 3871 3114 3916 ut
3158 3863 3395 3917 breviter
3444 3864 3642 3925 dicam,

2085 3955 2382 4008 illmninata
2436 3969 2588 4008 mens
2633 3969 2728 4023 per
2777 3951 3036 4023 Spiritum
3109 3953 3199 4007 Dei
3261 3953 3525 4008 formatur
3589 3954 3642 4007 iu

2084 4046 2268 4100 verba.
2301 4046 2363 4098 Et
2392 4045 2512 4100 ideo
2535 4046 2648 4099 sive
2681 4045 2804 4108 hoc,
2839 4045 2952 4100 sive
2984 4045 3072 4099 illo
3096 4061 3200 4114 quo
3224 4061 3383 4116 supra
3408 4049 3644 4103 diximus

2085 4138 2264 4201 modo,
2297 4152 2418 4190 cum
2449 4136 2779 4191 voluntatem
2822 4151 2973 4191 suam
3008 4136 3228 4202 indicat,
3273 4138 3483 4194 loeutus
3520 4157 3638 4195 esse

2082 4229 2279 4282 dicitur
2316 4228 2472 4282 Deus.
2510 4229 2817 4284 Secundum
2866 4232 3010 4286 hunc
3038 4247 3166 4301 ergo
3198 4247 3416 4286 sensum
3460 4232 3637 4302 aliqua

2084 4319 2217 4392 (97)
2245 4321 2356 4387 jam
2388 4335 2452 4372 ex
2479 4321 2562 4374 his
2591 4337 2709 4389 qua:
2740 4322 2876 4375 lecta
2905 4333 3050 4388 sunt,
3077 4323 3426 4378 disseramus.

424 4421 672 4473 dicamus
713 4415 839 4484 quia
889 4416 1014 4470 silet
1059 4416 1218 4478 Deus,
1266 4417 1408 4483 quod
1443 4427 1648 4470 natura:
1677 4418 1749 4471 illi
1781 4433 1980 4473 conve-
2011 4423 2054 4478 Ι)
2151 4416 2204 4466 5.
2239 4412 2397 4466 Multa
2447 4428 2705 4481 responsa
2755 4414 2951 4468 dantur
2995 4431 3024 4469 a
3084 4417 3192 4470 Deo
3241 4417 3307 4469 ad
3339 4417 3634 4478 Abraham,

421 4512 577 4566 uiens
599 4509 858 4573 creditur,
899 4508 1169 4578 quomodo
1193 4508 1491 4561 indicatum
1521 4523 1642 4563 esse
1667 4509 1868 4580 aliquid
1909 4513 1977 4566 ab

421 4617 489 4656 eo
519 4601 796 4671 putabitur
834 4615 928 4669 per
972 4598 1289 4653 silentium?
1349 4599 1503 4654 Nunc
1550 4611 1727 4654 autem
1773 4601 1977 4656 idcirco

421 4693 636 4747 locutus
684 4691 906 4758 dicitur,
956 4701 1019 4744 ut
1065 4690 1302 4746 scientes
1348 4690 1592 4746 homines
1648 4693 1750 4752 hoc
1815 4693 1976 4747 mini-

433 4783 604 4836 sterio
635 4779 961 4834 voluntatem
993 4779 1220 4837 alterius
1246 4780 1400 4835 alteri
1429 4780 1790 4844 innotescere,
1811 4798 1975 4853 agno-

422 4883 579 4926 scant
609 4887 674 4926 ea
710 4887 832 4940 quae
872 4871 973 4927 sibi
1027 4885 1124 4940 per
1164 4872 1458 4942 prophetas
1504 4871 1821 4928 deferuntur
1883 4875 1973 4928 Dei

419 4979 541 5019 esse
578 4963 869 5017 voluntatis
900 4961 1119 5018 iudicia.
1159 4961 1213 5016 lu
1246 4963 1445 5032 quibus
1478 4963 1664 5033 utique
1691 4979 1794 5018 non
1820 4965 1976 5019 intel-

497 5079 538 5113 ⁸³
583 5080 718 5134 Gen.
749 5095 845 5144 xu,
871 5079 920 5131 i.

499 5170 604 5243 (9t)
636 5172 943 5244 A/fectibus.
981 5168 1158 5223 Codex
1203 5171 1376 5226 sancti
1412 5171 1758 5236 Theoderici,
1789 5175 1966 5244 olfati.

420 5241 540 5303 bus,
577 5241 678 5294 non
713 5241 869 5296 male.

2083 4506 2176 4559 sed
2224 4521 2328 4558 nou
2377 4507 2554 4559 omnia
2599 4508 2666 4558 ad
2717 4522 2880 4560 unum
2912 4509 3270 4578 eamdemque
3306 4507 3630 4563 referuntur.

2083 4599 2335 4665 Qua-dam
2367 4600 2510 4652 enim
2539 4601 2603 4654 ad
2633 4600 2868 4667 Abram,
2891 4602 3139 4670 quaedam
3169 4603 3235 4657 ad
3259 4603 3555 4663 Abraham,
3585 4601 3638 4654 id

2082 4698 2164 4744 est
2202 4691 2306 4744 alia
2347 4699 2466 4761 post
2503 4695 2927 4747 immutationem
2979 4694 3235 4760 nominis,
3287 4703 3342 4747 et
3384 4693 3484 4746 alia
3514 4707 3634 4746 cum

2082 4782 2259 4836 adhuc
2300 4785 2534 4852 genuino
2588 4785 2851 4854 vocabulo
2890 4796 3228 4839 censeretur.
3288 4785 3352 4839 Et
3405 4784 3636 4852 primum

2080 4875 2292 4943 quidem
2320 4891 2349 4928 a
2385 4876 2491 4928 Deo
2525 4877 2590 4928 ad
2627 4876 2827 4929 Abram
2853 4885 2978 4931 ante
3000 4876 3428 4929 immutationem
3459 4874 3633 4928 nomi-

2080 4964 2166 5017 nis
2197 4963 2324 5016 illud
2365 4963 2606 5018 defertur
2645 4965 2944 5029 oraculum,
2982 4981 3089 5036 quo
3134 4967 3267 5020 dixit
3304 4966 3347 4996 ⁸⁸
3381 4983 3394 5019 :
3426 4965 3529 5020 Exi
3573 4967 3636 5019 de

2143 5174 2279 5246 (95)
2315 5177 2433 5228 Νοη
2470 5185 2642 5228 tamen
2667 5175 2750 5228 his
2793 5175 3034 5246 membris
3073 5191 3138 5228 ea
3174 5176 3480 5230 ministrans
3518 5194 3631 5246 quae

2070 5245 2273 5299 natura:
2317 5261 2578 5311 corporea
2610 5257 2750 5298 sunt.
2791 5245 2926 5298 Haec
2969 5246 3024 5298 in
3067 5255 3225 5301 antea
3273 5248 3435 5302 editis
3479 5245 3629 5300 libris

490 5313 602 5378 (92)
633 5313 875 5382 Quatuor
903 5324 1059 5374 mss.,
1090 5326 1182 5364 nos
1211 5310 1470 5380 fatigant;
1500 5314 1630 5370 libb.
1662 5326 1818 5369 antea
1861 5315 1974 5368 cdi-
2067 5316 2265 5368 omissa
2296 5310 2613 5382 supplentur
2650 5329 2680 5368 e
2715 5331 2842 5368 mss.

421 5384 480 5444 ti,
518 5391 722 5434 nostros
746 5381 990 5448 fatigant.

2137 5384 2274 5456 (96)
2320 5385 2449 5456 Mss.
2480 5387 2812 5456 renuntiatur.
2846 5382 3000 5437 Libb.
3044 5385 3214 5450 editi,
3255 5388 3624 5456 annuntiatur.

490 5450 889 5524 (95,)ADoggmale
911 5450 1236 5524 conﬁtemur,
1262 5463 1368 5508 etc.
1403 5453 1493 5509 Sic
1526 5470 1690 5519 mss.;
1731 5455 1850 5509 libri
1885 5469 1976 5506 ve-
2069 5450 2233 5508 Paulo
2256 5450 2388 5522 'post
2416 5455 2580 5508 iidem
2619 5469 2774 5518 mss.,
2803 5470 3136 5522 repercussus
3168 5457 3438 5524 deﬁnitur.
3469 5454 3625 5510 Libb.

422 5536 484 5576 r0
505 5521 657 5582 editi,
686 5520 1282 5588 dogmateﬁpro/itemur.

487 5589 628 5658 (9i)
669 5587 793 5641 Mss.
822 5589 886 5642 ab
919 5587 1169 5643 Ecclesia:
1191 5591 1314 5658 ﬁde.
1349 5591 1504 5648 Libb.
1535 5594 1688 5661 editi,
1721 5595 1784 5648 ab
1817 5591 1976 5648 eccle-

416 5665 630 5713 siastica
656 5661 781 5726 ﬁde.

2067 5525 2216 5586 editi,
2249 5541 2580 5589 repercussus
2607 5524 2818 5575 dicitur.

2140 5595 2280 5665 (97)
2327 5595 2507 5666 Codd.
2542 5592 2793 5666 ,Delvacq
2840 5591 3106 5650 Gentetic.
3152 5604 3207 5650 et
3256 5595 3624 5666 Remigianus,

2078 5661 2287 5735 aliqua;
2323 5664 2452 5719 libb.
2489 5663 2640 5730 editi,
2673 5661 2889 5732 reliqua.
