4050 6142
464 264 555 317 ΠἸ

1655 256 1721 310 ῙΝ
1758 252 2056 311 GENESIM
2096 250 2379 308 HOMILIA
2420 252 2505 307 Ill.

3610 263 3711 319 178

455 398 594 440 rem;
634 392 728 437 tua
750 424 769 448 ,
819 392 870 439 et
902 385 971 438 de
1012 383 1170 438 domo
1200 385 1366 453 patris
1400 382 1500 446 tui,
1545 390 1592 434 et
1627 379 1691 434 de
1724 378 2035 449 cognatione
2066 378 2107 434 Α
2139 373 2489 426 masculinum
2541 386 2788 443 vestrum,
2825 385 2874 433 el
2909 375 3288 432 circumcidetis
3317 394 3526 438 carnem
3572 403 3710 453 pra:-

456 484 570 539 tua,
591 482 704 529 etc.
728 473 839 528 Sed
878 468 1013 528 nihil
1037 475 1092 529 in
1117 473 1220 528 hoc
1260 472 1326 528 de
1363 482 1687 529 testamento
1721 471 1849 533 Dei,
1899 470 2033 524 nihil

455 567 523 620 de
564 566 988 622 circumcisione
1041 565 1372 636 praecipitur.
1421 563 1539 620 Non
1591 564 1736 618 enim
1775 572 2030 632 poterat,

454 672 580 710 cum
635 658 817 712 adhuc
867 668 1015 712 esset
1061 659 1264 712 Abram
1347 663 1404 709 et
1452 654 1691 709 carnalis
1734 652 2033 709 nativitatis

454 749 783 804 vocabulum
806 752 1000 813 terret,
1025 748 1307 819 suscipere
1335 756 1392 803 et
1414 756 1805 803 testamentum
1846 747 1937 801 Dei
1977 757 2032 801 et
2057 801 2064 809 _

452 841 891 897 circumcisionis
914 844 1146 917 insigne.
1173 846 1310 902 Cum
1343 862 1476 903 vero
1495 848 1627 903 exiit
1649 848 1717 904 de
1748 858 1891 905 terra
1918 865 2035 914 sua,

456 944 512 989 et
538 934 608 989 de
636 936 961 1007 cognatione
984 954 1111 1001 sua,
1154 948 1285 994 tunc
1327 940 1397 995 ad
1438 956 1564 995 eum
1605 942 1895 997 sacratiora
1926 944 2039 1013 jam

456 1041 721 1096 responsa
762 1027 1104 1083 deferuntur.
1135 1031 1202 1084 Et
1240 1031 1418 1100 primo
1457 1032 1655 1087 dicitur
1688 1033 1740 1089 ei
1778 1035 1904 1104 quia
1936 1050 2043 1090 non

456 1119 728 1173 vocaberis
758 1118 976 1183 Abram,
1003 1126 1094 1176 sed
1121 1122 1389 1177 Abraham
1417 1124 1518 1177 erit
1553 1139 1741 1179 nomen
1781 1135 1928 1180 tuum
1966 1125 2035 1182 ⁸⁸.

448 1209 619 1263 Tunc
666 1211 781 1279 jam
828 1220 885 1265 et
928 1220 1313 1267 testamentum
1366 1214 1462 1268 Dei
1519 1215 1759 1285 suscepit
1796 1217 1940 1288 (98),
1983 1226 2041 1271 et

454 1301 801 1372 signaculum
862 1303 986 1359 ﬁdei
1049 1305 1260 1376 accepit
1313 1306 1779 1361 circumcisionem
1804 1349 1819 1373 ,
1876 1323 2038 1378 quam

454 1409 570 1448 non
617 1395 797 1464 potuit
846 1396 1093 1467 accipere
1115 1436 1131 1461 ,
1179 1397 1308 1452 dum
1354 1406 1500 1452 esset
1539 1397 1595 1451 in
1634 1398 1796 1455 domo
1836 1400 2036 1468 patris,

456 1496 515 1541 et
554 1487 609 1540 in
648 1488 1113 1560 consanguinitate
1140 1490 1365 1554 carnali,
1396 1499 1451 1544 et
1479 1506 1603 1550 cum
1632 1491 1811 1545 adhuc
1837 1490 2037 1547 Abram

455 1588 767 1634 vocaretur.
827 1580 933 1636 Sed
1001 1597 1180 1652 neque
1242 1583 1525 1654 presbyter
1586 1583 1888 1653 appellatus
1954 1594 2040 1639 est

456 1669 616 1740 ipse,
673 1680 731 1726 et
772 1688 912 1726 uxor
943 1688 1059 1738 sua,
1109 1674 1287 1729 donec
1331 1683 1478 1729 esset
1525 1674 1579 1728 in
1628 1675 1791 1729 domo
1848 1675 2036 1745 patris,

2176 462 2269 514 utii
2296 464 2468 515 castri.

2176 477 2269 514 um
2296 477 2468 515 t'estrt.

2139 477 2171 528 ρ
2209 539 2262 592 4.
2317 541 2479 610 Igitur
2545 546 2981 618 quandoquidem
3045 551 3098 607 in
3171 552 3317 608 hunc
3381 552 3710 612 devenimus

2141 629 2349 695 locum,
2401 634 2680 702 requirere
2733 639 2855 695 volo
2899 641 2943 697 si
2987 643 3330 713 omnipotens
3382 645 3567 714 Deus,
3615 652 3709 720 qui

2139 722 2262 777 caeli
2310 739 2375 777 ac
2431 735 2591 780 terrae
2625 728 2957 787 dominatum
2995 744 3162 798 tenet,
3188 737 3377 791 volens
3410 748 3710 794 testamen-

2140 821 2250 867 tum
2276 830 2479 886 poncre
2509 833 2632 871 cum
2676 820 2794 877 viro
2821 834 3035 891 sancto,
3068 828 3122 880 in
3146 827 3252 882 hoc
3276 845 3544 884 summam
3571 832 3709 886 tanti

2138 905 2342 975 negotii
2393 908 2741 976 collocabat,
2782 921 2843 966 ut
2883 914 3204 985 praeputium
3244 921 3428 973 carnis
3486 920 3602 991 ejus
3641 935 3708 976 ac

2138 996 2331 1052 futura:
2365 1013 2433 1053 ex
2465 1014 2529 1054 eo
2568 1001 2769 1058 sobolis
2810 1004 3323 1066 circumcideretur.
3386 1009 3502 1065 Erit
3543 1014 3703 1076 enim,

2138 1085 2351 1156 inquit,
2414 1101 2784 1147 testamentum
2840 1112 3010 1149 meum
3074 1115 3228 1167 super
3282 1117 3492 1155 carnem
3534 1113 3702 1157 tuam.

2139 1181 2374 1237 lloccine
2417 1193 2538 1238 erat
2611 1189 2757 1255 quod
2826 1188 2951 1244 cat-li
3003 1205 3069 1244 ac
3112 1198 3272 1246 terra:
3316 1193 3599 1263 Dominus,
3653 1198 3705 1252 ei

2135 1288 2295 1341 quem
2332 1289 2363 1328 e
2391 1275 2606 1330 cunctis
2639 1277 2962 1334 mortalibus
2994 1280 3165 1337 solum
3197 1282 3494 1354 delegerat,
3516 1289 3706 1343 :eterni

2139 1368 2447 1440 testamenti
2502 1384 2727 1424 munere
2783 1372 3148 1427 conferebat?
3202 1372 3328 1430 llaec
3371 1377 3518 1432 enim
3578 1389 3707 1437 sunt

2135 1458 2266 1520 sola,
2306 1460 2361 1513 in
2383 1461 2580 1531 quibus
2610 1462 2850 1530 magistri
2875 1475 2929 1518 et
2967 1464 3219 1522 doctores
3247 1465 3547 1541 Synagoga:
3578 1486 3705 1529 san-

2135 1563 2345 1605 ctorum
2374 1552 2605 1622 gloriam
2638 1564 2866 1623 ponunt.
2898 1555 3145 1612 Ecclesia
3178 1574 3306 1614 vero
3335 1560 3563 1629 Christi,
3583 1577 3704 1632 quae

2133 1659 2228 1713 per
2251 1643 2575 1715 Prophetam
2598 1647 2812 1703 dixerat
2839 1648 2883 1681 9⁵
2916 1666 2928 1701 :
2967 1648 3099 1705 Mihi
3126 1655 3457 1725 autem‘satis
3487 1658 3706 1711 honori-

456 1736 518 1817 ἐι
567 1764 716 1817 carni
769 1736 1109 1821 cohabuar'et
1160 1781 1228 1821 ac
1275 1766 1517 1838 sanguini
1562 1785 1575 1820 ε
1616 1767 1710 1822 sed
1753 1736 2102 1839 pos'uiuauiB
2128 1737 2272 1806 [ἰσαιὶ
2316 1748 2441 1792 smzt
2471 1741 2629 1794 amici
2659 1742 2760 1807 tui,
2799 1741 2960 1809 Deus,
2992 1745 3265 1839 quomodo
3284 1748 3524 1839 honoret
3564 1750 3704 1805 ami-

456 1863 583 1916 inde
611 1862 889 1933 profectus
918 1872 1021 1927 cst,
1064 1876 1120 1917 et
1172 1863 1448 1919 Abraham
1481 1866 1662 1920 vocari
1705 1878 1763 1920 et.
1804 1865 2028 1936 presby-

457 1964 543 2008 ter
577 1957 780 2009 meruit
810 1974 825 2011 :
856 1955 1025 2009 Erant
1053 1958 1214 2022 enim,
1238 1959 1414 2028 inquit
1439 1960 1507 2023 σί,
1537 1960 1692 2013 ambo
1716 1960 2023 2029 presbyteri,

456 2047 510 2100 id
544 2057 629 2102 est
681 2062 861 2112 senes,
893 2049 1170 2103 Abraham
1202 2050 1435 2117 scilicet,
1457 2060 1512 2106 et
1540 2053 1861 2107 admiranda
1888 2068 2026 2107 uxor

450 2136 595 2205 ejus,
625 2145 675 2190 et
711 2138 945 2205 provecti
976 2138 1032 2191 in
1066 2141 1254 2195 diebus
1300 2142 1435 2199 suis.
1501 2143 1702 2209 Quanti
1746 2154 1873 2199 ante
1927 2159 2026 2199 eos

454 2224 797 2296 longioribus
819 2243 1081 2284 annorum
1105 2233 1301 2298 spatiis
1328 2232 1496 2286 vitam
1537 2234 1762 2296 duxere,
1779 2249 2024 2303 nongen-

450 2317 526 2371 tis
567 2328 727 2374 eteo
767 2322 999 2390 amplius
1044 2323 1224 2388 annis,
1258 2324 1426 2394 aliqui
1458 2340 1566 2380 non
1623 2326 1797 2381 multo
1843 2329 2026 2383 minus

453 2425 627 2479 usque
661 2413 733 2465 ad
763 2412 1025 2468 diluvium
1056 2415 1243 2471 vixere
1270 2433 1286 2470 :
1317 2425 1374 2471 et
1405 2416 1541 2473 nulli
1572 2433 1637 2474 ex
1671 2418 1758 2474 his
1799 2418 2024 2489 presby-

456 2503 554 2555 teri
578 2503 833 2572 appellati
865 2514 1012 2560 sunt.
1050 2505 1165 2561 Non
1192 2509 1336 2563 enim
1366 2510 1472 2563 hoc
1504 2511 1727 2566 nomine
1757 2511 1811 2566 in
1850 2512 2027 2566 Abra-

452 2594 582 2648 ham
610 2607 831 2650 scnecta
863 2601 1110 2666 corporis
1135 2642 1149 2666 ,
1189 2603 1282 2656 sed
1314 2603 1496 2658 cordis
1518 2607 1807 2659 maturitas
1836 2605 2020 2674 appel-

440 2684 560 2740 lata
587 2697 695 2742 est.
722 2686 812 2744 Sic
841 2698 897 2743 et
929 2690 994 2745 ad
1019 2690 1237 2763 Moysen
1275 2693 1535 2750 Dominus
1565 2697 1701 2752 dixit
1737 2699 1784 2729 ⁹²
1826 2715 1840 2751 :
1871 2698 2025 2768 Elige

459 2783 554 2836 tibi
598 2785 957 2855 presbyteros,
989 2804 1117 2855 quos
1158 2798 1212 2842 tu
1251 2789 1361 2860 ipse
1399 2792 1498 2845 scis
1540 2794 1863 2865 presbyteros
1903 2817 2030 2858 esse.

460 2876 778 2931 lntueamur
804 2892 932 2950 ergo
957 2879 1268 2951 diligentius
1304 2881 1515 2936 Domini
1541 2900 1749 2951 vocem,
1777 2889 1903 2958 quid
1932 2891 2035 2947 sibi

453 2969 585 3022 velit
609 2967 709 3023 ista
739 2969 970 3038 adjectio
1001 2985 1105 3041 qua
1136 2972 1229 3038 ait,
1262 2988 1391 3041 quos
1423 2981 1479 3027 tu
1510 2975 1622 3045 ipse
1647 2980 1747 3033 scis
1775 2998 1884 3035 esse
1914 2999 2037 3052 pre-

450 3058 707 3128 sbgteros.
745 3059 997 3134 Nunquid
1045 3066 1091 3121 is
1122 3068 1214 3137 qui
1243 3070 1468 3125 senilem
1509 3076 1756 3145 corporis
1795 3079 2021 3146 gerebat
2047 3072 2095 3139 C

448 3161 668 3207 aetatem
692 3194 708 3219 ,
755 3171 862 3211 non
901 3161 1144 3214 omnium
1180 3163 1354 3218 oculis
1383 3168 1700 3236 perspicuus
1724 3178 1843 3224 erat
1876 3172 2022 3241 quod

447 3251 599 3298 esset
623 3234 926 3319 presbyter,
953 3251 1006 3307 id
1042 3262 1123 3310 est
1152 3258 1358 3311 senex?
1385 3234 1523 3325 Quid
1551 3276 1681 3330 ergo
1712 3262 1814 3317 soli
1854 3234 2022 3335 Moysi

452 3341 604 3387 tanto
662 3351 730 3391 ac
779 3338 872 3393 tali
928 3344 1208 3411 prophetae
1257 3348 1506 3416 specialis
1568 3350 1672 3405 ista
1726 3351 2020 3409 mandatur

450 3423 739 3496 inspectio,
792 3441 848 3484 ut
882 3433 959 3489 illi
989 3435 1278 3507 eligantur,
1314 3457 1421 3497 non
1450 3457 1588 3512 quos
1628 3448 1808 3502 caeteri
1841 3447 2019 3504 homi-

451 3531 547 3572 nes
594 3532 820 3589 norunt,
855 3540 961 3579 non
991 3544 1129 3597 quos
1176 3532 1485 3601 imperitum
1517 3534 1708 3607 vulgus
1743 3542 2014 3611 agnoscit,

448 3613 542 3663 sed
574 3627 713 3680 quos
752 3617 1014 3685 propheta
1051 3619 1163 3676 Deo
1197 3621 1388 3691 plenus
1415 3625 1689 3697 elegerit?
1720 3630 1838 3686 Non
1871 3633 2015 3689 enim

447 3716 571 3770 erga
606 3719 702 3761 eos
726 3707 794 3761 de
820 3723 1085 3780 corpore,
1131 3730 1238 3770 non
1281 3718 1347 3773 de
1383 3728 1562 3786 aetate,
1591 3723 1688 3777 sed
1726 3723 1794 3780 de
1832 3736 2016 3782 mente

440 3795 702 3863 judicium
741 3808 842 3855 est.
880 3800 1039 3859 Tales
1063 3819 1193 3877 ergo
1224 3819 1383 3864 erant
1411 3811 1499 3866 isti
1531 3812 1672 3868 beati
1708 3817 2010 3888 presbyteri

444 3887 718 3943 Abraham
749 3899 805 3946 et
837 3890 994 3948 Sara.
1032 3894 1097 3949 Et
1131 3897 1244 3969 es
1292 3901 1468 3970 primo
1507 3905 1749 3960 omnium
1776 3887 2010 3977 genuina

444 3980 529 4035 his
558 3982 801 4049 nomina,
843 3999 963 4053 quae
1022 3998 1175 4044 ortus
1219 3990 1451 4047 carnalis
1486 3994 1729 4063 dederat,
1767 4014 2014 4055 commu-

445 4079 649 4127 tantur.
697 4074 831 4130 Cum
875 4078 1017 4132 enim
1047 4091 1179 4135 esset
1229 4085 1520 4154 nonaginta
1551 4097 1599 4142 et
1630 4106 1810 4146 novem
1839 4109 2011 4149 anno-

443 4178 559 4216 rum
588 4164 879 4231 Abraham,
905 4172 1150 4239 apparuit
1191 4173 1242 4226 ei
1282 4175 1441 4242 Deus,
1476 4187 1527 4232 et
1548 4178 1682 4234 dixit
1707 4197 1725 4235 :
1752 4180 1867 4253 Ego
1891 4203 2010 4242 sum

444 4252 606 4323 Deus,
639 4259 906 4326 complace
944 4277 1120 4317 coram
1156 4281 1259 4332 me,
1306 4277 1355 4321 et
1399 4279 1507 4324 esto
1548 4252 1908 4343 inculpabilis,
1958 4289 2009 4334 et

438 4363 631 4416 ponam
656 4359 1020 4406 testamentum
1050 4372 1223 4411 meum
1248 4358 1385 4414 inter
1410 4376 1490 4415 me
1512 4371 1563 4417 et
1582 4372 1652 4419 te.
1679 4364 1751 4419 Et
1773 4370 2004 4436 procidit

438 4436 701 4495 Abraham
754 4442 813 4496 in
870 4443 1060 4513 faciem
1099 4464 1284 4514 suam,
1328 4461 1377 4505 et
1424 4452 1666 4511 adoravit
1703 4457 1898 4526 Deum,
1954 4473 2004 4517 et

438 4529 644 4585 locutus
686 4544 761 4587 est
800 4536 849 4589 ei
890 4534 1034 4591 Deus
1074 4539 1299 4595 dicens:
1331 4540 1442 4614 Ego
1485 4562 1601 4599 sum
1636 4562 1654 4601 :
1685 4565 1800 4605 ecce
1843 4562 2005 4609 testa-

440 4635 665 4678 mentum
716 4642 889 4681 meum
923 4639 1133 4698 tecum,
1186 4636 1374 4690 cteris
1430 4650 1582 4707 pater
1640 4642 2003 4701 multitudinis

436 4719 666 4785 gentium
698 4736 717 4773 :
739 4729 788 4772 et
825 4721 1191 4778 benedicentur
1218 4726 1272 4780 in
1307 4737 1355 4781 te
1385 4746 1560 4786 omnes
1596 4743 1794 4804 gentes,
1822 4748 1869 4791 et
1882 4739 2004 4808 jam

435 4824 538 4863 non
559 4813 830 4865 vocabitur
872 4829 1060 4869 nomen
1094 4826 1241 4872 tuum
1283 4820 1502 4889 Abram,
1551 4827 1643 4879 sed
1681 4828 1781 4881 erit
1811 4847 2001 4886 nomen

434 4909 583 4955 tuum
607 4901 875 4967 Abralia‘rn
894 4905 961 4960 ’³.
991 4907 1058 4962 Et
1091 4924 1213 4964 cum
1238 4911 1478 4968 dedisset
1505 4915 1611 4972 hoc
1640 4934 1854 4986 nomen,
1895 4932 2002 4977 sta-

434 4991 532 5047 tim
558 4986 843 5066 'Snbjungil
876 5013 892 5051 :
928 4998 994 5053 Et
1027 5016 1224 5069 ponam
1256 5012 1623 5063 testamentum
1665 5011 1800 5066 inter
1838 5030 1918 5070 me
1951 5028 1999 5072 et

433 5094 504 5151 te,
534 5096 586 5141 et
616 5086 758 5143 inter
777 5104 953 5145 «mea
978 5093 1129 5149 tuum
1152 5104 1269 5164 post
1290 5104 1363 5162 te,
1395 5108 1442 5152 et
1465 5097 1563 5152 hoc
1598 5112 1674 5155 est
1712 5113 1999 5161 testamen-

432 5186 543 5233 tum
566 5180 715 5253 quod.
730 5183 961 5238 servabis
983 5183 1120 5240 inter
1137 5201 1220 5242 me
1243 5198 1292 5243 et
1315 5199 1387 5257 te,
1407 5200 1458 5245 et
1487 5193 1630 5249 inter
1652 5212 1828 5252 semen
1850 5208 2002 5255 tuum

432 5281 545 5338 post
573 5276 644 5328 te.
678 5270 935 5346 “Et'post
968 5277 1097 5334 lucc
1157 5280 1346 5337 addit:
1381 5282 1807 5343 Circumcidetur
1849 5309 2000 5350 omne

762 5414 916 5495 ιὲιιι
942 5416 996 5495 5.
1024 5408 1286 5495 ",JGen.
1320 5430 1473 5489 nm,
1504 5429 1590 5483 ll.

432 5478 648 5544 *ιη-ιι.
678 5478 763 5556 tit,
792 5491 851 5560 2‘,
878 5478 942 5548 Β.
982 5478 1064 5527 ⁵*
1110 5478 1279 5550 aut:
1305 5478 1481 5565 {1,582
1511 5478 1609 5555 “2‘9.

939 5630 1105 5697 _rnss.,
1154 5619 1562 5697 suscepit.,elc.,
1594 5627 1812 5694 accepit,
1843 5637 1985 5697 etc.;

438 5679 730 5757 lbbzeiliti
754 5685 993 5757 suscipit,
1026 5679 1159 5752 elc.,
1190 5679 1561 5757 arci-pitietc.’
1629 5748 1633 5753 ,

506 5750 644 5815 (99)
690 5750 1021 5812 Codcx'tns.
1076 5750 1248 5814 sancti
1299 5750 1658 5820 'l'hcodorici:
1687 5770 1822 5837 quod
1872 5771 1987 5839 quis

2130 1844 2222 1885 cos
2255 1833 2443 1898 sponsi
2494 1833 2600 1897 sui,
2643 1842 2698 1888 et
2737 1845 2995 1902 quantam
3043 1836 3126 1891 eis
3161 1836 3390 1908 gloriam
3429 1839 3697 1907 conferat.

2126 1936 2249 1976 cum
2300 1932 2449 1992 gesta
2494 1937 2685 1979 eorum
2714 1924 2961 1995 revolvit,
3006 1928 3249 1995 veniant,
3287 1932 3333 1987 si
3358 1932 3600 1999 videtur,
3642 1944 3702 1990 et

2129 2015 2378 2069 audiant.
2427 2014 2536 2071 Nos
2572 2031 2705 2087 ergo
2750 2017 2941 2073 imbuti
2986 2033 3087 2090 per
3127 2022 3431 2090 apostolum
3470 2022 3699 2081 Paulum

2129 2106 2359 2163 dicimus
2388 2109 2514 2176 quia
2532 2109 2677 2164 sicut
2702 2109 2870 2164 multa
2899 2110 3076 2166 aliain
3108 2112 3282 2182 ﬁgura
3309 2124 3363 2171 et
3383 2116 3436 2170 in
3466 2116 3701 2188 imagine

2127 2196 2319 2252 lutum
2379 2201 2628 2257 veritatis
2683 2202 2912 2269 ﬁebant,
2985 2203 3060 2259 ita
3110 2216 3166 2261 et
3220 2207 3565 2263 circumcisio
3607 2209 3695 2263 illa

2125 2289 2361 2345 carnalis
2409 2289 2851 2349 circumcisionis
2878 2295 3176 2364 spiritualis
3199 2296 3425 2352 formam
3453 2300 3694 2368 gerebat.

2126 2380 2199 2434 De
2233 2397 2337 2450 qua
2368 2391 2422 2438 et
2459 2384 2682 2456 dignum
2704 2395 2845 2453 erat,
2871 2397 2928 2442 et
2978 2388 3213 2444 decebat
3246 2389 3412 2444 Deum
3438 2392 3696 2462 majesta-

2127 2476 2194 2529 tis
2234 2484 2503 2544 praecepta
2554 2477 2881 2533 mortalibus
2930 2478 3085 2534 dare.
3144 2480 3347 2536 Audite
3391 2497 3523 2554 ergo
3562 2498 3697 2554 quo-

2124 2568 2286 2622 modo
2311 2566 2516 2623 Paulus
2549 2568 2741 2624 doctor
2765 2571 3007 2639 gentium
3047 2572 3099 2627 in
3131 2573 3238 2628 lide
3262 2582 3317 2628 et
3357 2576 3589 2633 veritate
3630 2577 3697 2633 de

2123 2654 2553 2711 circnmcisionis
2603 2659 2862 2728 mysterio
2911 2660 3115 2719 Christi
3170 2662 3473 2720 Ecclesium
3507 2667 3690 2724 docet.

2132 2746 2333 2815 Videte,
2359 2750 2536 2821 inquit
2554 2753 2621 2816 ",
2652 2754 3111 2811 circumcisionem
3132 2757 3221 2826 (de
3241 2756 3445 2816 ludatis
3467 2760 3694 2832 loquens

2122 2841 2214 2910 qui
2242 2841 2709 2899 circumciduntur
2743 2845 2795 2899 in
2824 2847 3035 2918 carne).
3057 2845 3173 2904 Nos
3200 2849 3341 2904 enim
3367 2867 3568 2920 sumus,
3592 2855 3691 2919 ait,

2116 2933 2478 2999 circumcisio,
2523 2936 2615 3006 qui
2670 2937 2863 3006 spiritu
2911 2937 3018 2993 Deo
3069 2944 3348 3007 servimus,
3394 2953 3441 2995 et
3479 2959 3584 2998 non
3636 2944 3692 2998 in

2121 3040 2280 3079 carne
2310 3024 2565 3095 fiduciam
2601 3027 2875 3085 habemus.
2912 3028 3035 3084 Huic
3068 3045 3170 3084 una
3201 3029 3346 3085 Pauli
3372 3020 3439 3089 de
3467 3033 3694 3089 circum-

2125 3113 2333 3169 cisione
2360 3116 2658 3171 sententia.
2691 3117 2831 3173 Audi
2873 3127 2928 3173 et
2958 3117 3115 3172 aliam
3150 3119 3195 3151 9‘
3230 3137 3244 3174 :
3287 3119 3412 3187 Non
3441 3124 3576 3177 enim
3599 3127 3691 3189 qui

2123 3203 2183 3259 in
2209 3205 2493 3276 manifesto
2529 3205 2752 3263 Judazus
2792 3221 2893 3275 est,
2930 3211 3137 3281 inquit,
3178 3229 3340 3283 neque
3366 3231 3485 3285 qua:
3516 3218 3689 3272 mani-

2121 3295 2251 3366 feste
2271 3309 2348 3353 est
2399 3300 2454 3353 in
2499 3315 2655 3355 carne
2706 3301 3072 3369 circumcisio,
3125 3304 3217 3358 sed
3264 3306 3354 3374 qui
3389 3308 3446 3360 in
3486 3308 3691 3363 occulto

2117 3386 2340 3443 Judazus
2371 3390 2767 3446 circumcisione
2791 3392 2989 3460 cordis,
3019 3393 3075 3447 in
3106 3395 3320 3463 spiritu,
3352 3413 3456 3452 non
3485 3398 3687 3454 littera.

2121 3475 2240 3533 Non
2268 3480 2364 3534 tibi
2403 3481 2617 3554 dignius
2649 3483 2863 3539 videtur
2907 3485 3031 3539 talis
3076 3486 3422 3545 circumcisio
3457 3491 3689 3547 dicenda

2119 3568 2174 3624 in
2207 3573 2429 3637 sanctis,
2459 3580 2514 3628 et
2547 3574 2739 3629 amicis
2767 3573 2884 3641 Dei,
2907 3579 3275 3653 quamcarnis
3301 3580 3690 3637 obtruncatiol

2117 3660 2225 3716 Sed
2269 3664 2536 3720 sermonis
2571 3665 2786 3721 novitas
2833 3668 3065 3725 fortasse
3092 3685 3199 3726 non
3235 3670 3410 3727 solum
3447 3670 3686 3739 Judaeos,

2119 3752 2215 3810 sed
2272 3756 2435 3810 etiam
2476 3756 2688 3827 aliquos
2740 3758 2970 3814 fratrum
3030 3774 3339 3818 nosuorum
3389 3764 3685 3822 deterreat.

2116 3843 2478 3915 lmpossibilia
2517 3849 2665 3904 enim
2691 3849 2906 3906 videtur
2951 3850 3151 3909 Paulus
3175 3869 3530 3925 praesumere,
3588 3859 3682 3928 qui

2116 3935 2588 3993 circumcisionem
2608 3940 2787 3997 cordis
2815 3942 3048 4001 inducit.
3080 3946 3361 4014 Quomodo
3386 3951 3529 4007 enim
3564 3952 3682 4006 ﬁeri

2106 4026 2318 4094 poterit
2353 4036 2413 4082 ut
2446 4027 2869 4088 eircumcidatur
2898 4037 3224 4104 membrum,
3270 4041 3414 4109 quod
3452 4042 3683 4099 internis

2116 4116 2418 4171 visceribus
2436 4118 2736 4187 obtectum,
2761 4122 2924 4178 etiam
2946 4127 3324 4196 conspectibus
3349 4131 3480 4202 ipsis
3509 4133 3683 4190 homi-

2115 4223 2241 4261 num
2270 4207 2442 4264 latet?
2470 4209 2777 4271 Redeamus
2821 4230 2954 4288 ergo
3001 4220 3069 4273 ad
3117 4223 3463 4292 prepheticas
3497 4240 3680 4294 voces,

2115 4308 2174 4353 ut
2201 4301 2490 4358 orantibus
2520 4306 2677 4361 vobis
2705 4306 2821 4363 lucc
2850 4309 2916 4365 de
2963 4311 3159 4381 quibus
3200 4314 3519 4382 quaerimus,
3555 4316 3680 4373 inde

2110 4391 2436 4449 clarescant.
2475 4394 2727 4452 Ezechiel
2757 4401 3021 4469 propheta
3058 4403 3257 4458 dicit”
3285 4420 3301 4460 :
3332 4404 3516 4461 Omnis
3545 4407 3679 4462 alie-

2111 4484 2299 4553 nigena
2324 4485 2722 4543 incircumcisus
2759 4494 2937 4557 corde,
2979 4503 3028 4546 et
3062 4494 3460 4552 incircumcisus
3494 4515 3678 4566 carne,

2110 4588 2213 4626 non
2247 4574 2488 4629 introibit
2537 4577 2591 4630 in
2638 4588 2826 4634 sancta
2861 4597 3001 4637 mea.
3034 4583 3102 4638 Et
3141 4585 3268 4639 item
3311 4586 3440 4642 alibi
3479 4588 3678 4644 nihilo-

2110 4665 2287 4718 minus
2317 4667 2657 4735 exprobrans
2695 4672 2956 4740 propheta
2981 4675 3116 4729 dicit
3139 4675 3185 4708 "
3212 4691 3228 4730 :
3263 4675 3463 4747 Omnes
3488 4679 3677 4737 alieni-

2104 4772 2252 4825 gena:
2278 4758 2634 4815 incircumcisi
2663 4780 2841 4833 carne,
2863 4766 2966 4833 lilii
2988 4778 3166 4822 autent
3195 4767 3369 4824 Israel
3393 4772 3677 4827 incircum-

2106 4848 2203 4901 cisi
2230 4851 2405 4904 corde.
2435 4852 2766 4923 Designatur
2809 4872 2943 4928 ergo
2973 4860 3116 4930 quod
3156 4861 3262 4915 nisi
3284 4862 3408 4932 quis
3435 4865 3676 4920 circum-

2111 4942 2258 4995 cisus
2282 4942 2445 4997 fuerit
2491 4947 2653 5001 corde
2694 4956 2748 5002 et
2773 4948 3129 5009 circumcisus
3153 4968 3338 5020 carne,
3371 4971 3477 5011 non
3507 4959 3677 5015 intro-

2105 5034 2207 5087 ibit
2232 5035 2283 5087 lll
2309 5046 2493 5092 sancta
2521 5038 2614 5091 Dei
2642 5038 2777 5112 (99).

2172 5112 2226 5166 5.
2267 5112 2372 5169 Sed
2413 5117 2636 5173 videbor
2690 5121 2824 5175 meis
2871 5120 2985 5190 ipse
3026 5123 3240 5181 indiciis
3289 5139 3505 5198 captus.
3560 5129 3673 5184 lloe

2103 5205 2248 5256 enim
2286 5209 2560 5276 prophetae
2584 5210 2897 5268 teStimonio
2924 5215 3188 5272 continuo
3224 5219 3560 5288 constringet
3587 5235 3674 5274 me

2102 5294 2343 5362 .ludzeus,
2382 5310 2436 5351 et
2464 5301 2607 5356 dicet
2639 5319 2654 5354 :
2681 5303 2821 5359 Ecce
2847 5307 3109 5375 propheta
3132 5321 3417 5379 utramque
3439 5311 3674 5366 circum-

1666 5431 2003 5518 ’:‘l\:tlm._xl,

2177 5441 2238 5518 ﬁ”
2262 5440 2397 5518 Gen.
2431 5460 2564 5507 xvn,
2594 5445 2702 5518 1,2
2727 5458 2782 5500 et
2808 5463 2963 5518 seqq.
3037 5448 3083 5481 ⁸⁵
3120 5449 3266 5507 Psal.
3295 5466 3559 5518 cxxxvur,
3582 5454 3669 5513 l7.

1685 5503 1729 5534 ⁸⁷
1762 5502 1960 5561 Ezecb.
1987 5524 2132 5575 XLIV,
2173 5511 2207 5565 9
2280 5513 2325 5544 ⁸⁸
2355 5512 2468 5567 Jer.
2503 5502 2579 5578 lxi,
2611 5502 2700 5568 ‘26.

2096 5634 2494 5690 incircumcisus
2554 5638 2710 5690 corde
2765 5648 2814 5691 et
2878 5639 3276 5696 incircumcisus
3339 5656 3497 5694 Carne
3570 5661 3677 5699 non

2098 5705 2332 5760 introibit
2367 5707 2419 5761 in
2446 5718 2624 5761 sancta
2664 5708 2775 5762 Dei.
2815 5709 2918 5763 Sed
2951 5710 3128 5763 ridear
3166 5715 3290 5765 meis
3319 5712 3449 5778 ipse,
3485 5720 3599 5765 etc.
