4050 6142
407 253 511 310 Π9

1880 239 2200 298 ORIGENIS

3539 228 3640 284 180

408 371 674 428 cisionem
706 371 973 440 designat,
1007 366 1190 423 carnis
1210 374 1267 422 et
1301 366 1503 426 cordis.
1547 366 1832 438 Allegoriw
1872 383 1978 421 non
2009 371 2056 426 Α
2081 362 2286 417 electus
2309 358 2376 414 ad
2424 355 2760 413 enarrandas
2792 351 3018 436 virtutes
3061 349 3276 440 Domini
3300 349 3341 412 ,
3382 347 3644 413 δυεοίβῖιθ

408 471 657 528 superest
685 461 862 524 locus,
897 460 983 513 ubi
1020 469 1250 526 utraque
1293 457 1504 526 species
1533 457 1969 512 circumcisionis

407 552 666 624 exigitur.
700 553 758 607 Si
786 567 870 607 me
899 555 1092 607 vestris
1119 551 1374 621 precibus
1394 551 1666 620 juveritis,
1693 559 1755 604 nt
1780 550 1972 604 adesse

408 642 659 713 dignetur
693 642 916 696 verbum
956 640 1050 696 Dei
1098 641 1204 696 vivi
1239 643 1289 695 in
1313 641 1597 710 apertione
1626 639 1740 694 oris
1773 639 1968 707 nostri,

407 736 707 803 poterimus
735 735 852 804 ipso
875 736 1010 789 duce
1035 750 1130 805 per
1156 745 1367 790 arcium
1395 736 1496 790 hoc
1529 737 1847 805 quaestionis
1870 737 1973 791 iter

407 821 474 877 ad
527 822 868 880 latitudinem
927 824 1176 880 veritatis
1227 825 1405 891 exire,
1465 826 1592 895 quia
1640 842 1746 881 non
1797 825 1970 882 solum

405 914 653 970 carnales
676 914 846 970 Judaei
887 915 956 970 de
984 915 1398 972 circumcisione
1423 917 1608 972 carnis
1651 917 1972 972 revincendi

405 1013 536 1062 sunt
557 1005 728 1070 nobis,
773 1006 868 1060 sed
918 1006 1160 1061 nonnulli
1187 1023 1254 1062 ex
1299 1008 1391 1074 iis,
1424 1009 1513 1078 qui
1543 1007 1742 1064 Christi
1776 1023 1970 1062 nomen

407 1097 664 1152 videntur
694 1098 1024 1168 suscepisse,
1059 1106 1113 1153 et
1141 1107 1323 1153 tamen
1355 1099 1630 1154 carnalem
1680 1099 1970 1154 circumci-

407 1190 615 1243 sionem
650 1190 1015 1258 recipiendam
1045 1199 1236 1259 putant
1287 1201 1347 1245 ut
1380 1191 1644 1246 Ebionita:
1675 1193 1738 1262 (l
1764 1191 1808 1262 ),
1839 1201 1894 1247 et
1925 1193 1969 1248 si

406 1283 498 1350 qui
529 1283 616 1339 his
658 1285 821 1339 simili
850 1297 1164 1355 paupertate
1202 1303 1399 1344 sensus
1431 1289 1705 1345 aberrant.
1749 1290 1973 1346 Utamur

407 1372 577 1442 ig'tur
602 1376 803 1430 veteris
827 1376 1176 1434 instrumenti
1207 1379 1552 1447 testimoniis,
1581 1382 1781 1450 quibus
1802 1382 1973 1439 liben-

408 1471 496 1518 ter
520 1465 819 1536 indulgent.
850 1468 1127 1539 Scriptum
1157 1479 1241 1526 est
1268 1472 1414 1526 enim
1473 1472 1527 1526 in
1577 1467 1812 1527 Jeremia
1840 1488 1970 1542 pro-

407 1555 568 1623 pheta
602 1557 648 1588 ”
685 1571 700 1609 τ
735 1556 867 1610 Ecce
907 1559 1129 1627 populus
1175 1560 1254 1614 hic
1300 1562 1700 1618 incircumcisus
1726 1565 1969 1624 auribus.

408 1645 571 1715 Audi,
601 1645 782 1711 lsrael,
812 1649 1186 1718 propheticam
1211 1653 1636 1722 vocem,grande
1665 1653 1757 1709 tibi
1775 1669 1973 1723 oppro-

2077 456 2296 525 dignam
2342 447 2816 505 circumcisionem
2861 431 3012 498 verbi
3074 439 3168 495 Dei
3201 441 3254 495 in
3287 439 3508 493 auribus
3544 453 3642 492 ve-

2077 543 2227 606 stris,
2259 548 2312 595 et
2341 540 2395 594 in
2434 539 2612 604 labiis,
2645 546 2699 592 et
2732 536 2782 590 in
2823 534 3008 599 corde,
3039 541 3093 587 et
3128 533 3180 586 in
3228 531 3492 602 praeputio
3517 541 3644 584 car~

2077 633 2162 688 nis
2192 642 2408 698 vestrae,
2433 640 2488 684 et
2515 631 2566 683 in
2602 627 2857 682 omnibus
2879 624 3104 680 omnino
3135 621 3394 677 membris
3423 619 3640 675 vestris.
3723 699 3728 705 _

2077 725 2424 781 Circumcisae
2461 736 2696 790 namque
2737 719 2848 774 sint
2897 731 3059 771 aures
3097 723 3294 769 vestra:
3342 712 3642 767 secundum

2079 819 2302 874 verbum
2343 816 2457 880 Dei,
2489 824 2546 868 ut
2575 828 2758 867 vocem
2807 825 2912 864 non
2956 807 3223 876 recipiant
3263 804 3639 868 obtrectantis,

2078 887 2136 964 ut
2165 906 2413 962 maledici
2448 914 2502 958 et
2532 899 2830 970 blaSphcmi
2869 898 3028 952 verba
3059 911 3166 950 non
3198 895 3517 960 audiant,ut
3541 893 3640 946 fal-

2078 1001 2154 1056 sis
2189 995 2686 1060 criminationibus,
2729 988 3018 1046 mendacio
3074 1002 3177 1041 non
3214 994 3450 1056 pateant.
3478 984 3643 1054 Oppi—

2078 1092 2280 1156 lentur,
2319 1099 2373 1144 et
2420 1089 2616 1144 clausae
2639 1085 2772 1150 sint,
2803 1097 2871 1137 ne
2919 1079 3181 1150 judicium
3229 1077 3508 1146 sanguinis
3540 1093 3640 1129 au-

2077 1185 2248 1248 diant,
2290 1191 2384 1236 aut
2426 1172 2712 1250 impudiCis
2747 1175 2979 1231 canticis
3005 1182 3060 1226 et
3109 1171 3466 1226 theatralibus
3492 1168 3641 1222 sonis

2079 1287 2318 1350 pateant.
2365 1274 2508 1329 Nihil
2559 1274 2855 1328 obscenum
2913 1266 3200 1337 recipiant,
3245 1265 3339 1319 sed
3392 1263 3459 1318 ab
3494 1265 3639 1317 omni

2079 1385 2233 1426 coeno
2263 1366 2339 1436 (5)
2369 1363 2734 1436 corruptionis
2792 1375 2996 1416 aversae
3045 1359 3173 1414 sint.
3225 1356 3350 1412 Haec
3394 1365 3477 1412 est
3531 1359 3640 1410 cir-

2076 1460 2362 1525 cumcisio,
2395 1473 2503 1529 qua
2543 1455 2782 1512 Ecclesia
2816 1453 3022 1509 Christi
3061 1466 3222 1508 aures
3264 1465 3485 1505 suorum
3529 1449 3639 1503 cir-

2079 1554 2336 1611 cumcidit
2363 1550 2829 1614 infantium.lst22,
2859 1548 3048 1614 credo,
3067 1555 3392 1610 suntanres,
3414 1559 3550 1613 quas
3581 1543 3634 1598 in

2078 1643 2418 1698 auditoribus
2463 1642 2577 1698 suis
2629 1642 2974 1711 requirebat,
3028 1635 3293 1692 dicens‘:
3326 1633 3430 1700 Qui
3480 1635 3636 1687 habet

407 1733 585 1790 briunt
615 1736 892 1792 inducitur
921 1737 1057 1809 (2).
1083 1741 1306 1809 grandis
1333 1741 1426 1796 tibi
1457 1743 1770 1814 impingitur
1795 1743 1974 1816 culpa,
2006 1732 2049 1788 B
2079 1754 2232 1792 aures
2269 1737 2522 1790 audiendi
2580 1736 2784 1788 audiat.
2820 1731 2988 1788 Nemo
3051 1731 3193 1786 enim
3233 1737 3409 1799 potest
3468 1727 3640 1781 incir-

411 1827 709 1882 Accusatio
769 1836 859 1882 tua
908 1829 1209 1898 profertur,
1259 1833 1400 1902 quod
1456 1833 1873 1890 incircumcisus
1917 1851 1976 1892 es

409 1917 650 1973 auribus.
707 1918 776 1974 Et
813 1934 911 1975 cur
963 1936 1069 1976 non
1102 1924 1217 1979 hac
1249 1923 1476 1980 audiens
1517 1925 1814 1980 adhibuisti
1864 1925 1977 1982 ier-

410 2028 532 2068 rnm
559 2014 784 2070 auribus
807 2014 935 2079 tuis,
973 2025 1028 2072 et
1076 2017 1314 2074 incidisti
1345 2019 1484 2074 eas?
1531 2017 1784 2090 Culparis
1819 2037 1976 2075 nam-

408 2118 517 2173 que
544 2118 572 2157 a
597 2104 727 2172 Deo,
753 2116 808 2160 et
831 2107 1212 2162 condemnaris
1241 2147 1256 2172 ,
1304 2124 1404 2164 cur
1433 2124 1594 2165 aures
1638 2125 1746 2165 non
1779 2111 1978 2167 habeas

409 2196 782 2254 circumcisas.
843 2197 1144 2268 Confugere
1211 2199 1352 2254 enim
1415 2201 1509 2255 tibi
1570 2200 1638 2255 ad
1695 2201 1978 2271 allegorias

407 2299 646 2354 nosms,
675 2304 808 2359 quas
840 2290 1032 2346 Paulus
1070 2292 1271 2358 docuit,
1297 2308 1404 2348 non
1434 2294 1710 2362 permitto.
1735 2293 1978 2349 Circum-

407 2381 590 2436 cidere
617 2383 745 2452 quid
780 2385 1004 2439 cessas?
1033 2384 1233 2440 Deseca
1261 2400 1420 2442 aures
1440 2427 1454 2450 ,
1502 2387 1763 2442 abscinde
1807 2403 1978 2442 mem-

408 2473 506 2527 bra
539 2488 659 2544 quae
694 2475 834 2531 Deus
873 2477 940 2531 ad
982 2477 1267 2532 utilitatem
1307 2493 1564 2534 sensuum
1607 2488 1662 2534 et
1711 2480 1777 2534 ad
1811 2494 1976 2534 orna-

410 2576 524 2620 tum
586 2567 805 2622 humani
860 2578 1034 2623 status
1094 2569 1318 2625 creavit.
1372 2568 1462 2625 Sic
1521 2571 1663 2624 enim
1723 2570 1978 2644 intelligis

409 2657 572 2712 verba
626 2658 826 2715 divina.
875 2659 981 2715 Sed
1014 2668 1070 2716 et
1119 2660 1263 2715 aliud
1299 2660 1396 2716 tibi
1449 2663 1628 2716 adhuc
1669 2661 1974 2733 proferam,

408 2745 496 2799 cui
527 2748 899 2802 contradicere
938 2763 1044 2802 non
1083 2751 1274 2817 possis.
1313 2750 1368 2803 ln
1423 2749 1639 2816 Exodo,
1671 2753 1760 2805 ubi
1793 2767 1889 2807 nos
1922 2753 1974 2806 in

407 2837 684 2892 codicibus
733 2838 986 2894 Ecclesia:
1016 2841 1282 2897 habemus
1318 2844 1608 2910 scriptum,
1644 2843 1976 2910 responden-

412 2937 520 2981 tem
561 2929 626 2983 ad
649 2930 937 3000 Dominum
983 2931 1202 3003 Moysen
1225 2977 1239 3000 ,
1271 2943 1323 2987 et
1353 2933 1618 2988 dicentem
1652 2933 1754 3004 (5)
1791 2950 1804 2988 :
1839 2931 1975 2988 Pro~

411 3020 551 3084 uide,
584 3019 800 3074 Domine
815 3022 851 3086 ⁸,
881 3021 1046 3075 alium
1069 3040 1222 3091 quem
1250 3026 1450 3077 mittas.
1479 3024 1590 3094 Ego
1621 3026 1756 3078 enim
1789 3025 1974 3096 gracili

411 3125 536 3162 uoce
566 3126 700 3176 sum,
741 3122 791 3164 et
819 3112 1002 3166 tardus
1032 3113 1212 3183 lingua
1241 3115 1282 3180 ',
1309 3130 1403 3170 vos
1431 3116 1482 3169 in
1516 3115 1755 3172 llebrteis
1786 3133 1976 3176 exem-z
2001 3084 2045 3144 ϐ

410 3200 658 3270 plaribus
731 3203 944 3259 habetis
996 3204 1036 3268 ³,
1121 3205 1233 3276 Ego
1311 3215 1484 3261 autem
1576 3210 1976 3266 incircumcisus

415 3293 568 3347 labiis
617 3310 755 3351 sum.
825 3295 962 3350 Ecce
1011 3295 1222 3351 habetis
1279 3299 1743 3356 circnmcisionem
1802 3301 1976 3358 labio-

414 3399 574 3448 rum,
631 3386 926 3441 secundum
982 3400 1157 3444 vestra
1206 3407 1324 3460 quae
1387 3391 1596 3445 veriora
1657 3391 1976 3466 diciti569

413 3476 764 3546 exemplaria.
814 3478 868 3534 Si
916 3495 1044 3552 ergo
1085 3483 1384 3538 secundum
1425 3498 1520 3539 vos
1568 3483 1780 3554 Moyses
1841 3485 1979 3539 indi-

412 3582 576 3638 gnum
606 3582 665 3624 se
687 3584 807 3626 esse
844 3572 1022 3627 adhuc
1057 3573 1208 3641 dicit,
1239 3575 1382 3644 quod
1429 3589 1535 3629 non
1572 3575 1645 3630 sit
1676 3575 1838 3632 labiis
1858 3577 1975 3632 cir-

415 3659 714 3726 cumcisus,
757 3670 964 3716 certum
997 3674 1082 3718 est
1123 3665 1226 3719 hoc
1257 3663 1407 3718 illum
1446 3665 1687 3719 indicare
1709 3664 1808 3736 (4),
1835 3667 1978 3735 quod

413 3751 628 3821 dignior
664 3753 734 3808 sit
765 3763 820 3809 et
868 3756 1112 3812 sanctior
1154 3757 1241 3812 ille
1267 3757 1358 3827 qui
1404 3756 1759 3813 circumcisus
1795 3768 1876 3813 est
1906 3757 1981 3812 la-

412 3839 538 3896 biis.
589 3843 856 3900 Adhibete
906 3862 1037 3918 ergo
1086 3849 1248 3903 etiam
1303 3848 1460 3903 labiis
1521 3847 1741 3914 falcem,
1772 3859 1826 3904 et
1867 3849 1980 3904 oris

414 3934 750 4004 Operimenta
782 3937 1053 4004 desecate,
1076 3941 1295 4007 quando
1322 3939 1540 4011 quidem
1576 3939 1698 3996 talis
1745 3940 1897 3996 vobis
1924 3941 1978 3995 in

415 4024 614 4081 divinis
643 4025 842 4082 litteris
871 4029 1173 4100 cumplacet
1219 4031 1547 4087 intellectus.
1596 4031 1751 4099 Quod
1786 4033 1833 4086 si
1867 4031 1978 4087 cir-

415 4115 806 4172 cumcisionem
839 4117 1110 4175 labiorum
1139 4122 1205 4177 ad
1243 4122 1554 4193 allegoriam
1594 4123 1892 4188 revocatis,
1925 4133 1980 4177 et

415 4206 894 4264 circumcisionem
950 4211 1164 4266 aurium
1230 4213 1583 4269 nihilominus
1633 4213 1976 4284 allegoricam

418 4299 601 4355 dicitis
632 4309 688 4356 et
717 4301 1020 4372 ﬁguralem,
1055 4306 1326 4374 quomodo
1361 4322 1466 4362 non
1513 4318 1568 4363 et
1608 4309 1660 4363 in
1690 4308 1979 4364 circumci-

2077 1831 2330 1887 cumcisis
2359 1840 2414 1886 et
2435 1829 2730 1884 immundis
2773 1825 2999 1881 auribus
3031 1823 3106 1895 (6)
3141 1823 3336 1877 munda
3369 1819 3530 1876 verba
3555 1835 3644 1873 sa-

2076 1923 2298 1994 pientite
2335 1931 2386 1978 et
2428 1921 2675 1976 veritatis
2705 1920 2914 1975 audire.
2949 1917 3272 1980 Veniamus,
3304 1913 3351 1969 si
3381 1912 3562 1979 vultis,
3588 1919 3644 1966 et

2079 2017 2145 2069 ad
2179 2013 2448 2068 labiorum
2477 2011 2971 2067 circumcisiouem.
3004 2009 3115 2078 Ego
3153 2016 3280 2077 puto
3303 2005 3445 2075 quod
3475 2004 3645 2057 incir-

2079 2105 2347 2162 cumcisus
2381 2103 2651 2166 sitlabiis,
2681 2101 2772 2172 qui
2812 2102 3048 2156 nondum
3072 2101 3303 2154 cessavit
3342 2113 3371 2152 a
3408 2097 3640 2153 stultilo-

2087 2200 2236 2269 quio,
2269 2213 2300 2252 a
2328 2195 2677 2260 scurrilitate,
2709 2193 2801 2264 qui
2849 2193 3006 2248 bonis
3039 2196 3284 2263 derogat,
3325 2190 3416 2259 qui
3447 2189 3640 2245 crimi.

2079 2297 2240 2342 natur
2285 2287 2582 2357 proximos,
2627 2285 2717 2353 qui
2763 2283 2986 2353 instigat
3039 2281 3182 2345 lites,
3217 2280 3307 2349 qui
3337 2277 3642 2334 calumnias

2079 2389 2279 2443 movet,
2316 2378 2405 2447 qui
2434 2377 2632 2431 fratres
2659 2376 2806 2430 inter
2837 2389 2894 2428 se
2927 2373 3059 2426 falsa
3088 2373 3356 2441 loquendo
3386 2371 3642 2426 commit-

2081 2472 2166 2538 tit,
2209 2473 2298 2540 qui
2353 2484 2531 2536 vana,
2561 2469 2768 2538 inepta,
2822 2465 3128 2530 Saecularia,
3176 2465 3467 2535 impudica,
3521 2471 3639 2516 tur-

2078 2565 2184 2634 pia,
2225 2561 2502 2631 iniuriosa,
2539 2572 2812 2630 proterva,
2857 2561 3186 2631 blasphema,
3216 2569 3270 2613 et
3297 2566 3492 2613 ctetera
3523 2571 3643 2623 qua:

2079 2656 2296 2725 indigna
2355 2663 2477 2710 sunt
2531 2653 2840 2708 Christiano
2887 2669 2982 2708 ore
3035 2651 3394 2722 proloquitur.
3420 2650 3476 2704 Si
3517 2650 3641 2719 quis

2078 2764 2206 2802 vero
2241 2748 2308 2802 ab
2347 2748 2434 2802 his
2485 2746 2738 2802 omnibus
2772 2747 3015 2800 continet
3051 2761 3114 2800 os
3158 2761 3336 2812 suum,
3373 2753 3428 2798 et
3458 2744 3640 2812 dispo-

2077 2842 2158 2894 nit
2187 2855 2462 2896 sermoncs
2501 2855 2627 2894 suos
2673 2838 2725 2891 in
2752 2836 2956 2908 judicio
2975 2840 3016 2902 ",
3056 2837 3436 2893 verbositatem
3471 2835 3643 2904 repri-

2078 2933 2212 2998 mit,
2264 2932 2498 3002 linguam
2559 2940 2856 3001 temperat,
2919 2930 3082 2986 verba
3157 2929 3490 2993 moderatur,
3537 2927 3642 2982 iste

2078 3028 2269 3080 merito
2311 3025 2661 3080 circumcisus
2700 3022 2856 3076 labiis
2905 3021 3128 3074 dicitur.
3157 3018 3262 3074 Sed
3310 3027 3364 3074 et
3401 3019 3491 3088 qui
3541 3017 3643 3072 ini-

2078 3117 2338 3187 quitatem
2372 3117 2426 3170 in
2456 3114 2684 3170 Excelso
2729 3114 3026 3184 loquuntur
3047 3113 3091 3180 ⁸,
3125 3123 3176 3166 et
3224 3111 3526 3166 extendunt
3586 3109 3638 3164 in

2077 3207 2276 3262 cmlum
2332 3206 2567 3277 linguam
2632 3221 2822 3270 suam,
2877 3205 3020 3259 sicut
3085 3201 3326 3258 hrcrelici
3397 3201 3637 3263 iaciunt,

2077 3299 2442 3354 incircumcisi
2494 3308 2549 3352 et
2592 3299 2854 3352 immundi
2907 3295 3063 3351 labiis
3109 3293 3320 3350 dicendi
3370 3302 3497 3348 sunt
3539 3290 3637 3362 ('1).

2078 3389 2442 3444 Circumcisus
2485 3405 2613 3444 vero
2643 3402 2698 3444 et
2730 3389 2962 3444 mundus
2992 3397 3072 3442 est
3120 3387 3212 3456 qui
3262 3398 3476 3454 semper
3521 3398 3642 3438 ver-

2077 3483 2202 3536 bum
2244 3481 2336 3535 Dei
2389 3481 2646 3550 loquitur,
2681 3490 2734 3536 et
2757 3497 2943 3536 sanam
2979 3480 3282 3535 doctrinam
3312 3476 3641 3546 evangelicis

2077 3579 2133 3626 et
2174 3571 2482 3641 apostolicis
2528 3572 2789 3626 munitam
2829 3570 3028 3641 regulis
3072 3568 3295 3640 profert.
3340 3567 3453 3623 lloc
3514 3583 3643 3637 ergo

2077 3663 2236 3717 modo
2279 3672 2334 3718 et
2358 3664 2695 3718 circumcisio
2751 3664 3016 3718 labiorum
3077 3662 3238 3718 datur
3290 3662 3341 3716 in
3403 3661 3643 3716 Ecclesia

2079 3750 2196 3808 Dei.

2150 3847 2202 3902 6.
2230 3847 2382 3903 Nunc
2403 3863 2535 3904 vero
2567 3848 2863 3918 secundum
2892 3848 3340 3918 pollicitationem
3371 3857 3643 3913 nostram,

2079 3935 2314 4006 qualiter
2352 3937 2516 3991 etiam
2559 3937 2746 3991 carnis
2789 3939 3137 3993 circumcisio
3186 3940 3384 4008 suscipi
3429 3939 3643 4003 debeat,

2079 4028 2382 4083 videamus.
2424 4027 2724 4083 Membrum
2757 4029 2881 4096 hoc,
2909 4030 2960 4083 in
3010 4044 3117 4098 quo
3147 4033 3463 4099 praeputium
3492 4030 3641 4083 vide-

2083 4127 2170 4174 tur
2195 4134 2338 4185 esse,
2371 4121 2561 4176 ofﬁciis
2603 4123 2942 4178 naturalibus
2989 4123 3164 4179 coitus
3196 4135 3248 4179 et
3305 4126 3640 4194 generationi

2080 4211 2353 4264 deservire
2377 4225 2534 4264 nemo
2567 4221 2649 4266 est
2675 4213 2765 4281 qui
2798 4212 3024 4268 dubitet.
3060 4214 3116 4267 Si
3148 4215 3273 4283 quis
3311 4214 3476 4284 igitur
3512 4229 3641 4283 erga

2078 4298 2451 4368 hujuscemodi
2495 4313 2671 4358 motus
2720 4320 2826 4358 nor.
2863 4305 3208 4375 importunus
3253 4309 3505 4371 exsistat,
3542 4324 3640 4363 nec

416 4390 570 4448 sione
592 4394 838 4462 praeputii
878 4395 1192 4466 allegoriam
1223 4399 1537 4467 requiritis?
1566 4399 1671 4456 Sed
1712 4399 1830 4455 illos
1855 4401 1975 4469 qui-
2009 4435 2052 4490 ο
2081 4402 2314 4449 statutos
2364 4395 2571 4466 legibus
2599 4399 2859 4453 terminos
2890 4411 3128 4468 superet,
3159 4416 3260 4455 nec
3291 4401 3451 4455 aliam
3488 4400 3642 4455 femi—

415 4482 538 4536 dem
565 4485 654 4552 qui
674 4483 739 4538 ad
775 4485 1036 4540 idolorum
1067 4489 1282 4542 modum
1307 4505 1458 4544 aures
1476 4493 1661 4545 habent
1681 4501 1728 4545 et
1758 4507 1858 4544 non
1882 4507 1978 4543 au-

414 4573 590 4642 diunt,
627 4585 673 4630 et
718 4578 898 4632 oculos
947 4581 1134 4633 habent
1165 4590 1211 4633 et
1241 4597 1343 4634 non
1389 4581 1616 4648 vident‘,
1641 4582 1976 4637 omittamus.

420 4663 526 4720 Vos
557 4677 734 4722 autem
766 4669 997 4738 populus
1026 4670 1139 4738 Dei,
1162 4681 1214 4726 et
1243 4673 1468 4742 populus
1496 4675 1546 4728 iu
1570 4675 1978 4744 acquisitiunem

488 4777 533 4809 θ’
563 4775 763 4832 Jrreui.
797 4795 872 4844 vi,
914 4781 1001 4836 il).
1079 4781 1096 4810 ¹
1147 4781 1315 4836 Exod.
1375 4799 1446 4848 tv,
1500 4784 1585 4837 l3.
1659 4787 1679 4814 ²
1711 4782 1869 4848 lbid.,
1906 4782 1992 4836 lO.

421 4847 444 4880 ⁸
473 4847 660 4902 Matth.
707 4864 830 4913 xm,
866 4851 917 4905 9.
994 4851 1014 4880 "
1041 4850 1186 4906 Psal.
1215 4868 1326 4921 cxi,
1357 4847 1439 4908 5.7
1485 4853 1507 4884 ⁸
1537 4852 1680 4908 Psal.
1711 4847 1882 4918 Lxxn,
1919 4853 1974 4905 7.

491 4940 569 5012 (l)
595 4939 877 5007 Ebiom'lte,
918 4953 1021 4996 etc.
1066 4945 1269 4998 Alliidit
1315 4947 1382 4998 ad
1414 4960 1596 5000 vocem
1632 4945 1974 5011 llcbraicam,

419 5013 766 5083 Ebion,quaa
799 5014 1090 5082 significat,
1121 5030 1412 5083 pauperem
1448 5025 1501 5069 et
1526 5031 1777 5083 egenum.

490 5081 568 5154 (1')
596 5081 742 5154 M_ss'.,
779 5081 1086 5154 inducitur;
1121 5081 1264 5154 'libb.
1305 5085 1456 5145 editi.
1490 5081 1762 5140 indicitur.

488 5152 568 5224 (5)
628 5152 872 5224 l’rovide,
914 5153 1187 5224 Domine_._
1218 5153 1510 5224 Confundit
1549 5155 1811 5223 Origenes
1865 5164 1974 5209 tres

416 5220 736 5286 versiculos,
770 5238 962 5292 nempe
983 5220 1469 5291 lﬁethcapitiSIv
1498 5220 1688 5289 Exodi,
1721 5241 1819 5280 nec
1868 5241 1972 5278 non

2084 4501 2207 4538 nam
2241 4501 2401 4554 quam
2450 4487 2732 4558 conjugem
2778 4489 3073 4560 legitimam
3129 4492 3356 4554 noverit,
3382 4501 3437 4545 et
3469 4492 3518 4545 in
3572 4505 3635 4544 ea

2085 4590 2300 4645 quoque
2333 4579 2444 4646 ipsa
2479 4581 2814 4649 posteritatis
2866 4585 3237 4638 tantummodo
3291 4597 3452 4637 causa
3478 4584 3643 4638 certis

2085 4677 2140 4722 et
2182 4668 2436 4737 legitimis
2487 4673 2818 4740 temporibus
2863 4682 2986 4743 agat
3018 4676 3122 4745 (8),
3155 4675 3256 4730 iste
3290 4676 3644 4729 circumcisus

2107 4781 2127 4811 ³
2178 4779 2345 4834 Exod.
2401 4795 2472 4846 vi,
2502 4780 2590 4834 30.
2704 4782 2724 4812 ‘
2746 4782 2886 4836 Psal.
2911 4799 3065 4850 cxiii,
3093 4784 3148 4848 5,
3255 4786 3317 4839 ⁸1
3349 4785 3462 4843 Pet.
3496 4803 3557 4853 ll,
3586 4789 3643 4843 9.

2156 4945 2233 5014 (5)
2253 4945 2422 5017 Codd.
2447 4943 2708 4999 Gemetic.
2731 4954 2785 5001 et
2810 4945 3120 5017 Sangerm.,
3145 4963 3311 5014 caeno,-
3333 4947 3464 5004 libb.
3488 4950 3643 5007 editi.

2083 5031 2249 5077 caena,
2280 5014 2440 5068 male.

2152 5087 2232 5153 (6)
2268 5083 2661 5139 Ineircumcisis
2710 5096 2758 5148 et
2810 5086 3097 5139 immundis
3147 5087 3388 5140 nuribus.
3424 5086 3499 5141 Ita
3533 5096 3644 5141 tres

2082 5170 2213 5209 mss.
2249 5155 2618 5220 Turonenses,
2657 5153 3025 5225 Remigianus,
3052 5155 3393 5211 Belvacensis
3419 5167 3473 5210 et
3504 5157 3647 5211 San-

2081 5225 2490 5293 germanensis;
2520 5226 2642 5280 libri
2669 5241 2795 5281 vero
2820 5227 2969 5292 editi,
3005 5226 3405 5280 incircumcisus
3425 5230 3642 5282 auribus

419 5309 635 5347 versum
663 5296 730 5346 5t)
757 5295 950 5361 capitis
975 5309 1024 5348 vr
1059 5294 1294 5362 ejusdem
1329 5294 1471 5348 libri.
1501 5294 1611 5350 Hoc
1643 5296 1830 5350 ultitno
1863 5296 1979 5349 loco
2073 5305 2125 5348 et
2153 5297 2471 5350 immundus.

420 5365 510 5418 ubi
551 5363 804 5417 Hebraeus
838 5373 1016 5418 textus
1058 5365 1258 5419 habet:
1291 5364 1422 5433 Ecce
1461 5381 1552 5433 ego
1584 5368 1979 5420 incircumcisus

419 5434 596 5498 labiis,
630 5434 982 5505 Septuaginta
1018 5445 1332 5491 verterunt:
1365 5432 1504 5489 Ecce
1529 5451 1622 5506 ego
1652 5436 1836 5506 gracili
1861 5451 1982 5490 voce

417 5519 554 5556 sum.

493 5574 572 5639 (4)
607 5573 768 5626 Illum
803 5575 1058 5632 indicare.
1109 5576 1200 5632 Sic
1248 5591 1403 5641 mss.,
1451 5576 1574 5634 libb.
1597 5587 1776 5634 autem
1825 5576 1977 5641 cditi,

419 5642 560 5698 illud
590 5646 845 5699 indicare.
1175 5654 1178 5657 '

2155 5367 2232 5434 (7)
2262 5364 2433 5422 Codd.
2465 5380 2595 5420 mss.
2628 5375 2738 5420 tres
2763 5367 3126 5433 Turonenses,
3163 5367 3560 5423 Gemeticensis
3587 5379 3643 5422 et

2084 5436 2566 5502 Sangermanensis
2595 5455 2609 5492 :
2637 5436 2871 5506 loquitur
2925 5446 2975 5490 et
3022 5441 3271 5505 extendit,
3319 5450 3449 5505 etc.;
3481 5441 3644 5492 incir-

2085 5508 2346 5560 cumcisus
2373 5508 2526 5560 labiis
2551 5517 2596 5560 et
2629 5508 2922 5560 immundus
2950 5509 3102 5562 labiis
3125 5510 3376 5562 dicendus
3398 5520 3494 5563 est.

2157 5577 2232 5643 (8)
2259 5573 2325 5626 Et
2354 5577 2407 5628 in
2440 5593 2499 5628 ea
2528 5593 2728 5646 quoque
2759 5578 2875 5640 ipsa
2923 5580 3237 5646 posteritatis
3283 5579 3644 5633 tantummodo

2086 5662 2245 5703 causa
2272 5646 2426 5701 certis
2456 5658 2502 5700 et
2531 5649 2772 5718 legitimis
2797 5649 3119 5710 lautioribus
3160 5661 3304 5719 agat,
3339 5660 3444 5704 etc.
3480 5652 3643 5704 Simi-
