2025 3071
193 103 240 131 181

791 107 824 136 ΙΝ
844 108 994 137 GENESIM
1014 108 1157 138 HOMlLlA
1174 109 1219 138 lll.

1763 108 1815 135 l8!

190 163 321 201 pmputio
334 165 429 193 carnis
443 172 502 194 sua
513 167 645 195 dicendus
661 173 711 195 est.
731 168 782 202 Qui
797 176 862 197 vero
876 169 903 196 in
920 177 978 197 om—
992 174 1016 203 Α
1031 169 1114 205 leges,
1132 168 1323 197 incircumcisa
1353 168 1502 203 reputanda
1524 172 1596 195 sunt;
1614 167 1646 195 Et
1667 167 1720 195 hoc
1745 173 1814 202 puto

191 218 252 237 nem
271 210 413 238 lasciviam
431 217 550 246 prorutt,
566 218 593 241 et
612 221 660 248 per
675 214 796 242 diversos
821 219 848 243 et
868 215 978 243 illicitos

189 256 291 291 passim
303 257 404 292 pendet
423 258 576 293 amplexus,
590 264 671 294 atque
689 259 716 287 iu
735 268 843 288 omnem
857 261 978 290 libidinis

189 304 323 339 gurgitem
349 304 439 332 fertur
465 306 594 339 infrenis,
622 307 674 334 iste
698 308 907 335 incircumcisus
937 313 978 335 est

188 350 322 385 praputio
337 350 431 378 carnis
446 359 512 378 sum.
526 351 627 379 Verum
648 352 768 379 Ecclesia
785 352 898 386 Christi,
916 361 978 388 gra-

189 394 225 421 tia
239 395 300 430 ejus
317 394 364 429 qui
383 403 433 429 pro
448 403 479 423 se
495 397 644 424 cruciﬁxus
655 402 697 424 est
713 398 848 429 roborata,
865 406 917 425 non
933 406 978 425 so-

188 441 245 468 lum
261 443 295 469 ab
312 442 415 469 illicitis
431 441 610 477 nefandisque
623 443 768 476 cubilibus,
785 451 877 471 verum
894 445 975 471 etiam

188 494 204 514 a
218 488 359 515 concessis
374 492 402 515 et
423 488 507 516 licitis
523 493 668 524 temperat,
686 494 814 524 tanquam
828 490 882 525 jam
900 491 976 526 virgo

189 541 291 567 sponsa
317 534 420 562 Christi
443 536 528 563 castis
542 540 570 562 et
586 535 691 571 pudicis
717 536 868 572 virginibus
884 536 975 570 ﬂoret,

187 580 286 615 quibus
308 588 371 607 vera
388 581 562 608 circumcisio
591 582 683 609 carnis
697 583 824 618 prmputii
839 583 909 610 facta
923 589 974 616 est,

186 630 215 652 et
231 633 295 653 vere
311 630 503 653 testamentum
521 626 580 659 Dei,
595 631 622 654 et
637 631 829 654 testamentum
843 632 974 655 :eternnm

187 672 215 699 in
237 677 371 700 aeternum
390 673 418 699 in
433 679 529 700 eorum
553 673 715 701 circumcisa
730 681 815 701 carne
834 680 975 703 servatur.

186 717 320 752 Superest
345 718 424 745 nobis
456 718 539 745 etiam
564 719 708 754 designare
735 720 973 748 circumcisionem

184 762 290 789 cordis.
307 762 336 789 Si
362 763 422 796 quis
447 768 490 791 est
509 764 555 798 qui
582 765 708 792 obscenis
725 765 866 793 desideriis
880 771 907 794 et
923 766 974 793 rae-

186 807 229 835 dis
241 807 437 841 cupiditatibus
454 812 562 839 aestuat,
577 812 616 841 et,
633 813 663 835 ut
677 809 797 836 breviter
813 809 911 842 dicam,
926 809 972 845 qui

1031 222 1092 242 esse
1107 215 1179 249 quod
1191 213 1335 248 Apostolus
1346 213 1412 240 dicit
1426 213 1448 228 "
1461 222 1467 239 :
1482 212 1556 240 Sicut
1569 213 1637 239 enim
1659 212 1813 240 exhibuiuis

1031 260 1147 286 membra
1161 264 1245 286 vestra
1262 259 1358 285 servire
1371 259 1507 293 iniquitati
1530 258 1564 284 ad
1586 258 1760 293 iniquitatem,
1772 259 1813 286 ita

1032 313 1100 332 nunc
1114 305 1231 332 exhibete
1247 305 1362 331 membra
1381 309 1466 331 uestra
1483 303 1577 330 seruire
1589 304 1736 337 justiliwin
1749 312 1814 331 san-

1030 350 1227 384 ctiﬁcationem.
1246 349 1313 376 Cum
1330 350 1403 376 enim
1420 349 1556 384 iniquitati
1575 350 1708 376 servirent
1726 357 1812 376 ment-

1033 396 1081 422 bra
1104 399 1206 427 vestra,
1219 402 1271 422 uon
1294 400 1374 422 erant
1390 395 1559 428 circutncisa,
1578 402 1626 422 nec
1646 400 1705 422 erat
1726 395 1751 422 iu
1771 396 1813 424 eis

1030 445 1224 468 testamentum
1239 440 1297 469 Dei.
1313 440 1379 468 Cum
1395 447 1460 467 vero
1471 440 1605 475 coeperint
1619 441 1722 468 servire
1735 441 1813 475 justi-

1031 487 1075 514 tize
1089 487 1115 513 in
1129 486 1382 518 sanctiﬁcationem,
1396 486 1541 520 promissio
1553 493 1613 521 quae
1627 485 1660 513 ad
1670 487 1808 513 Abraham

1031 532 1103 560 facta
1130 537 1181 565 est,
1206 533 1334 568 impletur
1358 533 1385 559 in
1408 532 1458 559 eis.
1475 531 1550 560 Tunc
1562 533 1633 559 enim
1650 533 1691 560 lex
1709 533 1766 565 Dei,
1783 537 1810 560 et

1030 583 1224 605 testamentum
1247 578 1307 612 ejus
1321 578 1445 613 signatur
1461 579 1488 605 in
1502 578 1552 605 eis.
1564 577 1598 609 Et
1611 578 1662 605 hoc
1681 584 1723 605 est
1747 586 1809 606 vere

1029 624 1135 660 signum
1158 624 1232 656 ﬁdei,
1247 624 1318 659 quod
1333 624 1404 651 inter
1420 623 1503 650 Deum
1519 629 1547 651 et
1567 624 1703 651 hominem
1716 625 1810 651 aeterni

1029 669 1139 696 fcederis
1157 669 1279 697 continet
1293 674 1412 704 pactum.
1424 669 1476 696 Ista
1496 675 1539 697 est
1562 670 1736 697 circumcisio
1751 678 1811 704 qua:

1028 715 1143 748 petrinis
1154 715 1298 742 machaeris
1315 722 1362 750 per
1373 714 1463 742 Jesum
1481 715 1579 749 populo
1589 716 1635 742 Dei
1648 716 1709 743 data
1723 721 1763 743 est
1777 716 1809 744 η.

1028 761 1093 794 Qua:
1104 766 1246 789 estautem
1265 761 1397 789 machaera
1410 761 1526 796 petrina,
1542 767 1569 789 et
1581 762 1626 797 qui
1643 761 1746 797 gladius
1757 769 1811 796 quo

1027 807 1206 834 circumcisus
1231 811 1273 834 est
1298 807 1414 842 populus
1428 807 1496 835 Dei?
1507 807 1577 834 Audi
1592 807 1750 842 Apostolum
1767 808 1809 834 di-

187 854 343 881 mtechatur
364 854 391 881 in
408 855 502 887 corde,
524 854 569 882 hic
597 855 805 884 incircumcisus
819 861 859 884 est
879 857 972 884 corde.
990 854 1011 882 Β
1026 857 1133 880 ccltlem
1147 852 1188 880 "z
1206 851 1288 879 Vivat
1306 852 1375 878 enim
1396 857 1434 879 est
1461 852 1512 879 Dei
1534 861 1619 879 δεηηο
1631 858 1654 880 cl
1675 853 1810 888 enicas.”

186 899 241 926 Sed
258 903 287 926 et
312 900 358 934 qui
388 899 531 928 haereticos
552 909 650 929 sensus
678 906 769 929 mente
797 903 926 936 continet,
946 908 974 930 et

186 944 361 979 blasphemas
373 946 538 973 asseriiones
548 951 641 974 contra
650 947 791 975 scientiam
805 947 905 975 Christi
917 948 974 975 dis-

186 990 261 1025 ponit
286 990 312 1017 in
336 991 429 1023 corde,
445 991 490 1019 hic
515 992 720 1020 incircumcisus
746 998 789 1021 est
811 994 901 1021 corde.
922 995 972 1027 Qui

185 1044 251 1064 vero
263 1045 360 1072 puram
376 1037 455 1065 ﬁdem
469 1039 495 1065 in
518 1039 694 1067 conscientia
710 1040 869 1069 sinceritate
880 1047 972 1069 custo-

185 1082 235 1113 dit,
248 1082 300 1109 iste
310 1083 488 1111 circumcisus
501 1089 541 1111 est
554 1085 645 1112 corde.
662 1084 700 1112 De
714 1093 768 1120 quo
777 1086 830 1114 dici
846 1087 970 1122 potest’:

184 1126 262 1154 Beati
279 1128 379 1154 mundo
403 1129 493 1161 corde,
518 1129 579 1164 quia
605 1130 655 1164 ipsi
673 1130 757 1157 Deum
772 1132 904 1158 uidebunt.
918 1133 973 1167 Ego

184 1179 250 1198 vero
268 1172 357 1200 audeo
375 1181 409 1200 ex
427 1173 509 1200 simili
531 1175 614 1201 etiam
638 1175 696 1203 haec
713 1176 882 1211 propheticis
898 1177 974 1204 vosi-

184 1219 236 1246 bus
249 1219 361 1252 addere,
376 1220 438 1254 quia
454 1221 525 1248 sicttt
535 1226 643 1255 oportet
667 1222 790 1256 auribus,
808 1227 836 1250 et
851 1223 931 1250 labiis
943 1228 973 1251 et

184 1265 269 1291 corde
282 1270 310 1292 et
323 1266 415 1293 carnis
430 1268 572 1301 praeputio,
590 1269 737 1297 secundum
756 1277 788 1297 ea
805 1277 866 1304 quae
890 1277 971 1304 supra

185 1310 319 1344 diximus,
336 1312 496 1340 circumcidi
510 1322 517 1339 :
531 1315 568 1341 ita
589 1314 704 1342 fortasse
714 1320 742 1342 et
760 1323 856 1343 tnanus
872 1322 973 1345 nostra:

185 1357 311 1392 indigent
333 1359 554 1392 circumcisione,
572 1365 600 1387 et
621 1360 714 1395 pedes,
736 1362 820 1396 visus,
834 1367 862 1390 et
875 1364 972 1391 odora-

185 1408 242 1437 tus,
262 1409 291 1431 et
309 1409 409 1432 tactus.
439 1405 473 1434 Ut
490 1407 562 1434 enim
580 1407 718 1441 perfectus
736 1409 771 1436 sit
787 1409 869 1437 homo
883 1410 929 1438 Dei
945 1411 970 1437 in

183 1450 323 1484 omnibus,
341 1457 438 1479 cuncta
453 1453 672 1482 circumcidenda
688 1460 751 1482 sunt
765 1456 899 1490 membra,
914 1465 971 1483 ma-

184 1503 237 1523 nus
255 1497 363 1530 quidem
383 1505 399 1525 a
426 1498 538 1533 rapinis,
564 1508 579 1527 a
596 1500 685 1535 furtis,
702 1509 717 1528 a
747 1502 875 1535 caedibus,
891 1508 918 1530 et
938 1504 970 1530 ad

184 1540 243 1567 sola
260 1540 306 1568 Dei
323 1550 406 1577 opera
427 1544 585 1578 pandenda.
602 1533 820 1575 Circumcidendi
843 1533 904 1577 sunt
922 1557 971 1584 pe-
984 1533 1006 1562 ϐ

184 1586 275 1620 des",
291 1596 326 1615 ne
345 1589 452 1617 veloces
465 1591 522 1618 sint
536 1593 569 1619 ad
593 1592 785 1621 effundendum
800 1596 969 1629 sanguinem,

183 1637 213 1659 et
231 1640 265 1660 ne
279 1634 380 1662 intrent
399 1635 425 1662 in
443 1636 587 1664 consilium
611 1638 817 1673 malignantium
831 1641 864 1673 “,
880 1642 927 1668 sed
942 1646 971 1668 ut

185 1683 289 1706 tantum
314 1688 364 1714 pro
382 1683 516 1710 mandatis
544 1684 588 1710 Dei
616 1685 796 1712 circumeant.
822 1686 971 1715 Circumci-

185 1724 283 1752 dantur
300 1730 328 1753 et
340 1727 410 1753 oculi
423 1728 472 1762 (9),
493 1736 526 1756 ne
537 1730 731 1764 concupiscant
755 1731 852 1764 aliena,
870 1732 923 1767 7o
938 1740 971 1760 ne

184 1769 294 1796 videant
322 1770 355 1797 ad
376 1773 622 1807 concupiscendam
644 1775 796 1802 mulierem.
821 1776 872 1810 Qui
896 1778 969 1805 enim

184 1821 248 1848 erga
264 1816 427 1844 feminarum
449 1818 550 1846 fortnas
563 1820 665 1847 lascivo
679 1825 705 1847 et
723 1822 832 1849 curioso
857 1823 969 1850 oberrat

185 1867 307 1895 aspectu,
325 1864 375 1890 iste
400 1864 609 1893 incircumcisus
625 1871 669 1894 est
691 1867 789 1894 oculis.
814 1867 867 1895 Sed
891 1873 918 1896 et
945 1869 968 1896 si

184 1908 246 1940 quis
260 1913 313 1940 est,
330 1910 374 1942 qui
390 1909 446 1937 sive
463 1911 547 1944 bibat,
570 1912 628 1938 sive
646 1913 801 1945 manducet,
816 1914 886 1941 sicut
898 1914 970 1948 Apo-

185 1953 271 1980 stolus
287 1956 414 1990 praecepit
427 1957 461 1988 “,
475 1956 507 1983 ad
522 1957 635 1991 gloriam
650 1958 696 1984 Dei
715 1960 860 1986 manducat
880 1964 908 1987 et
929 1959 970 1986 bi-

184 2000 234 2032 bit,
252 2000 303 2028 iste
321 2001 499 2030 circumcisus
518 2010 559 2031 est
573 2010 663 2039 gustu.
682 2004 764 2039 Cujus
789 2011 878 2033 autem
900 2008 969 2033 Deus

184 2052 282 2072 venter
293 2047 377 2079 est”,
393 2052 420 2074 et
446 2049 625 2077 suavitatibus
648 2051 716 2084 gula:
743 2052 874 2084 deservit,
889 2051 969 2086 hujus

186 2091 406 2120 incircumcisum
440 2094 556 2122 dixerim
580 2103 700 2131 gustum.
722 2097 750 2124 Si
778 2098 839 2131 quis
867 2097 968 2125 Christi

185 2138 295 2165 odorem
316 2140 415 2166 bonum
438 2142 522 2175 capit,
535 2146 561 2168 et
577 2142 603 2168 in
626 2144 754 2176 operibus
772 2145 969 2173 misericordiae

185 2184 296 2211 odorem
314 2187 455 2213 suavitatis
485 2189 612 2222 requirit,
637 2189 714 2223 hujus
737 2191 898 2217 crt‘cumcisa
925 2196 967 2219 est
983 2204 1005 2231 υ

185 2228 320 2256 odoratio.
335 2230 386 2262 Qui
407 2238 470 2258 vero
492 2232 587 2266 primis
608 2235 753 2268 unguentis
775 2235 909 2263 delibutus
930 2236 969 2263 iti-

185 2274 268 2307 cedit,
285 2276 336 2303 iste
356 2278 564 2306 incircumcisus
580 2281 691 2306 odoratu
706 2281 834 2308 dicendus
848 2287 898 2309 est.
913 2282 968 2310 Sed

187 2326 213 2348 et
232 2322 336 2355 singula
362 2332 477 2358 quicque
506 2327 686 2353 membrorum
703 2328 723 2353 si
742 2328 767 2354 in
785 2328 880 2355 oﬁiciis
893 2336 968 2355 man-

186 2367 312 2395 datorum
334 2370 379 2397 Dei
397 2371 562 2404 deserviant,
578 2374 741 2400 circumcisa
760 2374 872 2401 dicenda
894 2380 968 2403 sunt.

186 2414 213 2441 Si
237 2422 300 2443 vero
322 2417 389 2444 ultra
410 2420 583 2453 pris-scriptas
608 2421 658 2446 sibi
676 2422 805 2448 divinitus
831 2423 969 2449 luxuriant

221 2464 231 2479 ⁹
245 2463 340 2492 Matth.
358 2472 384 2498 v,
401 2466 426 2492 8.
466 2467 487 2482 ‘°
505 2466 574 2493 l’sal.
592 2476 651 2500 xui,
666 2468 691 2494 5.
732 2470 751 2484 ¹¹
764 2469 835 2496 Psal.
854 2478 872 2498 t.
886 2471 910 2497 Ι.

185 2506 233 2526 sue
246 2506 272 2526 v.
311 2500 332 2515 ¹⁶
347 2500 428 2529 Hebr.
442 2509 477 2533 tv,
496 2502 538 2528 l2.
577 2503 596 2517 ”
611 2503 705 2529 Matth.
722 2512 748 2535 κ,
762 2504 806 2532 54.

186 2545 222 2572 lia
239 2546 317 2572 docet
335 2546 456 2585 pluribus
470 2548 494 2574 in
513 2548 581 2575 locis
593 2550 769 2585 Augustinus.
787 2551 832 2576 sed
852 2558 965 2585 praiser-

187 2586 233 2607 tun
247 2588 330 2617 serui.
352 2582 381 2617 iiii
402 2582 434 2608 de
454 2584 601 2610 concordia
618 2584 710 2611 Matth.
726 2590 753 2611 et
767 2585 832 2611 Luc.
852 2582 919 2614 ioui.
934 2585 964 2617 V,

187 2623 246 2650 pag.
346 2616 472 2650 Nunquid
487 2619 537 2644 ltoc
560 2627 611 2645 non
636 2626 671 2645 εει
697 2627 841 2652 peccatum,
855 2616 966 2653 amplius

185 2658 263 2683 quam
281 2652 421 2688 liberorum
432 2655 651 2686 procreandorum
666 2656 804 2681 necessitas
816 2657 892 2688 cogit,
909 2657 966 2682 eti~

187 2694 244 2723 gere
260 2695 275 2723 ᾳ
292 2686 404 2723 conjuge
431 2688 566 2716 debitum?
584 2690 630 2714 lt'st
643 2690 747 2722 quidem
763 2686 907 2723 peceatum,
921 2691 966 2717 sed

187 2721 295 2758 uernale.
314 2720 379 2758 Vide
395 2726 518 2758 etttudetn
539 2720 665 2750 sermone
688 2725 750 2755 273,
763 2720 839 2751 ⁷ιυιιι,
857 2725 888 2757 ν,
901 2720 964 2758 pag.

189 2754 268 2787 “26,
284 2756 310 2791 in
331 2754 486 2783 Enchiridio
506 2758 536 2785 de
552 2759 613 2789 ﬁde,
629 2767 673 2791 spe
693 2765 716 2785 et
736 2754 910 2791 c/taritalept:
932 2754 963 2791 V,

189 2797 248 2828 ρης,
264 2790 326 2822 226,
348 2791 416 2828 libro
439 2792 477 2818 De
499 2794 564 2820 bona
592 2790 736 2828 conjugali,
750 2802 826 2827 capp.
843 2790 898 2821 (iret
915 2790 962 2827 1οᾆ

190 2825 350 2861 Gregorium
375 2826 502 2862 Magnum
530 2828 622 2856 multis
638 2825 769 2861 itu—locis,
784 2825 830 2856 sed
847 2825 963 2858 maxime

951 2470 993 2497 ἰι
1008 2469 1071 2497 Cor.
1087 2477 1114 2501 x,
1128 2467 1172 2494 5i.

845 2505 865 2520 ⁸⁸
878 2504 977 2535 Genes.
987 2513 1053 2537 xvu,
1064 2503 1106 2531 l3.
1144 2503 1165 2519 "
1178 2501 1189 2529 1
1203 2501 1280 2530 Joan.
1296 2509 1333 2534 tv,
1350 2501 1377 2528 2.

1026 899 1130 925 acutior
1146 899 1215 926 omni
1230 898 1319 933 gladio
1335 899 1457 934 utrinque
1470 891 1557 931 acuto,
1569 899 1716 934 pertingens
1729 908 1812 935 usque

1027 945 1061 971 ad
1073 945 1228 972 divisionem
1248 946 1344 971 anima:
1360 952 1391 971 ac
1407 945 1528 979 spiritus,
1544 953 1697 980 eompagum
1710 954 1812 982 quoque

1026 994 1050 1016 et
1071 990 1248 1017 medullarum
1264 998 1273 1017 :
1287 997 1310 1017 et
1327 996 1365 1019 est
1379 993 1407 1019 di
1421 995 1507 1019 cretor
1527 992 1712 1027 cogitationum
1730 998 1753 1019 et
1769 993 1810 1019 in-

1026 1036 1171 1062 tentionum
1186 1037 1284 1064 cordis.
1302 1036 1356 1065 Iste
1370 1044 1435 1073 ergo
1450 1042 1490 1065 est
1507 1037 1613 1073 gladius
1628 1044 1681 1073 quo
1694 1039 1810 1065 cii-cum-

1026 1083 1080 1109 cidi
1095 1082 1225 1118 jubemur
1243 1083 1316 1118 (l0),
1332 1085 1365 1111 de
1380 1092 1434 1119 quo
1448 1084 1513 1111 dicit
1532 1083 1610 1112 Jesus
1634 1085 1763 1112 Dominus
1776 1086 1809 1111 ":

1028 1127 1089 1155 Non
1102 1130 1158 1155 veni
1172 1137 1262 1163 pacem
1277 1130 1380 1156 mittere
1389 1130 1415 1156 in
1424 1134 1532 1164 terram,
1548 1130 1592 1157 sed
1605 1130 1735 1165 gladium.
1748 1130 1811 1158 Non

1027 1176 1073 1202 tibi
1089 1175 1197 1203 videtur
1223 1176 1330 1211 dignior
1353 1177 1410 1204 huic
1436 1183 1496 1204 esse
1518 1177 1691 1204 circumcisio
1712 1177 1738 1203 in
1756 1185 1807 1211 qua

1028 1226 1219 1250 testamentum
1244 1222 1291 1250 Dei
1314 1223 1411 1250 debeat
1425 1222 1571 1250 collocari?
1582 1221 1692 1254 Confer,
1712 1225 1734 1250 si
1750 1222 1809 1258 pla-

1025 1273 1080 1300 cet,
1103 1269 1162 1296 htec
1186 1273 1278 1296 nostra
1303 1275 1364 1296 cum
1389 1269 1488 1297 vestris
1510 1269 1630 1297 Judaicis
1655 1269 1767 1301 fabulis,
1781 1274 1812 1298 et

1027 1315 1228 1342 narrationibus
1246 1314 1357 1347 faetidis,
1371 1320 1398 1341 et
1413 1315 1473 1342 vide
1487 1315 1510 1342 si
1528 1316 1552 1341 iu
1577 1315 1629 1342 illis
1651 1315 1759 1349 vestris,
1772 1323 1805 1343 an

1026 1360 1053 1387 in
1069 1360 1112 1388 his
1138 1368 1198 1396 quae
1222 1360 1249 1388 in
1274 1360 1376 1388 Christi
1401 1361 1521 1388 Ecclesia
1550 1362 1739 1396 prtedicautur,
1757 1363 1810 1389 cir-

1026 1406 1156 1433 cumcisio
1176 1406 1306 1433 divinitus
1331 1406 1513 1433 observetur:
1530 1407 1552 1434 si
1569 1415 1621 1434 non
1647 1408 1728 1435 etiam
1750 1409 1809 1443 ipse

1028 1451 1125 1481 sentis,
1143 1455 1170 1478 et
1187 1450 1316 1486 intelligis
1340 1451 1410 1479 hanc
1424 1451 1551 1479 Ecclesiae
1568 1453 1813 1480 circumcisionem,

1026 1496 1179 1529 honestam,
1204 1502 1340 1529 sanctam,
1364 1497 1418 1525 Deo
1446 1498 1570 1533 dignam;
1598 1497 1668 1525 illam
1689 1505 1810 1526 vestram

1024 1547 1139 1577 turpem,
1167 1542 1278 1576 foedam,
1306 1543 1467 1575 deformem,
1490 1544 1548 1578 ipso
1565 1544 1645 1571 etiam
1672 1544 1766 1571 habitu
1779 1549 1813 1572 et,

1021 1593 1132 1621 aspectu
1156 1588 1331 1623 κακὲμφατον
1356 1588 1557 1623 praaferenteui.
1579 1589 1613 1616 Et
1643 1590 1703 1623 erit,
1719 1591 1807 1624 inquit

1022 1633 1092 1661 Deus
1122 1634 1155 1660 ad
1182 1634 1358 1667 Abraham”,
1379 1635 1545 1662 circumcisio
1570 1639 1596 1662 et
1623 1641 1806 1663 testamentum

1020 1687 1106 1706 meum
1122 1688 1200 1714 super
1218 1688 1321 1707 carnem
1339 1686 1423 1708 tuam.
1439 1680 1468 1708 Si
1484 1688 1550 1716 ergo
1566 1681 1628 1709 talis
1648 1681 1728 1709 fuerit
1750 1683 1812 1710 vita

1021 1730 1125 1757 nostra,
1142 1726 1180 1752 ita
1195 1726 1322 1754 omnibus
1345 1726 1475 1753 membris
1499 1727 1632 1761 quadrata
1657 1731 1684 1754 et
1698 1734 1807 1762 compo-

1020 1771 1084 1803 sita,
1099 1775 1129 1797 ut
1147 1771 1265 1798 universi
1283 1775 1373 1798 motus
1398 1770 1484 1798 nostri
1509 1771 1657 1798 secundum
1670 1770 1717 1798 Dei
1733 1772 1812 1806 leges.

1021 1821 1150 1852 agantur,
1168 1824 1232 1845 vere
1253 1821 1446 1844 testamentum
1462 1817 1509 1845 Dei
1529 1817 1582 1845 erit
1598 1825 1680 1852 super
1692 1825 1803 1845 carnem

1021 1868 1154 1891 nostram.
1179 1862 1242 1890 Haec
1268 1864 1376 1898 quidem
1401 1865 1520 1892 breviter
1535 1872 1549 1891 a
1572 1865 1650 1892 nobis
1665 1865 1697 1892 de
1721 1865 1804 1892 veteri

1021 1915 1181 1938 testamento
1198 1915 1356 1937 transcursa
1372 1911 1437 1944 sint,
1460 1910 1493 1937 ad
1505 1910 1687 1938 confutandos
1698 1918 1744 1938 eos
1758 1912 1804 1945 qui

1020 1957 1046 1983 in
1061 1954 1151 1982 carnis
1166 1954 1376 1983 circumcisione
1387 1955 1539 1987 conﬁdunt,
1559 1956 1639 1983 simul
1652 1961 1679 1984 et
1698 1957 1732 1983 ad
1753 1956 1803 1984 Ec-
1838 1963 1853 1970 ”

1019 2004 1127 2031 clesiam
1137 2003 1242 2030 Domini
1256 2001 1452 2030 aediﬁcandam.

1057 2049 1083 2076 7.
1101 2050 1154 2078 Sed
1170 2050 1249 2077 venio
1261 2049 1341 2076 etiam
1354 2048 1387 2076 ad
1402 2055 1499 2074 novum
1512 2052 1701 2075 testamentum
1711 2048 1736 2075 in
1751 2056 1813 2083 quo.

1020 2102 1062 2124 est
1077 2096 1216 2131 plenitudo
1231 2095 1363 2126 omnium,
1377 2100 1404 2121 et
1417 2094 1480 2121 inde
1504 2094 1564 2121 volo
1580 2096 1724 2122 ostendere
1737 2102 1804 2129 quo-

1020 2143 1100 2170 modo
1112 2148 1139 2170 et
1158 2149 1205 2169 nos
1220 2141 1355 2175 possimus
1369 2147 1469 2167 novum
1495 2144 1685 2168 testamentum
1699 2141 1803 2168 Domini

1020 2190 1105 2217 nostri
1123 2188 1187 2216 .Iesu
1203 2187 1304 2215 Christi
1322 2187 1423 2214 habere
1437 2193 1519 2220 super
1537 2195 1647 2214 carnem
1669 2192 1801 2216 nostram.

1020 2235 1079 2262 Non
1104 2235 1175 2262 enim
1192 2233 1294 2261 sufﬁcit
1310 2232 1367 2260 solo
1385 2233 1495 2260 nomine
1519 2240 1545 2261 et
1567 2234 1650 2261 verbo
1664 2234 1721 2261 haec
1738 2235 1801 2267 dici,

1021 2282 1067 2309 sed
1088 2281 1168 2308 rebus
1194 2284 1302 2315 oportet
1321 2280 1439 2314 impleri.
1467 2280 1586 2309 Joannes
1611 2282 1710 2316 quippe
1743 2289 1806 2316 apo—

1020 2328 1105 2355 stolus
1117 2326 1182 2354 dicit
1192 2326 1213 2341 ¹⁰
1226 2333 1233 2353 :
1247 2325 1339 2353 Omnis
1352 2326 1459 2360 spiritus
1479 2327 1524 2361 qui
1548 2327 1688 2361 conﬁtetur
1710 2327 1800 2354 Iesum

1020 2376 1048 2401 in
1063 2381 1140 2402 carne
1160 2373 1268 2406 venisse,
1283 2381 1299 2400 a
1312 2373 1365 2399 Deo
1386 2379 1435 2400 est.
1453 2373 1523 2406 Quid
1550 2374 1632 2407 ergo?
1643 2373 1671 2400 Si
1685 2382 1804 2408 peccans.

1021 2420 1092 2456 quis,
1112 2425 1137 2447 et
1145 2427 1198 2446 non
1214 2424 1288 2446 recte
1299 2426 1380 2454 agens
1394 2418 1558 2446 confiteatur
1572 2418 1662 2447 Jesuui
1679 2420 1704 2447 in
1720 2427 1800 2448 carne

1212 2467 1233 2483 ¹³
1250 2466 1319 2495 Phil.
1334 2474 1373 2498 tu,
1389 2466 1432 2494 l9.
1470 2466 1491 2482 ¹⁸
1501 2465 1579 2495 Rom.
1592 2467 1685 2500 Vt,i9.
1723 2468 1744 2484 ¹¹²
1757 2467 1802 2495 Jo-

1018 2550 1098 2578 tertia
1115 2553 1193 2583 parte
1216 2547 1366 2575 Pastoralis
1389 2557 1470 2581 cum,
1485 2548 1671 2576 admonitione
1682 2549 1716 2575 28
1734 2547 1798 2576 :Jo-

1017 2593 1079 2612 nam
1097 2584 1319 2612 Aurelianensetn
1343 2584 1497 2618 episcopum
1517 2583 1564 2610 lib.
1585 2591 1603 2610 Il
1629 2584 1667 2610 De
1693 2584 1799 2609 institu-

1017 2622 1088 2647 tione
1113 2619 1214 2651 taicali,
1245 2626 1304 2652 cap.
1325 2618 1352 2650 6,
1371 2624 1398 2646 et
1420 2624 1543 2645 sanctum
1563 2618 1690 2645 Thomam
1718 2618 1745 2644 ili
1770 2626 1798 2645 IV

1018 2655 1227 2686 Sententiarum,
1245 2653 1310 2680 dist.
1331 2661 1407 2686 xui,
1427 2658 1524 2688 quaist.
1542 2654 1570 2686 2,
1586 2658 1637 2680 art.
1654 2654 1680 2680 2.

1052 2690 1091 2725 (9)
1109 2689 1190 2716 [idem
1206 2688 1284 2725 codd.
1301 2696 1377 2721 mss.,
1405 2689 1609 2725 circumsidetur
1622 2694 1645 2715 et
1658 2687 1750 2725 oculus
1766 2696 1799 2715 ne

1017 2723 1182 2758 concupiscat
1199 2724 1326 2755 alienum,
1344 2732 1375 2750 ne
1396 2724 1479 2750 videat
1504 2724 1538 2750 ad
1563 2723 1798 2758 concupiscendum

1018 2757 1162 2786 mulierem.
1183 2758 1231 2785 Cui
1245 2760 1313 2784 enim
1324 2766 1385 2792 erga
1402 2759 1559 2792 feminarum
1573 2758 1672 2791 {orntus
1685 2757 1800 2784 lascivus

1017 2799 1041 2821 ct
1055 2796 1174 2821 curiosius
1189 2794 1292 2821 oberrat
1308 2799 1437 2826 aspectus.

1053 2829 1108 2864 (l0)
1123 2829 1197 2862 Mss.,
1208 2828 1343 2863 jubemur;
1355 2828 1419 2856 libb.
1433 2829 1507 2861 editi,
1522 2829 1653 2856 debemus.
