4050 6142
470 171 573 227 185

1935 191 2256 248 ORIGENIS

3609 205 3715 261 184

464 287 705 356 venisse,
737 289 791 345 in
828 292 1028 362 spiritu
1067 295 1162 352 Dei
1197 298 1477 358 videbitur
1505 305 1754 361 confiteri
1774 309 1796 361 ?
1818 309 1936 363 Non
1955 320 2039 364 est
2065 314 2111 369 Α
2138 326 2238 380 pro
2267 312 2474 368 meritis
2512 326 2599 369 res
2629 322 2910 385 geruntur.
2929 315 3141 374 Etenim
3171 314 3276 372 Lot
3304 315 3528 374 inferior
3552 317 3711 392 longe

463 377 570 435 hoc
613 391 997 440 testamentum
1027 386 1120 443 Dei
1149 390 1352 449 habere
1378 396 1431 449 in
1461 411 1648 464 carne,
1667 399 1760 455 sed
1799 400 1849 454 in
1881 417 2032 456 voce.

466 471 677 527 Dicitur
723 489 854 544 ergo
882 478 947 529 ad
983 492 1106 534 eum
1138 485 1350 538 statim:
1388 487 1785 558 Erras,homo,
1817 509 2033 563 regnum

463 562 561 615 Dei
591 580 694 620 non
737 567 790 619 in
831 582 1066 625 sermone
1093 583 1190 638 est,
1222 577 1315 630 sed
1355 577 1409 631 in
1446 581 1638 635 virtute
1660 584 1724 639 ¹⁰.
1755 584 2032 650 Quomodo

461 667 593 723 ergo
613 654 720 708 erit
745 665 1128 714 testamentum
1156 663 1361 721 Christi
1397 683 1562 736 super
1585 686 1802 726 carnem
1834 689 2028 740 meam,

460 747 698 813 requiro.
727 747 783 800 Si
819 751 1227 811 mortificavero
1254 760 1492 815 membra
1523 765 1721 828 mea“,
1758 781 1876 834 qua:
1905 777 2031 823 sunt

456 849 619 903 super
668 847 891 906 terram,
951 853 1341 904 testamentum
1387 851 1593 909 Christi
1641 856 1816 914 habeo
1863 874 2029 929 super

456 941 677 983 carnem
705 946 906 989 meam.
943 934 998 988 Si
1031 951 1249 1008 semper
1295 952 1526 999 mortem
1582 947 1784 1004 Christi
1833 951 1886 1004 in
1916 967 2029 1006 cor-

453 1031 586 1087 pore
611 1035 734 1074 meo
761 1023 1235 1094 circumferam“,
1274 1039 1660 1092 testamentum
1689 1037 1888 1097 Christi
1943 1053 2026 1099 est

452 1111 506 1164 in
539 1125 772 1178 corpore
821 1129 965 1180 meo,
1007 1120 1132 1188 quia
1182 1122 1228 1176 si
1256 1127 1624 1193 compatimur,
1654 1139 1701 1184 et
1731 1148 2020 1204 conregna-

451 1202 621 1256 bimus
641 1204 708 1260 .‘3.
736 1204 791 1258 Si
820 1209 1223 1276 cemplantatus
1259 1213 1412 1271 fuero
1457 1217 1804 1277 similitudini
1829 1202 2021 1281 mortis

447 1292 585 1360 ejus,
631 1304 1016 1352 testamentum
1055 1303 1176 1369 ejus
1201 1307 1428 1361 ostendo
1458 1322 1580 1364 esse
1610 1326 1774 1380 super
1801 1331 2019 1373 carnem

448 1399 650 1440 meam.
685 1387 822 1453 Quid
864 1391 1007 1444 enim
1035 1395 1256 1462 prodest
1294 1398 1338 1451 si
1379 1399 1428 1452 in
1455 1400 1544 1456 illa
1587 1412 1795 1460 tantum
1830 1424 2014 1475 carne,

444 1491 607 1544 quam
647 1479 715 1532 de
749 1478 916 1534 Maria
958 1485 1220 1554 suscepit,
1249 1488 1428 1544 dicam
1463 1494 1676 1550 venisse
1718 1495 2011 1568 Christum,

442 1579 497 1622 et
524 1585 630 1623 non
661 1574 946 1628 ostendam
969 1576 1132 1632 etiam
1169 1580 1218 1632 in
1249 1580 1354 1637 hac
1391 1599 1507 1639 mea
1535 1601 1720 1655 carne,
1753 1593 1894 1659 quod
1920 1609 2012 1650 ve-

438 1661 616 1716 nerit?
659 1661 898 1720 Ostendo
944 1677 1122 1723 autem
1173 1675 1246 1725 ita
1293 1673 1533 1743 demum,
1564 1680 1608 1733 si
1649 1683 2005 1749 quemadmo-
2039 1675 2082 1732 Β

440 1753 566 1806 dum
595 1753 748 1822 prius
785 1757 1003 1811 exhibui
1047 1762 1284 1816 membra
1321 1780 1438 1819 mea
1469 1770 1681 1825 servire
1730 1773 2006 1843 iniquitati

437 1845 505 1898 ad
555 1845 922 1915 iniquitatem,
967 1867 1112 1908 nunc
1157 1869 1219 1909 ea
1263 1870 1578 1916 convertam
1629 1874 1682 1918 et
1725 1867 2006 1925 exhibeam

436 1937 648 1994 servire
673 1940 900 2009 iustitiae
943 1945 1009 1998 ad
1045 1947 1554 2009 sanctiﬁcationem.
1590 1954 2005 2018 Testamentum

434 2029 532 2082 Dei
576 2033 801 2088 ostendo
844 2050 966 2090 esse
1012 2037 1064 2091 in
1098 2053 1262 2096 carne
1293 2059 1434 2110 mea,
1475 2047 1522 2101 si
1549 2059 1780 2117 potuero
1824 2055 2006 2111 dicere

432 2123 726 2176 secundum
740 2123 958 2180 Paulum
976 2127 1042 2196 η,
1071 2131 1197 2199 quia
1226 2131 1436 2190 Christo
1459 2143 1840 2211 concruciﬁxus
1865 2164 2001 2214 sum,

431 2213 547 2264 vivo
578 2225 749 2269 autem
775 2218 888 2284 jam
921 2236 1024 2274 non
1064 2239 1176 2292 ego,
1224 2227 1349 2281 vivit
1391 2244 1511 2283 vero
1536 2231 1778 2291 Christus
1807 2239 1862 2292 in
1886 2257 2001 2306 me;

431 2303 560 2356 etsi
590 2317 818 2372 potuero
856 2312 1037 2368 dicere
1080 2325 1137 2368 ut
1181 2316 1295 2387 ipse
1333 2320 1612 2378 dicebat"
1639 2345 1651 2379 :
1678 2325 1792 2398 Ego
1825 2303 1999 2386 autem

429 2395 678 2463 stigmata
711 2399 926 2454 Dom'ni
973 2407 1071 2457 mei
1097 2407 1226 2462 Jesu
1273 2411 1470 2468 Christi
1521 2416 1574 2470 in
1619 2435 1834 2490 corpore
1886 2441 1998 2481 meo

425 2497 602 2555 porto.
648 2489 784 2548 Vere
840 2482 1019 2550 autem
1076 2499 1164 2555 ille
1226 2508 1549 2562 ostendi-bat
1615 2522 1996 2574 teStamentum

424 2577 517 2632 Dei
547 2595 668 2637 esse
700 2597 864 2652 super
895 2603 1114 2643 carnem
1169 2607 1346 2656 suam,
1380 2599 1470 2667 qui
1519 2601 1796 2659 dicebat“
1823 2623 1838 2662 :
1866 2607 1996 2674 Quis

424 2685 515 2723 nos
559 2675 818 2740 separabit
867 2694 897 2729 a
940 2679 1197 2734 charitate
1252 2682 1367 2751 Dei,
1416 2704 1535 2755 qute
1584 2700 1660 2744 est
1689 2692 1742 2746 in
1789 2693 1998 2752 Christo

421 2760 597 2817 Jesu?
626 2764 956 2825 Tribuiatio?
1000 2788 1068 2825 an
1116 2778 1406 2842 angustia?
1452 2797 1520 2834 an
1569 2785 1902 2850 periculum?
1925 2805 1994 2842 an

420 2854 672 2921 gladius?
718 2857 774 2912 Si
810 2861 956 2914 cnim
1017 2877 1149 2918 voce
1205 2873 1580 2926 tantummodo
1638 2877 1994 2933 contiteamur

425 2944 710 3000 Dominum
746 2948 952 3017 .lesum,
989 2963 1042 3008 et
1075 2970 1179 3010 non
1213 2962 1570 3017 ostendamus
1602 2973 1986 3023 testamentum

415 3035 536 3102 ejus
581 3051 701 3092 esse
755 3055 921 3110 super
962 3059 1185 3101 carnem
1229 3059 1501 3118 nostram,
1530 3058 1828 3112 secundum
1870 3060 1984 3116 haec

415 3141 534 3192 qtae
559 3143 720 3198 supra
751 3137 1124 3203 exposuimus,
1159 3139 1463 3198 videbimur
1495 3147 1659 3203 etiam
1689 3165 1789 3204 nos
1810 3152 1984 3208 simile

415 3219 618 3288 aliquid
647 3223 827 3279 facere
854 3226 1079 3295 Judscis,
1108 3233 1202 3301 qui
1228 3233 1346 3290 solo
1368 3237 1799 3299 circumcisionis
1826 3245 1982 3315 signo

411 3309 578 3364 Deum
612 3328 670 3368 se
691 3317 940 3373 confiteri
971 3332 1186 3389 putant,
1221 3325 1382 3382 factis
1407 3339 1588 3384 autem
1619 3346 1834 3404 negant.
1873 3309 1982 3391 bio-

409 3400 494 3454 bis
522 3414 704 3458 autem
729 3417 948 3476 praestet
981 3409 1240 3469 Dominus
1267 3419 1431 3474 corde
1458 3423 1700 3490 credere,
1729 3441 1821 3481 ore
1847 3443 1978 3482 cen-

409 3491 572 3556 titeri,
603 3498 859 3566 operibus
887 3503 1242 3572 comprobare
1271 3519 1675 3569 testamentum
1723 3518 1813 3572 Dei
1860 3536 1981 3577 esse

408 3600 574 3654 super
603 3604 826 3645 carnem
879 3605 1140 3664 nostram,
1171 3611 1226 3654 ut
1256 3603 1485 3660 sidentes
1541 3608 1771 3664 homines
1821 3630 1978 3680 opera

405 3684 590 3731 nostra
641 3679 798 3747 bona,
847 3686 1186 3756 magniﬁcent
1229 3689 1447 3747 Patrem
1495 3708 1742 3752 nostrum
1792 3704 1879 3770 qui
1911 3705 1966 3758 in

403 3767 544 3820 caelis
570 3778 646 3823 est
663 3772 734 3837 ³⁷,
757 3787 852 3839 per
874 3773 1058 3832 Jesum
1083 3777 1360 3838 Christum
1390 3784 1676 3841 Dominum
1704 3767 1970 3861 nostrum,

402 3859 486 3912 cui
519 3872 603 3916 est
633 3863 802 3931 gloria
842 3867 894 3919 in
929 3871 1122 3924 saecula
1157 3875 1502 3934 szeculorum.
1529 3879 1722 3935 Amen.

908 3985 1008 4054 71
1059 3985 1332 4045 HOMILIA
1379 3993 1465 4047 iV.

398 4068 476 4124 De
501 4089 559 4124 eo
594 4075 730 4142 quod
761 4077 1111 4152 scriptuntest
1149 4082 1260 4152 (ii)
1289 4103 1301 4137 :
1349 4104 1368 4138 ι
1421 4087 1575 4144 Visus
1610 4102 1684 4146 est
1718 4093 1970 4152 Dominus

989 4150 1231 4218 Abraha',
1258 4173 1276 4206 ι
1309 4165 1406 4211 etc.

469 4237 518 4288 i.
550 4236 793 4294 Recitata
831 4253 915 4297 est
947 4245 1101 4299 nobis
1127 4246 1231 4300 alia
1269 4253 1404 4306 visio
1434 4254 1524 4309 Dei
1555 4257 1621 4311 ad
1663 4259 1963 4328 Abraham,

2135 409 2256 454 erat
2285 401 2581 458 Abraham.
2615 403 2726 460 Nisi
2755 406 2899 461 enim
2923 406 3116 463 fuisset
3150 406 3401 471 inferior,
3427 424 3535 464 non
3563 423 3708 468 esset

2134 503 2418 565 separatus
2448 493 2515 549 ab
2543 495 2856 565 Abraham,
2892 513 2993 554 nec
3022 499 3248 555 dixisset
3274 500 3322 555 ei
3354 501 3434 556 ὀε
3468 500 3528 556 Si
3556 515 3611 557 tu
3633 507 3706 559 ad

2132 558 2391 651 deaslram,
2417 603 2509 656 ego
2542 589 2612 641 ad
2665 591 2940 644 sinistram
2967 593 3054 658 ;si
3096 602 3150 646 tu
3195 593 3263 646 ad
3287 595 3578 661 sinistram,
3611 614 3708 666 ego

2130 677 2200 728 ad
2229 675 2498 732 dextram.
2541 679 2610 734 Et
2643 681 2743 736 nisi
2791 684 2986 738 fuisset
3037 682 3284 750 inferior,
3316 702 3424 740 non
3456 689 3504 742 ei
3535 687 3706 744 Sodo-

2129 784 2342 825 morum
2377 781 2519 828 terra
2554 782 2609 828 et
2636 773 2900 830 habitatio
2953 775 3265 844 placuisset.
3304 777 3542 834 Veniunt
3573 797 3705 850 ergo

2128 861 2192 916 ad
2219 863 2494 920 Abraham
2529 876 2639 923 tres
2670 867 2770 922 viri
2822 868 3066 932 meridie,
3098 871 3165 924 ad
3194 870 3296 926 Lot
3322 873 3430 926 duo
3471 889 3702 944 vespere

2126 956 2364 1010 veniunt.
2421 955 2538 1011 Non
2595 959 2740 1014 enim
2779 960 3032 1028 capiebat
3076 960 3178 1018 Lot
3215 965 3533 1020 meridianae
3565 967 3702 1022 lucis

2125 1046 2574 1117 magnitudinem.
2631 1050 2908 1106 Abraham
2940 1067 3076 1110 vero
3121 1069 3290 1124 capax
3336 1056 3440 1112 fuit
3475 1058 3693 1127 plenum

2125 1141 2384 1212 fulgorem
2423 1143 2560 1200 lucis
2605 1146 2882 1215 excipere.
2922 1146 3214 1204 Videamus
3243 1164 3386 1204 nunc
3424 1153 3696 1220 quomodo

2119 1233 2396 1290 Abraham
2427 1237 2730 1305 susceperit
2767 1239 3072 1306 venientes,
3105 1249 3162 1294 et
3188 1243 3464 1310 quomodo
3490 1242 3614 1308 Lot,
3641 1257 3699 1301 et

2119 1325 2208 1394 qui
2239 1335 2533 1396 apparatus
2579 1329 2962 1398 hospitalitatis
3015 1331 3296 1400 utriusque
3352 1334 3426 1388 sit
3467 1349 3692 1406 compa-

2117 1431 2320 1474 remus.
2361 1418 2546 1474 Primo
2577 1429 2754 1476 tamen
2815 1424 3048 1478 observa
3102 1425 3244 1493 quod
3282 1425 3518 1482 Abrahae
3564 1444 3688 1484 cum

2114 1512 2322 1567 duobus
2348 1515 2556 1581 angelis
2597 1517 2759 1570 etiam
2789 1515 3050 1574 Dominus
3095 1517 3287 1585 adfuit,
3315 1523 3382 1577 ad
3425 1522 3526 1578 Lot
3561 1539 3693 1580 vero

2112 1605 2219 1659 duo
2263 1609 2637 1663 tantummodo
2669 1611 2846 1680 angeli
2885 1622 3137 1682 pergunt.
3175 1614 3241 1668 Et
3291 1617 3420 1684 quid
3449 1617 3692 1672 dicunt?

2113 1695 2258 1750 Misit
2303 1713 2396 1751 nos
2445 1698 2700 1754 Dominus
2733 1710 3000 1757 conterere
3043 1706 3326 1771 civitatem,
3366 1716 3416 1762 et
3472 1713 3691 1778 perdere

2109 1803 2224 1841 eam
2243 1788 2309 1842 ³ο.
2345 1788 2436 1842 Ille
2461 1805 2592 1860 ergo
2629 1794 2866 1862 suscepit
2893 1808 3012 1860 eos,
3041 1797 3131 1864 qui
3167 1800 3438 1867 perditum
3468 1801 3686 1866 darent,

2109 1895 2214 1934 non
2244 1882 2484 1950 suscepit
2529 1899 2652 1937 eum
2687 1886 2778 1953 qui
2825 1885 3082 1942 salvaret.
3110 1890 3386 1946 Abraham
3409 1906 3537 1948 vero
3564 1908 3690 1949 sus-

2108 1972 2252 2040 cepit
2281 1981 2336 2027 et
2363 1987 2488 2028 eum
2517 1975 2610 2044 qui
2641 1977 2832 2042 salvat,
2865 1989 2919 2032 et
2965 1997 3063 2037 eos
3113 1983 3204 2052 qui
3237 1983 3495 2053 perdunt.
3527 1983 3688 2039 Nunc

2105 2060 2388 2117 videamus
2436 2067 2710 2134 quomodo
2747 2073 3122 2142 unusquisque
3165 2075 3448 2144 suscipiat.
3512 2074 3680 2139 Vidit,

2104 2152 2279 2223 inquit
2303 2156 2368 2222 εί,
2390 2159 2678 2227 Abraham,
2699 2171 2748 2216 et
2774 2166 3004 2218 occurrit
3030 2167 3105 2221 eis
3131 2166 3354 2220 obviam.
3379 2167 3682 2223 Considera

2102 2249 2354 2315 protinus
2387 2250 2674 2322 impigrum
2711 2263 2766 2310 et
2807 2256 3042 2312 alacrem
3073 2258 3128 2312 in
3157 2257 3348 2314 ofﬁciis
3375 2260 3677 2316 Abraham.

2100 2337 2216 2406 ipse
2242 2343 2488 2397 occurrit
2517 2343 2832 2410 obviam,et
2871 2361 2994 2403 cum
3025 2349 3355 2404 occurrisset
3378 2369 3390 2404 :
3411 2349 3662 2407 Festinat

2101 2428 2275 2497 inquit
2298 2429 2369 2493 ³³,
2389 2431 2457 2484 ad
2474 2432 2896 2500 tabernaculum,
2933 2445 2980 2488 et
3005 2437 3130 2490 dicit
3154 2437 3223 2490 ad
3248 2453 3460 2492 uxorem
3479 2455 3631 2492 suam
3657 2454 3678 2492 :

2097 2519 2318 2576 Festina
2363 2524 2433 2576 ad
2479 2525 2898 2582 tabernaculum.
2926 2526 3061 2584 Vide
3114 2531 3166 2584 in
3202 2531 3429 2602 singulis
3469 2542 3674 2601 quanta

2097 2615 2543 2686 sitsuscipientis
2598 2618 2878 2675 alacritas.
2915 2620 3235 2677 Festinatur
3293 2624 3344 2676 in
3398 2622 3672 2688 omnibus,

2094 2707 2276 2760 omnia
2325 2722 2713 2780 perurgentur,
2749 2712 2888 2767 nihil
2925 2729 3025 2784 per
3049 2715 3222 2768 otium
3253 2714 3482 2784 geritur.
3525 2715 3675 2770 Dixit

2093 2810 2220 2867 ergo
2250 2798 2320 2853 ad
2347 2815 2574 2857 uxorem
2608 2818 2760 2858 suam
2807 2803 3060 2860 Saram”
3093 2824 3106 2860 :
3136 2804 3359 2860 Festina
3398 2810 3464 2860 ad
3497 2813 3672 2890 taber-
3708 2878 3717 2885 _

2094 2889 2365 2956 naculum,
2398 2902 2445 2945 et
2483 2909 2766 2964 consperge
2806 2908 2910 2951 tres
2951 2913 3223 2953 mensuras
3246 2901 3584 2974 similaginis,
3616 2914 3669 2958 et

2013 3017 2056 3074 ϐ
2091 2980 2178 3048 [ac
2232 2982 2629 3040 subcinericias.
2685 2985 2799 3042 lloc
2855 2988 3044 3045 Graece
3094 2993 3398 3063 ἐγκρυφίας
3441 2995 3666 3059 dicitur,

2087 3071 2229 3138 quod
2255 3073 2519 3138 occultos,
2555 3075 2635 3129 vel
2668 3078 3022 3137 absconditos
3063 3081 3270 3138 indicat
3311 3101 3505 3154 panes.
3536 3085 3664 3156 Ipse

2085 3171 2258 3215 autem
2287 3168 2542 3232 cucurrit,
2570 3166 2744 3237 inquit
2762 3169 2827 3233 ³⁸,
2854 3172 2922 3225 ad
2939 3174 3087 3227 boves
3110 3184 3158 3227 et
3190 3177 3394 3244 accepit
3416 3178 3658 3232 uitulum.

2085 3251 2190 3308 Sed
2222 3255 2439 3323 qualem
2491 3260 2720 3316 vitulum
2747 3263 2770 3316 Ἰ
2800 3262 2964 3319 Forte
2997 3265 3090 3334 qui
3124 3269 3304 3336 potuit
3336 3268 3542 3336 primus
3569 3285 3661 3324 oc-

2082 3349 2479 3406 currere?Non
2515 3354 2612 3419 ita,
2645 3357 2743 3410 sed
2767 3357 2992 3413 vitulum
3021 3363 3212 3414 bonum
3241 3372 3289 3416 et
3314 3373 3566 3418 tenerum.
3593 3365 3658 3419 Et

2083 3439 2210 3494 licet
2234 3456 2332 3510 per
2359 3453 2554 3500 cuncta
2586 3446 2938 3514 festinet,scit
2966 3458 3283 3520 tamenquae
3313 3455 3580 3524 praecipua
3603 3464 3657 3508 et

2081 3549 2271 3604 magna
2299 3547 2428 3592 sunt
2474 3539 2701 3594 Domino
2721 3541 2804 3596 vel
2843 3542 3054 3611 angelis
3094 3543 3393 3599 θεῖαι-θυαε.
3431 3547 3657 3617 Accepit

2078 3638 2208 3694 ergo
2258 3627 2341 3682 vel
2392 3627 2556 3699 elegit
2585 3630 2650 3685 de
2676 3645 2842 3702 grege
2879 3634 3110 3690 vitulum
3157 3637 3358 3691 bonum
3389 3646 3444 3692 et
3497 3646 3652 3693 tene—

2079 3734 2222 3785 rum,
2254 3732 2309 3774 et
2357 3723 2583 3778 tradidit
2622 3739 2814 3794 puero.
2865 3727 3026 3795 Puer,
3084 3729 3332 3800 inquit",
3378 3731 3651 3801 festinavit

2077 3813 2250 3882 facere
2269 3830 2406 3868 eum.
2434 3813 2559 3886 Ipse
2583 3819 2777 3885 currit,
2806 3833 2945 3874 uxor
2990 3820 3236 3890 festinat,
3274 3837 3407 3894 puer
3436 3824 3653 3880 accele-

2076 3914 2182 3960 rat.
2221 3905 2409 3962 Nullus
2459 3910 2612 3978 piger
2659 3920 2747 3966 est
2779 3911 2832 3966 in
2885 3914 3047 3970 domo
3087 3916 3371 3986 sapientis.
3405 3919 3648 3988 Apponit

2074 4013 2205 4069 ergo
2253 3999 2506 4061 vitulum.
2539 4013 2596 4056 et
2643 4001 2804 4058 simul
2838 4018 2959 4060 cum
2986 4021 3052 4062 eo
3080 4023 3266 4074 panes,
3291 4018 3346 4063 et
3379 4010 3644 4077 similam,

2074 4089 2169 4143 sed
2197 4098 2251 4143 et
2294 4088 2377 4144 lac
2428 4101 2483 4145 et
2511 4091 2789 4161 butyrum.
2825 4093 2952 4151 Haec
2989 4108 3117 4151 sunt
3159 4098 3391 4156 Abrahm
3415 4111 3472 4155 et
3495 4100 3650 4157 Sane

2073 4179 2458 4248 hospitalitatis
2479 4183 2850 4241 oiiicia.Nunc
2875 4189 3158 4245 videamus
3181 4191 3310 4262 quid
3332 4195 3498 4249 etiam
3521 4193 3642 4249 Lot.

2074 4269 2172 4325 Hic
2206 4288 2381 4341 neque
2423 4275 2658 4332 similam
2689 4279 2872 4348 habet,
2918 4298 3094 4353 neque
3120 4301 3312 4356 panem
3358 4291 3638 4356 mundum,

2292 4327 2308 4341 ι
2364 4327 2373 4329 τ
2423 4327 2658 4332 -κκκήν-ᾑκ-
2689 4327 2872 4348 —-——v-'
2918 4327 3094 4353 --νΊιιυ
3120 4327 3312 4356 VIII-VIII
3359 4327 3638 4356 ΙΙΙυΙΙυυΙ-Ι.

395 4327 499 4382 hoc
530 4332 688 4386 "10th
722 4351 736 4386 τ
776 4333 926 4389 Visus
967 4347 1064 4400 εει.
1098 4339 1270 4409 inquit
1291 4342 1358 4407 ’⁸,
1402 4344 1543 4401 Deus
1587 4350 1651 4402 ab
1695 4352 1959 4408 Abraham
1990 4358 2039 4418 D
2064 4362 2157 4416 sed
2185 4362 2436 4419 farinam.
2463 4365 2650 4438 Neque
2680 4379 2789 4426 tres
2821 4388 3104 4432 mensuras
3126 4378 3320 4434 simila:
3350 4383 3518 4446 novit,
3546 4400 3640 4438 ne-

396 4435 508 4446 xo“...
564 4424 754 4446 --.1-..-ι
806 4428 866 4446 -J
932 4445 939 4446 κ
983 4431 1016 4446 ,ι
1179 4441 1189 4446 -
1236 4433 1248 4446 ι
1467 4437 1497 4446 ι.
1623 4442 1633 4446 -
1763 4445 1769 4446 ,

393 4435 508 4472 cum
559 4424 754 4478 sederet
797 4428 866 4480 ad
917 4431 1107 4484 ostium
1172 4433 1497 4489 tabernaculi
1553 4442 1633 4494 sui
1700 4445 1770 4496 ad
1804 4463 1957 4516 quer-

391 4529 512 4566 cum
566 4515 822 4572 Mambre.
867 4519 932 4574 Et
974 4540 1088 4578 ecce
1159 4530 1257 4580 viri
1299 4542 1401 4582 tres
1484 4534 1758 4589 astiterunt
1805 4556 1962 4608 super

387 4619 545 4665 eum.
612 4615 661 4660 et
722 4612 994 4678 respiciens
1051 4617 1214 4670 oculis
1267 4619 1376 4673 suis
1447 4621 1714 4679 Abraham
1783 4632 1956 4696 vidit,

389 4706 437 4750 et
486 4701 615 4753 exiit
658 4702 713 4755 in
763 4720 1036 4760 occursum
1083 4711 1181 4775 eis,
1251 4721 1357 4766 etc.
1429 4713 1788 4776 Conferamus
1846 4727 1959 4792 pri-

389 4807 519 4855 mo,
566 4793 610 4847 si
666 4795 918 4862 videtur,
977 4799 1116 4857 hanc
1174 4803 1436 4860 visionem
1496 4825 1621 4865 cum
1696 4813 1788 4867 illa
1839 4833 1962 4886 qua:

388 4883 528 4936 facta
563 4895 648 4938 est
675 4887 740 4940 ad
790 4886 907 4943 Lot.
948 4889 1081 4946 Tres
1116 4895 1216 4949 viri
1249 4900 1474 4956 veniunt
1533 4903 1598 4956 ad
1652 4883 1950 4973 Abraham,

385 4982 604 5028 ctstant
630 4992 790 5044 super
812 4995 937 5034 eum
975 5001 990 5048 ;
1030 4985 1094 5039 ad
1127 4986 1228 5042 Lot
1262 4990 1368 5045 duo
1399 4995 1640 5060 veniunt,
1680 5007 1733 5051 ct
1765 5003 1955 5056 sedent

384 5062 436 5117 in
469 5064 665 5133 platea.
699 5067 827 5124 Vide
861 5074 904 5125 si
943 5089 1045 5128 non
1073 5077 1474 5148 dispensatione
1511 5086 1747 5155 Spiritus
1778 5094 1948 5147 sancti

452 5247 498 5331 ξς
531 5246 696 5302 lCor.
731 5253 919 5331 ivlfm.
947 5256 1179 5331 __’_'_Col.
1212 5274 1294 5325 ιιι,
1329 5263 1379 5315 5.
1461 5265 1504 5293 ’³
1540 5264 1555 5316 Ι
1592 5265 1714 5321 Cor.
1747 5284 1818 5331 tv,
1855 5271 1938 5325 10.

377 5312 425 5345 "
452 5315 607 5406 Boni.
635 5337 746 5406 vui,
943 5329 985 5406 :7
1012 5312 1388 5406 Matth._v,,i_(_i._
1425 5335 1510 5406 η²⁸
1960 5344 2004 5406 Ι,

379 5391 614 5452 sums.
692 5393 991 5459 3’ibid.,6.
1073 5398 1116 5428 ³³
1147 5391 1276 5454 ibid.
1348 5401 1581 5470 “ibid,
1617 5406 1666 5459 7.

451 5483 558 5563 (Η)
584 5485 758 5540 Codex
799 5489 981 5563 Sancti
1014 5492 1331 5551 Theoderici
1374 5499 1584 5552 titulum
1641 5501 1830 5563 habet.
1873 5503 1946 5558 De

378 5544 738 5642 Abrahumnet
778 5561 944 5642 tribus
985 5544 1103 5616 viris
1162 5582 1288 5634 quos
1349 5571 1474 5623 vidit
1531 5575 1744 5626 meridie
1786 5544 1942 5642 juxta

374 5637 618 5688 quercum
647 5624 899 5686 Humbre.

2035 5345 2090 5399 2.
2168 5348 2211 5380 ¹⁹
2236 5345 2430 5407 Cenes.
2465 5373 2584 5423 xm,
2613 5357 2666 5414 9.

1744 5409 1788 5439 ³⁵
1811 5411 1969 5476 ibid.,
2003 5413 2056 5468 8.

2062 4469 2168 4524 que
2197 4456 2520 4527 ἐγκρυφίας,
2547 4459 2598 4513 id
2614 4471 2698 4515 est
2727 4465 3076 4523 absconditos
3101 4485 3165 4525 ac
3193 4475 3449 4544 mysticos
3473 4491 3639 4545 panes

2063 4562 2336 4618 apponere
2377 4551 2719 4606 venientibus
2750 4565 2952 4622 potest.

2132 4641 2185 4696 2.
2246 4643 2351 4698 Sed
2405 4661 2802 4716 persequamur
2853 4669 2994 4707 nunc
3053 4653 3273 4711 interim
3339 4659 3469 4728 quid
3525 4660 3639 4730 agit

2061 4733 2334 4788 Abraham
2371 4753 2492 4792 cum
2548 4741 2724 4798 tribus
2785 4746 3072 4814 viris,qui
3129 4748 3422 4805 astiterunt
3473 4766 3638 4822 super

2061 4839 2206 4878 eum.
2241 4825 2353 4880 lioc
2389 4828 2562 4897 ipsum
2613 4833 2734 4888 vide
2772 4835 2935 4904 quale
2977 4837 3072 4902 sit,
3123 4841 3268 4907 quod
3303 4856 3469 4911 super
3508 4858 3633 4898 eum

2065 4919 2308 4984 veniunt,
2344 4937 2452 4975 non
2475 4933 2666 4978 contra
2704 4941 2847 4982 eum.
2882 4928 3201 4999 Subjecerat
3235 4947 3295 4987 se
3315 4935 3512 5004 quippe
3538 4953 3634 4992 vo-

2060 5008 2255 5064 luntati
2292 5011 2407 5077 Dei,
2434 5014 2552 5070 ideo
2573 5032 2740 5087 super
2761 5035 2881 5075 eum
2903 5033 3081 5079 astare
3102 5025 3216 5094 (12)
3238 5025 3438 5082 dicitur
3468 5029 3628 5086 Deus.

2060 5102 2298 5170 Apponit
2349 5121 2482 5176 ergo
2536 5123 2702 5178 panes
2755 5115 2930 5171 tribus
2976 5123 3248 5175 mensuris
3299 5121 3627 5193 similaginis

2054 5275 2098 5367 :3
2122 5275 2328 5367 “Lirim.
2363 5298 2425 5347 ιι,
2464 5285 2550 5338 i2.
2615 5288 2710 5367 A“
2737 5289 2853 5367 Cal:
2888 5294 3054 5360 ".19,
3079 5295 3168 5350 20.
3211 5301 3255 5332 ’⁵
3277 5300 3394 5356 Gal.
3431 5319 3505 5367 vr,
3536 5302 3622 5358 18.

2744 5361 2787 5391 ³⁰
2811 5362 3006 5418 Cenes.
3046 5382 3154 5434 xix,
3189 5370 3274 5424 i5.
3350 5373 3395 5403 ³¹
3425 5361 3624 5430 Genus.

2130 5512 2241 5584 (IS!)
2276 5514 2476 5575 Omnes
2522 5534 2650 5577 mss.
2685 5539 2840 5593 super
2885 5545 3004 5582 eum
3061 5544 3280 5599 astare;
3313 5533 3444 5590 libb.
3489 5538 3619 5595 editi

2056 5599 2205 5651 super
2227 5597 2423 5642 astare.
