4050 6142
306 216 406 274 185

1503 213 1570 268 ΙΝ
1607 212 1908 268 GENESIM
1947 211 2235 268 HOMILIA
2267 211 2356 288 IV.

3459 217 3563 272 186

303 345 639 402 conspersos.
667 331 813 388 Tros
849 333 1002 387 viros
1029 330 1289 402 suscepit,
1316 331 1488 388 tribus
1518 331 1790 387 mensuris
1811 331 1883 384 si-
1912 337 1959 392 Α
1987 331 2122 384 b'ebit
2167 331 2337 399 ﬁlium
2391 331 2529 385 Sara
2574 347 2709 385 uxor
2755 342 2866 386 ttta.
2922 331 3177 386 Audiebat
3209 341 3380 386 autem
3423 332 3564 388 Sara

303 425 564 496 milaginis
606 440 784 495 panes
828 425 1160 495 conspersit.
1197 423 1390 478 Totum
1434 422 1578 492 quod
1610 423 1721 493 agit
1760 437 1882 492 my-

303 520 518 584 sticum,
543 525 716 572 totum
738 517 1107 572 sacramentis
1145 515 1408 585 repletum
1451 524 1554 569 est.
1581 514 1886 583 Apponitur

305 612 523 674 titulus,
552 624 684 665 ecce
720 610 873 664 aliud
923 617 1345 664 sacramentum.
1394 607 1608 662 Vitulus
1637 607 1752 676 ipse
1777 622 1884 660 non

306 715 384 760 est
405 706 602 768 durus,
633 702 729 757 sed
760 706 936 757 bonus
961 711 1017 755 ct
1042 712 1212 756 tener.
1231 701 1300 755 Et
1321 701 1450 770 quid
1479 709 1584 754 tam
1612 709 1882 765 tenerum,

307 798 432 866 quid
453 805 564 850 tam
595 796 820 860 bonum,
860 809 1023 864 quam
1058 801 1143 847 est
1181 791 1290 856 ille,
1321 796 1411 862 qui
1460 789 1774 846 humiliavit
1827 803 1886 844 se

306 904 403 960 pro
437 888 601 941 nobis
631 901 804 955 usque
840 886 907 939 ad
957 893 1208 950 mortem,
1237 891 1292 938 et
1319 883 1557 936 animam
1598 897 1752 937 suam
1783 896 1884 950 po-

308 982 412 1035 suit
461 996 563 1050 pro
604 981 797 1034 amicis
831 978 991 1032 suis?
1025 977 1233 1030 Vituius
1283 975 1372 1030 ille
1412 976 1885 1044 saginatus,quem

308 1087 409 1140 pro
443 1080 672 1140 recepto
693 1070 993 1139 pmnitenle
1019 1067 1129 1121 lilio
1170 1067 1381 1138 jugulat
1413 1075 1590 1134 paler.
1629 1063 1720 1120 Sic
1741 1064 1886 1119 enim

309 1163 451 1217 Deus
476 1163 666 1216 dilexit
694 1162 838 1216 hunc
864 1162 1143 1225 mundum,
1174 1168 1232 1212 ut
1259 1157 1462 1212 Filium
1492 1175 1649 1212 suum
1673 1159 1888 1212 unicum

310 1259 460 1308 daret
489 1271 594 1325 pro
626 1255 789 1322 huius
817 1254 1000 1307 mundi
1027 1253 1138 1305 vita
1176 1251 1243 1302 ³⁸.
1274 1249 1383 1304 Nec
1413 1262 1590 1304 tamen
1635 1249 1766 1303 latet
1797 1264 1884 1303 sa-

310 1351 552 1418 pientem
595 1363 730 1417 quos
763 1346 1088 1415 susceperit.
1118 1344 1316 1398 Tribus
1347 1343 1591 1399 occurrit
1625 1352 1679 1397 et
1720 1357 1888 1395 unum

308 1442 526 1506 adorat,
560 1450 620 1494 et
650 1441 717 1494 ad
740 1454 904 1493 unum
939 1439 1178 1506 loquitur
1218 1437 1405 1489 dicens
1433 1435 1476 1467 ³⁷
1505 1451 1518 1487 :
1553 1432 1773 1488 Declina
1819 1431 1889 1485 ad

308 1549 538 1601 puerum
596 1541 767 1595 tuum,
794 1540 842 1583 et
874 1531 1129 1599 refrigera
1177 1540 1226 1582 te
1256 1530 1350 1582 sub
1385 1527 1592 1579 arbore.
1619 1526 1724 1578 Sed
1749 1539 1889 1591 quo-

311 1622 475 1674 modo
523 1621 678 1674 addit
726 1621 946 1683 iterum,
1022 1620 1176 1688 quasi
1255 1618 1565 1673 hominibus
1626 1615 1892 1686 loquens?

311 1713 651 1774 Accipiatur,
707 1711 904 1780 inquit,
933 1727 1094 1779 aqua,
1139 1722 1186 1764 et
1216 1709 1458 1764 laventur
1503 1706 1659 1778 pedes
1709 1709 1889 1761 vestri.
1926 1691 1969 1746 Β

314 1805 484 1859 Docet
509 1804 734 1874 quidem
769 1812 824 1858 te
853 1819 951 1874 per
975 1805 1087 1859 haec
1133 1804 1409 1859 Abraham
1452 1810 1606 1870 pater
1650 1802 1892 1870 gentium

309 1906 368 1952 et
395 1897 687 1966 magister,
716 1897 989 1965 quomodo
1017 1895 1262 1966 hospites
1285 1895 1565 1963 suscipere
1596 1893 1814 1957 debeas,
1840 1902 1896 1948 et

313 2001 371 2043 ut
398 1990 551 2044 laves
586 1990 858 2059 hospitum
896 1991 1085 2060 pedes,
1123 1998 1302 2044 tamen
1335 1997 1389 2043 et
1419 1989 1524 2045 hoc
1545 1990 1596 2043 in
1629 1989 1893 2060 mysterio

315 2082 540 2136 dicitur.
593 2081 818 2136 Sciebat
866 2081 1011 2135 enim
1068 2080 1348 2135 Dominica
1395 2092 1742 2136 sacramenta
1787 2097 1892 2137 non

319 2176 420 2229 nisi
453 2175 510 2229 in
554 2175 806 2229 lavandis
843 2175 1071 2243 pedibus
1108 2175 1537 2230 consummanda
1555 2175 1622 2228 ³⁸.
1659 2175 1767 2230 Sed
1796 2190 1896 2230 nec

317 2269 464 2321 illius
481 2268 706 2337 quidem
739 2269 991 2336 praecepti
1018 2283 1141 2322 eum
1171 2269 1378 2337 pondus
1421 2267 1640 2334 latebat,
1676 2283 1782 2338 quo
1817 2269 1896 2322 di-

315 2358 465 2410 citur
507 2373 539 2410 a
591 2357 875 2413 Salvatore
899 2361 942 2392 ³³
978 2377 995 2414 :
1037 2358 1101 2414 Si
1145 2362 1236 2429 qui
1285 2377 1388 2414 non
1445 2363 1731 2428 receperint
1776 2379 1893 2424 vos,

317 2450 478 2500 etiam
506 2448 770 2516 pulverem
797 2451 887 2517 qui
916 2451 1137 2503 adha'sit
1181 2451 1398 2519 pedibus
1431 2453 1641 2517 vestris,
1669 2455 1898 2506 excutite

317 2539 373 2592 in
404 2541 767 2594 testimonium
796 2541 924 2596 illis.
968 2541 1130 2596 Amen
1167 2543 1283 2596 dico
1306 2543 1445 2597 vobis
1481 2546 1608 2612 quia
1642 2545 1896 2599 tolerabi-

318 2635 424 2686 lius
451 2633 552 2687 erit
594 2644 752 2686 terra;
797 2633 1151 2687 Sodomorum
1179 2643 1225 2687 et
1271 2633 1733 2690 Gomorrhworum
1784 2634 1896 2708 (15)

320 2727 376 2778 in
409 2726 498 2778 die
538 2724 733 2793 judicii
762 2742 922 2795 quant
976 2725 1057 2780 illi
1083 2727 1301 2781 civitati.
1342 2727 1569 2782 Volebat
1607 2742 1738 2797 ergo
1762 2743 1898 2796 pra:-

323 2820 536 2896 venire,
569 2831 624 2875 et
668 2820 853 2876 lavare
893 2821 1082 2890 pedes,
1114 2836 1181 2876 ne
1211 2822 1340 2889 quid
1369 2819 1509 2875 forte
1537 2821 1779 2891 pulveris
1814 2837 1900 2875 re-

326 2912 552 2976 sideret,
587 2913 730 2981 quod
761 2913 828 2968 ad
873 2914 1238 2968 testimonium
1267 2913 1656 2968 incrudelitatis
1705 2929 1900 2970 excus-

1985 435 2132 478 stans
2159 436 2269 491 post
2314 423 2505 477 ostium
2536 424 2862 478 tabernaculi
2907 425 2991 478 sui
3018 435 3132 495 post
3158 423 3448 478 Abraham.
3469 425 3564 481 Di-

1986 528 2139 570 scant
2162 516 2418 569 mulieres
2443 515 2706 584 exemplis
2731 516 3190 585 patriarcharum,
3208 517 3440 584 discant,
3477 518 3564 572 in-

1986 625 2170 680 quam,
2214 608 2470 662 mulieres
2501 611 2652 678 sequi
2687 609 2834 661 viros
2865 623 3014 663 suos.
3045 607 3232 678 Neque
3273 610 3417 664 enim
3446 611 3567 665 sine

1986 717 2152 758 causa
2181 703 2443 769 scriptum
2471 712 2553 754 est
2579 702 2719 768 quod
2750 701 2888 755 Sara
2929 701 3111 756 stabat
3133 703 3566 771 postAbraham,

1989 797 2083 852 sed
2116 805 2174 849 ut
2209 795 2612 856 ostenderetur,
2644 793 2770 860 quia
2813 793 2897 845 vir
2927 793 2972 846 si
3004 794 3263 861 praecedit
3292 794 3358 847 ad
3386 794 3569 849 Domi-

1991 905 2140 954 num,
2170 887 2321 956 sequi
2363 885 2558 940 mulier
2593 884 2770 938 debet.
2805 882 2958 948 Quod
3011 884 3134 938 dico
3168 887 3320 954 sequi
3367 886 3569 940 debere

1990 980 2294 1048 mulierem,
2331 979 2383 1033 in
2424 992 2489 1032 eo
2533 977 2652 1031 dico
2680 977 2726 1031 si
2769 987 2950 1031 astare
2989 976 3167 1030 virum
3199 992 3355 1030 suum
3389 979 3573 1033 videat

1989 1073 2121 1128 Deo.
2155 1073 2404 1140 Alioquin
2435 1070 2793 1124 ascendamus
2847 1068 2912 1122 ad
2965 1068 3214 1123 altiorem
3265 1068 3570 1139 intelligen-

1994 1167 2080 1221 tia:
2118 1166 2370 1234 gradum,
2398 1173 2452 1218 et
2484 1164 2728 1218 dicamus
2756 1159 2936 1214 virum
2962 1159 3015 1213 in
3065 1161 3220 1215 nobis
3251 1176 3372 1215 esse
3405 1162 3572 1214 ratio-

1993 1259 2229 1312 nabilem
2279 1271 2520 1319 sensum,
2565 1264 2621 1309 et
2656 1254 2961 1317 mulierem,
3005 1267 3125 1320 quae
3169 1252 3220 1306 ei
3269 1253 3422 1306 velut
3453 1253 3570 1307 viro

1993 1353 2194 1406 sociata
2239 1357 2343 1413 est,
2381 1364 2600 1403 carnem
2656 1357 2922 1402 nostram.
2963 1349 3235 1414 Sequuntur
3282 1361 3416 1416 ergo
3443 1361 3574 1400 caro

1993 1458 2208 1512 semper
2231 1441 2608 1497 rationabilem
2641 1454 2882 1504 sensum,
2921 1453 3020 1494 nec
3049 1439 3100 1491 in
3143 1437 3194 1492 id
3221 1451 3460 1506 unquam
3485 1438 3573 1492 de-

1994 1537 2146 1592 sidiae
2178 1537 2448 1599 veniatur,
2489 1544 2547 1588 ut
2601 1534 2752 1588 carni
2788 1534 2840 1587 in
2872 1533 3081 1586 luxuria
3109 1541 3173 1606 et
3207 1531 3576 1600 voluptatibus

1995 1629 2249 1689 ﬂuitanti,
2291 1629 2343 1682 in
2377 1628 2638 1682 ditionem
2673 1627 2931 1681 redactus
2972 1626 3303 1692 obsequatur
3335 1625 3572 1678 rationa-

1995 1721 2119 1777 bilis
2150 1736 2364 1774 sensus.
2391 1718 2584 1774 Stabat
2630 1733 2759 1788 ergo
2803 1716 2934 1770 Sara
2982 1728 3102 1786 post
3146 1715 3571 1770 Abraham.Sed

1995 1826 2052 1870 et
2081 1813 2371 1887 mysticum
2409 1811 2614 1880 aliquid
2641 1819 2851 1874 ,senttre
2887 1810 2937 1862 in
2974 1809 3076 1864 hoc
3098 1824 3386 1878 possumus
3423 1809 3571 1875 loco,

1997 1909 2042 1964 si
2083 1909 2366 1963 videamus
2404 1906 2675 1973 quomodo
2720 1905 2771 1956 in
2808 1903 2997 1957 Exodo
3054 1903 3397 1971 praecedebat
3433 1906 3574 1959 Deus

1999 2002 2052 2054 in
2085 1999 2338 2054 columna
2367 1998 2509 2067 ignis
2539 2011 2633 2065 per
2681 2006 2920 2059 noctem,
2948 2005 3001 2046 et
3037 1993 3091 2046 in
3122 1991 3374 2047 columna
3417 1994 3580 2050 nubis

1999 2113 2095 2166 per
2125 2095 2267 2150 diem
2293 2093 2341 2126 ’⁵⁸
2375 2111 2388 2147 :
2431 2107 2484 2149 et
2519 2107 2792 2164 synagoga
2839 2091 3048 2144 Domini
3095 2090 3428 2160 sequebatur
3458 2097 3581 2156 post

2001 2187 2196 2255 ipsum.
2228 2187 2320 2240 Sic
2364 2201 2494 2255 ergo
2531 2186 2773 2254 intelligo
2808 2191 2860 2238 et
2893 2182 3084 2237 Suram
3145 2192 3389 2237 secutam
3432 2194 3579 2240 esse,

2003 2282 2084 2333 vel
2116 2281 2332 2334 Stetisse
2361 2291 2482 2348 post
2502 2279 2800 2332 Abraham.
2831 2276 2970 2342 Quid
3018 2283 3139 2344 post
3185 2275 3302 2328 haec
3327 2273 3530 2326 dicitur
3557 2269 3584 2323 ἲ

2006 2372 2071 2426 Et
2119 2383 2289 2436 erant,
2346 2372 2522 2440 inquit
2562 2369 2633 2435 ‘5,
2688 2370 2840 2423 ambo
2893 2367 3204 2436 presbyteri,
3242 2365 3298 2418 id
3336 2374 3411 2417 est
3433 2378 3580 2416 senes

2001 2479 2047 2520 et
2075 2466 2304 2532 provecti
2331 2466 2382 2517 in
2425 2464 2605 2516 diebus
2643 2463 2774 2516 suis.
2807 2461 3078 2526 Quantum
3108 2459 3173 2512 ad
3213 2466 3428 2512 aetatem
3457 2470 3582 2510 cor-

2001 2558 2148 2627 poris
2186 2557 2448 2627 pertinet,
2467 2555 2620 2608 multi
2652 2563 2780 2608 ante
2814 2555 2960 2622 ipsos
2983 2551 3454 2605 numerosioribus
3481 2565 3579 2602 an-

2001 2646 2088 2698 nis
2126 2645 2393 2699 duxerant
2424 2645 2618 2705 vitam,
2650 2657 2808 2697 nemo
2848 2651 3028 2696 tamen
3074 2641 3362 2710 presbyter
3393 2639 3581 2708 appel-

2000 2736 2143 2790 latus
2169 2747 2274 2791 est.
2306 2734 2460 2790 Unde
2487 2735 2703 2788 videtur
2735 2748 2928 2789 nomen
2952 2735 3056 2788 hoc
3093 2732 3296 2786 sanctis
3330 2746 3436 2784 non
3465 2729 3586 2784 lon-

2000 2827 2271 2896 gaevitatis
2297 2826 2533 2892 ratione,
2562 2824 2656 2880 sed
2703 2825 3037 2878 maturitatis
3066 2821 3288 2874 ascribi.

2071 2921 2126 2975 5.
2168 2920 2305 2986 Quid
2355 2934 2485 2988 ergo
2535 2926 2658 2987 post
2706 2925 2914 2971 tantum
2960 2929 3025 2968 ac
3085 2913 3191 2968 tale
3245 2912 3580 2975 convivium,

324 3017 447 3056 sum
472 3041 486 3066 ο
532 3015 719 3071 ροεεθι
771 3004 824 3057 in
882 3005 970 3059 die
1011 3005 1198 3074 indic“
1248 3006 1537 3059 reservari.
1598 3005 1897 3075 PI'OPlel'ea
1927 3039 1970 3098 ρ
2002 3015 2145 3086 quod
2171 3013 2443 3066 Abraham
2479 3011 2702 3066 Domino
2733 3019 2786 3064 et
2823 3007 3027 3077 angelis
3057 3007 3155 3060 sub
3186 3005 3384 3059 arbore
3414 3004 3584 3058 visio-

322 3110 462 3166 ergo
487 3095 623 3149 dicit
645 3096 858 3164 sapiens
888 3097 1160 3152 Abraham
1195 3099 1273 3152 “':
1306 3098 1614 3168 Accipiatur
1658 3115 1796 3168 aqua
1849 3107 1900 3153 et

326 3186 571 3241 laventur
588 3189 741 3254 pedes
767 3189 943 3242 uestri.

398 3280 454 3334 5.
485 3280 591 3335 Sed
622 3282 902 3336 videamus
917 3281 1028 3349 jam
1062 3283 1204 3352 quod
1233 3283 1396 3339 etiam
1425 3283 1475 3338 in
1519 3285 1902 3354 consequenti-

328 3376 434 3428 bus
467 3375 684 3429 dicitur.
712 3374 835 3444 Ipse
863 3387 1060 3440 autem,
1091 3375 1332 3446 inquit“,
1379 3377 1648 3431 Abraham
1691 3379 1899 3431 astabat

328 3468 403 3520 eis
427 3466 524 3521 sub
549 3466 755 3520 arbore.
774 3465 854 3520 Ad
879 3466 1248 3533 hujuscemodi
1276 3467 1633 3532 narrationes,
1667 3469 1904 3524 circum-

328 3559 477 3612 cisae
500 3573 663 3612 aures
695 3559 1038 3627 requirimus.
1059 3557 1246 3628 Neque
1279 3559 1427 3613 enim
1464 3575 1728 3614 summam
1755 3560 1903 3616 solli-

333 3651 622 3704 citudinem
650 3650 876 3719 Spiritui
903 3652 1008 3721 '72
1025 3662 1212 3706 sancto
1244 3652 1409 3707 fuisse
1436 3653 1764 3707 credendum
1795 3662 1901 3718 est,

333 3754 386 3798 ut
425 3745 694 3800 scriberet
746 3745 798 3798 in
851 3744 1004 3800 libris
1054 3745 1188 3814 legis
1246 3745 1335 3799 ubi
1387 3756 1559 3801 staret
1602 3746 1899 3800 Abraham.

330 3838 466 3904 Quid
488 3843 637 3891 enim
683 3851 770 3890 me
797 3837 952 3906 juvat
994 3837 1086 3907 qui
1126 3839 1244 3892 veni
1283 3838 1471 3893 audire
1503 3838 1629 3906 quid
1666 3840 1903 3908 Spiritus

331 3939 556 3982 sanctus
609 3929 903 3982 humanum
939 3929 1133 3998 doceat
1182 3946 1372 4000 genus,
1419 3930 1464 3984 si
1503 3932 1728 3986 audiero
1760 3933 1902 4000 quod

327 4021 604 4074 Abraham
655 4021 836 4076 stabat
892 4021 992 4077 sub
1043 4022 1294 4077 arbore?
1334 4023 1429 4078 sed
1477 4023 1759 4077 videamus
1780 4039 1903 4094 quae

328 4117 446 4169 haec
469 4115 542 4169 sit
567 4117 752 4180 arbor,
785 4115 886 4169 sub
911 4129 1014 4184 qua
1055 4117 1238 4170 stabat
1275 4116 1570 4183 Abraham,
1619 4129 1675 4171 et
1713 4118 1901 4171 convi-

329 4209 482 4262 vium
509 4206 744 4262 Domino
775 4217 937 4277 atque
969 4207 1182 4277 angelis
1210 4208 1521 4264 exhibebat.
1551 4209 1662 4264 Sub
1691 4211 1902 4277 arbore,

326 4297 592 4369 inquit",
620 4299 876 4352 Humbre.
906 4298 1148 4354 Mambre
1199 4301 1251 4353 in
1301 4309 1483 4354 nostra
1516 4300 1694 4368 lingua
1730 4301 1901 4353 inter-

2005 3112 2090 3166 nis
2111 3110 2359 3165 exhibuit
2384 3109 2406 3160 ?
2438 3105 2870 3161 Proiiciscuntur
2921 3101 3178 3169 hospites.
3199 3099 3464 3152 Abraham
3485 3114 3555 3151 au

2003 3217 2105 3259 tem
2132 3203 2442 3264 deducebat,
2471 3197 2728 3268 inquit“,
2756 3213 2864 3259 eos,
2890 3193 3188 3248 antbulabat
3207 3208 3327 3244 cum
3344 3192 3442 3244 eis.
3475 3188 3583 3242 Do-

2001 3297 2182 3352 minus
2224 3303 2396 3346 autem
2439 3292 2571 3344 dixit
2605 3303 2624 3341 :
2671 3287 2794 3341 Non
2838 3287 3014 3339 celabo
3051 3284 3317 3337 Abraham
3361 3297 3582 3350 puerum

2005 3403 2176 3440 meum
2204 3385 2329 3455 quid
2360 3400 2452 3452 ego
2482 3383 2698 3451 faciam.
2735 3378 3000 3431 Abraham
3053 3386 3230 3429 autem
3258 3375 3348 3443 fiet
3378 3377 3432 3428 in
3460 3390 3586 3444 gen-

2007 3487 2108 3530 tem
2132 3491 2378 3545 magnam
2400 3483 2450 3527 et
2477 3473 2725 3537 multam,
2753 3481 2800 3524 et
2835 3469 3203 3524 benedicentur
3245 3470 3299 3519 in
3328 3467 3442 3533 ipso
3466 3481 3583 3519 om-

2007 3584 2096 3622 nes
2121 3576 2295 3637 gentes
2314 3575 2487 3619 terrte.
2512 3563 2638 3618 Scio
2670 3562 2809 3616 enim
2833 3561 2959 3630 quia
2989 3559 3256 3628 praecipiet
3288 3557 3417 3622 ﬁliis
3449 3557 3582 3620 suis,

2006 3670 2055 3715 et
2081 3659 2358 3714 servabunt
2400 3658 2510 3710 vias
2540 3655 2771 3714 Domini,
2799 3662 2856 3705 ut
2881 3651 3082 3720 faciant
3116 3649 3389 3717 justitiam
3409 3656 3457 3700 rt
3487 3647 3584 3714 ju-

2007 3754 2225 3815 dicium,
2244 3762 2297 3803 ut
2327 3747 2538 3816 impleat
2567 3746 2823 3799 Dominus
2857 3743 3082 3797 Abraha:
3101 3757 3219 3808 qute
3242 3740 3490 3794 indicavit
3515 3740 3583 3794 ei.

2009 3846 2078 3900 Et
2108 3846 2245 3898 dixit
2269 3860 2288 3897 ξ
2321 3840 2536 3896 Clamor
2561 3838 2913 3894 Sodomorum
2939 3844 2985 3888 et
3015 3832 3476 3888 Gomorrhworum
3502 3845 3586 3882 re-

2007 3937 2176 4008 pletus
2211 3942 2310 4000 est,
2339 3945 2386 3989 et
2413 3942 2626 4004 peccata
2671 3943 2849 3982 eorum
2877 3941 3070 3994 magna
3121 3923 3292 3978 valde.
3327 3921 3586 3976 Descendi

2009 4046 2134 4101 ergo
2159 4037 2217 4082 ut
2241 4027 2470 4082 viderem
2491 4026 2538 4078 si
2570 4018 2858 4075 secundum
2882 4016 3164 4070 clamorem
3187 4031 3366 4070 eorum
3389 4015 3479 4085 qui
3509 4029 3590 4067 ve-

2011 4124 2087 4178 nit
2122 4121 2190 4174 ad
2213 4137 2315 4186 me,
2339 4122 2790 4171 consummentur.
2815 4109 2912 4165 Sin
2946 4119 3211 4174 autem,ut
3248 4107 3432 4163 sciam.
3461 4105 3588 4159 Haec

2013 4215 2312 4281 Scriptura:
2337 4208 2533 4262 divina!
2561 4212 2688 4259 sunt
2726 4202 2908 4256 verba.
2952 4201 3249 4256 Videamus
3281 4212 3414 4266 ergo
3445 4211 3588 4250 nunc

2013 4307 2141 4377 quid
2202 4301 2426 4370 intelligi
2475 4300 2526 4353 in
2565 4298 2650 4351 his
2688 4296 2908 4364 dignum
2953 4293 3046 4348 sit.
3081 4289 3360 4353 Descena'i,
3388 4288 3586 4356 inquit,

326 4401 580 4462 pretatur
628 4393 756 4446 visio
785 4393 898 4446 sive
941 4393 1281 4461 perspicacia.
1321 4391 1481 4446 Vides
1521 4393 1614 4460 qtti
1643 4401 1696 4446 et
1731 4393 1906 4461 qualis
1939 4382 1986 4441 Ι)
2014 4409 2068 4451 ut
2093 4397 2316 4450 videam.
2344 4391 2568 4458 Quando
2622 4389 2688 4442 ad
2715 4387 2992 4442 Abraham
3038 4398 3297 4453 responsa
3326 4381 3586 4434 delerun-

324 4498 413 4541 est
432 4486 608 4550 locus,
632 4487 686 4538 in
709 4499 816 4555 quo
836 4484 1096 4539 Dominus
1123 4493 1300 4553 potest
1329 4486 1528 4539 habere
1551 4485 1857 4538 convivium
1881 4485 1906 4538 ?

332 4577 632 4632 Deiectavit
680 4591 803 4630 eum
848 4576 985 4630 visio
1018 4587 1072 4630 et
1117 4577 1451 4645 perspicacia
1485 4578 1734 4631 Abrahae.
1773 4577 1903 4631 Erat

326 4669 476 4723 enim
505 4667 740 4722 mundus
772 4669 937 4723 corde
976 4679 1035 4724 ut
1063 4680 1248 4740 posset
1283 4669 1469 4724 videre
1506 4669 1694 4723 Deum.
1720 4671 1778 4723 in
1810 4670 1902 4724 tali

331 4763 496 4815 corde
524 4771 696 4830 potest
727 4763 986 4818 Dominus
1017 4776 1141 4816 cum
1169 4761 1377 4830 angelis
1404 4768 1512 4815 suis
1543 4762 1744 4815 habere
1769 4777 1904 4816 con-

331 4857 559 4910 vivium.
589 4857 835 4926 Denique
876 4866 1006 4910 ante
1050 4856 1330 4927 prophetae
1363 4856 1610 4910 videntes
1649 4855 1908 4909 diceban-

334 4960 444 5004 tur.

402 5041 460 5095 4.
501 5040 638 5107 Quid
668 5048 844 5095 autem
869 5041 1002 5096 dicit
1041 5039 1299 5096 Dominus
1345 5039 1411 5093 ad
1453 5039 1772 5093 Abraham?
1807 5037 1910 5092 Ubi

332 5147 430 5202 cst,
484 5135 661 5202 inquit
682 5133 749 5202 ",
796 5133 932 5188 Sara
967 5151 1102 5189 uxor
1143 5143 1236 5188 tua
1263 5134 1376 5187 ?At
1408 5133 1494 5186 ille
1533 5151 1546 5186 :
1592 5131 1758 5196 Ecce,
1795 5132 1896 5198 ait,

334 5227 388 5278 in
421 5227 782 5284 tabernaculo.
827 5227 972 5280 Dixit
1001 5238 1173 5280 autem
1226 5225 1530 5279 Dominus:
1575 5223 1793 5277 Veniens
1815 5241 1906 5278 ve-

338 5318 480 5371 niam
513 5318 572 5372 in
593 5328 821 5387 tempore
853 5319 920 5371 ad
951 5328 999 5371 te
1039 5320 1328 5372 secundum
1369 5330 1567 5386 tempus
1597 5318 1788 5379 hoc,et
1812 5318 1908 5370 ha-

409 5431 456 5460 ³⁸
472 5429 768 5490 Joan.vm,
810 5429 898 5482 16.
973 5429 1234 5486 "Genes.
1268 5429 1496 5493 xvm,‘5,
1532 5428 1590 5482 4.

339 5499 381 5535 δ’
427 5502 557 5556 ibid.
631 5501 675 5532 “
713 5501 914 5556 Genes.
944 5516 1095 5562 xvnt,
1123 5500 1175 5554 1.

340 5570 385 5604 ⁵⁷
426 5572 655 5638 ibid.,2.
723 5571 772 5602 ⁸³
806 5569 944 5625 Mich
1005 5586 1043 5632 I,
1088 5569 1141 5623 ’5.

1670 5428 1716 5458 ³⁸
1733 5427 1888 5480 Joan.
1909 5443 2022 5483 xm.
2095 5428 2137 5459 ³³
2157 5426 2318 5479 Marc.
2353 5440 2426 5487 vr,
2447 5424 2542 5486 1i;
2579 5421 2770 5476 Matth.
2794 5437 2852 5482 x,
2879 5419 2967 5474 15.

1253 5500 1298 5532 ³³
1329 5501 1488 5564 ibid.,
1517 5499 1677 5566 9,10.
1752 5499 1799 5530 ἰι
1823 5497 1991 5554 Exod.
2012 5498 2236 5565 xm,2l.

2015 4499 2122 4555 tur,
2153 4503 2259 4540 non
2293 4485 2494 4539 dicitur
2542 4484 2680 4535 Deus
2711 4479 3066 4540 descendere,
3093 4476 3186 4530 sed
3223 4489 3384 4542 supra
3412 4474 3584 4542 ipsum

2012 4591 2212 4645 astare,
2241 4577 2380 4632 sicut
2401 4591 2561 4644 supra
2587 4573 2954 4641 exposuimus.
2983 4567 3296 4629 Astiterunt,
3321 4565 3495 4633 inquit
3517 4563 3583 4626 ",

2014 4682 2118 4724 tres
2164 4668 2266 4722 viri
2291 4683 2447 4734 super
2483 4681 2622 4718 eum.
2653 4663 2807 4716 Nunc
2855 4668 3034 4711 autem
3077 4659 3203 4726 quia
3239 4666 3585 4726 peccatorum

2012 4776 2175 4817 causa
2212 4761 2425 4827 agitur,
2473 4757 2802 4812 descendere
2855 4757 3056 4810 dicitur
3119 4754 3278 4805 Deus.
3326 4748 3460 4802 Vide
3520 4764 3586 4800 ne

2013 4853 2386 4911 ascensionem
2417 4860 2472 4904 et
2501 4851 2911 4905 descensionem
2949 4845 3174 4901 localem
3201 4844 3423 4898 sentias.
3449 4841 3585 4895 Fre-

2013 4954 2245 5016 quenter
2269 4943 2412 4996 enim
2438 4940 2553 4995 hoc~
2584 4940 2639 4993 in
2671 4922 3098 4993 divinisﬁlitteris
3128 4934 3419 4994 invenitur,
3446 4931 3588 4986 sicut

2018 5037 2073 5092 in
2106 5034 2324 5088 Michzea
2352 5033 2613 5102 pr0pheta
2643 5049 2655 5083 ε
2692 5029 2847 5094 Ecce,
2875 5028 3048 5096 inquit
3074 5026 3140 5094 ⁸⁸,
3175 5024 3430 5078 Dominus
3450 5023 3587 5078 exiet

2015 5130 2079 5183 de
2103 5129 2217 5181 loco
2241 5135 2422 5180 sancto
2446 5142 2565 5189 suo,
2597 5135 2644 5176 et
2667 5123 2965 5186 descendet,
2999 5131 3048 5175 et
3084 5121 3291 5174 incedet
3315 5135 3470 5188 super
3490 5133 3586 5171 ea:-

2017 5223 2155 5277 celsa
2201 5232 2372 5277 terras.
2408 5217 2748 5271 Descendere
2783 5229 2916 5284 ergo
2949 5213 3146 5267 dicitur
3171 5213 3338 5276 Deus,
3369 5208 3588 5279 quando

2016 5331 2203 5370 curam
2255 5315 2508 5367 humana:
2548 5307 2860 5378 fragilitatis
2891 5307 3092 5361 habere
3132 5306 3401 5375 dignatur.
3432 5299 3588 5366 Quod

3048 5419 3093 5453 ⁸ο
3127 5418 3322 5473 Genes.
3347 5431 3504 5478 xvm,
3529 5415 3583 5470 9.

2315 5495 2576 5549 “Genes.
2618 5492 2877 5557 xvm,i1.
2988 5490 3033 5520 ⁸⁸
3060 5491 3214 5556 ibid.,
3256 5490 3397 5542 ilict
3429 5501 3588 5554 seqq.

416 5665 524 5738 (13)
556 5663 622 5720 Et
655 5663 1141 5720 Gomorrhworum.
1163 5662 1286 5719 Haec
1315 5663 1370 5718 in
1391 5669 1546 5717 antea
1579 5661 1740 5716 editis
1767 5661 1966 5716 omissa
1999 5659 2316 5730 supplentur
2347 5673 2376 5713 c
2399 5657 2581 5712 codice
2630 5671 2727 5710 ms.
2769 5652 3253 5722 Sangcrmancnsi.
