4050 6142
485 258 587 315 187

1919 242 2238 301 ORIGENIS

3613 221 3714 280 188

484 375 777 448 specialius
814 377 880 429 de
931 373 1164 428 Domino
1194 385 1256 426 ac
1290 368 1575 425 Salvatore
1604 376 1792 425 nostro
1821 365 2054 421 sentieu-
2084 370 2126 423 Α
2157 361 2322 415 cedite
2350 373 2498 421 ante,
2536 370 2710 448 omnes
2726 349 2964 448 operarii
2986 343 3432 448 iniquitatistlti),
3466 359 3570 448 non
3595 344 3714 448 novi

486 470 614 524 dum
644 476 726 521 est
770 466 836 528 ",
871 465 960 534 qui
993 480 1092 517 non
1122 463 1360 528 rapinam
1399 461 1692 542 arbitratus.
1729 469 1803 513 est
1849 474 1959 513 esse
2000 473 2055 511 se

486 559 738 626 aqualem
779 555 911 621 Deo,
958 557 1046 608 sed
1089 556 1424 621 semetipsum
1463 552 1752 606 exinanivit
1781 591 1796 616 ,
1828 550 2054 620 formant

482 654 620 707 servi
639 649 917 720 accipiens,
942 647 994 700 in
1019 646 1415 700 similitudinem
1434 645 1701 698 hominum
1725 643 1896 712 factus
1919 639 2054 710 (14).

494 741 784 796 Descendit
805 755 957 809 ergo.
988 735 1171 807 Neque
1193 738 1328 790 enim
1360 735 1499 788 alius
1537 734 1768 788 ascendit
1788 735 1842 786 in
1873 732 2054 786 caelum

491 834 598 887 nisi
624 833 716 902 qui
751 831 1018 906 descendit
1051 830 1114 883 de
1143 829 1289 893 caelo,
1308 827 1482 882 Filius
1504 827 1732 880 hominis
1759 826 1850 895 qui
1875 834 1952 879 est
2001 826 2056 878 in

483 925 692 978 aeto“.
723 923 1011 978 Descendit
1042 936 1172 992 ergo
1208 921 1469 974 Dominus
1506 933 1610 973 non
1636 917 1806 973 solum
1842 931 2054 983 curare,

484 1017 583 1070 sed
617 1025 672 1070 et
717 1024 938 1086 portare
977 1030 1099 1085 qua:
1136 1023 1321 1068 nostra
1363 1021 1511 1068 sunt.
1534 1011 1786 1066 Formam
1822 1025 2058 1078 namque

486 1109 633 1162 servi
659 1108 886 1177 accepit,
923 1116 978 1161 et
1003 1122 1122 1161 cum
1157 1106 1270 1174 ipse
1299 1105 1586 1159 invisibilis
1611 1104 1682 1159 sit
1708 1113 1936 1165 naturae,
1968 1111 2056 1155 nt-

490 1207 619 1267 pote
643 1199 866 1269 arqualis
892 1197 1056 1263 Patri,
1093 1197 1335 1251 habitum
1376 1204 1553 1250 tamen
1585 1195 1850 1250 visibilem
1875 1210 2059 1249 susce-

492 1289 593 1359 pit,
629 1301 683 1342 et
744 1301 1001 1359 repertus
1049 1301 1131 1346 est
1179 1291 1366 1344 habitu
1414 1298 1472 1341 ut
1510 1288 1690 1343 homo.
1723 1287 1826 1341 Sed
1851 1295 1906 1340 et
1936 1301 2057 1338 cum

488 1382 788 1446 descendit,
839 1381 966 1436 aliis
1002 1386 1256 1436 deorsum
1292 1388 1398 1444 est,
1429 1379 1552 1433 aliis
1598 1393 1728 1433 vero
1783 1376 2056 1442 ascendit,

490 1483 548 1528 et
575 1489 794 1528 sursum
829 1483 936 1528 est.
963 1473 1097 1526 Nam
1133 1480 1188 1527 et
1227 1471 1417 1526 electis
1443 1470 1698 1538 apostolis
1733 1469 1976 1525 ascendit
2005 1472 2058 1523 in

491 1573 726 1618 montem
773 1564 1150 1629 excelsum,et
1191 1563 1263 1618 ibi
1313 1563 1732 1617 transformatus
1755 1571 1839 1616 est
1874 1576 2058 1617 coram

493 1655 628 1724 ipsis
652 1657 720 1714 ⁸¹.
754 1655 863 1710 lllis
891 1669 1042 1725 ergo,
1079 1671 1218 1726 quos
1268 1658 1334 1711 de
1389 1657 1664 1726 mysteriis
1689 1655 1838 1725 regni
1893 1656 2058 1710 caalo-
2091 1697 2134 1752 Β

494 1760 612 1799 rum
639 1747 817 1808 docet,
852 1763 1065 1802 sursum
1089 1760 1173 1802 est
1201 1765 1217 1814 ;
1260 1749 1436 1803 turbis
1462 1759 1638 1804 autem
1667 1737 1722 1803 ει
1751 1747 2058 1813 Ριιπίεεείε,

489 1836 688 1905 quibus
723 1838 1018 1905 exprobrat
1050 1848 1295 1906 peccata,
1327 1839 1578 1894 deorsum
1625 1847 1729 1901 est,
1761 1846 1815 1892 et
1861 1837 1933 1892 ibi
1979 1845 2064 1892 est

489 1940 615 1981 cum
669 1927 820 1993 ipsis,
894 1927 983 1981 ubi
1045 1930 1224 1983 fenum
1282 1939 1385 1984 est.
1437 1929 1835 1984 Transformari
1881 1938 2061 1983 autem

492 2017 746 2071 deorsum
773 2033 878 2069 non
912 2027 1148 2086 poterat,
1180 2020 1275 2073 sed
1302 2036 1517 2075 sursum
1555 2020 1799 2075 ascendit
1825 2034 1948 2074 cum
1995 2020 2063 2074 iis

490 2105 586 2175 qui
615 2107 766 2174 sequi
791 2121 849 2161 se
872 2116 1143 2176 poterant,
1181 2120 1233 2164 et
1261 2112 1331 2165 ibi
1373 2110 1808 2168 transformatur.

570 2195 625 2250 6.
657 2196 910 2252 Descendi
935 2215 1076 2268 ergo,
1108 2200 1285 2269 inquit
1303 2202 1374 2266 ",
1396 2212 1450 2254 ut
1477 2203 1677 2256 rideam
1709 2204 1751 2256 si
1779 2203 2064 2256 secundum

491 2287 771 2342 clamorem
803 2291 1110 2360 eorum,qui
1132 2293 1269 2345 venit
1303 2293 1370 2346 ad
1394 2292 2064 2356 me,consummentur.Sin

497 2388 696 2443 autem,
720 2391 773 2433 ut
813 2382 996 2435 sciam.
1024 2383 1100 2436 Ex
1136 2384 1238 2438 isto
1277 2397 1528 2439 sermone
1549 2383 1661 2455 (15)
1688 2385 1924 2440 hatretici
1959 2385 2064 2440 im-

497 2484 741 2539 pugnare
765 2473 938 2527 solent
968 2473 1134 2528 Deum
1168 2490 1350 2530 meum
1377 2475 1652 2531 dicentes:
1685 2476 1824 2532 Ecce
1854 2478 2064 2531 nescie-

496 2563 590 2616 bat
635 2562 776 2618 Deus
823 2563 958 2634 legis
987 2567 1115 2636 quid
1145 2579 1402 2637 ageretur
1440 2571 1494 2624 in
1530 2569 1802 2635 Sodomis,
1837 2572 1939 2625 nisi
1969 2573 2064 2626 de-

494 2655 800 2710 scendisset
828 2665 887 2710 ut
917 2656 1143 2725 videret,
1165 2669 1219 2713 et
1244 2662 1476 2716 misisset
1509 2661 1601 2730 qui
1624 2662 1916 2716 discerent.
1959 2662 2063 2718 Sed

496 2760 617 2810 nos,
636 2747 834 2816 quibus
857 2749 1167 2819 praecipitur
1184 2752 1415 2821 praeliari
1445 2753 1628 2820 praelia
1651 2752 1887 2818 Domini,
1905 2770 2067 2809 acua-

496 2851 618 2891 mus
644 2839 902 2893 adversus
925 2854 1020 2896 eos
1067 2843 1401 2914 romphaaam
1448 2845 1599 2899 verbi
1631 2845 1718 2899 Dei
1740 2855 1796 2900 et
1815 2861 2068 2900 occurra-

497 2945 619 2984 mus
639 2930 720 2984 eis
745 2930 810 2984 ad
841 2946 1096 3000 pugnam.
1123 2930 1341 2987 Stemus
1367 2935 1418 2987 in
1441 2934 1557 2989 acie
1573 2936 1832 2992 succincti
1858 2937 2066 2994 lumbos

2159 470 2270 509 vos.
2293 453 2358 506 Et
2384 452 2577 504 iterum
2611 446 2808 501 Paulus
2836 444 2967 498 dicit
2993 442 3036 474 ⁸⁵
3073 456 3087 493 :
3121 439 3178 493 Si
3205 439 3321 508 quis
3356 439 3408 489 in
3445 436 3587 489 vobis
3631 442 3712 489 est

2156 544 2411 614 propheta
2465 540 2542 594 vel
2595 536 2876 608 spiritalis,
2926 542 3172 605 agnoscat
3213 546 3328 602 quae
3359 529 3551 592 scribo,
3589 528 3715 596 quia

2163 635 2369 688 Domini
2395 641 2540 688 sunt.
2573 632 2676 698 Qui
2721 639 2898 682 autem
2949 628 3172 696 ignorat,
3223 622 3550 693 ignorabitur
3580 618 3716 693 (l7).

2160 723 2283 778 llaec
2303 727 2484 776 autem
2516 721 2889 780 dicimus,non
2925 715 3295 784 blasphemum
3324 712 3550 781 aliquid,
3579 711 3718 766 sicut

2159 829 2258 868 vos
2287 813 2492 876 facitis,
2526 812 2592 865 de
2622 808 2733 863 Deo
2769 805 3090 870 sentientes,
3140 816 3316 871 neque
3363 798 3718 870 ignorantiam

2160 904 2496 958 ascribentes
2517 901 2589 962 ei,
2622 902 2716 956 sed
2747 901 2817 953 ita
2849 896 3222 964 intelligimus,
3244 894 3388 964 quod
3417 893 3718 962 hiquorum

2159 1006 2314 1050 actus
2349 993 2462 1047 Deo
2489 1002 2572 1046 est
2597 989 2869 1058 indignus,
2917 987 3117 1057 indigni
3179 987 3343 1053 etiam
3374 983 3566 1040 notitia
3622 981 3719 1037 Dei

2161 1085 2434 1140 dicantur.
2471 1082 2589 1136 Non
2619 1084 2763 1137 enim
2791 1081 3044 1151 dignatur
3083 1079 3222 1132 Deus
3252 1092 3411 1132 nosse
3458 1091 3582 1130 eum
3625 1074 3718 1141 qui

2159 1192 2386 1233 aversos
2419 1185 2507 1230 est
2558 1175 2627 1229 ab
2668 1188 2766 1239 eo,
2801 1182 2855 1225 et
2885 1174 3097 1241 ignorat
3133 1186 3279 1225 eum.
3327 1169 3395 1222 Et
3437 1168 3558 1222 ideo
3591 1168 3723 1223 dicit

2162 1267 2456 1337 Aposxolus
2491 1267 2748 1336 quoniam
2798 1265 2888 1334 qui
2918 1265 3146 1332 ignorat,
3200 1262 3554 1331 ignorabitur.
3603 1259 3722 1316 Tali

2161 1375 2294 1428 ergo
2318 1358 2518 1428 specie,
2550 1366 2607 1413 et
2636 1371 2776 1412 nunc
2805 1358 2871 1410 de
2895 1355 2981 1411 his
3007 1356 3098 1424 qui
3117 1355 3362 1410 habitant
3390 1353 3442 1407 in
3471 1352 3724 1408 Sodomis

2159 1453 2397 1515 dicitur,
2457 1461 2551 1514 ut,
2605 1448 2875 1518 siquidem
2935 1446 3230 1503 secundum
3286 1445 3578 1501 clamorem
3629 1447 3721 1516 qui

2162 1543 2405 1598 ascendit
2432 1543 2499 1595 ad
2541 1539 2848 1604 Dominum,
2904 1549 3059 1594 actus
3104 1551 3292 1593 eorum
3337 1551 3720 1591 consummen-

2165 1644 2254 1688 tur
2281 1633 2415 1706 (18).
2454 1633 2673 1688 notione
2715 1630 2830 1698 eius
2869 1629 3178 1699 judicentur
3218 1627 3458 1698 indigni;
3502 1627 3548 1682 si
3593 1643 3725 1682 vero

2164 1734 2248 1781 est
2283 1727 2388 1780 illis
2433 1724 2612 1794 aliqua
2641 1722 2948 1786 conversio,
2983 1720 3030 1775 si
3063 1719 3148 1774 vel
3182 1721 3371 1774 decem
3409 1721 3462 1774 in
3492 1720 3596 1775 illis
3634 1722 3716 1774 in-

2162 1817 2310 1873 venti
2354 1816 2556 1871 fuerint
2596 1816 2768 1886 justi,
2805 1815 2881 1868 ita
2919 1813 3136 1867 demum
3183 1813 3391 1867 noverit
3433 1827 3527 1868 eos
3559 1813 3720 1868 Deus.

2163 1908 2229 1962 Et
2260 1908 2380 1962 ideo
2411 1907 2548 1961 dixit
2585 1923 2598 1958 :
2633 1906 2731 1961 Sin
2762 1913 2959 1968 autem,
3009 1912 3063 1956 ut
3094 1902 3278 1958 sciam.
3313 1901 3429 1957 Non
3470 1904 3627 1971 dixit,
3665 1915 3724 1958 ut

2163 1999 2332 2054 sciam
2355 1999 2481 2067 quid
2515 2005 2698 2066 agunt,
2719 1997 2812 2049 sed
2833 2006 2892 2048 ut
2913 1997 3055 2063 ipsos
3072 1994 3335 2062 sciam,et
3352 1995 3574 2050 scientia
3602 2014 3724 2051 mea

2164 2092 2350 2160 dignos
2371 2091 2582 2154 faciam,
2605 2090 2648 2143 si
2667 2103 2802 2158 quos
2817 2090 2866 2142 in
2883 2088 3014 2156 ipsis
3036 2088 3301 2144 inveniam
3315 2088 3511 2159 justos,
3525 2092 3567 2145 si
3586 2107 3725 2162 quos

2163 2184 2438 2238 inveniam
2485 2183 2832 2252 pteniteutes,
2875 2183 2918 2237 si
2967 2199 3106 2253 quos
3152 2182 3285 2237 tales
3327 2199 3461 2251 quos
3499 2184 3721 2237 debeam

2163 2278 2326 2334 scire.
2390 2276 2636 2346 Denique
2663 2278 2788 2345 quia
2825 2275 3004 2330 nullus
3058 2275 3149 2343 qui
3204 2276 3511 2344 paeniteret,
3548 2276 3725 2330 nullus

2163 2368 2254 2436 qui
2287 2374 2702 2421 converteretur
2738 2366 2875 2420 alius
2914 2366 3170 2420 inventus
3212 2374 3323 2428 est,
3359 2377 3550 2434 praeter
3602 2366 3719 2428 Lot.

2164 2459 2279 2526 ipse
2325 2457 2471 2513 solus
2501 2459 2815 2528 agnoscitur
2849 2454 2989 2528 (l9),
3029 2459 3142 2526 ipse
3187 2455 3332 2511 solus
3376 2457 3445 2512 de
3477 2458 3726 2512 incendio

2165 2551 2446 2607 liberatur.
2479 2551 2588 2607 Nec
2607 2555 2792 2622 generi
2818 2559 3121 2620 sequuntur
3147 2549 3428 2618 admoniti,
3460 2568 3561 2605 nec
3590 2553 3720 2606 vici-

2166 2644 2244 2708 ni,
2287 2657 2383 2698 uec
2415 2645 2668 2714 proximi,
2695 2642 2870 2697 nullus
2917 2656 3254 2712 cognoscere
3286 2643 3453 2698 voluit
3485 2645 3724 2700 clemen-

2167 2738 2292 2791 tiam
2340 2736 2455 2801 Dei,
2491 2736 2670 2790 nullus
2709 2736 2775 2789 ad
2808 2735 3383 2804 misericordiamejus
3411 2737 3723 2808 confugere.

2165 2828 2370 2882 Idcirco
2405 2840 2459 2882 et
2495 2828 2674 2884 nullus
2703 2828 3036 2896 agnoscitur.
3067 2827 3190 2882 Haec
3221 2829 3443 2898 quidem
3469 2829 3728 2887 adversus

2166 2936 2280 2986 eos,
2339 2921 2428 2990 qui
2494 2921 2836 2990 iniquitatem
2892 2919 2947 2974 in
3010 2919 3295 2975 Excelsum
3341 2921 3632 2990 loquuntur
3657 2924 3724 2978 ⁵⁵.

498 3020 554 3073 in
593 3021 842 3085 veritate,
860 3021 1019 3075 simul
1044 3029 1098 3076 et
1121 3036 1333 3078 scutum
1367 3025 1491 3079 ﬁdei
1519 3027 1890 3094 praeferentes,
1919 3032 2064 3084 exci-

2168 3011 2275 3066 Nos
2311 3026 2442 3066 vero
2475 3027 2698 3080 operam
2741 3012 2931 3067 den'ms
2966 3011 3100 3066 tales
3127 3011 3265 3066 eﬂici
3297 3023 3448 3068 actus
3477 3025 3726 3080 nostros,

496 3111 712 3179 piamus
729 3125 915 3166 eorum
947 3123 1212 3168 venenata
1235 3116 1659 3186 disputationum
1688 3120 1896 3190 jacula,
1925 3133 1980 3176 et
2008 3122 2060 3176 in

497 3202 644 3269 ipsos
678 3217 743 3257 ea
790 3219 1001 3259 rursum
1063 3206 1256 3262 librata
1309 3210 1624 3280 diligentius
1675 3223 2059 3283 torqueamus.

499 3294 606 3364 73
641 3294 790 3348 Talia
822 3311 1052 3365 namque
1108 3307 1234 3352 sunt
1266 3302 1451 3369 praelia
1487 3301 1719 3368 Domini,
1755 3321 1880 3374 quae
1918 3322 2061 3375 prae-

501 3385 665 3440 liatus
695 3396 776 3441 est
818 3386 1007 3452 David,
1039 3400 1092 3443 et
1121 3392 1302 3445 caeteri
1329 3393 1670 3460 patriarchae.
1734 3397 1952 3453 Stemus
1978 3401 2066 3454 ad-

501 3490 694 3531 versus
717 3492 810 3532 eos
842 3493 939 3546 pro
993 3479 1258 3536 fratribus
1309 3483 1533 3538 nostris.
1563 3484 1750 3543 Melius
1792 3501 1875 3542 est
1917 3491 2061 3544 enim

503 3568 642 3621 mori
670 3583 777 3635 me,
812 3584 972 3638 quam
1002 3582 1060 3624 ut
1092 3572 1306 3641 rapiant
1331 3584 1386 3630 et
1428 3577 1735 3644 prmdentor
1764 3580 1972 3648 aliquos
1998 3599 2064 3636 ex

507 3657 766 3714 fratribus
798 3663 956 3726 meis,
988 3675 1044 3717 et
1071 3665 1277 3732 argutis
1309 3670 1592 3723 verborum
1635 3673 2067 3740 surreptionibns

503 3750 748 3817 captivos
770 3751 970 3807 ducant
997 3756 1250 3824 parvulos
1269 3766 1321 3812 et
1335 3758 1599 3817 lactentes
1613 3766 1665 3817 in
1681 3761 1918 3819 Christo.
1934 3764 2065 3820 Cum

506 3839 763 3908 perfectis
787 3851 966 3898 autem
996 3862 1097 3900 nec
1119 3847 1369 3904 conferre
1397 3862 1654 3920 poterunt
1688 3870 1926 3922 manum,
1971 3872 2071 3911 nec

507 3932 697 3987 venire
731 3933 783 3987 in
811 3944 1084 3991 certamen
1126 3941 1421 3996 audebunt.
1473 3942 1584 4000 Nos
1621 3960 1754 4014 ergo
1781 3948 1929 4016 prius
1966 3949 2070 4005 Do-

505 4024 712 4077 minum
737 4025 1092 4094 deprecantes
1125 4039 1179 4084 et
1228 4032 1427 4086 vestris
1479 4035 1823 4091 orationibus
1859 4037 2024 4104 adiuti
2051 4079 2067 4106 ,

503 4119 892 4188 aggrediamur
935 4133 1126 4176 contra
1179 4138 1272 4180 eos
1327 4127 1571 4196 praelium
1611 4130 1785 4183 verbi.
1828 4131 2069 4188 Dicimus

503 4223 642 4280 ergo
665 4227 788 4266 cum
818 4213 1196 4283 liducia,quod
1262 4221 1560 4274 secundum
1589 4220 1922 4292 Scripturas,
1963 4240 2066 4280 non

503 4315 694 4356 omnes
714 4304 854 4358 sciat
886 4304 1046 4360 Deus.
1085 4305 1376 4362 Peccatum
1407 4313 1582 4366 nescit
1607 4314 1767 4381 Deus,
1791 4325 1846 4370 et
1873 4331 2068 4386 pecca-

2173 3106 2331 3160 talem
2363 3104 2836 3160 conversationem
2867 3113 3131 3170 nostram,
3169 3115 3227 3159 ut
3254 3106 3398 3178 digni
3435 3106 3732 3162 habeamur

2171 3197 2366 3252 notitia
2406 3198 2521 3264 Dei,
2559 3205 2616 3250 ut
2644 3211 2743 3250 nos
2773 3196 2914 3252 scire
2947 3195 3230 3265 dignetur,
3261 3207 3321 3252 ut
3353 3199 3497 3269 digni
3529 3200 3729 3254 habea-

2171 3307 2292 3344 mur
2323 3291 2512 3345 notitia
2535 3289 2657 3344 Filii
2688 3290 2806 3360 ejus
2838 3288 2964 3345 .lesu
3000 3290 3229 3356 Christi,
3271 3293 3461 3346 n0titia
3495 3291 3731 3361 Spiritus

2172 3383 2344 3436 sancti
2371 3420 2386 3444 ,
2419 3391 2475 3435 ut
2507 3381 2674 3450 agniti
2709 3399 2735 3433 a
2761 3379 3057 3447 Trinitate,
3106 3392 3159 3438 et
3187 3397 3284 3436 nos
3330 3396 3727 3437 sacramentum

2171 3470 2451 3526 Trinitatis
2493 3471 2673 3541 plene,
2716 3482 2770 3527 et
2803 3475 3033 3544 integre,
3072 3483 3125 3528 et
3158 3472 3397 3541 perfecte
3427 3490 3732 3530 mereamur

2170 3581 2486 3632 agnoscere,
2542 3565 2814 3620 revelante
2874 3568 3032 3622 nobis
3085 3567 3315 3622 Domino
3376 3577 3561 3621 nostro
3603 3567 3729 3622 Jesu

2170 3658 2408 3725 Christo,
2447 3659 2534 3711 cui
2564 3665 2647 3712 est
2676 3659 2846 3728 gloria
2873 3669 2930 3714 et
2959 3660 3245 3730 imperium
3277 3661 3328 3714 in
3385 3659 3580 3714 smcula
3633 3675 3733 3714 sa:-

2170 3749 2431 3805 culorum.
2463 3749 2658 3806 Amen.

2759 3843 3039 3900 HOMILIA
3075 3845 3139 3900 γ.

2535 3934 2609 3989 De
2637 3934 2732 3990 Lat
2763 3947 2810 3990 et
2831 3937 3044 4012 ﬁliabug
3067 3936 3180 4004 eius
3205 3935 3341 4008 (20).
3663 4003 3666 4006 g

2240 4027 2291 4080 l.
2323 4025 2469 4082 Missi
2503 4026 2679 4093 angeli
2719 4027 2786 4081 ad
2820 4027 3225 4083 subversionem
3282 4027 3638 4082 Sodomorum
3665 4027 3731 4090 ",

2170 4132 2290 4172 cum
2311 4118 2612 4188 injunctum
2630 4127 2892 4190 cuperent
2917 4127 3192 4174 maturare
3219 4119 3516 4188 negotium,
3546 4135 3730 4174 curam

2172 4213 2324 4281 prius
2360 4222 2555 4282 gerunt
2591 4212 2824 4282 hospitis
2874 4212 2998 4278 Lol.
3047 4221 3107 4266 ut
3158 4226 3280 4266 eum
3321 4213 3387 4266 de
3429 4212 3734 4265 imminenti

2172 4304 2316 4374 ignis
2365 4306 2596 4370 excidio,
2629 4307 3085 4374 contemplatione
3113 4305 3494 4376 hospitalitatis
3531 4305 3736 4360 exime-

507 4401 655 4447 torcs
679 4396 850 4449 nescit
887 4395 1046 4459 Deus,
1080 4398 1286 4454 alienos
1314 4415 1342 4454 a
1371 4414 1428 4455 se
1455 4401 1686 4470 ignorat.
1714 4375 2070 4461 A'udi'dicen-
2106 4375 2149 4430 Β
2175 4411 2322 4454 rem.
2352 4401 2552 4455 Audile
2587 4403 2724 4462 haee.
2752 4401 2844 4468 qui
2877 4400 3179 4470 peregrinis
3213 4375 3463 4453 Claudilis
3503 4398 3733 4461 domos;

510 4495 616 4537 tem
642 4483 976 4554 Scripturam
1002 4488 1050 4519 ⁸³
1073 4504 1088 4540 :
1118 4487 1370 4558 Cognovit
1391 4491 1646 4549 Dominus
1672 4498 1761 4565 qui
1791 4507 1911 4550 sunt
1932 4499 2066 4563 eius,

504 4585 552 4627 et
603 4576 837 4629 discedat
882 4580 946 4630 ab
989 4580 1264 4650 iniquitate
1313 4585 1478 4637 omnis
1512 4586 1602 4654 qui
1648 4586 1854 4641 invocat
1884 4605 2070 4643 nomen

507 4663 743 4719 Domini.
771 4666 911 4722 Suos
950 4673 1228 4740 cognoscit
1261 4672 1541 4741 Dominus,
1566 4675 1780 4747 iniquos
1813 4689 1993 4734 autem
2015 4690 2072 4734 et

507 4752 706 4824 impios
737 4761 932 4815 nescit.
969 4762 1107 4816 Audi
1139 4761 1477 4819 Salvatorem
1526 4766 1797 4822 dicentem
1821 4768 1868 4801 ”
1905 4789 1918 4824 :
1953 4771 2070 4825 Dis-

580 4897 625 4930 “
661 4899 800 4955 Phil.
824 4918 880 4961 ιι,
915 4903 968 4955 7.
1046 4904 1091 4936 ⁵ο
1132 4903 1288 4959 Joan.
1321 4921 1416 4969 ιιι,
1460 4907 1546 4961 13.
1620 4909 1664 4940 ⁸¹
1701 4908 1863 4968 Marc.
1915 4927 1990 4968 Ix.
2024 4915 2068 4967 Ι.

504 4965 597 5024 25.
698 4970 743 5001 ³⁵
766 4972 782 5023 l
809 4971 932 5026 Cor.
966 4989 1076 5038 xlv,
1105 4975 1193 5028 57.
1271 4977 1318 5006 ⁵⁵
1345 4965 1486 5032 Psal.
1528 4994 1697 5045 Lxxtt,
1729 4979 1783 5037 8.

506 5155 772 5236 derantor
803 5161 854 5236 i_n
887 5161 1017 5215 libb.
1044 5173 1204 5236 antea
1225 5165 1416 5230 editis,
1445 5167 1537 5219 sed
1568 5155 1901 5236 supplentur
1925 5186 1957 5225 e
1979 5172 2077 5225 tri-

511 5229 607 5281 bus
637 5244 765 5283 mss.
803 5229 1232 5287 Turonensibus.

585 5296 695 5367 (15)
737 5296 821 5351 Ea:
853 5301 952 5354 isto
991 5319 1246 5356 sermone.
1284 5301 1373 5358 Sic
1425 5305 1623 5360 habent
1663 5316 1772 5363 tres
1803 5323 1936 5365 mss.
1965 5309 2074 5364 Tu-

513 5379 794 5437 rOneuses,
823 5369 950 5424 libb.
985 5387 1114 5425 vero
1145 5373 1296 5437 editi,
1327 5390 1390 5427 ea:
1414 5375 1514 5427 isto
1539 5393 1639 5430 uno
1675 5394 1933 5433 sermone.

730 5437 932 5517 Omnes
963 5443 1118 5517 codd.
1139 5434 1308 5517 _m_ss.',
1335 5446 1562 5510 operarii
1587 5447 1899 5517 iniquitatis.
1916 5448 2070 5505 Libb.

514 5504 786 5580 editisqui
812 5512 1099 5575 operamini
1132 5504 1481 5580 iniquitatem.

565 5574 702 5655 __(l7)
730 5574 930 5655 0_m_nes
963 5595 1117 5655 mss.,
1144 5574 1234 5650 qui
1261 5593 1436 5636 autem
1460 5582 1688 5653 ignorat,
1724 5588 2068 5655 ignorabitur.

515 5643 857 5714 Lithediti,
888 5651 976 5720 qui
1015 5643 1188 5711 autem
1229 5655 1454 5724 ignorat,
1478 5643 1770 5723 ignoratur:

2148 4915 2192 4947 ⁵⁸
2227 4911 2420 4968 Gencs.
2448 4925 2600 4977 xvut,
2633 4908 2694 4962 2|
2709 4947 2723 4962 .

1878 4983 1920 5013 ⁵⁷
1954 4983 2153 5040 Genes.
2184 4999 2298 5038 xtx.

581 5087 696 5156 (14)
737 5089 812 5164 In
845 5091 1242 5164 simititudinem
1269 5093 1536 5148 hominum
1568 5095 1760 5164 factus.
1787 5098 1911 5153 Haec
1941 5100 2079 5155 desi-

2169 4490 2354 4543 audite
2387 4491 2526 4556 hinc,
2561 4492 2652 4560 qui
2688 4491 2953 4560 hospitem
2981 4490 3128 4544 velut
3157 4490 3363 4545 hostem
3405 4490 3604 4542 vitatis.
3635 4485 3738 4540 Lot

2171 4581 2225 4635 iu
2261 4580 2511 4636 Sodomis
2543 4582 2841 4638 habitabat.
2882 4581 2999 4634 Alia
3036 4580 3151 4649 ejus
3184 4581 3321 4635 bene
3344 4590 3490 4650 gesta
3523 4594 3627 4631 non
3663 4577 3734 4630 le-

2172 4673 2368 4742 gimus.
2404 4671 2762 4741 llospitalitas
2808 4673 2860 4724 in
2895 4687 2959 4727 eo
2999 4673 3112 4726 sola
3146 4687 3213 4726 ex
3238 4687 3336 4725 usu
3367 4672 3590 4725 veniens
3620 4681 3736 4721 me-

2171 4767 2668 4821 moratur:evadit
2724 4767 2896 4836 ignes,
2952 4767 3133 4822 evadit
3180 4765 3463 4828 incendia,
3518 4762 3587 4816 ob
3638 4763 3738 4814 hoc

2799 4908 2846 4940 ⁵³
2870 4907 2907 4962 ll
2931 4908 3070 4963 Tim.
3096 4923 3156 4975 il,
3181 4907 3266 4962 l9.
3349 4907 3396 4938 “
3419 4905 3607 4960 Matth.
3640 4919 3735 4971 vn,

2245 5099 2358 5172 (18)
2398 5097 2600 5172 Omnes
2653 5111 2822 5172 mss.,
2868 5106 3239 5172 actus_eo_rum
3292 5105 3734 5149 consummentur.

2171 5166 2503 5224 Libbfediti
2533 5208 2548 5232 ,
2619 5169 2748 5221 actis
2797 5184 2978 5220 eorum
3027 5166 3232 5234 indigni
3286 5174 3734 5219 consummentur.

2177 5239 2343 5294 Paulo
2385 5248 2505 5308 post
2543 5239 2698 5292 iidem
2726 5237 2853 5291 libb.
2883 5238 3033 5301 editi,
3059 5238 3141 5290 sin
3163 5248 3334 5308 autem
3353 5246 3407 5288 ut
3431 5238 3590 5288 sciam
3611 5236 3737 5304 quid

2178 5320 2362 5377 agunt,
2385 5306 2449 5362 id
2493 5319 2566 5361 est
2612 5317 2667 5360 ut
2697 5308 2858 5360 sciam
2877 5309 3051 5378 ipsos;
3087 5306 3180 5360 sed
3215 5322 3346 5361 mss.
3381 5315 3438 5359 ut
3467 5308 3519 5360 in
3555 5315 3739 5360 nostro

2176 5388 2345 5432 texui.

2257 5448 2368 5518 (l9)
2409 5446 2531 5516 Ipse
2558 5447 2720 5518 solus?
2746 5447 3068 5517 agnoscitur.
3100 5445 3224 5501 Haec
3271 5448 3466 5501 desunt
3513 5446 3566 5498 in
3605 5444 3737 5500 libb.

2185 5517 2355 5571 antea
2375 5518 2558 5581 editis,
2587 5519 2679 5586 sed
2713 5517 2964 5586 leguntur
2998 5518 3048 5569 in
3073 5519 3324 5570 omnibus
3360 5532 3488 5572 mss.

2252 5588 2364 5658 (20)
2395 5587 2449 5639 In
2483 5585 2682 5658 codice
2696 5585 2794 5640 ms.
2823 5586 3011 5640 Sancti
3049 5586 3367 5658 Theudorici
3406 5585 3590 5641 titulus
3611 5591 3735 5642 est:

2182 5656 2268 5713 De
2286 5658 2612 5712 subversione
2645 5656 2991 5710 Sodomorum
3017 5668 3064 5711 et
3086 5659 3148 5710 de
3170 5656 3286 5712 Lot.
