4050 6142
534 226 634 280 191

2006 224 2345 295 ORIGENIS

3687 227 3798 283 I92

536 341 813 412 Scriptum
849 344 1074 415 indicat)
1094 347 1268 417 magis
1288 347 1351 401 ad
1384 348 1639 403 honorem
1669 348 1924 410 Abrahae,
1946 362 2109 417 quam
2140 353 2187 408 Α
2215 343 2533 414 concipiunt
2565 341 2633 396 ab
2665 343 2971 413 ignorante.
3003 341 3360 395 (.oncubitnm
3397 341 3532 397 ultra
3561 358 3670 397 non
3701 358 3795 400 re-

533 435 602 488 ad
640 434 890 488 meritum
934 436 1169 504 pertinet
1201 436 1320 492 Lot.
1355 437 1449 492 Sic
1479 436 1625 491 enim
1656 438 1733 491 ait
1756 438 1801 469 “
1835 456 1851 494 :
1889 436 1959 492 Et
2019 438 2102 506 [a-

532 537 675 578 etum
717 536 816 583 est.
865 525 1064 595 inquit,
1111 544 1231 582 cum
1282 530 1655 585 exterminaret
1702 532 1840 593 Deus
1869 532 2104 586 civitates

529 612 906 678 Sodomorum,
926 619 1236 674 recordatus
1256 630 1331 675 est
1350 620 1606 675 Dominus
1623 621 1868 688 Abrabaz,
1891 631 1937 676 et
1952 623 2102 693 eiecit

531 704 627 764 tot
645 708 708 761 de
729 716 876 761 terra
912 710 1031 766 illa.

598 797 654 852 4.
693 798 800 852 Sed
835 809 892 852 et
922 799 1155 854 ﬁliarum
1189 802 1305 872 ejus
1332 804 1672 873 pr0positum
1705 812 1835 872 puto
1870 804 2101 875 diligen-

532 888 641 944 tius
689 891 1172 956 considerandum,
1205 909 1273 948 ne
1299 893 1440 951 forte
1467 895 1637 951 etiam
1676 896 1808 964 ipsa:
1849 912 1955 950 non
1988 906 2102 951 tan—

534 990 650 1036 tum
680 991 942 1051 quantum
973 994 1195 1053 putatur
1221 986 1472 1054 accipere
1495 988 1742 1042 criminis
1766 996 2099 1044 mereantur.

522 1071 723 1128 Refert
746 1075 891 1130 enim
929 1074 1209 1146 Scriptura
1256 1080 1386 1149 quia
1414 1080 1670 1136 dixerunt
1700 1081 1930 1136 invicem
1968 1081 2097 1135 sibi:

531 1166 717 1229 Pater,
748 1166 1000 1236 inquiunt
1023 1170 1090 1234 “,
1121 1178 1299 1224 noster
1319 1188 1477 1227 senex
1496 1182 1595 1239 est,
1616 1182 1665 1226 et
1683 1182 1832 1227 nemo
1850 1184 1924 1227 est
1947 1190 2104 1242 super

526 1267 724 1309 terram
748 1258 837 1327 qui
862 1258 1020 1313 intret
1057 1259 1125 1312 ad
1164 1276 1277 1324 nos,
1301 1260 1437 1314 sicut
1467 1263 1702 1316 convenit
1735 1263 1878 1317 omni
1926 1271 2102 1318 terra.

537 1346 686 1414 Veni,
716 1361 765 1403 et
787 1359 1023 1418 paternus
1044 1360 1247 1417 patrem
1266 1362 1504 1406 nostrum
1530 1354 1669 1419 vino,
1699 1362 1747 1407 et
1772 1352 2102 1409 dormiamus

526 1458 645 1494 cum
673 1457 756 1508 eo,
799 1453 845 1496 et
870 1445 1185 1498 suscitemus
1229 1445 1294 1500 de
1321 1455 1472 1514 patre
1495 1456 1673 1501 nostro
1699 1463 1896 1503 semen.
1919 1448 2102 1515 Quan-

532 1543 646 1587 tum
698 1534 765 1587 ad
812 1547 877 1587 ea
928 1550 1050 1604 qum
1088 1535 1156 1589 de
1219 1536 1305 1590 his
1355 1536 1488 1591 dicit
1540 1536 1845 1608 Scriptura.
1893 1539 2104 1594 videtur

524 1623 688 1679 etiam
735 1623 847 1695 (23)
880 1640 979 1695 pro
1008 1626 1143 1694 ipsis
1187 1627 1586 1696 quodammodo
1613 1628 1949 1685 satisfacere.
1994 1634 2104 1700 Ap-

531 1726 687 1786 paret
723 1732 967 1786 namque
994 1718 1135 1773 ﬁlias
1181 1718 1282 1774 L0t
1307 1720 1562 1777 didicisse
1585 1723 1833 1791 quzedam
1870 1723 1938 1776 de
1968 1736 2103 1776 con-

512 1810 884 1863 summatione
911 1810 1126 1875 mundi,
1157 1826 1280 1880 qua:
1306 1812 1621 1869 immineret
1648 1828 1744 1882 per
1771 1813 1971 1883 ignem,
2004 1812 2100 1868 sed

526 1906 784 1968 tanquam
836 1901 1025 1970 puella:
1078 1916 1185 1956 non
1243 1903 1456 1969 integre
1505 1903 1856 1972 perlecteque
1894 1903 2095 1958 didice-

525 1999 673 2057 rant,
709 1978 1193 2061 nescierunt'qnod
1225 1993 1576 2049 Sodomiticis
1634 1995 1946 2063 regionibus
1976 1993 2101 2064 igne

523 2084 771 2147 Vastatis,
796 2083 1024 2138 multum
1054 2085 1233 2141 adhuc
1256 2086 1416 2157 spatii
1446 2086 1717 2156 integrum
1751 2088 2017 2142 resideret
2043 2087 2097 2141 in

522 2174 744 2228 mundo.
776 2174 1081 2229 Audierunt
1129 2176 1185 2235 in
1238 2176 1345 2232 ﬁne
1391 2178 1573 2234 sazculi
1609 2189 1808 2232 terram
1830 2186 1887 2233 et
1918 2178 2099 2233 omnia

526 2265 795 2320 elementa
822 2266 962 2336 ignis
992 2267 1191 2324 ardore
1209 2269 1586 2340 decoquenda.
1603 2269 1877 2326 Videbant
1894 2271 2097 2340 ignem,

523 2355 783 2410 videbant
801 2357 1124 2426 sulphureas
1142 2357 1410 2425 ﬂammas,
1430 2360 1893 2415 videbantcuncta
1924 2370 2100 2416 vasta-

522 2447 590 2502 ri.
609 2446 833 2501 Matrem
860 2463 1074 2517 quoque
1090 2466 1242 2505 suam
1263 2451 1519 2506 videbant
1536 2466 1646 2506 non
1669 2467 1792 2507 esse
1808 2451 2097 2515 salvatam,

520 2540 808 2607 suspicata:
835 2551 963 2595 sunt
994 2542 1101 2597 tale
1117 2543 1322 2613 aliquid
1357 2543 1585 2613 factum,
1614 2544 1774 2614 quale
1804 2545 1857 2599 in
1885 2554 2097 2614 tempo-

522 2630 674 2684 ribus
710 2632 997 2688 audierant
1025 2631 1156 2698 Noe,
1189 2644 1246 2688 et
1295 2635 1364 2691 ob
1392 2638 1748 2706 reparandam
1785 2634 2096 2689 mortalium

521 2724 896 2793 posteritatem
965 2725 1109 2780 solas
1143 2741 1202 2781 se
1236 2742 1358 2783 esse
1396 2744 1517 2784 cum
1566 2736 1793 2799 parente
1826 2738 2094 2782 servatas.

523 2814 897 2885 Rccuperandi
929 2818 1091 2887 igitur
1121 2820 1347 2874 humani
1377 2822 1591 2890 generis
1630 2819 1962 2876 desiderium
2006 2834 2098 2875 su-

521 2915 715 2971 munt,
750 2905 857 2977 75
884 2915 1045 2976 atque
1074 2909 1409 2965 instaurandi
1450 2911 1631 2968 smculi
1665 2927 1730 2966 ex
1763 2925 1825 2966 se
1853 2910 2093 2964 dandum

520 2995 815 3064 cpinantur
841 2999 1145 3055 exordium.
1179 3004 1244 3057 Et
1271 3003 1521 3073 quamvis
1546 3003 1754 3072 grande
1781 3003 1861 3057 eis
1889 3001 2093 3055 crimen

2131 1695 2176 1756 Β

2206 448 2417 507 petunt,
2452 452 2559 491 non
2598 436 2904 505 requirunt.
2942 433 3043 489 Ubi
3082 434 3169 489 hic
3203 433 3445 488 libidinis
3477 433 3661 505 culpa,
3693 436 3791 491 ubi

2206 529 2397 584 incesti
2446 527 2654 581 crimen
2703 525 2996 595 arguitur?
3039 522 3321 591 Quomodo
3369 523 3586 579 dabitur
3617 526 3789 591 vitio,

2204 622 2348 690 quod
2384 634 2490 672 non
2524 618 2753 672 iteratur
2798 618 2852 671 in
2898 616 3082 671 iacto?
3121 616 3325 672 Vereor
3365 615 3611 685 proloqui
3642 618 3790 687 quod

2206 690 2402 776 sentio,
2461 725 2653 765 vereor
2680 749 2696 775 ,
2731 710 2953 780 inquam
2975 749 2992 776 ,
3027 724 3094 765 ne
3133 710 3337 764 castior
3379 709 3548 764 fuerit
3591 710 3787 764 harum

2206 804 2480 868 incestus,
2512 817 2673 873 quam
2706 801 2966 870 pudicitia
2995 800 3311 855 multarum.
3364 800 3669 855 Discutiant
3699 816 3784 867 se,

2205 907 2260 950 et
2287 896 2568 966 requirant
2601 894 2815 948 feminae
2860 894 2913 949 in
2958 893 3224 963 conjugiis
3251 894 3465 963 positae,
3494 893 3540 948 si
3569 893 3641 948 ob
3671 895 3779 948 hoc

2205 986 2376 1042 solmn
2423 987 2618 1041 adeant
2666 986 2837 1052 viros,
2882 994 2944 1039 ut
2985 985 3299 1055 suscipiant
3320 984 3554 1050 liberos,
3586 986 3631 1039 si
3661 993 3786 1058 post

2205 1088 2527 1146 conceptum
2563 1075 2834 1132 desistunt
2871 1074 3007 1148 (25).
3049 1074 3172 1130 Ista:
3200 1075 3344 1130 enim
3372 1090 3490 1145 quae
3517 1076 3670 1146 argui
3702 1075 3785 1130 via

2213 1171 2408 1223 dentur
2457 1168 2693 1233 incesti,
2742 1177 2802 1222 ut
2852 1167 3063 1236 adepta:
3093 1177 3220 1221 sunt
3249 1176 3567 1235 conceptum
3597 1210 3613 1232 ,
3640 1169 3782 1223 ultra

2206 1275 2315 1314 non
2362 1261 2633 1313 accedunt
2662 1258 2727 1313 ad
2773 1257 3121 1313 concubitum
3168 1258 3293 1312 viri.
3332 1258 3615 1314 Nonnullae
3653 1276 3784 1316 vero

2206 1351 2497 1417 mulieres,
2533 1364 2708 1418 neque
2748 1350 2895 1405 enim
2925 1349 3207 1405 universas
3246 1351 3453 1420 pariter
3492 1361 3781 1414 notamus,

2205 1443 2300 1499 sed
2329 1451 2455 1497 sunt
2493 1442 2763 1512 qnmdam,
2806 1458 2927 1512 qum
2958 1443 3100 1497 sicut
3133 1442 3391 1496 animalia
3433 1441 3641 1512 absque
3673 1441 3782 1496 ulla

2204 1535 2538 1589 discretione
2570 1534 2940 1589 indesinenter
2973 1533 3184 1588 libidini
3218 1534 3487 1603 serviunt,
3523 1549 3656 1604 quas
3681 1548 3784 1603 ego

2205 1640 2307 1681 nec
2344 1625 2512 1680 mutis
2561 1625 2846 1695 pecoribus
2897 1625 3347 1695 eomparaverim.
3398 1624 3603 1680 l‘ecora
3635 1623 3780 1678 enim

2203 1726 2260 1771 et
2292 1717 2406 1789 ipsa
2441 1717 2620 1771 sciunt
2649 1755 2665 1782 ,
2699 1731 2821 1770 cum
2857 1715 3210 1786 conceperint
3237 1756 3256 1781 ,
3286 1716 3429 1771 ultra
3461 1732 3568 1772 non
3598 1715 3779 1770 indul-

2204 1824 2332 1881 gere
2356 1809 2599 1865 maribus
2630 1809 2844 1878 copiam
2883 1809 2988 1864 sui.
3030 1808 3191 1863 Notat
3224 1810 3358 1865 tales
3391 1818 3447 1865 et
3488 1809 3778 1879 Scriptura

2202 1902 2408 1968 divina,
2441 1917 2564 1955 cum
2597 1901 2728 1955 dicit
2756 1901 2838 1955 δτι
2874 1898 3056 1954 Nolite
3081 1900 3197 1970 ﬁeri
3230 1903 3364 1956 sicut
3398 1919 3560 1974 equus
3590 1911 3638 1955 et
3664 1918 3782 1955 mu-

2202 1991 2316 2057 lus,
2348 1992 2534 2063 quibus
2566 2009 2670 2045 non
2718 2003 2793 2046 est
2824 1993 3140 2048 intellectus.
3185 1993 3249 2047 Et
3290 1994 3485 2047 iterum
3518 1992 3598 2048 ⁶⁸ε
3642 1992 3783 2061 Equi

2201 2085 2504 2140 admissarii
2531 2085 2661 2154 facti
2691 2094 2834 2138 sunt.
2883 2084 2989 2140 Sed
3026 2101 3143 2150 vos,
3173 2101 3205 2140 ο
3239 2085 3471 2155 populus
3506 2084 3598 2139 Dei
3628 2125 3644 2151 ,
3686 2082 3785 2154 qui

2202 2176 2479 2233 Christum
2515 2181 2712 2233 amatis
2743 2176 2797 2230 in
2833 2176 3246 2247 incorruptione
3267 2219 3282 2241 ,
3317 2177 3599 2247 iutelligite
3629 2176 3786 2245 Apo-

2203 2270 2325 2327 stoli
2370 2284 2677 2324 sermonem
2719 2282 2828 2338 quo
2879 2267 2956 2322 ait
2985 2267 3067 2320 ‘9:
3112 2266 3232 2322 Sive
3264 2268 3594 2321 manducetis
3621 2307 3638 2332 ,
3671 2267 3783 2323 sive

2202 2363 2400 2426 bibitis,
2432 2364 2538 2416 sive
2563 2361 2712 2415 aliud
2741 2360 2869 2430 quid
2903 2361 3103 2429 facitis,
3140 2361 3317 2414 omnia
3341 2361 3395 2414 in
3425 2359 3647 2431 gloriam
3680 2358 3781 2413 Dei

2201 2456 2384 2525 facite.
2416 2454 2569 2520 Quod
2612 2453 2756 2507 enim
2792 2461 2912 2521 post
2944 2454 3273 2507 manducare
3299 2460 3352 2506 et
3385 2453 3572 2506 bibere
3602 2451 3729 2506 dicit
3761 2467 3775 2505 ε

2202 2543 2325 2599 Sive
2357 2544 2504 2598 aliud
2536 2542 2663 2613 quid
2696 2541 2908 2610 facitis,
2944 2541 3311 2596 inverecunda
3346 2540 3579 2612 conjugii
3615 2557 3780 2610 nego-

2203 2638 2275 2690 tia
2325 2635 2630 2689 verecundo
2679 2647 2934 2687 sermone
2984 2632 3238 2703 signavit,
3271 2633 3561 2688 ostendens
3610 2633 3777 2686 etiam

2198 2731 2313 2800 ipsa
2331 2725 2407 2780 'ad
2448 2725 2540 2780 Dei
2569 2724 2794 2796 gloriam
2830 2722 2988 2794 geri,
3019 2723 3062 2777 si
3096 2724 3432 2796 posteritatis
3457 2723 3625 2779 solius
3651 2739 3784 2777 cou-

2201 2818 2553 2889 templatione
2581 2825 2966 2888 procurentur.
2997 2814 3276 2870 l‘roseeuti
3322 2829 3544 2881 sumus,
3573 2824 3633 2868 ut
3671 2830 3776 2883 pn-

2199 2911 2439 2977 tuimus,
2485 2908 2573 2963 vel
2609 2909 2676 2963 de
2721 2905 2895 2975 culpis
2947 2904 3048 2960 Lot
3082 2921 3150 2961 ac
3197 2905 3429 2960 ﬁliarum
3480 2904 3638 2977 ejus,
3685 2905 3775 2959 vel

2199 3018 2412 3058 rursum
2449 3002 2516 3056 de
2545 2998 2990 3055 excusationihus
3022 3013 3234 3054 earum.

522 3087 798 3142 videretur
834 3090 1000 3155 furari
1035 3062 1383 3150 concubitum
1413 3096 1587 3165 patris
1609 3134 1625 3160 ,
1656 3094 1875 3165 gravior
1904 3097 1985 3148 eis
2015 3102 2095 3147 ta-
2124 3062 2167 3118 δ
2272 3095 2324 3149 5.
2367 3094 2563 3148 Verum
2593 3093 2706 3149 scio
2733 3092 3043 3154 nonnullos,
3070 3100 3333 3161 quantum
3364 3090 3431 3144 ad
3459 3089 3771 3161 allegoriam

524 3194 648 3234 men
682 3180 965 3237 videbatur
996 3184 1278 3255 impietas,
1312 3186 1358 3242 si
1389 3187 1671 3254 humanae,
1714 3195 1774 3240 ut
1807 3187 2094 3257 putabant,

523 3273 861 3344 posteritatis
908 3290 1058 3345 spem
1103 3288 1316 3332 servata
1355 3280 1607 3334 castitate
1651 3278 1914 3334 delerent.
1966 3277 2099 3333 Pro-

522 3376 643 3435 pter
676 3366 775 3421 boc
811 3382 940 3438 ergo
966 3369 1252 3424 consilium
1286 3370 1476 3425 ineunt
1514 3372 1722 3426 minore
1746 3412 1762 3435 ,
1793 3379 1852 3426 ut
1877 3386 1977 3440 ego
2009 3386 2101 3425 ar-

522 3455 701 3511 bitror
724 3497 739 3521 ,
774 3459 932 3527 culpa
957 3500 973 3524 ,
1033 3475 1128 3531 spe
1170 3471 1350 3518 tamen
1388 3474 1813 3534 argumentoque
1857 3463 2098 3533 majore;

524 3550 699 3615 patris
732 3552 1067 3616 nuestitiam,
1101 3553 1188 3609 vel
1229 3555 1462 3625 rigorem
1497 3556 1622 3611 vino
1652 3555 1901 3611 molliunt
1926 3564 1981 3611 et
2012 3570 2099 3610 re-

523 3641 736 3697 solvunt
774 3644 912 3716 (24).
967 3646 1208 3717 Singulis
1244 3648 1502 3719 ingressae
1541 3650 1822 3716 noctibus,
1870 3647 2098 3719 singula:

2201 3187 2458 3256 pertinet,
2490 3184 2590 3240 Lot
2622 3185 2853 3239 traxisse
2879 3183 2946 3238 ad
2988 3181 3200 3236 Domini
3240 3196 3530 3252 personam
3555 3194 3611 3237 et
3637 3182 3779 3238 ﬁlias

2201 3279 2321 3350 ejus
2349 3279 2416 3332 ad
2445 3279 2555 3333 duo
2586 3288 2930 3332 testamenta.
2961 3275 3065 3331 Sed
3089 3276 3223 3344 haec,
3252 3277 3344 3346 qui
3381 3276 3520 3331 sciat
3549 3277 3676 3344 quid
3704 3279 3777 3330 de

2201 3368 2529 3425 Ammonitis
2573 3379 2629 3424 et
2661 3367 2910 3424 Moabitis
2944 3366 3222 3439 Scriptura
3256 3369 3419 3437 dicit,
3456 3369 3547 3438 qui
3577 3384 3645 3423 ex
3675 3384 3774 3439 ge-

2206 3476 2336 3516 nere
2375 3460 2480 3515 Lot
2513 3461 2893 3527 descendunt,
2932 3460 3119 3516 nescio
3163 3461 3210 3515 si
3244 3460 3482 3516 libenter
3515 3460 3769 3530 accipiat.

2203 3552 2486 3620 Quomodo
2512 3553 2658 3607 enim
2689 3552 2892 3623 poterit
2924 3562 3117 3620 aptare
3143 3551 3361 3608 Christo
3389 3553 3458 3621 7°,
3502 3553 3645 3623 quod
3677 3554 3767 3622 qui

2204 3645 2272 3700 de
2294 3643 2501 3699 semine
2522 3640 2640 3713 ejus
2663 3652 2990 3714 generantur
3013 3658 3184 3712 usque
3209 3643 3261 3698 in
3290 3643 3509 3697 tertiam
3536 3652 3590 3697 et
3609 3658 3771 3712 quar-

581 3767 626 3800 "
657 3767 792 3820 Gen.
817 3783 929 3833 xIx,
954 3768 1042 3822 29.
1117 3769 1162 3801 ⁸⁸
1185 3766 1341 3827 ibid.,
1378 3764 1466 3829 51,
1493 3764 1583 3819 52.
1659 3765 1702 3796 ⁸⁷
1724 3764 1866 3820 Psal.
1900 3778 2043 3823 xxxi,
2078 3758 2098 3810 ε

2209 3762 2253 3791 ⁸⁸
2279 3760 2480 3816 Jercm.
2514 3779 2562 3828 ν,
2592 3763 2647 3818 8.
2723 3761 2766 3793 ⁶⁹
2793 3761 2823 3835 ,Ι
2846 3760 2973 3817 Cor.
3000 3777 3055 3829 ιι,
3087 3760 3178 3816 51.
3252 3760 3296 3792 ⁷ο
3328 3759 3486 3814 Deut.
3518 3774 3676 3818 mn.

591 3881 702 3955 (25)
747 3883 964 3938 Videtur
991 3885 1169 3950 etiam,
1196 3893 1304 3955 etc.
1343 3881 1480 3938 Vide
1506 3897 1613 3951 quo
1635 3890 1794 3955 pacto
1819 3879 1955 3934 ﬁlias
1983 3877 2087 3933 Lot

519 3951 744 4009 excuset
784 3955 878 4008 lib.
916 3970 967 4007 tv
1008 3966 1191 4008 contra
1213 3952 1442 4020 Celsum,
1472 3967 1618 4007 num.
1649 3951 1744 4006 45.

592 4022 708 4093 (24)
753 4023 878 4079 Mss.
923 4025 1212 4079 resolvunt.
1253 4017 1615 4086 Libb.'editi,
1669 4021 1900 4093 solvunt.
1943 4017 2087 4074 Infra

488 4160 493 4165 1
520 4091 688 4150 iidem
742 4094 874 4149 libb.
893 4093 1044 4165 editi
1070 4112 1085 4150 :
1135 4095 1358 4164 singula:
1384 4094 1675 4162 suscipiunt
1716 4091 1780 4146 ab
1808 4092 2088 4165 ignorante

520 4173 845 4232 conceptum.
888 4162 1042 4218 Ultra
1083 4181 1185 4218 non
1222 4161 1484 4234 repetunt.
1523 4165 1592 4217 At
1616 4177 1747 4218 mss.
1791 4172 1851 4216 ut
1896 4161 1953 4214 in
1990 4176 2087 4216 no-

520 4244 636 4291 SU'O
684 4243 852 4289 textu.

595 4303 708 4372 (25)
746 4303 1051 4360 Discutiunt
1111 4319 1165 4356 se
1201 4311 1251 4356 et
1302 4305 1573 4374 requirant
1611 4301 1912 4374 femintegin
1960 4316 2087 4356 con-

2184 3872 2252 3927 Et
2297 3872 2457 3938 paulo
2498 3878 2662 3938 post:
2711 3867 2786 3939 οὐ
2817 3868 2881 3937 δὴ
2924 3867 3093 3939 θέμις
3128 3864 3500 3939 ἐργαξρμένῃν
3530 3863 3762 3939 τὴν-φρο

2185 3960 2267 3999 σιν
2299 3933 2421 4013 ἤδη,
2447 3933 2682 4010 ὲνὸχλεῖν
2710 3938 2824 4013 ἔτι,
2847 3933 3360 4013 σὲεριέτεύονῖςάςείζ
3387 3933 3561 4013 ὓϐριν.
3586 3933 3762 4013 ίινείιιε

2184 4023 2263 4068 est
2294 4006 2418 4082 ergo
2452 4006 2750 4082 operantem
2773 4009 2889 4082 jam
2924 4006 3379 4061 naturam‘adhue
3403 4006 3762 4082 molestiae]:-

2183 4076 2374 4153 ﬁcere;
2412 4076 2679 4153 superﬂue
2732 4076 2800 4131 ad
2842 4076 3604 4153 petulantemnprorumpendo
3644 4076 3762 4153 lib!-

2181 4146 2376 4206 dinem.
2399 4146 2799 4217 Athenagoras,
2830 4147 3016 4217 Legat.
3035 4165 3130 4215 pro
3163 4147 3500 4211 Christianis,
3516 4160 3638 4217 pag.
3659 4146 3760 4201 ὅδε

2182 4225 2443 4304 Γυγαζκαη
2470 4213 2828 4304 μὲνλὲὶεαςτός
2879 4213 3043 4304 ἡμῶν
3069 4217 3135 4288 ἢν
3173 4218 3410 4304 inarata
3451 4213 3610 4304 gara,
3638 4217 3763 4301 αξοὺς

2183 4295 2273 4362 ὑφ’
2328 4285 2484 4364 ήμρὗ
2512 4289 2855 4364 τεθειμὲνςιυς
2885 4285 3110 4364 ﬁdimus,
3155 4285 3388 4364 νρμιςων
3427 4287 3524 4364 και
3562 4285 3764 4357 ταύτην

514 4356 1045 4447 juqiislposittefsi
1083 4374 1152 4447 ob
1191 4356 1527 4427 Itocsblumv
1550 4356 1741 4447 adeant
1776 4356 1931 4447 gviros
1962 4412 1978 4434 ,
2026 4379 2082 4423 ut

2200 4356 3000 4447 Esxpt'EOGmaQOrroz‘ijcaoﬁut.
3028 4358 3114 4422 Ὡς
3139 4356 3244 4447 γὰρ
3269 4360 3298 4411 ὁ
3326 4356 3741 4447 γειιιργὺς,ιεατά

521 4443 814 4511 suscipiant
853 4444 1066 4512 liberos,
1107 4444 1153 4497 si
1185 4454 1300 4513 post
1331 4454 1632 4512 conceptum
1677 4443 1954 4513 desistunt:
1976 4451 2085 4495 etc.

525 4514 661 4569 Vide
716 4525 896 4569 notam
943 4511 1194 4585 primam
1227 4515 1309 4585 ad
1344 4511 1580 4585 bomilize
1618 4512 1795 4568 tertiae
1821 4514 1872 4585 in
1905 4511 2092 4585 _Gene-

526 4589 631 4639 sim
691 4601 837 4637 unm.
863 4587 917 4649 6,
943 4582 1046 4641 'ubi
1092 4600 1122 4640 a
1165 4584 1345 4638 multis
1383 4582 1636 4638 Patribns
1679 4597 1710 4636 a
1743 4582 1939 4636 veniali
1968 4596 2093 4649 pec-

525 4664 652 4709 cato
679 4672 781 4708 non
809 4672 1141 4710 excusantur
1176 4655 1341 4708 etiam
1387 4653 1702 4724 conjugales
1740 4653 1947 4720 copulae
1972 4663 2095 4724 qua:

528 4727 583 4796 in
644 4725 808 4778 alium
855 4727 990 4781 ﬁunt
1031 4742 1193 4796 quam
1237 4722 1585 4796 procreanda}
1628 4724 1888 4796 duntaxat
1907 4722 2096 4796 _sobo-

526 4795 595 4849 lis
630 4796 814 4849 ﬁnem.
866 4790 1098 4851 Gravius
1149 4790 1325 4850 adhuc
1365 4794 1652 4861 insurgunt
1691 4791 1865 4847 sancti
1907 4790 2097 4861 Patres

504 4866 796 4936 .adversus
853 4882 1232 4936 congressutng
1268 4881 1392 4920 cum
1448 4860 1617 4936 uxore
1663 4862 1910 4930 gravida.
1972 4860 2095 4936 Qte-

528 4951 682 4990 mens
735 4928 1137 4992 Alexandrinus
1197 4934 1483 5003 Pwdagog.
1538 4933 1633 4989 lib.
1666 4928 1764 5003 ίίι,
1810 4946 1928 4999 cap.
1979 4928 2094 5003 A103

528 4951 682 4990 mens
735 4950 1137 4992 Alexandrinus
1197 4950 1427 5003 rmaago
1470 4973 1483 4985 .
1538 4950 1633 4989 ιιι).
1688 4950 1764 4997 ιι,
1810 4950 1928 4999 cap.
1991 4950 2094 4983 'IU:

526 5006 662 5058 Οὐδέ
690 5023 809 5059 τινα
841 5006 949 5059 τῶν
984 5005 1228 5060 παλαιῶν
1261 4950 1524 5075 Ἑϐραῗων
1552 5002 1904 5075 ἐγκύμογιᾼτῇ
1932 4998 2096 5075 αὐτρῦ

527 5078 746 5143 γυναικὶ
767 5077 1016 5131 συνιόντα
1046 5069 1383 5148 παρήγαγειὶ.
1435 5069 1952 5148 Ψιλὴγὰρπδριίὴ,
1997 5069 2101 5148 stay

528 5139 587 5220 ἐν
616 5148 779 5217 γάμῳ
804 5139 1158 5220 παραληφβῇί
1183 5139 1645 5220 ’ήᾳράντίμόςέάῖι
1669 5139 1764 5196 iul
1781 5139 1981 5220 ἔδικξκν
2009 5139 2104 5220 θεαὶ

530 5209 1050 5289 ἄλογοξξξΈμῖπαλίᾶ
1070 5209 1132 5272 δὲ
1163 5219 1193 5289 ὁ
1217 5209 1454 5286 Mariis-ﬁ;
1479 5213 1704 5289 (suam
1738 5209 2104 5289 EEDVUéYXDwV

529 5280 657 5349 τοὺξ
697 5280 933 5360 ἄγᾷροὶς,
968 5287 1126 5359 ἄχρις
1171 5280 1691 5360 ἃνηάλποδὶυήσωειιν.
1749 5280 1966 5360 Nullum
2007 5297 2106 5333 un-

532 5372 692 5424 quam
724 5353 934 5429 Moyses
966 5353 1193 5412 vét'erum
1227 5353 1573 5429 Hebrazgrum
1599 5353 2106 5429 inducitcoeuntent

534 5419 652 5479 cum
695 5445 790 5482 sua
821 5419 1006 5483 vuxore
1044 5443 1362 5499 praegnante.
1405 5425 1533 5499 Sola
1572 5425 1708 5479 enim
1750 5420 2009 5499 voluptas,
2063 5419 2107 5471 si

538 5514 655 5567 quis
687 5498 847 5551 etiam
886 5516 948 5554 ea
992 5490 1177 5552 utatur
1216 5501 1271 5552 in
1312 5497 1583 5567 conjugio,
1617 5505 1691 5548 est
1725 5490 2104 5567 prwter__leges,

537 5560 590 5638 et
619 5567 845 5638 injusta,
868 5579 917 5622 et
948 5586 980 5622 a
1017 5571 1220 5622 ratione
1246 5560 1442 5624 aliena.
1474 5560 1681 5619 Rursus
1709 5560 1880 5617 autem
1903 5560 2107 5629 Moyses

538 5637 752 5692 abducit
813 5640 951 5695 viros
1003 5656 1034 5693 a
1072 5639 1463 5710 prwgnantibtts
1494 5651 1764 5708 quousque
1789 5639 2103 5703 pepererant.

2191 4428 2398 4488 ϐάλλων
2441 4432 2522 4494 εἰς
2552 4431 2665 4501 γῆν
2702 4428 2781 4483 τά
2816 4429 3108 4501 σπέρματᾳ.
3137 4469 3152 4492 ,
3189 4428 3396 4501 ἄμητᾳν
3441 4428 3725 4501 περιμένει
3747 4468 3762 4493 ,

2190 4507 2292 4559 οὐκ
2340 4497 2671 4573 ὲπισζπείρών
2689 4514 2704 4529 ·
2752 4500 2846 4553 καὶ
2872 4497 3003 4570 ἡμῖν
3030 4499 3225 4570 μέτρον
3246 4497 3538 4573 ἐπιθυμίας
3568 4500 3767 4573 ή-παι-

2191 4572 2423 4629 δοποιῖα.
2449 4569 2638 4640 Itaque
2665 4569 3090 4640 uxorem,qunm
3123 4569 3407 4622 secundum
3446 4569 3763 4640 approbatas

2195 4645 2342 4698 nobis
2392 4638 2674 4710 leges‘sibi
2725 4640 2939 4707 quisque
2970 4639 3182 4710 duxerit
3202 4677 3233 4710 ,ξ
3274 4648 3477 4710 reputat
3505 4678 3534 4710 ι
3556 4652 3660 4690 non
3711 4638 3768 4710 in

2196 4716 2358 4767 alium
2393 4704 2552 4778 quam
2598 4710 2655 4763 in
2697 4704 3032 4778 procreanda;
3072 4707 3261 4762 sobolis
3288 4707 3465 4774 finem.
3497 4704 3765 4771 Quemad-

2196 4787 2408 4837 modum
2465 4781 2604 4834 enim
2667 4781 2944 4849 agricola,
3012 4786 3287 4847 postquam
3340 4778 3540 4849 semina
3611 4787 3768 4830 terrm

2199 4850 2487 4914 mandavit,
2535 4846 2715 4903 messis
2754 4861 2954 4917 tempus
2986 4846 3270 4915 exspectat,
3295 4863 3384 4900 nec
3426 4846 3535 4899 alia
3582 4862 3768 4912 super-

2200 4923 2413 4990 injicit:
2453 4921 2528 4974 sic
2565 4921 2725 4990 etiam
2765 4920 2913 4973 nobis
2948 4917 3379 4990 concupiscentiw
3404 4916 3769 4990 Διιιοίιιιξηιὶικυ

2200 4985 2382 5045 forum
2418 4989 2781 5058 procreatione
2809 4989 3082 5058 deﬁnitur.
3115 4985 3250 5041 Vide
3297 4987 3550 5058 Ambros.
3586 4987 3679 5040 lib.
3724 5001 3767 5047 ι.

2203 5064 2256 5116 in
2298 5057 2535 5124 Lucam,
2582 5075 2732 5113 num.
2777 5060 2847 5112 44
2873 5077 2888 5125 ;
2917 5059 3302 5125 Hieronymum
3348 5057 3444 5112 lib.
3491 5073 3534 5121 ι,
3576 5058 3768 5110 adver—

2201 5148 2292 5186 sus
2334 5129 2695 5195 Iovinianum,
2734 5140 2788 5183 et
2827 5132 2880 5184 in
2925 5144 3044 5196 cap.
3094 5125 3149 5191 5,
3197 5127 3433 5197 epistola:
3477 5128 3542 5180 ad
3586 5125 3769 5195 Ephe-

2204 5218 2348 5267 sms;
2393 5202 2747 5270 Augustinum
2773 5203 2910 5255 libro
2955 5199 3033 5252 De
3064 5200 3194 5251 bono
3223 5198 3512 5270 conjugalt,
3553 5213 3670 5270 cap.
3694 5197 3766 5270 A6,

2205 5283 2259 5326 et
2280 5268 2951 5327 Jonam'Anrelianensem
2978 5273 3285 5339 episcopum
3331 5269 3535 5339 lib._n,
3580 5268 3658 5321 De
3686 5268 3770 5339 in-

2205 5343 2480 5398 stitutione
2520 5340 2716 5405 laicali,
2766 5355 2887 5408 cap.
2925 5341 2977 5394 7.
3013 5337 3273 5405 Denique
3314 5340 3374 5395 S.
3421 5337 3662 5393 Thomas
3714 5338 3765 5390 in

2209 5430 2283 5475 tv,
2330 5410 2717 5466 Sententiarum
2753 5410 2882 5464 dist.
2916 5410 3007 5474 5|,
3047 5424 3394 5478 congressum
3430 5424 3554 5463 cum
3601 5424 3770 5462 uxore

2210 5483 2428 5553 gravida
2482 5480 2721 5553 ait_non
2749 5495 2963 5549 seraper
2992 5493 3134 5553 esse
3183 5481 3769 5553 peceatunrntortale,

2212 5548 2314 5607 nisi
2360 5551 2529 5619 forte,
2575 5550 2783 5616 inquit,
2822 5548 3034 5621 quando
3076 5548 3418 5619 probabiliter
3450 5551 3667 5603 timetur
3706 5548 3769 5603 de

2213 5625 2441 5692 pericuto
2465 5622 2698 5676 abortus.
