2025 3071
146 130 199 158 193

764 133 796 160 IN
815 133 964 162 CENESIM
985 131 1127 159 IlOMllJA
1149 132 1195 159 \‘l.

1729 134 1781 161 ιρι

147 199 202 221 tant
213 191 380 228 progeniem,
393 199 452 219 non
462 191 616 220 introihunt
624 194 648 220 in
661 193 807 222 Ecclesia-ut
817 197 921 223 Domini

994 199 1046 219 non
1063 192 1146 219 intrat
1161 192 1186 218 in
1204 191 1353 218 Ecclesiam
1368 189 1485 224 Christi,
1504 199 1553 219 nec
1567 193 1645 219 tertia
1665 200 1780 228 genera-

146 240 204 266 Nos
222 243 325 271 autem,
346 243 431 272 prout
448 238 551 265 sentire
569 246 715 273 possumus
727 261 734 272 ,
758 241 807 268 Lot
831 243 943 277 ﬁguram

146 286 273 322 ponimus
288 285 367 319 legis.
386 285 445 312 Nec
469 285 596 313 videatur
612 287 788 322 incongruum
804 290 876 323 quod
901 290 941 316 le-

146 334 240 360 mineo
256 340 354 367 genere
368 333 441 367 apud
456 341 507 361 nos
521 334 674 361 declinatur
688 335 742 366 lex,
758 343 819 362 cum
837 344 942 364 mascu-

145 379 231 405 linum
250 386 335 414 genus
349 384 443 406 servet
458 380 485 406 in
501 379 609 407 Graeco.
628 380 715 414 Hujus
731 389 841 409 uxorem
859 391 943 418 popu—

145 427 201 452 lum
221 425 298 453 illum
315 426 442 460 ponimus
455 446 463 457 ,
479 427 524 461 qui
539 427 573 454 de
596 427 713 462 ΕΒΗ)ιο
734 429 888 462 profectus,
913 435 941 458 ct

143 471 179 497 de
193 472 262 498 mari
277 471 381 503 Rubro,
396 480 428 499 ac
442 474 632 506 persecutione
648 474 797 503 Pharaonis
810 481 938 511 tanquam

143 516 179 542 de
199 516 378 545 Sodomiticis
402 517 510 552 ignibus
535 518 667 547 liberatus
681 540 690 553 ,
711 528 819 548 rursttm
840 530 939 550 carnes

142 568 171 591 et
184 564 254 591 ollas
266 563 389 600 Egypti,
405 569 431 592 et
445 572 528 599 cepas
541 573 755 602 cucumercsque
769 568 936 602 desiderans,

143 615 220 636 retro
235 610 379 645 respexit,
396 614 423 637 et
445 611 543 638 cecidit
562 611 589 638 in
609 611 719 640 deserto
731 634 738 645 ,
755 613 842 641 factus
855 615 936 643 etiam

144 656 202 689 ipse
219 654 451 688 concupiscentia:
466 661 570 682 memor
588 655 613 682 in
629 663 732 683 eremo.
758 656 795 684 lbi
811 665 877 692 ergo
894 658 936 686 lex

142 700 264 735 primum
288 700 363 727 illum
381 700 511 736 populum
529 705 657 735 tanquam
680 701 731 728 Lot
752 707 826 729 retro
847 704 935 738 respi—

142 748 263 773 cientem
279 746 405 781 perdidit,
424 754 456 774 ac
473 747 583 781 reliquit
599 756 722 775 uxorem.
742 748 806 776 Inde
822 751 935 778 veniens

142 791 192 817 Lot
210 791 317 818 habitat
342 791 368 818 itt
386 791 471 825 Segor
485 814 492 824 ,
509 792 541 819 de
557 801 608 827 qua
626 793 690 820 dicit
702 793 740 820 “z
757 793 855 822 Civitas
878 796 935 822 han:

140 836 255 871 pusilla,
271 842 294 863 et
312 836 458 863 salvabitur
476 837 566 864 anima
584 846 640 864 utea
655 838 683 864 t'n
699 838 766 872 ipsa,
786 843 810 865 et
831 847 882 866 non
895 844 932 866 est

140 883 242 916 pusilla
254 883 267 908 1
282 882 347 916 Qua:
359 890 423 916 ergo
437 887 490 915 est,
506 887 636 917 quantum
651 883 684 909 ad
699 883 783 917 legem
796 885 933 918 pertinet,

141 927 244 955 civitas
259 927 359 962 pusilla
375 932 404 954 et
428 935 481 954 non
503 927 617 962 pusilla,
632 927 783 955 videamus.
800 928 903 956 Civitas
919 937 934 956 a

140 974 354 1002 conversatione
368 974 514 1001 multorum
527 974 598 1001 dicta
614 978 665 1006 est,
681 982 729 1009 pro
743 982 776 1002 eo
791 976 862 1009 quod
876 976 935 1009 plu-

141 1020 276 1047 rimorum
293 1020 318 1046 in
333 1027 416 1047 unttm
434 1019 584 1046 constituat
600 1024 629 1047 et
646 1020 788 1047 contineat
804 1021 885 1047 vitas.
902 1020 933 1047 lli

142 1073 207 1100 ergo
223 1065 269 1099 qui
288 1065 314 1092 in
332 1065 388 1099 lege
406 1071 618 1096 conversantur,
645 1065 767 1099 pusillam
785 1066 883 1092 habent
907 1071 934 1092 et

143 1119 253 1146 parvam
271 1111 506 1139 conversationem
519 1131 526 1143 ,
550 1111 669 1144 quandiu
691 1111 840 1137 scentulum
861 1111 931 1137 litte-

143 1166 201 1184 ram
217 1157 373 1192 iulelligunt
390 1157 486 1192 legem.
508 1156 579 1183 Nihil
597 1157 666 1184 enim
687 1158 788 1191 grande
804 1162 855 1187 est,
872 1158 932 1184 sab-

141 1204 201 1229 bata
216 1224 224 1236 ,
240 1208 267 1230 et
285 1204 446 1230 neomeuias
461 1223 468 1235 ,
485 1207 512 1229 et
528 1203 763 1229 eircumcisiouem
780 1204 870 1230 carnis
881 1225 887 1235 ,
907 1210 932 1230 et

140 1252 267 1279 ciborum
284 1251 473 1278 distinctiones
488 1251 635 1278 carnaliter
650 1252 805 1278 observare.
823 1251 850 1278 Si
866 1259 931 1278 vero

139 1298 304 1332 spiritaliter
322 1298 472 1332 intelligere
486 1298 547 1331 quis
568 1297 697 1331 curpcrit,
724 1298 787 1331 ipsa:
813 1297 864 1324 ilhc
881 1298 930 1324 0h-

142 1346 301 1378 servantim,
320 1353 381 1380 qua:
396 1344 543 1371 secundum
559 1343 676 1370 litteram
694 1344 796 1378 pusilla:
812 1349 890 1370 erant
905 1349 931 1370 et

138 1400 242 1426 parve,
263 1391 412 1418 secundum
435 1390 558 1424 spiritutn
581 1398 633 1416 non
656 1394 734 1415 erunt
759 1397 862 1424 partae,
884 1390 929 1416 sed

139 1447 256 1474 Iugum.
273 1438 402 1465 Ascendit
419 1445 484 1472 ergo
499 1443 559 1471 post
575 1437 631 1463 lucc
650 1436 699 1463 l.ot
718 1437 743 1463 itt
761 1442 891 1467 tuontetu,
905 1441 930 1463 et

139 1486 175 1511 ibi
191 1485 299 1511 habitat
317 1483 342 1510 itt
357 1485 485 1518 spelunca
500 1503 507 1515 ,
523 1487 552 1509 ut
570 1483 634 1510 dicit
652 1483 792 1516 Scriptura
807 1504 813 1515 ,
832 1483 888 1516 ipse
904 1488 930 1509 et

139 1533 200 1558 dum
225 1531 286 1557 lilizx'
302 1530 369 1565 ejus.
385 1530 416 1556 Et
430 1530 586 1556 ascendisse
600 1529 641 1555 lex
659 1529 774 1561 putanda
792 1533 832 1554 est
845 1549 852 1561 ,
868 1536 928 1554 cum

138 1579 163 1604 ei
186 1585 236 1612 per
254 1577 383 1612 templum
410 1584 423 1602 a
445 1575 588 1603 Salomone
611 1580 796 1602 constructum
818 1576 930 1602 accessit

136 1629 273 1656 ornatus,
288 1631 348 1650 cum
368 1623 439 1649 facta
457 1627 498 1649 est
513 1622 621 1656 quidem
637 1624 732 1649 domus
750 1622 795 1648 Dei
811 1642 818 1653 ,
835 1623 929 1648 donius

137 1670 295 1700 orationis,
323 1669 385 1696 mali
412 1673 502 1695 autem
529 1668 698 1695 habitatores
723 1668 844 1694 fecerunt
871 1675 929 1694 eam

137 1716 296 1749 speluncam
317 1715 452 1742 latronum
468 1716 502 1741 ⁷⁵.
519 1714 655 1741 llabitavit
677 1722 741 1749 ergo
760 1715 785 1740 in
802 1715 929 1748 spelunca

139 1762 188 1787 Lot
201 1767 228 1788 et
240 1762 298 1788 dua:
314 1761 375 1788 lilia:
396 1761 464 1795 ejus.
481 1760 552 1787 Duas
566 1761 614 1787 has
635 1761 705 1787 tilias
717 1761 856 1786 evidenter
873 1768 931 1794 pto-

138 1810 220 1842 pbeta
243 1807 373 1835 describit
388 1807 429 1838 7’,
454 1806 547 1834 dicens
562 1806 664 1833 Oollam
685 1812 711 1832 et
727 1807 847 1833 Ooliham
865 1806 930 1832 duas

135 1861 247 1881 sor-ires
259 1861 336 1887 esse;
353 1859 381 1881 et
395 1861 455 1880 esse
466 1854 572 1888 quidem
581 1853 682 1879 (tollam
698 1852 845 1879 Jerusalem
861 1852 928 1887 (~26),

136 1905 164 1925 et
178 1899 305 1926 Oolihant
322 1907 381 1926 esse
397 1898 560 1925 Samariam.
576 1899 603 1924 In
618 1899 686 1924 duas
700 1906 763 1927 ergo
778 1903 867 1931 partes
884 1905 930 1930 po~

135 1946 217 1979 pulus
236 1946 291 1981 76
306 1946 426 1978 divisus,
442 1946 507 1971 duas
528 1945 591 1971 lccit
609 1945 677 1971 lilias
698 1945 772 1979 legis.
792 1946 849 1970 Ista:
867 1952 928 1970 car-

137 1993 226 2020 nalem
241 1993 383 2027 cupientes
402 1993 559 2028 progeniem
576 2000 737 2027 propagare,
755 1996 780 2018 et
796 1992 868 2017 vires
888 2000 929 2017 re-

136 2040 180 2074 gni
197 2039 337 2066 terrestris
352 2046 495 2065 numerosa
510 2039 668 2072 posteritate
686 2039 801 2069 munire,
821 2040 929 2072 sopieu-

136 2092 176 2112 Ics
195 2090 299 2120 patrem
316 2089 341 2112 et
358 2092 481 2112 somnum
494 2086 517 2111 ei
538 2084 704 2115 intluccutcs,
724 2086 749 2111 id
765 2090 805 2111 est
828 2093 927 2119 cogen-

134 2136 175 2158 tes
190 2137 218 2158 et
236 2132 384 2158 obruentes
409 2131 467 2165 ejus
484 2131 632 2165 spiritalem
657 2139 777 2162 sensum,
793 2131 877 2158 solam
895 2140 926 2157 ex

133 2186 166 2204 eo
185 2178 281 2204 carnis
296 2177 502 2212 intelligentiam
529 2178 651 2203 trahunt.
671 2177 734 2202 lude
751 2178 926 2211 concipiunt,

133 2224 197 2250 itide
213 2228 347 2258 generant
363 2223 432 2249 lilios
449 2223 532 2254 tales,
553 2231 621 2257 quos
643 2231 691 2250 ttcc
716 2225 847 2256 sentiret,
876 2233 924 2251 nec

131 2276 298 2306 agnosceret
317 2274 403 2304 pater.
430 2269 485 2297 Nec
503 2270 574 2296 enim
593 2271 643 2296 iste
665 2277 761 2296 sensus
774 2291 780 2302 ,
806 2275 851 2297 aut
867 2272 924 2297 hrcc

132 2317 263 2343 voluntas
279 2315 367 2343 fuerat
383 2315 467 2350 legis,
494 2320 523 2342 ut
538 2316 684 2342 carnaliter
700 2322 840 2350 generaret
854 2325 860 2348 ;
877 2317 924 2343 Sed

131 2363 242 2397 sopitur
257 2362 317 2393 lex,
335 2366 362 2388 ut
384 2362 445 2388 talis
461 2363 604 2395 posteritas
619 2368 775 2396 generetur,
792 2371 851 2396 qua:
871 2372 923 2390 nou

133 2410 217 2436 intret
226 2410 252 2436 iu
266 2409 414 2436 Eeclesiam
426 2409 699 2436 Domini.Ammonitw
708 2410 788 2440 cui-tt,
798 2410 923 2443 inquit“,

132 2462 156 2482 et
167 2455 297 2482 Moabitae
308 2455 551 2482 uouiutroibuntt'n
561 2454 705 2481 Ecclesium
722 2455 826 2481 Domini
842 2465 921 2490 usque

133 2503 159 2529 in
178 2503 287 2529 tertiam
309 2507 332 2528 et
348 2506 471 2537 quartam
490 2502 639 2535 progeniem
659 2502 714 2536 (27)
727 2523 733 2534 ,
755 2507 777 2527 et
794 2511 873 2535 usque
895 2504 920 2528 iu

133 2549 272 2575 sarculum.
300 2547 426 2582 Designat
444 2547 514 2582 quod
531 2547 681 2574 carnaliter
696 2548 836 2580 generatio
854 2548 921 2581 legis“

170 2607 190 2623 "
211 2607 312 2636 Genes.
338 2615 395 2637 xxx,
416 2607 461 2633 20.
499 2607 520 2622 ⁷³
543 2606 639 2633 Matth.
662 2615 719 2637 xxi,
740 2607 782 2634 lS.

136 2651 180 2674 xu,
195 2642 242 2670 50.
282 2643 305 2658 "
331 2642 430 2669 (Senes.
445 2650 489 2673 xx,
504 2643 527 2668 l.

168 2689 223 2725 (26)
238 2689 305 2717 Este
321 2690 426 2724 quidem
443 2688 547 2725 Oollam
562 2688 719 2720 Jerusalem,
731 2694 793 2725 Acte,
809 2689 922 2725 Econtra

137 2723 268 2753 Ezechiel.
297 2723 380 2755 xxttt,
404 2724 478 2751 Oolla
503 2723 647 2756 Samaria,
671 2729 698 2749 et
726 2723 820 2751 Ooliba
843 2724 922 2751 Jeru-

137 2761 214 2787 salem
235 2769 297 2788 esse
314 2761 427 2786 dicitur.

167 2795 220 2830 (27)
246 2795 336 2830 Usque
351 2796 378 2821 iu
396 2795 500 2821 tertiam
515 2801 539 2822 et
555 2799 677 2829 quartam
694 2794 852 2828 progeniem,
867 2800 920 2820 etc.

137 2830 274 2858 Dettteron.
295 2838 378 2860 XXIII,
401 2830 429 2861 5,
448 2838 498 2857 nou
522 2838 606 2863 us'que
621 2830 647 2855 in
663 2830 769 2855 tertiam
794 2835 819 2855 et
842 2838 922 2863 quar—

135 2873 201 2900 tam,
223 2867 275 2896 sed
293 2866 381 2894 etiam
403 2870 464 2900 post
487 2865 618 2893 decimam
644 2864 846 2898 generationem
872 2865 920 2890 lit;-

819 2608 842 2623 ⁷³
855 2608 954 2637 Ezcclt.

997 239 1069 265 tione
1082 246 1131 272 pro
1145 237 1288 270 Triuitate,
1304 244 1352 264 ncc
1366 243 1464 271 quarta
1479 245 1528 272 pro
1542 238 1709 273 Evangeliis,
1729 248 1780 268 nec

995 284 1021 311 in
1036 283 1164 311 saeculum
1178 303 1185 316 ,
1201 283 1252 310 nisi
1269 283 1338 310 forte
1352 288 1412 317 post
1427 291 1544 318 prmseus
1561 285 1702 316 saeculum.
1718 293 1779 313 cum

994 329 1134 364 plenitudo
1157 330 1277 364 gentium
1304 329 1462 362 introierit,
1479 334 1507 356 et
1525 330 1566 356 sic
1581 330 1670 357 omnis
1695 330 1779 358 Israel

992 376 1083 403 salvus
1107 376 1188 402 fuerit
1202 375 1291 403 factus
1330 376 1401 407 llaec,
1417 381 1446 402 ut
1466 377 1615 410 potuimus,
1631 378 1778 406 secundum

992 421 1165 456 allegoricam
1183 421 1390 457 intelligentiam
1405 421 1440 449 de
1454 422 1505 449 Lot
1519 427 1547 449 et
1561 430 1645 450 uxore
1658 423 1732 457 ejus,
1749 432 1780 451 ac

991 469 1023 495 de
1038 468 1146 495 ﬁliabus
1159 467 1354 502 exculpsimus,
1371 468 1439 495 nihil
1453 468 1662 503 prazjudicautes
1678 470 1721 498 his
1733 471 1779 505 qui

990 515 1127 542 Sacratius
1141 514 1242 548 aliquid
1258 514 1293 541 de
1310 514 1362 541 hoc
1377 514 1480 541 sentire
1493 516 1640 549 potuerint.

1024 562 1050 588 6.
1079 560 1155 594 Quod
1182 567 1247 587 vero
1272 560 1298 587 in
1332 560 1429 587 morali
1459 561 1517 588 loco
1540 562 1666 596 superius
1690 562 1778 597 ipsum

989 608 1097 642 quidem
1111 607 1163 635 Lot
1179 607 1212 634 ad
1228 607 1418 635 rationabilem
1435 616 1544 636 sensum
1560 614 1586 636 et
1600 610 1707 637 virilem
1725 611 1780 637 ani-

989 660 1062 680 mum
1076 654 1219 685 traximus,
1235 661 1347 680 uxorem
1360 661 1425 681 vero
1439 654 1506 687 ejus,
1521 662 1583 689 quae
1596 661 1672 682 retro
1688 665 1778 691 respe-

988 699 1070 731 xerit,
1087 706 1196 725 carnem
1211 699 1440 733 concupiscentiis
1457 705 1483 727 et
1499 701 1686 735 voluptatibus
1702 703 1778 729 dedi-

986 748 1040 770 tam
1054 743 1184 775 diximus,
1203 751 1255 771 non
1273 744 1440 780 negligenter
1455 745 1523 777 haec,
1537 754 1554 773 ο
1567 748 1687 781 auditor,
1703 749 1777 775 exci-

986 791 1054 825 pias.
1071 790 1222 817 Observare
1245 791 1317 817 enitn
1334 792 1418 818 debes
1433 799 1466 819 ne
1482 792 1550 819 forte
1566 794 1648 819 etiam
1661 802 1721 820 cum
1737 795 1778 820 cl-

987 835 1090 870 tugeris
1103 835 1225 863 llamtnas
1245 837 1380 870 smeuli,et
1398 838 1521 865 incendia
1537 840 1628 865 carnis
1644 841 1778 872 evaseris,

986 882 1068 908 etiatn
1085 889 1146 908 eum
1162 882 1285 916 pusillam
1307 887 1334 909 et
1350 890 1404 910 nou
1427 884 1555 918 pusillam
1571 886 1709 913 civitatem
1726 887 1776 914 Se—

986 935 1046 962 gor,
1061 927 1105 961 qui
1121 932 1159 955 est
1175 929 1280 955 meditts
1295 929 1406 963 quidam
1421 934 1449 956 et
1462 930 1550 957 civilis
1566 931 1715 965 prolectus,
1731 941 1776 959 su-

984 974 1132 1008 peraveris,
1147 980 1174 1001 et
1190 976 1221 1001 ad
1237 975 1357 1002 scientia:
1369 976 1554 1009 altitudinem,
1570 978 1642 1005 velut
1656 979 1689 1005 ad
1703 986 1777 1013 qua-.-

986 1023 1046 1049 datn
1059 1023 1200 1050 cacumina
1218 1023 1317 1050 montis
1333 1024 1505 1052 ascenderis:
1521 1026 1583 1052 vide
1598 1033 1632 1053 ne
1645 1026 1691 1052 tihi
1708 1027 1776 1054 insi-

988 1068 1096 1095 dientur
1112 1068 1172 1095 dua:
1186 1069 1247 1095 tiliae
1261 1069 1328 1101 ista},
1344 1077 1403 1104 qum
1422 1077 1436 1097 a
1452 1074 1478 1098 te
1492 1078 1543 1098 nou
1561 1071 1712 1104 discedttnt,
1728 1073 1775 1099 sed

984 1119 1134 1148 seqmmtur
1145 1118 1171 1141 te
1186 1115 1267 1141 etiam
1279 1122 1341 1142 cum
1354 1115 1481 1143 ascendis
1500 1116 1526 1142 in
1546 1121 1677 1148 montem,
1694 1117 1719 1143 lll
1734 1123 1776 1144 cst

983 1168 1051 1187 vana
1069 1160 1165 1195 gloria,
1186 1166 1213 1187 et
1231 1160 1318 1194 tuajor
1336 1169 1414 1188 soror
1429 1161 1487 1197 ejus
1504 1162 1643 1196 superbia.
1659 1162 1724 1190 Vide
1742 1171 1776 1189 ne

984 1206 1042 1233 ista:
1059 1206 1119 1232 lilia:
1137 1212 1163 1233 te
1183 1207 1299 1241 sopitum
1323 1215 1355 1234 ac
1370 1207 1565 1239 dormientem,
1580 1209 1643 1235 dum
1659 1209 1706 1235 tibi
1725 1217 1775 1236 nec.

983 1254 1084 1280 sentire
1107 1252 1156 1280 nec
1183 1253 1336 1288 intelligere
1354 1254 1454 1281 videris
1471 1273 1478 1285 ,
1504 1254 1693 1288 complexibus
1718 1256 1775 1282 suis

982 1298 1129 1333 stringant.
1145 1298 1210 1331 Qua:
1228 1298 1330 1325 idcirco
1348 1297 1409 1325 tiliae
1423 1298 1561 1331 dicuntur,
1582 1299 1645 1333 quia
1661 1307 1713 1326 non
1726 1307 1775 1326 no-

981 1344 1024 1371 bis
1044 1344 1215 1371 extrinsecus
1239 1344 1445 1378 superveniunt,
1471 1345 1518 1371 sed
1545 1344 1578 1371 de
1595 1345 1675 1372 nobis
1689 1351 1717 1372 et
1742 1347 1775 1372 de

981 1397 1091 1419 actuum
1109 1396 1263 1419 nostrorum
1288 1391 1485 1426 velutquadam
1505 1392 1660 1427 integritate
1677 1400 1773 1428 proce-

982 1437 1059 1464 dunt.
1075 1437 1163 1472 Vigila
1177 1444 1242 1472 ergo
1260 1442 1391 1472 quanlutu
1407 1444 1495 1472 potes,
1512 1443 1541 1465 et
1554 1438 1667 1465 observa
1685 1446 1719 1466 ne
1742 1441 1774 1466 de

981 1482 1023 1508 his
1036 1489 1150 1517 generes
1165 1482 1251 1516 ﬁlios;
1270 1482 1332 1516 quia
1348 1482 1392 1516 qui
1409 1482 1441 1509 dc
1457 1482 1499 1509 his
1516 1483 1572 1509 nati
1591 1483 1703 1516 fuerint,
1720 1492 1771 1511 nou

983 1527 1133 1554 iutroibunt
1156 1528 1181 1554 in
1203 1527 1352 1554 Ecclesiam
1376 1527 1493 1555 Domini.
1513 1528 1552 1555 Tu
1573 1533 1676 1561 autem,
1693 1530 1715 1556 si
1733 1530 1774 1556 vis

983 1581 1125 1608 generare,
1142 1574 1169 1601 in
1183 1574 1280 1608 spiritu
1296 1581 1396 1609 genera
1407 1594 1415 1605 ,
1430 1575 1560 1608 quoniam
1576 1577 1621 1610 qui
1635 1576 1662 1603 iu
1678 1577 1772 1610 spiritu

983 1621 1111 1651 sentiunt,
1134 1621 1166 1646 de
1180 1620 1277 1654 spiritu
1300 1624 1376 1646 metet
1394 1620 1474 1646 vitam
1492 1625 1618 1647 (uernam
1633 1622 1667 1647 ⁷⁵.
1685 1622 1712 1649 Si
1732 1623 1774 1648 vis

983 1666 1131 1701 amplecti,
1157 1666 1327 1700 amplectere
1356 1667 1515 1701 sapientiam
1547 1670 1574 1694 et
1595 1668 1637 1694 dic
1664 1668 1772 1703 sapien—

984 1713 1046 1738 tiam
1070 1719 1191 1739 sororem
1213 1715 1287 1738 tuant
1309 1720 1380 1745 esse,
1394 1718 1424 1739 ut
1446 1718 1471 1739 et
1497 1712 1635 1747 Sapientia
1650 1714 1722 1740 dicat
1738 1715 1772 1741 de

983 1763 1008 1785 te
1019 1758 1059 1784 7°:
1077 1758 1127 1790 Qui
1142 1758 1230 1792 fecerit
1247 1758 1407 1785 voluntatem
1421 1757 1511 1785 Patris
1528 1767 1576 1785 met
1592 1760 1636 1793 qui
1654 1760 1680 1785 in
1699 1760 1771 1786 malis

982 1809 1030 1834 est,
1045 1804 1086 1830 hic
1105 1811 1177 1829 meus
1192 1807 1216 1829 et
1236 1802 1330 1837 frater,
1348 1809 1371 1830 et
1395 1811 1480 1834 soror,
1496 1809 1519 1830 et
1538 1810 1622 1830 mater
1637 1810 1683 1831 est.
1706 1806 1772 1838 Qum

982 1850 1115 1885 sapientia
1139 1848 1217 1876 .lcsus
1239 1848 1364 1876 Christus
1385 1848 1515 1877 Dominus
1537 1855 1631 1877 noster
1651 1856 1703 1884 est,
1727 1853 1771 1879 cui

982 1901 1022 1923 est
1050 1895 1135 1930 gloria
1166 1900 1196 1922 et
1226 1895 1370 1929 ituperiutn
1404 1895 1431 1921 in
1462 1895 1561 1922 saecula
1596 1897 1770 1924 sate-olorum.

981 1942 1080 1969 Amen.

1269 1995 1410 2023 llOMlLlA
1434 1995 1479 2023 Vl.

981 2055 1019 2082 De
1039 2053 1186 2082 Abimelech
1211 2061 1270 2084 reqe
1283 2052 1507 2079 Philiathinarum
1521 2072 1528 2084 ,
1542 2054 1672 2087 quomodo
1698 2056 1769 2081 acci—

1050 2098 1109 2124 pere
1126 2088 1208 2115 voluit
1230 2088 1326 2115 Suram
1346 2088 1373 2114 in
1397 2089 1594 2115 matrimonium
1612 2089 1679 2124 (28).

1014 2135 1139 2162 Recitata
1162 2138 1203 2161 est
1228 2133 1307 2160 ttohis
1329 2133 1441 2160 historia
1466 2133 1526 2160 libri
1547 2134 1700 2166 Geneseos,
1723 2135 1767 2161 ubi

982 2182 1099 2210 refertur
1119 2180 1189 2215 quod
1213 2185 1274 2215 post
1287 2179 1417 2206 visionem
1443 2179 1523 2206 triutn
1548 2179 1689 2211 virorum,
1710 2185 1770 2212 post

944 2220 964 2245 Ῐ)
978 2226 1148 2255 eversionem
1174 2224 1369 2257 Sodomorum,
1392 2229 1419 2251 et
1444 2223 1493 2250 Lot
1513 2224 1554 2250 vel
1577 2224 1768 2257 hospitalitatis

978 2272 1075 2299 merito
1094 2271 1136 2298 vel
1160 2270 1405 2304 consanguinitatis
1426 2270 1542 2297 Abraha:
1563 2270 1649 2305 gratia
1673 2277 1768 2297 serva-

975 2323 1033 2345 tttm
1046 2339 1053 2350 ,
1066 2317 1198 2353 profectus
1211 2322 1261 2349 est,
1283 2316 1370 2351 inquit
1386 2316 1421 2347 "",
1447 2316 1508 2342 inde
1530 2316 1662 2343 Abraham
1679 2317 1713 2343 ad
1733 2317 1768 2343 Λ-

975 2366 1106 2398 ιιΙινὶειιηι,
1128 2367 1156 2391 et
1179 2363 1253 2390 venit
1276 2363 1310 2389 ad
1337 2370 1428 2397 regem
1450 2363 1687 2390 l’hilisthinorum.
1712 2362 1766 2389 lle-

978 2411 1065 2438 l‘ertur
1092 2411 1175 2437 etiam
1203 2409 1275 2443 qttod
1306 2413 1401 2443 pactus
1428 2408 1465 2435 sit
1494 2416 1555 2435 cum
1586 2408 1654 2435 Sara
1681 2416 1766 2435 uxore

977 2461 1079 2488 sua,ut
1100 2463 1152 2483 non
1176 2455 1279 2482 diceret
1302 2462 1413 2481 uxorem
1439 2462 1468 2481 se
1490 2454 1624 2486 Abrahm,
1648 2454 1695 2481 sed
1721 2461 1766 2481 so—

977 2510 1065 2530 rorem
1086 2502 1144 2536 ejus
1164 2508 1238 2534 esse;
1261 2505 1288 2528 et
1308 2501 1379 2536 qttod
1403 2508 1449 2527 rex
1471 2500 1629 2528 Abimelech
1653 2508 1765 2535 aecepe-

978 2550 1013 2576 rit.
1030 2556 1100 2582 eam,
1124 2548 1265 2582 ingressus
1287 2548 1324 2575 sit
1344 2551 1434 2574 autem
1457 2547 1527 2574 Deus
1548 2547 1582 2573 ad
1605 2547 1764 2574 Abimelech

981 2617 1062 2637 χχιιι.
1100 2607 1124 2623 ⁷⁸
1135 2608 1212 2635 Deut.
1225 2614 1304 2638 xxttt,
1319 2607 1346 2634 5.
1376 2606 1399 2621 ”
1412 2605 1503 2634 Galat.
1516 2613 1555 2638 Vl,
1568 2605 1593 2633 8.
1632 2606 1655 2621 ”
1667 2605 1761 2632 Matth.

977 2690 1067 2718 clesite
1093 2689 1168 2716 aditu
1191 2693 1320 2715 arcentur
1339 2687 1502 2714 Anunoniue
1524 2691 1550 2713 et
1573 2687 1707 2713 Moabitae.

1014 2725 1071 2758 (98)
1095 2724 1185 2751 Codex
1212 2725 1242 2751 S.
1269 2722 1451 2758 Theodorici:
1487 2722 1523 2749 De
1541 2723 1763 2758 peregrinatione

976 2760 1089 2786 Abrahae
1102 2759 1172 2792 apud
1190 2766 1274 2793 regem
1290 2757 1520 2784 Phtlisthinorttm.
1534 2757 1625 2793 codex
1642 2757 1762 2793 Sangerf

976 2796 1134 2821 tuauensis:
1161 2794 1196 2819 De
1214 2791 1244 2820 eo
1263 2793 1334 2827 quod
1354 2792 1486 2818 Abraham
1510 2792 1641 2827 profectus
1667 2791 1701 2816 sit
1727 2791 1762 2817 ad

976 2838 1061 2863 regem
1080 2826 1310 2860 l'hilisthinoram,
1328 2833 1352 2855 et
1375 2829 1445 2862 quod
1470 2828 1575 2860 ﬁnxerit
1601 2826 1699 2854 Sat-am
1719 2833 1763 2851 δι)-

976 2873 1060 2892 rorem
1085 2872 1160 2891 suam
1181 2872 1247 2891 88³8.
