4050 6142
534 237 638 296 195

1999 229 2322 287 ORIGENIS

3658 237 3762 294 196

529 362 710 415 noctu,
759 363 811 406 et
861 351 1054 404 dixerit
1107 350 1155 405 ei
1194 350 1280 406 ἐς
1343 350 1482 417 Quia
1519 368 1619 405 non
1669 351 1960 419 contigisti,
2009 353 2098 404 in-
2127 357 2174 415 Α
2201 367 2306 404 non
2341 359 2398 405 ιιι
2430 366 2652 405 uxorem
2676 351 2816 406 intra
2835 351 3105 420 gremium
3140 351 3548 420 concludamus,
3581 357 3676 409 sed
3712 366 3771 409 ut

525 445 674 512 quit,
715 437 982 496 mulierem
1017 444 1193 495 hanc:
1233 452 1281 495 et
1331 460 1434 496 non
1464 445 1680 512 permisi
1719 453 1770 497 te
1797 445 2096 512 contingere

523 551 660 598 eam,
697 544 801 590 etc.
845 533 972 588 Post
1015 534 1130 588 haec
1173 550 1300 589 vero
1344 536 1662 590 Aliimelech
1711 537 1937 590 reddidit
1977 553 2095 591 eam

523 626 640 677 viro
702 638 828 682 suo,
851 622 1010 676 simul
1071 631 1126 676 et
1191 623 1490 694 increpavit
1543 625 1862 689 Abraham,
1908 641 2004 678 cur
2045 625 2095 678 ei

524 731 629 770 non
688 714 974 770 confessus
1037 715 1198 769 fuerit
1262 716 1574 771 veritatem.
1633 715 1884 770 Refertur
1933 719 2093 771 etiam

520 807 660 875 quod
732 816 990 876 tanquam
1052 807 1316 877 prepheta
1367 809 1644 862 Abraham
1703 809 1942 863 oraverit
2000 823 2095 875 pro

520 899 857 961 Abimelech,
896 910 950 952 et
996 915 1189 964 uxore,
1217 910 1271 954 et
1300 900 1514 954 ancillis
1559 900 1695 969 ejus,
1725 909 1780 955 et
1819 901 2095 954 sanaverit

519 992 776 1046 DOlllillllS
819 991 1163 1054 Abimelech,
1211 1002 1265 1046 et
1309 1007 1535 1046 uxorem
1577 991 1726 1058 eius,
1771 1002 1824 1047 et
1869 993 2094 1046 ancillas

516 1081 654 1149 ejus.
705 1083 771 1136 Et
818 1099 916 1137 cur
960 1098 1104 1137 cura:
1139 1083 1238 1137 fuit
1273 1084 1630 1152 omnipotenti
1679 1084 1806 1146 Deo,
1846 1095 1899 1136 ut
1929 1087 2090 1138 etiam

518 1175 740 1227 ancillas
783 1175 1099 1230 Abimelech
1142 1175 1399 1230 sanaret?
1427 1177 1691 1238 Quoniam
1731 1178 1937 1244 quidem
1968 1193 2092 1229 ron-

514 1266 727 1320 cludens
773 1269 1126 1335 concluserat,
1172 1269 1345 1336 inquit
1375 1269 1441 1331 7’,
1476 1267 1654 1321 vulvas
1695 1285 1875 1320 eorum
1907 1285 1968 1321 ne
1997 1285 2092 1332 pa-

515 1367 709 1410 rerent.
758 1355 1052 1426 Coeperunt
1099 1371 1280 1413 autem
1309 1374 1499 1426 parcre
1546 1368 1753 1428 propter
1789 1360 2088 1413 orationem

513 1448 766 1502 Abrahzn.
834 1447 889 1503 Si
939 1450 1060 1517 quis
1109 1452 1224 1504 haec
1281 1450 1582 1504 secundum
1636 1451 1868 1504 litteram
1916 1451 2089 1504 solum

513 1540 701 1592 audire
731 1539 842 1594 vult
867 1550 920 1594 et
960 1542 1278 1609 intelligere,
1321 1544 1491 1612 magis
1538 1559 1659 1596 cum
1705 1541 1903 1596 ludatis
1926 1557 2088 1610 quam

513 1644 634 1682 cum
677 1629 1013 1686 Christianis
1066 1632 1224 1686 debet
1262 1631 1463 1687 habere
1505 1633 1856 1687 auditorium.
1898 1633 1954 1688 Si
1994 1650 2092 1686 au-

2198 458 2445 497 sororem
2481 444 2644 496 etiam
2679 443 2802 498 aliis
2835 444 3140 498 volentibus
3177 444 3514 512 copulemus.
3549 445 3631 499 Ad
3669 447 3770 501 hos

2197 524 2429 602 denique
2457 532 2547 601 qui
2593 530 2815 598 perfecti
2865 541 3015 598 sunt,
3059 532 3193 587 dicit
3229 546 3411 586 sermo
3445 533 3722 588 divinus“
3748 545 3770 588 :

2196 618 2294 672 Dic
2318 621 2631 687 sapientiam
2662 637 2896 675 sororem
2936 629 3081 674 tuam
3107 637 3240 676 esse.
3291 623 3603 676 Secundum
3661 626 3766 679 hoc

2197 712 2360 782 igitur
2381 713 2654 767 Abraham
2683 712 2875 767 Saram
2919 714 3138 767 dicebat
3166 729 3407 768 sororem
3435 727 3588 768 suam
3621 728 3768 772 esse.

2193 801 2614 873 Perm‘ttitergo
2640 803 2792 872 quasi
2832 803 2943 873 jam
2991 804 3286 875 perfectus,
3323 813 3381 858 ut
3411 806 3502 874 qui
3537 805 3646 860 vult
3673 808 3774 861 hs-

2193 896 2318 951 beat
2339 896 2610 949 virtutem.

2261 988 2316 1042 ‘2.
2353 987 2533 1040 Voluit
2579 995 2761 1042 tamen
2816 987 3110 1057 aliquando
3162 998 3217 1042 et
3257 989 3470 1043 Pharao
3519 991 3772 1058 accipere

2194 1075 2412 1140 Suram,
2443 1078 2535 1132 sed
2584 1092 2689 1132 non
2743 1077 2797 1132 in
2835 1079 3034 1132 mundo
3075 1079 3238 1134 corde
3282 1079 3485 1146 voluit,
3519 1090 3572 1134 et
3595 1081 3770 1135 virtus

2193 1169 2294 1223 nisi
2345 1185 2465 1224 cum
2520 1170 2700 1225 cordis
2745 1170 3036 1236 munditia,
3064 1186 3170 1225 non
3219 1181 3398 1241 patest
3444 1174 3765 1230 convenire.

2191 1261 2478 1330 Propterea
2507 1276 2638 1331 ergo
2666 1262 2948 1330 Scriptura
2977 1262 3145 1316 refert
3167 1263 3234 1326 ³⁸,
3282 1265 3406 1330 quia
3435 1264 3618 1333 aﬂlixit
3648 1263 3766 1316 Do-

2190 1355 2363 1409 minus
2391 1353 2726 1408 Pharaonem
2766 1354 3133 1422 aﬂiictionibus
3178 1356 3382 1425 magnis
3413 1365 3461 1408 et
3499 1356 3764 1423 pessimis.

2192 1449 2302 1504 Nec
2351 1449 2495 1504 enim
2557 1457 2770 1518 poterat
2827 1463 2951 1502 cum
3005 1449 3426 1502 exterminalore
3453 1449 3566 1516 (51)
3621 1449 3764 1517 (hoc

2190 1541 2334 1596 enim
2391 1541 2780 1610 interpretatur
2809 1541 2862 1596 in
2891 1542 3074 1611 lingua
3106 1551 3294 1594 nostra
3319 1540 3558 1608 Pharao)
3591 1541 3768 1596 virtus

2190 1633 2456 1688 habitare.
2490 1633 2804 1687 Abimclech
2826 1647 2956 1687 vero
2982 1633 3111 1701 quid
3145 1631 3346 1686 dixerit
3376 1631 3445 1685 ad
3477 1631 3760 1685 Dominum

513 1728 618 1773 tem
647 1720 761 1774 vult
785 1721 1132 1776 Christianus
1173 1737 1296 1778 esse
1321 1732 1377 1778 et
1424 1723 1570 1776 Pauli
1620 1723 1945 1792 discipulus,
1990 1739 2086 1775 au-
2116 1736 2156 1790 Β
2188 1723 2482 1777 videamus.
2515 1722 2591 1776 Tu
2617 1723 2738 1784 scis,
2781 1723 2956 1791 inquit
2983 1723 3052 1786 °°,
3085 1721 3329 1788 Domine,
3362 1724 3490 1792 quia
3518 1724 3572 1776 in
3605 1728 3765 1779 corde

511 1811 626 1866 diat
661 1828 783 1868 eum
842 1815 1106 1868 dicentem
1142 1816 1186 1846 "°
1215 1855 1230 1879 ,
1291 1818 1416 1886 quia
1447 1817 1530 1870 lea:
1577 1817 1830 1877 spiritalis
1869 1825 1967 1870 est.
2020 1817 2083 1871 Et

511 1917 635 1956 cum
678 1904 745 1956 de
791 1904 1061 1958 Abraham
1123 1917 1286 1974 atque
1333 1923 1503 1961 uxore
1551 1907 1672 1976 ejus
1715 1923 1778 1960 ac
1835 1908 1958 1962 liliis
2001 1909 2079 1962 lo-

510 2000 808 2058 queretur,
859 1995 1172 2061 pronuntiat
1225 1996 1336 2049 haec
1383 2009 1504 2049 esse
1551 1996 1837 2066 allegorica
1883 1999 1953 2054 ⁸¹.
2021 1999 2084 2052 Ει

510 2081 638 2138 licet
703 2083 999 2152 cujusmodi
1066 2085 1349 2155 allegorias
1418 2087 1617 2140 habere
1644 2088 1874 2142 debeant
1929 2089 2077 2157 (29),

510 2171 656 2227 haud
703 2173 860 2228 facile
898 2174 1020 2243 quis
1085 2185 1331 2230 nostrum
1382 2176 1625 2231 invenire
1669 2181 1874 2245 possit,
1919 2197 2078 2234 orare

511 2273 690 2319 tamen
734 2265 892 2320 debet
933 2276 991 2319 ut
1039 2282 1068 2319 a
1113 2268 1278 2322 corde
1324 2266 1441 2334 ejus
1489 2268 1773 2324 auferatur
1815 2270 2076 2335 velamen,

507 2357 554 2410 si
600 2358 724 2425 quis
769 2368 852 2412 est
895 2359 984 2426 qui
1043 2370 1271 2413 conetur
1329 2360 1571 2414 converti
1631 2363 1698 2414 ad
1748 2361 2076 2428 Dominum;

505 2447 765 2502 Dominus
805 2450 948 2502 enim
992 2452 1206 2518 spiritus
1235 2460 1308 2503 est
1334 2449 1422 2514 ";
1474 2461 1532 2504 ut
1576 2452 1688 2520 ipse
1734 2454 1944 2507 auferat
1991 2471 2080 2510 ve-

504 2539 684 2593 lamen
733 2541 944 2605 litterae,
997 2553 1050 2594 et
1091 2542 1299 2611 aperiat
1349 2541 1521 2595 lucem
1567 2544 1812 2610 spiritus,
1857 2555 1910 2598 et
1956 2561 2079 2615 pos-

504 2634 678 2688 simus
711 2634 894 2688 dicere
922 2635 988 2698 ⁸³,
1033 2635 1156 2704 quia
1197 2635 1425 2688 revelata
1463 2635 1598 2704 [acie
1625 2635 1846 2705 gloriam
1895 2637 2075 2691 Domi.

506 2725 561 2778 ni
595 2725 943 2794 speculantes,
985 2726 1040 2778 in
1083 2732 1267 2778 eadem
1299 2726 1525 2794 imagine
1570 2727 2014 2792 transformamur
2043 2745 2075 2780 a

505 2816 676 2886 gloria
718 2817 770 2869 in
805 2817 1029 2885 gloriam
1073 2826 1321 2883 tanquam
1368 2833 1400 2868 a
1434 2816 1644 2870 Domini
1665 2817 1893 2884 Spiritu.
1940 2817 2074 2871 Puto

504 2921 636 2976 ergo
681 2904 896 2968 Saram,
947 2921 1064 2974 quae
1121 2906 1509 2972 interpretatur
1549 2906 1790 2973 princeps
1835 2904 1947 2974 (5U)
1990 2904 2074 2958 vel

503 2999 852 3066 principatum
902 3014 1082 3067 agens.
1133 2997 1364 3050 formant
1437 3009 1620 3050 tenere
1664 2997 1885 3068 ἀρετῆς,
1932 2997 2073 3066 quod

503 3098 588 3143 est
609 3089 778 3142 animi
819 3089 1011 3145 virtus.
1052 3087 1176 3142 lltcc
1200 3104 1330 3156 ergo
1359 3089 1531 3141 virtus
1559 3087 1845 3154 conjuncta
1893 3099 1978 3142 est
2025 3100 2078 3142 et

505 3183 742 3234 cohaeret
791 3179 1020 3250 sapienti
1070 3189 1126 3235 et
1171 3179 1310 3234 lideli
1365 3180 1519 3243 viro,
1559 3179 1703 3232 sicut
1747 3188 1801 3232 et
1841 3174 1930 3234 ille
1985 3197 2076 3233 sa-

502 3273 676 3340 piens,
713 3273 804 3342 qui
832 3274 1046 3328 dicebat
1071 3275 1138 3326 de
1181 3272 1445 3340 sapientia
1471 3272 1538 3325 ⁸³ε
1566 3270 1718 3325 Hanc
1741 3273 1958 3342 quwsivi
1983 3273 2078 3325 ad-

502 3365 688 3418 ducere
732 3381 982 3432 sponsam
1014 3365 1162 3418 mihi.
1208 3363 1331 3418 Ideo
1373 3378 1502 3432 ergo
1547 3363 1746 3417 dicitur
1788 3379 1817 3416 a
1859 3362 1969 3417 Deo
2010 3364 2076 3417 ad

499 3459 775 3514 Abraham
804 3459 854 3490 ⁸⁸
889 3474 905 3513 :
961 3458 1151 3512 Omnta
1199 3473 1518 3528 quaecunque
1563 3456 1755 3509 dixerit
1793 3456 1883 3509 tibi
1911 3457 2075 3518 Sara,

502 3551 634 3604 audi
684 3566 859 3604 uocem
909 3549 1044 3618 ejus.
1098 3549 1246 3615 Quod
1296 3549 1482 3615 utique
1527 3548 1581 3600 in
1627 3547 1897 3615 corporali
1947 3563 2075 3601 con-

495 3641 646 3713 jugio
727 3658 834 3696 non
906 3641 1179 3695 convenit.
1250 3638 1462 3692 Dictum
1525 3648 1609 3693 cst
1676 3639 1914 3708 quippe,
1969 3638 2074 3707 77

498 3752 624 3791 cum
666 3735 922 3792 divinitus
953 3735 1158 3807 prolata
1207 3733 1277 3790 sit
1318 3734 1405 3788 illa
1457 3733 1762 3799 sententia,
1820 3745 1938 3802 qua:
1990 3731 2074 3784 di-

505 3828 583 3882 cit
629 3829 694 3883 ad
751 3827 1030 3882 mulierem
1089 3828 1154 3882 de
1195 3827 1316 3881 viro
1363 3825 1410 3856 ⁸⁶
1439 3843 1452 3878 :
1486 3826 1566 3878 Ad
1597 3827 1764 3894 ipsum
1809 3823 2073 3878 conversio

499 3933 616 3984 tua,
647 3932 694 3976 et
720 3922 831 3989 ipse
872 3920 1355 3974 tuidominabitur.
1384 3917 1441 3972 Si
1487 3932 1618 3987 ergo
1651 3913 1911 3968 dominus
1953 3930 2075 3969 esse

501 4013 701 4067 dicitur
726 4013 809 4064 vir
837 4009 1103 4074 mulieris,
1139 4011 1412 4079 quomodo
1460 4024 1590 4074 ergo
1640 4007 1834 4060 iterum
1864 4005 2074 4060 dicere-

502 4116 591 4159 tur
637 4105 702 4158 ad
751 4105 928 4156 virum
983 4104 1073 4156 ⁸⁷ε
1133 4102 1328 4156 Omnia
1376 4113 1697 4168 quu'cuuque
1747 4097 1937 4150 dixerit
1981 4097 2073 4148 tibi

499 4197 659 4263 Sara,
687 4197 812 4248 audi
839 4211 1010 4248 uocem
1039 4195 1151 4261 eius
1180 4194 1274 4252 ?Si
1333 4195 1459 4260 quis
1481 4207 1612 4260 ergo
1645 4189 1843 4243 ascivit
1874 4189 1974 4243 sibi
2014 4188 2068 4241 in

499 4291 801 4360 conjugiqu
833 4288 1111 4350 virtutem,
1143 4286 1328 4338 audiat
1352 4299 1534 4337 vocem
1571 4281 1691 4349 ejus
1721 4281 1772 4334 in
1814 4280 2068 4333 omnibus

501 4383 555 4436 in
585 4384 783 4450 quibus
806 4379 1094 4435 consilium
1119 4379 1330 4433 dederit
1358 4377 1430 4430 ei.
1455 4376 1621 4446 igitur
1660 4375 1934 4428 Abraham
1967 4389 2068 4428 non

2186 1815 2382 1867 mundo
2430 1815 2530 1883 feci
2561 1816 2676 1867 hac.
2729 1814 2908 1884 Longe
2946 1812 3106 1868 aliter
3141 1815 3252 1883 agit
3304 1813 3614 1869 Abimelech
3659 1814 3765 1870 iste

2183 1922 2347 1975 quam
2389 1907 2618 1962 Pharao.
2651 1904 2766 1959 Non
2805 1914 2888 1960 est
2942 1905 3013 1958 ita
3048 1904 3332 1972 imperitus
3380 1914 3434 1959 et
3486 1906 3761 1970 sordidus,

2183 2001 2278 2054 sed
2317 2001 2421 2054 scit
2447 1999 2573 2068 quia
2598 2014 2695 2053 cor
2734 1999 2988 2053 mundum
3020 1999 3180 2054 debet
3210 2013 3520 2067 praeparare
3548 1999 3761 2052 virtuti.

2183 2092 2250 2146 Et
2271 2092 2397 2160 quia
2449 2106 2586 2161 puro
2617 2079 2786 2146 corde
2811 2091 2980 2145 voluit
3032 2089 3316 2158 suscipere
3362 2090 3641 2154 virtutem,
3676 2089 3764 2143 id-

2181 2185 2328 2240 circo
2359 2199 2484 2238 eum
2516 2183 2658 2239 Deus
2677 2193 2858 2246 sanat,
2883 2193 3071 2237 orante
3104 2197 3202 2250 pro
3229 2181 3346 2251 ipso
3374 2181 3671 2236 Abraham.
3692 2183 3761 2235 Et

2181 2292 2286 2332 non
2333 2275 2504 2330 solum
2549 2275 2744 2344 ipsum,
2781 2275 2874 2328 sed
2920 2283 2973 2328 et
2999 2274 3224 2327 ancillas
3255 2275 3373 2339 ejus
3411 2281 3588 2327 sanat.
3615 2272 3756 2338 Quid

2180 2373 2361 2420 autem
2390 2374 2473 2419 est
2501 2364 2643 2433 quod
2675 2363 2941 2432 adjecerit
2972 2362 3258 2431 Scriptura
3288 2363 3356 2426 οι,
3385 2373 3433 2416 et
3465 2361 3751 2428 Dominus,

2183 2455 2380 2524 inquit,
2413 2472 2518 2509 non
2548 2455 2783 2524 permisit
2807 2455 2854 2507 ei
2888 2455 3188 2522 contingere
3212 2455 3360 2506 illaut
3394 2454 3420 2507 ?
3453 2451 3507 2508 Si
3537 2453 3759 2508 virtutis

2181 2546 2407 2600 formam
2459 2554 2602 2600 tenet
2645 2545 2802 2609 Sara,
2849 2556 2903 2600 et
2935 2547 2987 2600 in
3021 2546 3187 2600 corde
3219 2545 3419 2598 mundo
3444 2545 3758 2598 Abimelcclt

2180 2639 2348 2692 voluit
2371 2637 2618 2705 accipere
2665 2637 2943 2702 virtutem,
2980 2637 3107 2706 quid
3132 2645 3215 2690 est
3240 2636 3382 2705 quod
3403 2635 3603 2691 dicitur
3627 2637 3757 2704 quia

2183 2733 2437 2785 Dominus
2475 2746 2578 2784 non
2612 2730 2856 2798 permisit
2895 2745 3019 2783 eum
3049 2730 3363 2796 contingere
3395 2728 3546 2781 illam
3575 2729 3598 2780 ?
3627 2729 3757 2782 Abi-

2180 2823 2384 2877 Inelech
2422 2823 2810 2889 interpretatur
2851 2832 2999 2888 pater
3039 2836 3180 2872 meus
3213 2834 3307 2872 rex
3332 2813 3472 2888 (52).
3498 2814 3564 2871 Et
3605 2818 3756 2872 vide-

2179 2925 2267 2971 tur
2302 2932 2430 2987 ergo
2466 2916 2758 2983 mihiquod
2804 2917 2891 2968 hic
2937 2915 3252 2970 Abimelech
3301 2915 3534 2969 formam
3566 2923 3756 2969 teneat

2181 3008 2544 3064 studiosorum
2579 3015 2629 3062 et
2664 3009 2966 3075 sapientum
3017 3007 3222 3070 saeculi,
3261 3007 3352 3075 qui
3402 3007 3756 3075 philosophia

2128 3068 2149 3126 ἶ
2185 3115 2406 3168 operam
2439 3101 2646 3160 dantes,
2681 3097 2806 3151 licet
2829 3113 2936 3151 non
2968 3098 3234 3166 integram
3263 3108 3317 3150 et
3343 3096 3637 3166 perfectam
3668 3113 3755 3153 re-

2185 3192 2363 3260 gulam
2411 3190 2626 3259 pietatis
2673 3190 2976 3259 attigerint,
3021 3198 3200 3242 tamen
3252 3200 3542 3243 senserunt
3585 3189 3754 3243 Deum

2185 3297 2390 3352 patrem
2433 3291 2490 3338 et
2517 3297 2694 3352 regem
2729 3297 2849 3336 esse
2870 3282 3132 3341 omnium.
3187 3281 3238 3335 id
3276 3292 3358 3335 est
3388 3283 3477 3350 qui
3509 3281 3757 3351 genuerit

2184 3384 2239 3428 et
2271 3383 2423 3442 regat
2449 3373 2726 3432 universa.
2745 3372 2835 3427 Isti
2859 3389 3014 3440 ergo,
3045 3383 3305 3440 quantum
3332 3372 3398 3426 ad
3425 3374 3680 3438 ethicam,
3703 3374 3754 3428 id

2183 3475 2266 3520 est
2292 3463 2546 3519 moralem
2575 3463 2969 3534 philosophiam
3027 3472 3272 3531 spectat,
3319 3465 3479 3519 etiam
3531 3465 3754 3534 puritati

2183 3557 2362 3611 cordis
2386 3570 2604 3624 operam
2641 3555 2854 3610 dedisse
2907 3554 3251 3623 aliquatenus
3310 3556 3750 3625 comprobantur,

2185 3655 2236 3700 et
2263 3650 2407 3702 omni
2439 3647 2618 3702 animo
2669 3648 2926 3716 omnique
2974 3647 3153 3701 studio
3207 3647 3399 3701 divinae
3422 3648 3636 3702 virtutis
3667 3647 3755 3701 in-

2183 3739 2530 3808 spirationem
2563 3739 2864 3807 qmesiisse.
2899 3738 3005 3794 Sed
3039 3740 3180 3794 hanc
3210 3754 3314 3792 non
3345 3738 3593 3807 permisit
3615 3739 3756 3793 Deus

2183 3832 2500 3900 contingere
2522 3829 2778 3886 eos.lla:c
2806 3832 2952 3886 enim
2982 3831 3157 3902 gratia
3183 3845 3287 3884 non
3321 3843 3417 3898 per
3455 3828 3751 3894 Abraham,

2181 3922 2273 3990 qui
2307 3922 2557 3989 quamvis
2591 3931 2740 3977 esset
2790 3937 3048 3991 magnus,
3099 3922 3336 3976 famulus
3393 3929 3570 3973 tamen
3614 3929 3755 3985 erat,

2181 4011 2275 4065 sed
2304 4027 2398 4080 per
2419 4010 2692 4066 Christum
2731 4013 2980 4079 gentibus
3019 4013 3334 4081 parabatur.
3382 4009 3590 4064 Idcirco
3626 4024 3754 4078 ergo

2181 4101 2430 4168 quamvis
2478 4099 2766 4154 festinaret
2819 4101 3092 4154 Abraham
3125 4116 3221 4167 per
3262 4115 3321 4154 se
3345 4109 3401 4153 et
3437 4100 3490 4154 in
3521 4113 3579 4153 se
3626 4099 3755 4153 illud

2184 4192 2418 4261 impleri,
2445 4192 2586 4262 quod
2615 4192 2680 4244 ad
2721 4207 2842 4246 eum
2888 4191 3086 4244 dictum
3124 4190 3294 4254 est”,
3322 4189 3579 4259 quoniam
3605 4190 3752 4244 bene-

2180 4282 2424 4336 dicentur
2448 4283 2502 4337 in
2539 4294 2585 4335 te
2617 4298 2792 4336 omnes
2828 4292 3002 4351 gentes
3023 4322 3039 4346 ,
3071 4291 3250 4336 tamen
3281 4280 3334 4335 in
3355 4282 3500 4336 Isaac
3526 4283 3573 4336 ei
3605 4283 3757 4348 poni-

2187 4382 2272 4428 tur
2298 4373 2666 4444 repromissio,
2703 4373 2753 4426 id
2777 4383 2860 4426 est
2889 4373 2942 4426 in
2971 4371 3187 4428 Christo
3210 4411 3226 4437 ,
3255 4372 3394 4426 sicut
3438 4367 3572 4423 dicit
3604 4370 3720 4436 Apo

496 4472 742 4541 vultjam
793 4469 1046 4524 virtutem
1093 4482 1320 4522 uxorem
1352 4481 1505 4521 suam
1539 4465 1664 4519 dici.
1707 4465 1883 4520 Donec
1925 4465 2069 4518 enim
2105 4465 2146 4519 D
2178 4463 2349 4519 stolus
2377 4463 2422 4494 ”
2453 4479 2465 4514 :
2492 4463 2611 4515 Non
2641 4463 2772 4515 dixit
2810 4481 2828 4512 (
2863 4470 2909 4514 et
2938 4461 3248 4526 seminibus,
3288 4479 3307 4510 ι
3348 4462 3500 4531 quasi
3527 4463 3580 4514 in
3609 4462 3752 4516 mul-

500 4579 640 4617 uxor
668 4561 968 4632 appellatur
1019 4561 1214 4625 virtus,
1259 4558 1474 4626 propria
1525 4567 1630 4622 est,
1673 4565 1728 4610 et
1757 4571 1883 4610 cum
1927 4555 2072 4608 nullo

503 4656 811 4725 participari
847 4663 1046 4724 potest.
1085 4653 1150 4706 Et
1189 4660 1273 4706 est
1305 4649 1661 4714 conveniens,
1695 4657 1754 4702 ut
1803 4649 1976 4701 donec
2001 4647 2071 4699 ad

501 4747 799 4818 perfectum
845 4745 1151 4814 veniamus,
1190 4745 1332 4796 intra
1365 4755 1464 4794 nos
1496 4739 1569 4794 sit
1601 4737 1768 4792 animi
1796 4738 1990 4803 virtus,
2023 4745 2076 4790 et

501 4841 718 4910 pr0pria
747 4840 839 4894 sit.
867 4837 1005 4893 Cum
1053 4849 1185 4891 vero
1215 4835 1282 4889 ad
1315 4833 1614 4905 perfectum
1637 4830 1967 4898 venerimus,
2001 4829 2074 4880 ita

504 4942 563 4988 ut
593 4934 768 4988 idonei
796 4933 967 4988 simus
996 4941 1052 4985 et
1084 4930 1218 4984 alios
1245 4929 1460 4990 docere,
1498 4937 1627 4980 tunc
1646 4924 1761 4994 jam
1797 4923 2072 4985 virtutem,

581 5079 625 5110 ⁷⁸
655 5075 851 5131 Genes.
887 5087 976 5135 xx,
1007 5069 1059 5124 6.
1139 5067 1183 5099 τ’
1216 5064 1370 5125 ibid.,
1401 5063 1486 5116 18.

514 5150 559 5182 3"
581 5129 705 5216 Sap.
742 5144 942 5216 vm,_2.
965 5129 1478 5216 Gen.-‘XXI,_1%.
1554 5132 1600 5164 ⁸⁵
1622 5131 1757 5186 Gen.
1789 5145 1866 5216 ιιι,
1906 5129 1991 5216 1:5;

1597 5061 1644 5092 ⁸ο
1674 5059 1830 5113 Rom.
1870 5073 1969 5118 vn,
2010 5056 2095 5111 11.
2208 5056 2250 5085 '"
2278 5056 2450 5108 Galat.
2474 5067 2548 5114 tv,

1597 5131 1757 5186 ’Gcn.
1789 5145 1866 5187 ιιι,
1906 5129 1991 5182 16.
2104 5125 2148 5160 ⁸⁷
2175 5123 2309 5180 Gen.
2343 5140 2451 5187 xxn,
2482 5122 2565 5174 12.

2179 4555 2278 4616 tis;
2310 4554 2399 4608 sed
2439 4561 2690 4623 tanquam
2724 4553 2779 4605 in
2816 4568 2951 4616 uno,
2994 4571 3012 4603 ι
3044 4562 3091 4605 et
3119 4552 3306 4605 semini
3354 4561 3476 4618 tuo,
3511 4571 3529 4604 ι
3560 4554 3649 4624 qui
3677 4562 3754 4610 est

2179 4645 2428 4702 Christus.
2456 4644 2620 4699 Sanat
2648 4654 2826 4705 tamen
2857 4643 3116 4699 Dominus
3144 4643 3480 4710 Abimelech,
3521 4655 3577 4700 et
3616 4662 3756 4703 uxo-

2180 4752 2297 4792 rem
2331 4736 2470 4806 ejus,
2504 4745 2558 4790 et
2583 4737 2804 4790 ancillas
2831 4735 2968 4804 ejus.

2251 4827 2307 4882 5.
2340 4825 2534 4880 Verum
2579 4838 2686 4877 non
2743 4823 2872 4877 mihi
2920 4823 3134 4876 videtur
3185 4821 3417 4876 otiosum
3451 4820 3595 4890 quod
3644 4833 3751 4872 non

2181 4916 2589 4980 solnmnxoris,
2621 4916 2715 4970 sed
2748 4923 2803 4969 et
2845 4914 3162 4968 ancillarum
3202 4912 3512 4967 Abimelech
3551 4913 3754 4967 mentio

2208 5053 2250 5085 "
2278 5051 2450 5108 Galat.
2474 5067 2548 5114 tv,
2591 5050 2685 5105 24.
2795 5049 2840 5081 ⁸⁸
2870 5053 2919 5104 Il
2947 5050 3074 5106 Cor.
3108 5067 3188 5117 nl,
3220 5052 3307 5108 17.
3418 5053 3465 5086 ⁸³
3500 5053 3654 5117 ibid.,
3682 5055 3770 5109 18.

2668 5121 2714 5152 ⁸⁸
2742 5121 2902 5176 Prov.
2967 5137 3050 5187 ιιι,
3109 5125 3162 5178 4.
3261 5123 3462 5180 "Gen.
3523 5143 3619 5187 xu.
3685 5126 3772 5180 17.

516 5221 560 5252 9°
976 5193 1190 5272 "ibid.,
1222 5209 1275 5262 6.
1349 5193 1394 5238 δ”
1421 5206 1555 5261 Gen.
1588 5218 1752 5260 χχχιι,
1784 5201 1868 5254 18.
1941 5200 1988 5232 ⁹³
2012 5197 2182 5252 Galat.
2212 5210 2293 5258 ιιι,
2319 5193 2405 5247 16.

575 5359 686 5426 (ΞΘ)
717 5355 783 5408 Ει
814 5354 937 5426 licet
966 5325 2069 5426 ειιῘιιξιιιοάὶ.μΙιιεριιςέιιξ,Ιιαρξῖξὶαεςξιξέιιᾷ

2250 5315 2362 5386 (3|)
2399 5304 3236 5387 Cumexterminatore.‘Pharao
3264 5299 3651 5387 exterminator
3683 5295 3766 5350 di-

2182 5379 2326 5445 citur
2345 5379 2384 5436 ἰι
2442 5384 2754 5444 radicem
2777 5379 3054 5440 abstraxit,
3080 5379 3461 5427 exterminavit.

505 5397 1186 5485 διὲῖζέιὲἰὶῐῦὶθῐέὸιιεχ
1263 5397 1628 5485 Belvacensis.
1675 5397 1824 5454 Libri
1891 5405 2072 5448 autem

506 5480 634 5554 {alia
661 5537 676 5558 ,
723 5505 773 5548 et
807 5492 925 5544 licet
963 5487 1050 5557 qui
1083 5480 1360 5561 ejusmodi,
1409 5485 1516 5530 etc.

582 5568 693 5636 (50)
756 5563 1138 5637 interpretatur
1181 5562 1417 5621 princeps
1446 5587 1459 5606 ,

511 5639 860 5709 principatum
886 5638 1066 5686 tenuit.

2259 5436 2374 5526 (59)
2412 5436 2492 5513 ΞΝ
2522 5436 2786 5526 Ηειιῖιιὶἱε
2817 5456 3020 5516 patrem
3041 5436 3048 5440 ’
3068 5455 3246 5507 sonat,
3275 5458 3399 5496 cum
3448 5436 3608 5492 allixo
3642 5441 3764 5526 _’3£~t

1518 5553 1626 5598 etc.
1671 5539 1718 5594 Α
1763 5535 1943 5592 radice
1965 5530 2079 5590 'ﬁtlj

2184 5523 2387 5620 patrem
2413 5559 2580 5596 meum
2603 5557 2621 5606 ;
2652 5523 2774 5620 “3‘77:
2799 5547 2978 5620 autem
3023 5551 3187 5604 regem
3208 5573 3224 5599 ,
3241 5534 3402 5620 unde
3447 5524 3761 5587 Abimelecb

2188 5617 2337 5675 recte
2373 5617 2779 5682 interpretatur,
2802 5617 2950 5678 pater
2987 5622 3125 5659 meus
3156 5619 3270 5659 rex.
