2025 3071
155 134 198 161 197
771 137 805 165 ΙΝ
825 137 946 166 GENESI

997 136 1135 166 HOMILIA
1153 136 1208 165 VII.

1733 136 1783 165 I98

153 197 222 223 facta
236 194 328 227 est,in
346 203 381 223 eo
406 197 530 225 maxime
544 198 617 232 quod
637 198 703 226 dicit
717 199 752 232 ",
763 199 826 234 quia
840 200 943 226 sanauit
960 205 981 230 Α
996 199 1148 234 prctatione
1170 197 1306 231 sustollat,
1322 197 1363 225 sic
1382 197 1464 224 verba
1488 196 1604 232 Spiritus
1627 198 1713 224 sancti
1730 204 1784 225 non

151 249 195 269 ea:
211 240 291 273 Deus,
307 246 331 268 et
341 243 494 275 pariebant.
505 243 677 271 Concluserat
697 246 766 272 enim
779 245 840 271 illas
856 253 887 272 us
899 254 946 279 pa-

156 291 253 315 rerent.
269 287 409 320 Quantum
425 296 570 324 possumus
585 290 612 316 in
631 294 687 317 tam
703 290 856 319 didicilibus
881 291 948 318 locis

152 333 270 365 sentire,
295 337 427 368 putamus
457 342 569 363 uxorem
597 336 755 364 Abimelech
793 337 945 365 naturalem

152 387 234 415 posse
256 379 458 414 philosophiam
486 381 540 408 diei
558 389 567 415 ;
585 382 699 409 ancillas
720 390 785 410 vero
809 383 887 417 ejus,
905 383 947 411 di-

152 433 234 453 versa
257 431 285 453 et
301 433 370 453 vana
397 434 448 461 pro
470 427 603 461 qualitate
627 433 763 456 sectarum
792 435 946 456 commenta

154 472 314 499 dialecticae.
338 472 444 500 Interea
469 473 606 501 Abraham
625 474 759 509 impertiri
770 476 845 510 cupit
863 476 945 503 etiam

153 519 282 553 gentibus
300 518 400 545 donum
424 518 522 546 divina:
545 519 672 552 virtutis,
689 521 736 548 sed
766 522 885 548 nondum
906 526 948 549 est

152 569 263 598 tempus
276 574 291 590 ε
312 565 403 599 priore
422 565 521 600 populo
536 567 658 593 transire
670 567 703 593 ad
722 572 816 602 gentes
831 568 945 603 gratiam

153 610 216 637 Dei.
234 609 302 637 Nam
316 614 344 637 et
359 611 506 645 Apostolus
517 611 550 642 ",
572 611 637 638 licet
655 612 707 639 sub
736 612 788 639 alia
805 613 895 647 specie
919 618 947 641 ct

154 655 208 682 alia
226 655 323 690 ﬁgura.
341 656 406 684 dicit
419 661 508 683 tamen
521 656 657 683 mulierem
670 657 807 690 alligatam
820 666 874 684 esse
884 657 945 692 legi,

154 702 276 736 yuandiu
285 702 325 728 air
335 702 390 736 ejus
404 702 474 730 vivit.
492 701 523 730 Si
545 708 633 729 autem
650 707 770 729 mortuus
793 702 872 737 fuerit
894 704 945 737 vir,

153 749 273 775 solutam
295 757 351 775 esse
364 758 380 775 a
395 748 450 784 lege
464 750 527 781 viri,
549 755 577 776 ut
594 750 653 785 jam
676 758 729 777 non
752 750 785 777 sit
812 750 945 784 adultera,

152 796 176 822 si
190 795 272 830 fuerit
288 803 346 822 tum
358 795 411 822 alio
427 795 496 824 viro.
513 795 625 831 Oportet
645 803 709 831 ergo
732 798 801 825 mori
817 798 890 833 prius
909 797 947 824 le-

153 849 216 876 gem
232 841 383 873 litterae,ut
397 841 434 868 ita
454 842 562 869 demum
580 842 664 869 libera
680 842 736 877 jam
755 844 844 870 anima
864 843 946 878 spiri~

997 245 1096 280 ineptis
1116 249 1144 272 et
1159 244 1279 272 Judaicis
1298 243 1399 270 fabulis
1418 243 1621 275 decoloret,sed
1632 243 1710 277 plena
1733 243 1783 270 ho-

997 294 1123 326 nestatis,
1136 296 1164 320 et
1176 292 1254 326 plena
1273 290 1384 318 virtutis
1405 295 1487 326 atque
1507 290 1633 318 utilitatis
1652 291 1782 325 assignat.

996 339 1122 373 Alioquin
1136 345 1195 373 qum
1208 336 1288 365 nobis
1310 336 1455 364 :edilicatio
1470 337 1522 364 erit
1534 337 1684 371 legentibus
1696 337 1784 363 Abra-

998 385 1059 412 ham
1073 389 1176 411 tantum
1194 382 1386 419 patriarcham,
1403 391 1455 409 non
1473 383 1558 410 solum
1574 383 1715 410 mentitum
1725 389 1786 410 esse

996 429 1152 457 Abimelecb
1171 429 1238 463 regi,
1255 428 1302 456 sed
1319 432 1347 455 et
1368 428 1526 462 pudicitiam
1549 428 1671 463 conjugis
1694 429 1785 463 prodi-

998 475 1089 503 disse?
1102 475 1172 508 Quid
1198 482 1247 502 nos
1273 473 1390 501 :edilicat
1406 474 1471 500 tanti
1487 474 1650 507 patriarchae
1665 482 1745 505 uxor,
1762 475 1784 501 si

998 526 1106 556 putetur
1123 519 1400 548 contaminationibus
1422 519 1543 554 exposita
1561 527 1609 554 per
1636 520 1786 547 conniven-

998 567 1061 593 tiam
1077 566 1227 593 maritalem
1242 566 1255 592 ?
1277 565 1340 592 Hmc
1360 564 1445 591 Judaei
1461 570 1568 598 putent,
1581 569 1609 591 et
1621 565 1643 592 si
1656 565 1703 599 qui
1722 573 1784 592 cum

996 613 1037 640 eis
1049 618 1110 639 sunt
1129 613 1224 639 litterm
1238 611 1330 643 amici,
1347 619 1399 637 non
1417 611 1544 646 spiritus;
1558 618 1607 638 nos
1624 616 1713 638 autem
1730 611 1786 645 spi-

998 659 1119 686 ritalibus
1131 658 1263 693 spiritalia
1276 662 1476 691 comparantes,
1489 661 1516 684 et
1528 662 1588 684 actu
1603 662 1630 684 et
1648 656 1785 684 intellectu

996 704 1134 738 spiritales
1150 703 1298 730 elliciantur
1312 702 1337 729 in
1354 702 1462 729 Christo
1475 701 1538 729 Jesu
1553 701 1667 729 Domino
1679 706 1784 734 nostro,

996 751 1039 777 cui
1056 755 1097 777 est
1111 750 1196 785 gloria
1219 754 1245 777 et
1269 748 1411 783 imperium
1439 749 1464 775 in
1487 748 1584 775 saecula
1609 748 1784 775 smculorum.

996 797 1093 824 Amen.

1280 839 1422 868 HOMILIA
1444 839 1500 867 Vll.

153 887 194 913 tui
206 888 302 918 nubat,
320 891 347 914 et
374 889 436 914 n0vt
461 888 613 915 testamenti
630 889 833 915 matrimonium
849 888 947 916 sortia-
963 885 983 912 Β
1034 888 1070 916 De
1086 888 1222 916 nativitate
1236 887 1358 918 Isaac,et
1369 887 1438 921 quod
1454 896 1470 913 ιι
1482 886 1550 913 lacte
1560 886 1681 921 depulsus
1692 891 1741 913 est.

154 938 213 962 tur.
241 933 298 961 Hoc
327 938 418 960 autem
446 933 472 960 in
488 941 543 968 quo
566 941 638 962 nunc
662 942 765 966 smmis,
784 939 890 970 tempus
904 940 946 962 est

153 980 309 1007 vocationis
321 980 452 1013 gentium,
469 985 496 1007 et
517 981 613 1008 mortis
635 980 711 1014 legis,
731 988 785 1015 quo
800 981 947 1015 possintli-

155 1028 227 1054 herae
244 1027 344 1053 anima:
358 1026 415 1060 jam
440 1026 534 1053 solutae
552 1034 568 1053 ιι
580 1026 637 1060 lege
656 1027 709 1053 viri
733 1034 803 1054 novo
817 1027 877 1054 viro
894 1035 946 1054 tltl-

155 1073 221 1099 bere
236 1071 359 1099 Christo.
376 1071 452 1104 Quod
464 1071 486 1099 si
499 1071 607 1098 edoceri
621 1071 661 1098 vis
670 1072 806 1106 quomodo
818 1071 860 1099 lex
878 1080 947 1098 mor-

154 1122 201 1144 tua
216 1117 261 1149 sit,
280 1117 423 1144 considera
441 1121 469 1144 et
493 1117 555 1144 vide
571 1117 615 1144 ubi
643 1124 716 1144 nunc
742 1117 888 1150 sacrificia,
900 1117 945 1144 ubi

155 1170 227 1189 nunc
248 1162 347 1194 altare,
370 1161 415 1189 ubi
449 1161 590 1197 templum,
605 1162 651 1189 ubi
670 1162 885 1197 puriﬁcationes,
901 1163 945 1189 ubi

154 1207 316 1234 solemnitas
331 1207 453 1235 Pascha.
470 1207 567 1235 Nonne
581 1212 687 1235 mortua
702 1212 744 1236 est
758 1208 786 1235 in
801 1208 844 1236 his
859 1209 947 1236 omni-

155 1255 207 1281 hns
224 1254 267 1281 lex
281 1254 293 1281 2
308 1254 362 1280 Aut
378 1254 399 1280 si
421 1258 535 1288 possunt
559 1253 603 1280 isti
631 1255 711 1281 amici
738 1259 765 1281 et
790 1255 946 1282 defensores

155 1300 275 1332 litterae,
300 1299 456 1326 custodiant
476 1299 593 1326 litteram
609 1299 686 1333 legis.
703 1300 854 1327 Secundum
876 1301 946 1327 hunc

154 1354 224 1381 ergo
240 1346 377 1381 allegoriae
399 1346 531 1378 ordinem,
554 1345 660 1373 Pharao
685 1346 783 1380 quiest
802 1347 880 1373 homo
898 1348 947 1373 im-

155 1393 276 1419 mundus
303 1398 331 1418 et
357 1391 565 1423 exterminator,
579 1391 686 1423 Suram,
711 1392 737 1418 id
759 1396 800 1418 est
818 1393 944 1419 virtutem

154 1439 283 1474 accipere
305 1438 416 1465 omnino
446 1445 497 1463 non
523 1442 642 1472 poterat.
664 1437 750 1464 Porro
777 1438 945 1470 Abimelech,

155 1485 182 1512 id
198 1490 241 1512 est
256 1484 302 1519 qui
329 1485 428 1512 munde
447 1489 474 1510 et
499 1483 685 1518 philosophice
697 1484 815 1517 vivebat,
838 1489 946 1519 poterat

153 1531 267 1567 quidem
285 1530 419 1565 accipere,
440 1530 503 1564 quia
525 1530 550 1556 in
574 1531 657 1557 corde
671 1531 771 1557 mundo
796 1532 944 1564 quaerebat,

155 1578 205 1605 sed
233 1577 353 1604 nondum
381 1581 487 1611 tempus
509 1577 666 1604 advenerat.
688 1577 777 1603 Manet
797 1563 862 1612 ergo
876 1578 944 1611 apud
959 1563 980 1591 (ἶ

155 1623 297 1650 Abraham
325 1623 424 1654 virtus,
451 1627 540 1649 manet
563 1623 589 1649 in
620 1623 838 1655 circumcisione,
861 1625 946 1650 donec

156 1675 265 1704 tempus
280 1669 381 1702 veniat,
396 1674 424 1695 nt
442 1669 468 1695 in
483 1668 591 1696 Christo
617 1669 679 1696 Jesu
708 1669 821 1696 Domino
843 1674 946 1701 nostro,

156 1716 186 1743 in
198 1723 251 1750 quo
261 1715 360 1742 habitat
370 1715 454 1742 omnis
468 1715 602 1750 plenitudo
611 1716 716 1742 deitatis
730 1716 903 1750 corporaliter
912 1716 945 1748 ³⁸,

156 1763 262 1798 integra
287 1765 314 1789 et
338 1761 458 1796 perfecta
485 1761 573 1787 virtus
597 1761 629 1787 ad
656 1761 803 1788 Ecclesium
827 1762 945 1796 gentium

157 1811 287 1835 transeat.
299 1806 376 1834 Tunc
393 1813 458 1841 ergo
469 1811 497 1833 et
511 1806 607 1833 domus
617 1806 785 1838 Abimelech,
802 1812 828 1833 et
843 1806 946 1833 ancilla:

155 1852 302 1887 eius,quas
319 1854 426 1880 sanavit
440 1852 581 1885 Dominus,
600 1852 705 1887 parient
721 1852 849 1878 Ecclesiae
864 1852 943 1878 ﬁlios.

155 1900 214 1927 Hoc
237 1900 310 1927 enim
331 1904 438 1935 tempus
461 1904 512 1932 est,
528 1907 582 1934 quo
609 1899 711 1926 sterilis
733 1900 816 1933 parit.
842 1903 868 1925 et
892 1907 946 1933 quo

154 1946 232 1972 multi
242 1951 305 1972 sunt
318 1945 367 1980 ﬁlii
378 1946 498 1977 desertor,
516 1946 600 1980 magis
628 1954 706 1981 quant
725 1946 782 1981 ejus
794 1954 853 1979 qua:
868 1946 944 1972 habet

154 1993 243 2019 virum
259 1992 293 2019 ’⁷.
308 1992 422 2026 Aperuit
443 1993 514 2019 enim
525 1992 657 2019 Dominus
669 1992 776 2019 vulvam
789 1992 900 2024 sterilis,
917 1997 944 2018 et

153 2037 253 2066 electa
279 2043 322 2066 est
342 2038 467 2070 fecunda,
486 2039 522 2065 ita
539 2043 567 2065 ut
581 2039 667 2073 pariat
679 2044 786 2074 gentem
803 2040 835 2066 de
849 2038 942 2065 semel.

156 2085 212 2112 Sed
225 2089 253 2112 et
264 2085 351 2112 sancti
366 2085 529 2117 clamant,ct
540 2085 680 2112 dicunt":
696 2085 816 2116 Domine,
826 2094 841 2111 a
853 2086 944 2112 timore

154 2136 201 2158 tuo
210 2132 237 2158 in
246 2136 335 2158 ventre
341 2132 515 2165 concepimus,
522 2136 546 2158 et
556 2132 712 2164 peperimus;
723 2132 843 2165 spiritum
850 2131 942 2157 salutth

153 2182 208 2204 tua
227 2178 338 2212 fecimus
352 2186 429 2212 super
442 2182 550 2204 terram.
568 2178 644 2205 Unde
658 2182 684 2204 et
711 2177 808 2204 I’aulus
818 2178 943 2204 similiter

154 2224 272 2252 dicit”:
290 2223 450 2256 Filiolimei,
463 2232 526 2258 quos
541 2224 637 2251 iterum
656 2225 786 2259 parturio,
797 2225 877 2250 donec
890 2224 944 2257 for—
959 2240 982 2268 ι)

153 2276 242 2297 metur
256 2269 377 2298 Christus
397 2271 425 2297 in
442 2271 524 2298 vobis.
541 2270 622 2298 Tales
633 2278 698 2306 ergo
718 2271 833 2305 parturit
847 2271 902 2305 78
917 2276 945 2296 et

155 2318 223 2345 tales
238 2317 309 2344 tilias
323 2322 433 2352 generat
445 2317 534 2344 omnis
553 2317 674 2344 Ecclesia
695 2317 753 2344 Dei.
764 2316 829 2343 Nam
844 2318 887 2350 qui
904 2325 944 2343 se-

153 2363 238 2390 minat
249 2363 277 2390 in
292 2371 380 2395 carne,
395 2363 427 2390 de
439 2371 520 2389 carne
537 2367 561 2390 et
577 2367 653 2389 metet
671 2363 863 2395 corruptionem
876 2362 943 2388 1-Fi-

154 2409 182 2435 lii
193 2414 285 2436 autem
301 2408 414 2444 spiritus
431 2408 474 2435 isti
489 2413 562 2441 sunt,
584 2409 616 2435 de
638 2409 737 2443 quibus
751 2413 777 2434 et
796 2408 942 2442 Apostolus

154 2456 222 2482 dicit
233 2456 256 2488 ¹,
269 2455 408 2483 mulierem
421 2455 524 2482 salvam
548 2454 668 2481 futuram
690 2462 736 2488 per
754 2453 871 2487 ﬁliorum
883 2462 943 2487 pro-

152 2501 322 2533 creationem,
335 2501 358 2527 si
372 2501 542 2535 permanserit
554 2502 582 2527 in
595 2500 647 2534 [ide
660 2503 685 2526 et
696 2500 830 2526 castitate.
846 2498 941 2526 Eccle-

152 2546 194 2573 sia
205 2545 291 2581 igitur
304 2546 350 2574 Dei
364 2545 404 2574 sic
417 2545 549 2581 intelligat
564 2551 685 2580 paratus,
695 2546 734 2573 sic
750 2545 941 2581 generationes

152 2592 280 2627 accipiat,
295 2592 337 2620 sic
351 2597 458 2628 patrum
472 2597 548 2627 gesta
562 2594 660 2620 decora
686 2597 713 2620 et
727 2593 837 2619 honesta
855 2591 937 2618 inter-

185 2648 319 2677 ”Genes.
332 2656 381 2681 xx,
405 2648 509 2681 17,18.
547 2649 569 2664 "
584 2648 663 2675 Rom.
682 2656 730 2680 vn,
751 2649 815 2678 2.5.

154 2691 191 2716 IV,
208 2685 251 2712 19.
291 2684 299 2699 ¹
315 2683 406 2712 Galat.
421 2690 458 2715 vl,
471 2683 498 2710 8.
537 2684 568 2710 ’l
588 2684 659 2710 'l'im.
671 2691 701 2717 tt,
724 2684 766 2710 15.

152 2726 179 2753 v,
199 2719 233 2746 12
243 2723 271 2747 et
282 2718 328 2747 Η.
366 2719 377 2735 ⁷
391 2718 474 2746 lCor.
488 2726 527 2750 ιιι,
540 2719 563 2750 l,
578 2719 606 2746 2.

185 2792 241 2826 (35)
260 2789 455 2826 Depositionis.
465 2788 554 2826 Codex
567 2787 752 2826 Remigianus,
767 2786 939 2826 depulsionis.

185 2822 239 2862 (54)
258 2822 340 2854 an...
370 2824 415 2862 eet
437 2824 564 2862 gaudium
586 2824 784 2858 interpretatur.
808 2822 830 2848 A
849 2822 938 2848 radice

150 2859 278 2892 Hebraica
291 2865 354 2903 pm
366 2860 437 2894 risit,
451 2859 552 2886 arrisit.

852 2647 989 2673 "Coloss.
1004 2654 1033 2679 ιι,
1048 2646 1074 2674 9.
1113 2646 1134 2661 ⁹⁷
1159 2645 1218 2673 Gal.
1238 2645 1331 2674 tv.27.

805 2684 815 2698 ³
835 2683 854 2709 ll
872 2682 964 2714 Cor.5,
983 2682 1025 2708 H.

1033 936 1058 963 Ι.
1074 934 1180 970 Moyses
1194 933 1271 961 nobis
1292 932 1431 968 legilur‘in
1453 932 1583 960 Ecclesia.
1602 933 1785 966 Deprecemur

999 979 1152 1010 Dotitinum,
1175 985 1208 1005 ne
1232 977 1380 1004 secundum
1405 977 1518 1004 verbum
1542 977 1662 1012 Apostoli
1677 996 1685 1010 ,
1700 978 1784 1004 etiam

997 1025 1066 1059 apud
1083 1031 1141 1057 nos,
1158 1031 1218 1051 eum
1232 1023 1329 1057 legitur
1351 1022 1466 1058 Moyses,
1482 1022 1604 1050 velamen
1618 1023 1654 1051 sit
1668 1023 1784 1057 posi2uut

998 1077 1079 1104 super
1094 1074 1272 1097 cornostrntn
1287 1068 1308 1094 ³.
1328 1067 1438 1094 Lectum
1460 1072 1500 1095 est
1523 1070 1595 1095 enim
1621 1070 1683 1102 quia
1702 1077 1786 1104 geuu-

997 1120 1055 1142 erat
1067 1115 1204 1142 Abraham
1217 1115 1299 1141 lilium
1313 1113 1400 1144 Isaac,
1417 1121 1478 1140 eum
1495 1118 1567 1140 esset
1582 1120 1689 1141 centum
1701 1122 1785 1142 anno-

997 1169 1104 1188 norum.
1132 1161 1164 1188 Et
1188 1161 1257 1188 dixit
1283 1161 1376 1188 Sara:
1400 1160 1477 1193 Quis,
1500 1161 1588 1196 inquit
1608 1161 1629 1193 ⁵,
1652 1161 1784 1188 nuntiabit

996 1206 1110 1234 Abralue
1124 1208 1193 1242 quod
1202 1207 1283 1233 lactat
1303 1214 1415 1241 puerum
1442 1207 1513 1234 Sara
1527 1206 1539 1232 ?
1553 1205 1585 1232 Et
1597 1211 1668 1238 tunc,
1685 1207 1784 1241 inquit,

997 1253 1159 1280 circumcidit
1176 1253 1308 1279 Abraham
1320 1261 1429 1287 puerum
1442 1253 1483 1280 die
1498 1252 1693 1287 octava.Hujus
1708 1254 1785 1287 pueri

998 1299 1068 1326 diem
1085 1299 1203 1326 natalem
1226 1307 1279 1327 non
1295 1299 1415 1327 celebrat
1444 1298 1591 1330 Abraham,
1604 1299 1650 1326 sed
1663 1298 1786 1326 celebrat

999 1346 1067 1371 diem
1094 1346 1269 1379 depositionis
1291 1346 1347 1380 (55)
1371 1354 1384 1372 a
1405 1345 1483 1376 lacte,
1501 1350 1528 1371 et
1543 1345 1607 1372 facit
1631 1346 1783 1372 convivium

999 1400 1136 1426 magnotu.
1161 1392 1246 1424 Quid?
1261 1398 1385 1425 putamus
1398 1392 1461 1426 quia
1478 1391 1645 1425 propositum
1669 1392 1704 1418 sit
1724 1392 1785 1426 Spi-

1001 1438 1062 1463 ritui
1088 1442 1181 1464 sancto
1198 1438 1326 1464 historias
1349 1438 1478 1469 scribere,
1495 1442 1522 1463 et
1548 1444 1660 1463 narrare
1683 1438 1753 1471 quod
1769 1446 1784 1464 a

999 1484 1069 1510 lacte
1088 1484 1217 1518 depulsus
1247 1485 1281 1511 sit
1300 1492 1376 1518 puer,
1397 1488 1423 1511 et
1443 1484 1596 1510 convivium
1622 1484 1722 1509 factum
1738 1484 1785 1518 sit,

1001 1531 1135 1564 quomodo
1160 1530 1265 1562 luserit,
1290 1530 1397 1564 aliaque
1417 1530 1529 1564 puerilia
1554 1530 1638 1562 egerit
1654 1528 1665 1554 ?
1680 1529 1720 1554 An
1737 1536 1786 1563 per

1000 1576 1055 1602 haec
1077 1576 1222 1609 putandum
1240 1580 1281 1602 est
1310 1576 1381 1610 quod
1399 1576 1519 1601 divintlm
1543 1574 1642 1608 aliquid
1660 1581 1707 1600 nos
1721 1575 1786 1600 edo-

998 1629 1059 1647 core
1075 1622 1146 1653 velit,
1161 1627 1187 1648 ct
1201 1622 1311 1656 dignum
1328 1623 1398 1655 quod
1414 1623 1559 1648 humanum
1579 1629 1662 1654 genus
1677 1621 1722 1648 Dei
1738 1629 1785 1648 vo-

997 1668 1073 1694 cibus
1096 1667 1182 1694 tliscal
1198 1668 1209 1694 ?
1228 1669 1300 1694 Isaac
1324 1668 1394 1694 risus
1413 1668 1452 1694 vel
1475 1667 1599 1701 gaudium
1627 1667 1784 1700 interpreta-

998 1718 1041 1739 tur
1052 1713 1118 1747 (2)4).
1137 1713 1202 1746 Quis
1230 1721 1293 1748 ergo
1319 1719 1360 1739 est
1373 1714 1417 1747 qui
1440 1714 1520 1740 talem
1543 1714 1627 1739 lilium
1646 1718 1756 1747 generet
1771 1713 1785 1740 ’ἰ

998 1760 1041 1786 llle
1057 1760 1182 1786 nituirum
1197 1760 1241 1794 qui
1260 1760 1365 1786 dicebat
1388 1760 1419 1786 de
1444 1760 1485 1786 his
1513 1768 1583 1795 quos
1599 1767 1646 1794 per
1664 1760 1785 1795 Evange—

997 1806 1060 1832 llUlll
1076 1811 1206 1841 genuerat
1221 1808 1231 1822 ⁵
1248 1816 1255 1833 :
1279 1807 1330 1833 Vos
1351 1807 1422 1833 cnint
1434 1807 1495 1832 estis
1513 1807 1638 1837 gaudium
1657 1815 1741 1832 meum
1759 1811 1784 1832 et

997 1860 1094 1878 corona
1106 1853 1197 1886 gloria’
1213 1852 1270 1878 Dei.
1285 1852 1321 1878 De
1334 1851 1485 1885 huiusmodi
1499 1851 1559 1878 ﬁliis
1572 1859 1632 1878 cum
1652 1851 1750 1877 fuerint
1767 1860 1783 1878 τι

1000 1897 1070 1924 lacte
1084 1898 1196 1932 depulsi,
1213 1898 1240 1923 lit
1261 1898 1411 1924 convivium
1430 1901 1457 1923 et
1474 1897 1563 1923 iutilia
1578 1897 1720 1930 ntagna,dc
1741 1898 1784 1923 his

995 1944 1040 1978 qui
1059 1952 1110 1969 non
1120 1944 1175 1978 jam
1190 1944 1257 1969 lacte
1268 1943 1446 1977 iudigeut,sed
1461 1943 1517 1968 cibo
1529 1943 1602 1976 forti,
1613 1943 1656 1978 qui
1670 1951 1717 1977 pro
1728 1953 1786 1976 pos-

996 1990 1122 2016 sibilitate
1147 1989 1266 2015 sumendi
1283 1989 1437 2015 exon-italos
1461 1989 1554 2014 habent
1574 1997 1663 2015 sensus
1677 1989 1711 2015 ad
1727 1990 1783 2015 dis-

995 2036 1134 2062 cretionem
1151 2036 1211 2061 boni
1222 2034 1259 2061 vel
1274 2035 1335 2060 mali
1351 2035 1370 2060 ‘.
1389 2034 1475 2068 Super
1494 2035 1534 2061 his
1548 2035 1645 2061 talibus
1661 2043 1721 2061 cum
1737 2036 1783 2061 de-

995 2082 1132 2113 pelluntur
1156 2088 1170 2106 a
1195 2080 1273 2111 lacte,
1294 2081 1322 2105 tit
1346 2080 1500 2106 convivium
1530 2088 1668 2115 magnum.
1695 2080 1783 2115 Super

996 2128 1047 2154 illis
1065 2132 1153 2153 autem
1175 2135 1226 2153 non
1243 2131 1329 2160 potest
1342 2127 1463 2153 exhiberi
1490 2127 1654 2159 convivium,
1671 2135 1720 2154 nec
1735 2128 1782 2153 ba-

995 2173 1050 2199 In-ri
1068 2173 1169 2205 helitia,
1186 2173 1218 2199 de
1236 2172 1334 2206 quibus
1358 2173 1424 2199 dicit
1441 2173 1586 2207 Apestolus
1598 2174 1624 2200 ":
1639 2173 1692 2199 Lac
1710 2174 1781 2199 vobis

995 2220 1057 2246 dedi
1076 2225 1164 2253 potum
1178 2240 1184 2252 ,
1205 2228 1255 2245 non
1284 2227 1377 2245 escam.
1407 2219 1533 2245 Nondum
1550 2220 1619 2245 enim
1640 2220 1780 2253 poteratis.

997 2267 1041 2292 sed
1055 2275 1100 2292 nec
1115 2267 1201 2292 adhuc
1215 2267 1317 2300 quidem
1331 2266 1448 2300 potestis.
1461 2265 1494 2291 Et
1504 2274 1550 2300 ego
1563 2274 1612 2292 non
1625 2267 1698 2298 potui
1709 2266 1780 2300 loqui

996 2313 1067 2339 vobis
1080 2312 1156 2346 quasi
1169 2312 1363 2346 spiritualibus,
1379 2312 1424 2338 sea’
1436 2312 1511 2346 quasi
1526 2312 1688 2344 carnalibus,
1704 2312 1780 2345 quasi

995 2358 1112 2393 parvulis
1124 2359 1151 2385 in
1164 2358 1280 2385 Christo.
1303 2358 1399 2386 Dicant
1413 2358 1491 2385 nobis
1508 2358 1549 2384 isti
1562 2358 1606 2391 qui
1622 2358 1782 2391 simplicitvr

997 2404 1110 2439 intelligi
1124 2403 1216 2430 volunt
1229 2404 1385 2439 Scripturas
1398 2403 1514 2435 divinas,
1541 2404 1603 2437 quid
1624 2408 1666 2430 est
1683 2411 1689 2429 :
1718 2403 1780 2429 Non

994 2451 1066 2484 potui
1077 2450 1147 2477 vobis
1162 2450 1315 2485 loquiquasi
1327 2450 1501 2484 spiritalibus,
1517 2450 1561 2476 sed
1575 2450 1650 2484 quasi
1664 2449 1781 2476 carnali-

994 2498 1052 2529 bus,
1064 2498 1138 2532 quasi
1156 2497 1271 2531 parvulis
1287 2498 1315 2523 in
1332 2496 1447 2528 Christo,
1465 2497 1507 2523 lac
1518 2496 1586 2523 vobis
1602 2502 1690 2529 potum
1707 2497 1781 2528 dedi,

993 2551 1044 2570 non
1062 2551 1147 2570 escam
1165 2543 1340 2570 H‘ossuntne
1354 2543 1411 2569 hate
1424 2542 1584 2576 simpliciter
1598 2541 1654 2577 (53)
1670 2542 1780 2576 accipi?

1026 2589 1053 2618 2.
1071 2590 1123 2616 Sed
1140 2590 1247 2616 interim
1264 2589 1406 2615 redeamus
1420 2589 1452 2615 ad
1473 2596 1505 2616 ea
1520 2589 1590 2616 unde
1607 2589 1720 2622 digressi
1734 2596 1780 2614 su-

1656 2645 1678 2660 ⁹⁹
1691 2644 1779 2671 Gulnl.

1669 2680 1678 2694 ⁶
1695 2679 1777 2706 llcbr.

1369 2645 1392 2660 ’³⁸
1412 2645 1462 2670 lsa.
1479 2653 1554 2673 χχιι.
1574 2645 1616 2671 i8.

1064 2682 1074 2697 ⁵
1085 2680 1186 2708 Cenes.
1199 2689 1256 2713 xxi,
1271 2684 1296 2711 tt,
1315 2681 1341 2708 7.
1379 2681 1389 2696 °
1406 2680 1414 2706 l
1431 2680 1528 2707 Thess.
1540 2687 1569 2713 ιι,
1583 2680 1630 2707 20.

1032 2786 1088 2819 (55)
1106 2786 1194 2813 Codex
1216 2784 1388 2812 Ebroiccusis
1409 2783 1584 2816 simpliciter;
1605 2781 1669 2809 libb.
1697 2782 1777 2813 editi,

992 2822 1121 2849 similiter.
