4050 6142
497 260 602 314 199

1975 259 2296 317 ORIGENIS

3637 256 3744 315 ἰοί)

496 371 897 428 nms.L:etatur
928 370 1223 428 Abraham.
1249 379 1304 424 et
1331 369 1637 424 convivium
1659 371 1786 426 facit
1823 388 2073 444 magnum
2103 381 2150 436 Α
2180 392 2299 446 qua:
2327 383 2452 428 stmt
2475 374 2709 443 Spiritus
2740 373 2854 428 Dei.
2884 372 3125 428 Stultitia
3151 379 3225 426 est
3251 371 3385 425 enim
3411 369 3526 436 illi,
3557 381 3606 425 et
3641 388 3744 424 mm

498 466 552 518 in
577 464 665 520 die
712 478 817 532 qua
873 462 1079 531 depulit
1107 478 1135 515 a
1171 463 1310 518 lacte
1346 463 1496 520 Isaac
1541 465 1706 520 ﬁlium
1737 482 1914 522 suum.
1944 467 2077 522 Post

498 562 612 612 haec
648 556 784 609 ludit
819 556 986 618 Isaac,
1035 565 1092 609 et
1146 555 1283 610 [tulit
1321 572 1445 611 cum
1498 558 1709 612 lsmael.
1764 558 2077 629 Indignatur

497 650 633 702 Sara
666 647 807 713 quod
857 646 998 700 lilius
1043 647 1254 702 ancilla:
1283 648 1430 703 ludat
1472 665 1595 704 cum
1639 651 1748 704 ﬁlio
1796 650 1999 714 liberte,
2022 660 2078 706 et

499 740 671 793 lusum
699 739 849 792 illum
880 741 1173 807 perniciem
1199 749 1386 809 putat,
1406 743 1688 798 consilium
1713 745 2073 811 datAbrahze,

495 841 551 885 et
582 832 712 885 dicit
739 834 753 863 '
783 856 794 888 ;
835 832 982 902 Ejice
1010 834 1262 887 ancillam
1298 843 1348 888 et
1398 835 1571 903 ﬁlium
1599 838 1734 906 ejus.
1773 837 1890 891 Non
1933 839 2070 892 enim

495 924 662 976 turres
698 925 798 977 erit
846 925 988 993 ﬁlius
1020 926 1228 979 auri/tte
1273 944 1390 980 cum
1422 927 1534 995 ﬁlio
1581 945 1692 982 meo
1733 927 1912 983 Isaac.
1945 930 2072 985 Hrec

496 1016 771 1083 quomodo
800 1016 1024 1085 intelligi
1063 1017 1318 1078 debeant,
1357 1034 1461 1071 non
1493 1035 1593 1086 ego
1635 1033 1776 1072 nunc
1797 1035 2072 1073 commen-

500 1107 678 1159 tahor.
707 1106 1000 1176 Apostolus
1024 1107 1097 1160 ita
1131 1108 1417 1171 disseruit,
1454 1109 1714 1162 dicens“:
1756 1107 1924 1163 Dicite
1943 1110 2069 1162 mihi

496 1203 586 1272 qui
610 1202 772 1271 legem
794 1203 1013 1270 legistis,
1045 1203 1205 1271 legem
1245 1220 1348 1256 non
1373 1204 1598 1258 audistis
1623 1207 1647 1260 ?
1673 1203 1939 1273 Scriptum
1991 1217 2068 1259 est

494 1295 635 1348 enim
665 1294 792 1364 quia
818 1294 1084 1346 Abraham
1109 1295 1240 1346 duos
1280 1294 1421 1361 filios
1467 1297 1669 1356 habuit,
1699 1312 1859 1348 unum
1885 1297 1947 1349 de
1970 1315 2070 1350 an-

495 1389 640 1452 cilla,
659 1399 705 1441 et
727 1403 888 1440 unum
913 1386 1180 1439 delibera.
1211 1384 1313 1440 Sed
1341 1386 1388 1440 is
1411 1386 1619 1454 quidem
1642 1388 1731 1449 qui
1759 1389 1823 1440 tle
1848 1388 2066 1451 ancilla,

493 1482 779 1535 secundum
808 1495 1017 1534 carnem
1059 1489 1214 1532 natus
1245 1487 1317 1532 est
1348 1478 1480 1548 ;qui
1511 1494 1629 1532 vero
1654 1495 1718 1532 ex
1759 1478 1944 1542 libera,
1978 1497 2069 1546 per

495 1570 972 1638 repromissionem,
1002 1586 1119 1638 qua:
1168 1579 1288 1622 sunt
1335 1569 1637 1637 allegorica.
1697 1570 1834 1636 Quid
1884 1570 2067 1640 ergo?

494 1661 643 1715 Isaac
678 1675 784 1713 non
817 1669 902 1714 est
951 1659 1246 1714 secundmn
1287 1674 1506 1712 carnem
1559 1673 1717 1714 natus
1744 1659 1767 1712 ?
1798 1659 1909 1713 Non
1941 1677 2063 1714 eum

2175 475 2340 536 potest
2380 465 2703 535 intelligere,
2727 468 2850 536 quia
2881 466 3196 532 spiritaliter
3219 463 3548 532 dijudicatur
3585 462 3649 516 ¹¹⁵.
3681 463 3746 518 Et

2177 567 2232 612 tu
2267 559 2466 628 ergo,si
2493 559 2658 614 habes
2683 560 2736 612 itt
2766 569 2816 612 te
2836 558 3070 612 fructum
3096 557 3335 626 Spiritus
3362 555 3476 618 Dei,
3499 557 3640 624 quod
3661 565 3744 610 est

2174 649 2725 718 gaudium,charitas,
2747 666 2871 718 pax,
2887 650 3150 719 patientia
3173 649 3238 714 ",
3263 649 3410 701 Isaac
3429 660 3550 701 esse
3567 659 3746 716 potes,

2175 757 2280 795 non
2311 744 2605 797 secundum
2643 757 2869 797 carnem
2899 751 3080 809 natus,
3111 741 3205 796 sed
3233 740 3528 796 secundum
3559 754 3747 808 repro-

2174 833 2515 899 ntissionetn,
2538 843 2590 888 et
2620 849 2741 889 esse
2768 833 2910 888 ﬁlius
2935 833 3136 898 liberte,
3167 832 3212 886 si
3242 842 3420 886 tamen
3447 841 3598 902 potes
3616 842 3742 887 etut

2173 927 2464 979 secundum
2488 924 2712 979 Paulum
2739 926 2921 980 dicere
2940 925 2983 956 “
3003 941 3016 977 :
3039 924 3105 978 1η
3129 940 3283 977 carne
3303 925 3440 977 enim
3464 927 3745 977 ambulan-

2171 1029 2266 1082 tes,
2297 1034 2397 1072 non
2419 1021 2701 1070 secundum
2720 1033 2929 1071 carnem
2952 1018 3260 1072 militamus.
3292 1020 3448 1070 Arma
3476 1018 3613 1070 enim
3637 1017 3742 1070 mi-

2170 1105 2300 1160 litia:
2347 1118 2539 1160 nostrae
2586 1124 2690 1160 non
2721 1117 2838 1161 sunt
2864 1107 3125 1171 carnalia,
3157 1109 3248 1162 sed
3273 1109 3504 1177 potentia
3535 1108 3644 1161 Deo
3673 1108 3741 1160 ad

2170 1199 2573 1251 destructionem
2604 1199 2976 1264 munitionum,
3011 1201 3355 1268 cogitationes
3387 1201 3740 1261 destruentes,

2170 1299 2217 1340 et
2241 1305 2442 1342 omnem
2478 1287 2590 1360 (56)
2613 1289 2950 1343 altitudinem
3001 1289 3331 1344 extollentem
3373 1307 3426 1344 se
3467 1291 3742 1344 adversum

2169 1381 2439 1434 scientiam
2468 1380 2582 1434 Dei.
2608 1379 2666 1435 Si
2694 1391 2848 1449 potes
2871 1381 2994 1435 talis
3013 1396 3154 1444 esse,
3186 1391 3243 1436 ut
3268 1382 3428 1452 digne
3463 1382 3556 1436 tibi
3592 1393 3742 1451 apte-

2171 1480 2260 1524 tur
2291 1470 2453 1526 etiam
2489 1469 2575 1524 illa
2607 1471 2852 1540 Apostuli
2881 1473 3174 1541 sententia,
3199 1488 3319 1542 quae
3341 1474 3479 1527 dixit
3508 1475 3549 1506 ¹⁷
3581 1490 3595 1527 :
3644 1475 3742 1528 Vos

2168 1571 2343 1616 autem
2363 1562 2416 1616 in
2439 1578 2596 1617 carne
2618 1579 2720 1616 non
2740 1564 2885 1628 estis,
2903 1563 2992 1618 sed
3013 1565 3065 1618 in
3087 1565 3294 1633 spiritu,
3319 1566 3365 1618 si
3387 1575 3561 1618 tamen
3580 1565 3743 1635 Spiri-

2169 1661 2252 1704 tus
2277 1651 2371 1706 Dei
2394 1651 2597 1706 habitat
2627 1654 2682 1706 in
2712 1653 2876 1716 vobis;
2899 1661 2953 1708 et
2984 1663 3037 1707 tu
3061 1668 3191 1725 ergo
3216 1655 3261 1709 si
3293 1655 3417 1709 talis
3437 1671 3516 1719 es,
3555 1673 3658 1710 non
3681 1672 3741 1710 cs

495 1757 702 1822 peperit
737 1751 873 1807 Sara
907 1752 929 1804 ?
973 1751 1088 1805 Non
1141 1760 1226 1806 est
1281 1752 1642 1807 circumcisus
1675 1752 1698 1805 *ἲ
1743 1752 1852 1806 Hoc
1892 1753 2064 1822 ipsum
2099 1753 2142 1808 B
2173 1745 2475 1800 secundum
2504 1760 2728 1800 carnem
2760 1757 2948 1811 "alus.
3005 1747 3100 1802 Sed
3141 1748 3436 1802 secundum
3491 1749 3742 1818 Spiritum

492 1849 634 1916 quod
660 1848 881 1902 ludebat
915 1862 1037 1901 cum
1080 1847 1328 1913 lsmaele,
1359 1861 1462 1900 non
1501 1846 1553 1899 in
1604 1861 1768 1901 carne
1803 1847 2016 1902 ludebat
2044 1848 2067 1902 ?

495 1939 609 1994 lioc
633 1942 884 1994 estenim
923 1939 1066 2007 quod
1102 1938 1352 1993 mirabile
1378 1947 1462 1992 est
1507 1939 1558 1992 in
1604 1937 1842 2005 Apostoli
1878 1954 2064 2005 sensu,

493 2035 637 2100 quod
665 2033 730 2086 de
758 2031 955 2100 quibus
989 2045 1094 2084 non
1145 2038 1321 2098 potest
1347 2029 1582 2084 dubitari
1614 2031 1742 2099 quin
1769 2033 2064 2086 secundum

492 2136 713 2176 carnem
745 2131 894 2190 gesta
927 2119 1058 2182 sint,
1107 2119 1226 2173 lucc
1262 2117 1350 2172 ille
1391 2119 1522 2172 dicit
1567 2131 1688 2172 esse
1727 2117 2021 2187 allegorica
2047 2158 2063 2183 ,

493 2223 555 2268 ut
587 2228 683 2267 nos
710 2213 837 2282 quid
875 2211 1179 2266 faciendum
1207 2211 1278 2265 sit
1306 2211 1360 2264 in
1403 2211 1617 2264 caeteris
1644 2210 1978 2275 noverimus,
2014 2217 2069 2265 et

496 2307 549 2359 in
603 2305 688 2359 his
718 2305 974 2370 maxime,
1025 2304 1076 2356 in
1108 2304 1305 2372 quibus
1341 2303 1474 2357 nihil
1495 2303 1676 2356 divina
1704 2301 1819 2372 lege
1841 2302 2062 2373 dignunt

495 2396 752 2451 historica
775 2396 986 2451 videtur
1018 2395 1260 2450 indicare
1297 2395 1558 2449 narratio.
1609 2394 1801 2449 lsmael
1826 2409 1954 2464 ergo
1982 2411 2067 2450 se-

488 2488 739 2555 cundum
763 2500 984 2542 carnem
1013 2485 1258 2540 nascitur
1285 2483 1495 2538 ancillae
1532 2483 1699 2536 ﬁlius.
1737 2479 1886 2536 Isaac
1936 2498 2066 2536 vero

490 2582 584 2652 qui
615 2588 734 2637 erat
779 2580 963 2636 libera:
1004 2579 1167 2644 ﬁlius,
1197 2594 1304 2633 non
1345 2579 1590 2634 nascitur
1616 2577 1911 2633 secundum
1943 2591 2068 2632 car-

491 2689 637 2740 nem,
660 2673 754 2728 sed
782 2671 1086 2726 secundum
1107 2670 1610 2739 repromissionem.
1641 2671 1708 2726 Et
1740 2671 1870 2725 dicit
1892 2668 2066 2724 dehis

489 2764 800 2834 Apostolus,
829 2762 972 2832 quod
1013 2763 1160 2830 Agar
1191 2763 1241 2814 in
1285 2763 1605 2816 servitutem
1642 2761 1896 2832 genuerit
1939 2777 2065 2815 car-

492 2859 671 2912 nalem
709 2855 962 2926 populum
996 2870 1012 2920 ;
1041 2853 1176 2908 Sara
1215 2869 1343 2908 vero
1385 2870 1505 2923 qua:
1536 2855 1864 2920 eratlibera,
1895 2867 2054 2922 popu-

489 2961 599 3014 luat
627 2958 872 3029 genuerit
902 2958 993 3027 qui
1025 2973 1133 3010 non
1160 2957 1457 3012 secundum
1499 2970 1738 3020 carnem,
1767 2954 1863 3009 sed
1907 2953 1962 3007 in
1992 2953 2061 3006 li-

487 3055 698 3108 bertate
748 3060 969 3107 vocatus
1028 3063 1142 3117 est,
1197 3071 1301 3123 qua
1355 3053 1592 3106 libertate
1643 3051 1880 3104 liberavit
1933 3066 2058 3104 eum

485 3151 718 3206 Christus
739 3152 779 3202 ’.
807 3149 926 3218 lpse
962 3150 1105 3203 enim
1147 3149 1298 3214 dixit,
1337 3152 1459 3219 quia
1496 3150 1539 3202 si
1566 3164 1652 3200 vos
1676 3147 1839 3200 Filius
1865 3145 2060 3199 libera-

485 3245 636 3306 verit,
672 3259 788 3296 vere
827 3241 974 3295 liberi
1009 3243 1154 3295 eritis
1183 3242 1246 3295 ¹⁰.
1275 3243 1414 3308 Quid
1444 3256 1574 3296 vero
1599 3239 1682 3293 his
1715 3239 1863 3293 addit
1893 3253 2062 3307 expo-

487 3350 623 3387 nens
648 3331 957 3403 Apostolus,
989 3334 1304 3388 videamus:
1335 3333 1436 3388 Sed
1458 3335 1592 3386 sicut
1621 3345 1758 3394 tunc,
1787 3329 1962 3398 inquit
1994 3329 2058 3393 “,

491 3433 536 3485 is
569 3430 658 3497 qui
695 3429 977 3482 secundum
1021 3442 1231 3480 carnem
1261 3435 1359 3490 est,
1404 3424 1806 3494 persequebatur
1833 3440 1951 3477 eum
1973 3425 2063 3493 qui

491 3522 774 3576 secundum
802 3521 1068 3589 spiritum,
1104 3519 1181 3572 ita
1215 3526 1262 3571 et
1306 3534 1461 3572 nunc.
1492 3515 1623 3570 Vide
1653 3516 1925 3585 quomodo
1965 3532 2062 3570 nos

490 3615 786 3685 Apostolus
824 3616 1003 3676 docet,
1029 3613 1153 3683 quia
1189 3613 1242 3666 in
1271 3613 1526 3666 omnibus
1575 3625 1704 3665 caro
1741 3610 2062 3662 adversatur

485 3708 740 3778 Spiritui,
807 3707 920 3762 sive
983 3704 1217 3774 populus
1277 3704 1368 3758 ille
1435 3702 1674 3757 carnalis
1737 3701 2062 3756 adversatur

488 3802 614 3857 huic
639 3801 835 3872 populo
864 3799 1118 3870 spiritali,
1155 3799 1273 3853 sive
1299 3797 1464 3852 etiam
1498 3797 1641 3850 inter
1678 3809 1777 3848 nos
1811 3794 1980 3862 ipsos,
2012 3791 2058 3846 si

488 3895 608 3963 quis
658 3895 836 3948 adhuc
885 3891 1122 3947 carnalis
1167 3898 1273 3956 est,
1321 3887 1660 3958 spiritalibus
1709 3886 2056 3940 adversatur.

488 3985 622 4042 Nam
662 3996 726 4052 et
752 3994 804 4040 tu
841 3985 884 4038 si
912 3984 1203 4039 secundum
1233 3996 1454 4037 carnem
1480 3980 1639 4046 vivis,
1665 3987 1718 4033 et
1755 3977 2058 4032 secundum

489 4096 710 4135 carnem
757 4079 1119 4140 conversaris,
1173 4075 1316 4130 ﬁlius
1358 4089 1418 4129 es
1451 4073 1619 4144 Agar,
1665 4080 1720 4126 et
1769 4079 2058 4140 prepterca

486 4173 797 4226 adversaris
840 4171 926 4226 his
955 4169 1045 4238 qui
1077 4167 1377 4224 secundum
1413 4166 1662 4236 spiritum
1698 4163 1899 4216 vivunt.
1940 4161 2061 4213 Sic-

487 4273 545 4319 ut
571 4265 734 4319 ctiam
778 4263 829 4316 in
879 4261 1032 4316 nobis
1083 4259 1216 4329 ipsis
1264 4260 1308 4312 si
1353 4258 1717 4327 requirimus,
1751 4253 2058 4308 invenimus

486 4355 872 4423 concupiscere
922 4366 1139 4406 carnem
1180 4351 1439 4403 adversus
1493 4349 1762 4410 spiritum,
1795 4354 1850 4400 et
1900 4343 2056 4414 spiri-

2171 1851 2266 1904 per
2315 1838 2830 1906 repromissionem.
2876 1848 2931 1892 et
2980 1840 3091 1894 eris
3140 1840 3313 1894 hteres
3360 1841 3742 1908 repromissio-

2172 1947 2326 1996 num,
2358 1933 2654 1988 secundum
2685 1934 2827 2002 quod
2872 1935 3074 1989 dictum
3101 1945 3182 1988 est
3216 1933 3260 1965 ⁸³
3291 1950 3307 1987 :
3341 1933 3592 1990 eredes
3618 1937 3744 2006 qui-

2168 2024 2284 2078 dem
2316 2023 2432 2090 Dei,
2481 2026 2777 2080 cohteredes
2805 2038 2980 2082 autent
3009 2026 3229 2084 Christi.
3269 2028 3385 2084 Non
3418 2031 3530 2085 eris
3565 2029 3744 2086 colue-

2171 2133 2258 2172 res
2283 2118 2424 2188 ejus,
2453 2119 2545 2190 qui
2572 2122 2868 2176 secundum
2900 2136 3120 2178 carnem
3140 2133 3296 2179 natus
3311 2133 3414 2188 est,
3447 2126 3537 2180 sed
3564 2125 3744 2178 cohae-

2170 2224 2259 2262 res
2285 2209 2512 2275 Christi,
2555 2211 2684 2280 quia
2725 2213 2821 2265 etsi
2867 2214 3202 2280 cognouimus
3248 2214 3517 2269 Christum
3555 2232 3744 2269 secun-

2171 2299 2299 2353 dum
2325 2316 2558 2364 carnem,
2593 2302 2682 2355 sed
2706 2303 2974 2373 nuncjam
2999 2319 3102 2356 non
3133 2306 3368 2359 novimus
3407 2307 3473 2359 ‘9.

2243 2392 2297 2446 5.
2334 2391 2402 2446 Ει
2434 2402 2614 2448 tamen
2646 2395 2947 2448 secundum
2979 2410 3041 2450 ea
3069 2411 3192 2465 quae
3222 2398 3422 2467 scripta
3457 2409 3606 2462 sunt,
3635 2415 3740 2452 non

2169 2484 2325 2539 video
2354 2486 2482 2554 quid
2510 2487 2740 2540 moverit
2763 2487 2976 2553 Saram,
3006 2497 3064 2542 ut
3094 2489 3262 2542 ﬁlium
3287 2489 3500 2544 ancillae
3525 2491 3743 2559 iuberet

2165 2578 2384 2648 expelli.
2414 2578 2658 2634 Ludebat
2686 2595 2812 2634 cum
2865 2581 2974 2636 ﬁlio
3013 2596 3114 2637 suo
3141 2583 3310 2640 Isaac.
3333 2584 3471 2651 Quid
3505 2585 3738 2648 lteserat,

2167 2680 2262 2724 aut
2292 2670 2424 2741 quid
2479 2681 2764 2737 nocuerat,
2817 2673 2862 2726 si
2895 2673 3153 2730 ludebat?
3205 2674 3367 2742 Quasi
3403 2692 3508 2732 non
3557 2679 3657 2732 hoc
3688 2679 3740 2730 in

2166 2769 2332 2816 aetate
2361 2760 2452 2814 illa
2482 2761 2648 2815 etiam
2686 2770 2900 2831 gratum
2928 2777 3049 2818 esse
3076 2765 3350 2829 debuerit,
3374 2767 3518 2834 quod
3550 2767 3742 2822 luserit

2167 2853 2311 2908 ﬁlius
2339 2853 2548 2908 ancillae
2575 2869 2696 2909 cum
2727 2854 2839 2909 ﬁlio
2860 2855 3066 2911 liberae.
3119 2857 3257 2912 Tum
3287 2859 3480 2914 deinde
3516 2869 3572 2914 et
3598 2861 3743 2930 Apo-

2166 2945 2364 3000 stolum
2402 2947 2598 3011 miror,
2626 2948 2718 3017 qui
2749 2947 2934 3001 ludum
2971 2950 3116 3004 hunc
3153 2953 3583 3020 persecutionem
3615 2969 3740 3022 pro-

2167 3038 2457 3102 nuntiavit,
2494 3038 2746 3093 dicens'o
2782 3057 2794 3093 :
2825 3037 2931 3094 Sed
2949 3044 3086 3096 sicut
3111 3052 3233 3096 tunc
3265 3043 3310 3097 is
3336 3045 3425 3112 qui
3453 3046 3740 3099 secundum

2171 3148 2385 3185 carnem
2422 3141 2578 3185 natus
2619 3130 2790 3200 fuerat
2825 3132 3004 3204 (57),
3049 3135 3454 3204 persequebatur
3489 3153 3607 3190 eum
3651 3140 3738 3204 qui

2170 3227 2462 3279 secundum
2498 3227 2766 3294 spiritum,
2815 3229 2892 3281 ita
2925 3238 2973 3281 et
3009 3245 3172 3292 nunc,
3219 3245 3343 3284 cum
3379 3223 3738 3300 utique'nulla

2169 3318 2480 3385 persecutio
2512 3318 2756 3376 lsmaelis
2777 3322 3065 3376 adversum
3099 3321 3242 3376 Isaac
3267 3332 3411 3376 mota
3439 3324 3735 3390 referatur,

2173 3407 2275 3462 nisi
2304 3407 2394 3463 hic
2419 3407 2564 3464 solus
2587 3408 2750 3465 ludus
2782 3408 3046 3466 infantiae.
3077 3412 3183 3467 Sed
3216 3413 3498 3469 videamus
3522 3416 3650 3484 quid
3682 3417 3736 3470 in

2171 3501 2276 3554 hoc
2315 3500 2444 3556 ludo
2475 3501 2805 3558 intellexerit
2839 3503 3064 3570 Paulus,
3104 3513 3160 3559 et
3199 3506 3328 3575 quid
3359 3507 3638 3578 indignata
3669 3509 3740 3564 sit

2170 3593 2327 3648 Sara.
2372 3593 2635 3664 Superius
2672 3597 2785 3664 jam
2831 3607 3167 3667 exponentes
3205 3599 3582 3668 spiritualiter,
3621 3601 3738 3656 loco

2170 3689 2386 3743 virtutis
2414 3691 2694 3757 posuimus
2719 3687 2933 3746 Saram.
2956 3689 3012 3743 Si
3051 3703 3180 3760 ergo
3215 3705 3346 3745 caro
3366 3692 3524 3759 cujus
3551 3705 3738 3760 perso-

2169 3796 2296 3835 nam
2317 3782 2457 3848 gerit
2480 3781 2708 3847 Isntacl,
2749 3781 2841 3851 qui
2875 3783 3171 3836 secundum
3213 3796 3430 3837 carnem
3475 3784 3734 3850 nascitur,

2168 3873 2384 3941 spiritui
2416 3871 2744 3936 blandiatur,
2801 3872 2896 3942 qui
2948 3883 3032 3928 est
3079 3872 3252 3938 Isaac,
3303 3884 3357 3927 et
3404 3874 3738 3928 illecebrosis

2168 3979 2296 4020 cum
2329 3979 2394 4018 eo
2428 3965 2841 4033 deceptionibus
2875 3975 3020 4035 agat,
3069 3968 3117 4019 si
3151 3965 3601 4021 delectationibus
3631 3967 3736 4021 illi-

2167 4061 2298 4124 ciat,
2339 4057 2706 4125 voluptatibus
2759 4057 2987 4120 molliat,
3027 4057 3400 4124 hujuscemodi
3429 4058 3587 4113 ludus
3610 4074 3736 4114 car-

2169 4149 2252 4202 nis
2279 4164 2400 4202 cum
2448 4149 2665 4216 spiritu,
2713 4148 2906 4199 Saratn
2947 4147 3201 4210 maxime,
3252 4161 3373 4216 qua:
3417 4155 3500 4200 est
3540 4145 3734 4211 virtus,

2165 4239 2410 4304 oll‘endit,
2443 4249 2498 4294 et
2528 4239 2898 4310 hujuscemodi
2927 4239 3295 4293 blandimenta
3323 4239 3733 4295 acerbissimam

2167 4333 2602 4402 persecutionem
2668 4329 2880 4400 judicat
2955 4329 3169 4384 Paulus.
3243 4330 3308 4384 Et
3360 4340 3415 4383 tu
3483 4345 3645 4395 ergo,
3702 4344 3734 4382 ο

488 4456 600 4501 mm
637 4422 899 4498 adversus
938 4455 1181 4501 απηειη,
1217 4450 1272 4492 οι
1304 4440 1420 4493 tunc
1457 4439 1559 4493 sibi
1597 4439 1828 4492 invicem
1867 4437 2061 4489 mtver-
2093 4449 2138 4505 ι)
2167 4426 2381 4480 auditor
2431 4423 2620 4478 horum
2648 4465 2664 4489 ,
2721 4439 2827 4478 non
2884 4422 3028 4476 illam
3077 4423 3248 4477 solam
3297 4424 3730 4493 persecutionem

390 4581 394 4588 .
486 4537 594 4590 sari
625 4537 688 4587 ¹².
717 4535 784 4589 Ει
831 4535 1135 4588 invenimus
1171 4533 1342 4602 legem
1379 4533 1430 4584 in
1479 4530 1737 4584 membris
1791 4529 1991 4582 nostris
2016 4527 2060 4558 ¹⁸

485 4629 596 4700 79
634 4638 1018 4698 repugnantem
1062 4626 1163 4693 legi
1213 4626 1408 4680 mentis
1444 4634 1664 4690 nostrae,
1715 4635 1770 4678 et
1822 4623 2064 4692 captivos

488 4737 586 4774 nos
625 4720 910 4773 ducentem
967 4716 1020 4770 in
1064 4716 1179 4785 lege
1218 4715 1452 4785 peccati.
1483 4713 1644 4768 Vides
1686 4725 1900 4782 quanta:
1935 4720 2063 4767 sunt

487 4829 677 4884 pugna:
708 4812 958 4866 carnales
1016 4813 1272 4864 adversus
1319 4807 1608 4878 spiritum?
1664 4807 1757 4860 Est
1787 4805 1963 4859 adlmc
2001 4815 2058 4860 et

487 4906 590 4958 alia
611 4920 786 4975 pugna
814 4904 898 4958 his
927 4918 1062 4971 pene
1091 4901 1344 4956 omnibus
1369 4899 1686 4963 violentior,
1725 4898 1870 4966 quod
1907 4897 1940 4950 ii
1964 4897 2054 4966 qui

487 4998 657 5066 legem
701 4997 997 5050 secundum
1033 5009 1254 5050 carnem
1305 4992 1650 5062 intelligunt,
1700 4991 2061 5045 adversantur

489 5091 574 5145 his
613 5091 702 5159 qui
733 5089 1030 5145 sccuudmn
1067 5088 1320 5157 Spiritum
1349 5087 1618 5151 sentiunt,
1644 5095 1699 5138 et
1724 5097 2061 5154 persequun-

487 5191 578 5238 tur
603 5197 719 5237 eos.
758 5181 977 5248 Quare?
1023 5181 1147 5250 quia
1175 5179 1425 5233 animalis
1447 5179 1601 5230 homo
1626 5192 1728 5230 non
1755 5175 1974 5243 percipit
2001 5189 2062 5225 ea

553 5321 575 5352 "
596 5321 792 5376 Cenes.
829 5335 940 5383 ut,
971 5318 1023 5374 9.

483 5414 538 5455 ν,
569 5396 651 5447 l7.
753 5395 797 5423 ¹³
828 5393 986 5445 liottt.
1016 5408 1110 5453 \‘Il,
1141 5395 1232 5445 ‘25.

490 5469 532 5498 ¹³
559 5460 692 5519 ibid.
721 5465 804 5517 17.
885 5466 925 5494 ¹⁹
957 5462 1000 5515 ll
1025 5461 1149 5516 Cor.
1181 5479 1230 5526 v,
1259 5459 1345 5515 16.

1329 5391 1418 5443 “l
1481 5393 1604 5444 (lor.
1636 5408 1693 5454 ιι,
1730 5393 1814 5443 ili.

557 5569 708 5641 (56)
761 5570 1148 5634 Munitionum,
1205 5571 1541 5641 cogitationes
1600 5571 1974 5641 destruentcs,
2014 5580 2064 5641 et

486 5640 711 5705 omnem,
740 5651 847 5695 etc.
880 5642 969 5694 Sic
1016 5651 1160 5694 recte
1206 5640 1408 5696 habent
1437 5657 1567 5694 mss.
1617 5641 1752 5693 Male
1784 5656 1910 5696 vero
1947 5640 2066 5695 libri

486 5710 638 5779 editi,
677 5713 1072 5784 cogitationum,
1103 5714 1420 5766 destruentes
1446 5728 1666 5778 omnem,
1697 5721 1800 5766 etc.

1105 5320 1126 5350 ⁸
1163 5317 1338 5372 Galat.
1375 5330 1449 5381 tv,
1482 5315 1545 5368 2|
1593 5321 1646 5366 ct
1699 5327 1818 5380 seq.
1891 5314 1912 5344 ο
1949 5310 2204 5376 ibid.,'5l-
2298 5310 2340 5339 '°

1141 5395 1211 5424 ΘΖ
1329 5391 1417 5424 ttl
1481 5393 1586 5424 tu...
1636 5408 1669 5424 ..
1730 5393 1788 5424 ιιι
1906 5393 2123 5424 15......”
2187 5405 2216 5424 ιν
2275 5387 2343 5424 (Μ

1481 5400 1604 5444 (Lor.
1636 5408 1693 5454 ιι,
1730 5400 1814 5443 14.
1906 5400 1947 5420 ³ο
1980 5400 2149 5439 halat.
2187 5405 2244 5448 v,
2275 5400 2363 5438 ‘22.

1422 5461 1466 5493 ²⁰
1495 5461 1664 5515 Galat.
1697 5477 1768 5525 tv,
1801 5460 1889 5513 29.
1965 5461 2007 5489 ²¹
2043 5458 2211 5510 lCor.
2246 5473 2320 5519 vt,
2357 5456 2440 5508 18.

2168 4527 2346 4589 putes,
2385 4517 2603 4587 quando
2649 4515 2832 4570 furore
2875 4513 3159 4584 gentilium
3213 4515 3279 4568 ad
3343 4514 3729 4568 immolandum

2165 4612 2327 4666 idolis
2353 4610 2566 4680 cogeris
2596 4623 2610 4660 :
2641 4613 2734 4662 sed
2761 4607 2805 4662 si
2844 4605 2984 4660 forte
3021 4617 3073 4661 te
3111 4605 3356 4676 voluptas
3393 4605 3577 4661 carnis
3626 4605 3732 4658 illi-

2164 4705 2293 4768 ciat,
2326 4704 2372 4758 si
2407 4703 2500 4756 tibi
2528 4701 2770 4755 libidinis
2820 4698 3026 4752 alludat
3057 4699 3332 4762 illecebra,
3381 4699 3514 4762 haec,
3547 4698 3590 4750 si
3619 4697 3732 4750 vir-

2165 4798 2294 4850 tutis
2335 4813 2396 4850 es
2441 4796 2605 4862 ﬁlius,
2657 4807 2915 4866 tanquam
2956 4793 3390 4866 persecutionem
3441 4791 3731 4851 maximam

2157 4889 2298 4960 lnge.
2357 4889 2564 4945 Idcirco
2615 4890 2763 4944 enim
2809 4900 2864 4945 et
2909 4888 3204 4960 Apostolus
3243 4887 3380 4941 dicit
3407 4885 3451 4917 ²¹
3490 4903 3503 4938 :
3541 4882 3731 4952 Fugite

2159 4981 2585 5049 fornicationem.
2615 4981 2722 5036 Sed
2757 4982 2800 5034 si
2835 4981 3097 5050 injustitia
3125 4979 3454 5042 blandiatur,
3496 4987 3555 5030 ut
3606 4993 3723 5046 per-

2160 5086 2347 5125 sonam
2377 5072 2612 5138 potentis
2637 5072 2914 5139 accipiens
2943 5072 2961 5144 (
2986 5071 3110 5141 38),
3137 5083 3189 5125 et
3206 5070 3378 5140 gratia
3396 5068 3514 5136 ejus
3535 5068 3728 5132 ﬂexus,

2163 5183 2269 5222 non
2298 5175 2508 5221 rectum
2535 5165 2802 5236 judicium
2827 5165 2996 5230 feras,
3034 5163 3335 5234 intelligere
3363 5164 3552 5218 debes.
3602 5163 3726 5230 quia

2866 5305 2905 5336 ¹¹
2944 5302 3128 5358 Galat.
3162 5315 3247 5366 tv,
3293 5299 3382 5354 29.
3463 5296 3507 5327 ⁸³
3547 5297 3700 5351 Gala!

2298 5308 2340 5339 '°
2369 5308 2651 5370 Joan.vttt,
2696 5303 2787 5360 56.
2866 5305 2905 5336 ¹¹
2944 5303 3128 5358 Galat.
3162 5315 3247 5366 tv,
3293 5303 3382 5354 29.
3463 5303 3507 5327 “
3547 5303 3700 5351 Galat

2298 5387 2363 5437 ΡΞ..
2461 5388 2501 5414 ιθ
2534 5386 2580 5436 ll
2609 5386 2732 5437 Cor.
2763 5397 2819 5437 Χ.
2853 5381 2885 5434 5
2919 5388 2972 5432 ct
3001 5393 3152 5437 seqq.
3247 5378 3288 5408 ¹⁷
3327 5377 3486 5431 Rom.
3515 5389 3649 5437 vttt,
3683 5367 3742 5426 9.

2461 5388 2501 5414 ιθ
2534 5386 2580 5436 ll
2609 5386 2732 5438 Cor.
2763 5397 2819 5445 Χ,
2853 5381 2885 5434 5
2919 5388 2972 5432 et
3001 5393 3152 5446 seqq.

2242 5568 2398 5634 (57)
2456 5564 2625 5618 Iidem
2677 5577 2832 5624 mss.,
2887 5570 3042 5614 natus
3085 5560 3278 5629 fuerat,
3324 5555 3467 5626 quod
3506 5554 3560 5607 in
3606 5550 3745 5609 libb.

2175 5639 2333 5694 editis
2377 5635 2662 5689 omittitur.

2247 5707 2395 5777 (38)
2437 5704 2656 5774 Aliquot
2695 5717 2850 5768 mss.,
2906 5701 3155 5771 accipias.
