4050 6142
1552 231 1620 287 IN
1652 227 1949 289 GENESIM
1984 226 2269 285 HOMILIA
2299 229 2407 286 VII.

3491 233 3599 297 262

358 356 460 410 sub
481 352 797 423 sperieludi
822 353 1081 411 blandam
1104 356 1534 423 persecutionem
1566 354 1634 409 ab
1669 354 1932 425 injustitia
1962 351 2011 408 A
2035 359 2195 420 gnata
2224 359 2308 406 est
2350 351 2511 417 Sara,
2536 351 2835 408 videamus.
2882 351 3041 422 Ejicit
3087 353 3337 408 ancillam
3387 354 3500 426 80
3541 366 3599 413 et

358 446 581 514 pateris.
623 443 828 500 Verum
884 455 943 501 et
982 456 1091 514 per
1130 444 1374 514 singulas
1423 445 1644 500 malitiae
1699 447 1931 514 species,

356 536 569 593 etiamsi
603 536 791 592 molles
815 547 873 591 et
912 537 1166 593 delicatae
1202 538 1311 593 sint
1335 548 1391 593 et
1426 538 1552 592 ludo
1580 537 1806 602 similes,
1837 540 1934 592 has

355 626 793 696 persecutionem
825 628 1051 697 spiritus
1078 629 1276 694 dicito,
1322 629 1457 698 quia
1483 629 1536 683 in
1566 629 1650 684 his
1678 629 1933 686 omnibus

355 718 530 771 virtus
558 715 877 773 olieuditur.
1664 772 1667 773 ν

422 810 481 864 4.
518 810 635 865 Duo
664 821 794 864 sunt
823 826 956 882 ergo
983 811 1079 867 lilii
1108 812 1380 867 Abraham
1406 853 1423 879 ,
1459 828 1600 867 unus
1632 813 1699 867 de
1732 812 1930 868 ancilla

354 910 409 956 et
430 918 575 957 unus
599 904 668 957 de
694 903 864 957 libera
896 921 912 957 :
948 914 1174 973 uterque
1228 914 1406 960 tamen
1455 905 1597 961 ﬁlius
1627 906 1926 971 Abraham,

354 993 484 1047 licet
510 1008 623 1048 non
652 1003 886 1062 uterque
922 996 994 1051 de
1034 995 1224 1052 libera.
1259 997 1547 1066 Propterea
1578 1006 1634 1052 et
1663 998 1708 1052 is
1735 996 1829 1066 qui
1862 1000 1928 1051 de

353 1086 552 1141 ancilla
592 1088 853 1152 nascitur,
904 1088 1078 1144 haeres
1110 1089 1339 1159 .quidem
1384 1105 1488 1143 non
1534 1090 1594 1144 ﬁt
1639 1106 1760 1145 cum
1820 1091 1928 1145 ﬁlio

356 1175 579 1241 liberae,
614 1179 826 1247 accepit
873 1188 1053 1233 tamen
1087 1180 1227 1233 dona
1262 1189 1317 1233 et
1353 1194 1460 1234 non
1504 1180 1796 1234 dimittitur
1828 1196 1925 1232 va-

354 1283 511 1327 cuus.
555 1269 785 1339 Accepit
836 1279 892 1325 et
929 1272 1042 1340 ipse
1104 1271 1570 1340 benedictionem,
1639 1274 1731 1329 sed
1786 1273 1926 1329 ﬁlius

354 1359 544 1415 libere
586 1362 793 1431 accepit
823 1363 1328 1431 repromissionem.
1357 1364 1446 1418 Fit
1479 1374 1534 1419 et
1568 1363 1657 1420 ille
1696 1365 1834 1438 (39)
1870 1367 1923 1421 in

353 1461 574 1521 gentem
603 1469 875 1524 magnam,
924 1457 1019 1510 sed
1057 1457 1162 1511 iste
1205 1458 1259 1511 in
1305 1457 1561 1527 populum
1598 1460 1920 1527 adoptionis.

354 1544 693 1614 Spiritaliter
754 1562 886 1617 ergo
929 1562 1122 1604 omnes
1174 1549 1391 1617 quidem
1459 1550 1552 1620 qui
1613 1565 1711 1620 per
1762 1551 1920 1606 ﬁdem

352 1638 580 1691 veniunt
607 1638 674 1692 ad
712 1639 1042 1706 agnitionem
1095 1640 1212 1706 Dei,
1267 1651 1496 1710 possunt
1545 1641 1641 1696 ﬁlii
1689 1642 1922 1697 Abrahae

352 1728 484 1783 dici.
520 1726 629 1782 Sed
662 1729 716 1782 in
755 1729 840 1784 his
872 1730 1181 1800 suntaliqui
1213 1747 1309 1801 pro
1339 1732 1606 1787 charitate
1634 1733 1920 1789 adhaeren-

355 1831 434 1877 tes
485 1822 618 1890 Deo,
665 1823 756 1877 alii
812 1838 911 1893 pro
962 1835 1107 1880 metu
1153 1836 1209 1881 et
1256 1826 1451 1880 timore
1479 1825 1648 1880 l'uturi
1703 1825 1918 1895 judicii.

354 1914 504 1972 Unde
537 1925 595 1970 et
630 1916 909 1984 apustolus
937 1915 1175 1973 Joannes
1203 1918 1336 1972 dicit
1357 1919 1401 1951 “
1432 1935 1447 1972 :
1481 1916 1586 1982 Qui
1612 1918 1791 1983 timet,
1817 1936 1921 1973 non

353 2013 429 2058 est
470 2005 741 2071 perfectus
791 2006 847 2059 in
880 2006 1160 2061 cbaritate.
1208 2004 1452 2075 Perfecta
1491 2016 1668 2061 autem
1710 2006 1919 2062 dilectio

350 2094 489 2160 [oras
537 2094 705 2169 mittit
757 2096 1019 2149 timerem.
1078 2094 1186 2151 Iste
1213 2111 1346 2167 ergo
1391 2099 1483 2166 qui
1546 2097 1598 2151 in
1651 2099 1921 2155 charitate

346 2186 622 2254 perlectus
663 2195 768 2251 est,
821 2195 877 2241 et
926 2188 995 2242 de
1054 2186 1332 2244 Abraham
1383 2190 1647 2257 nascitur,
1692 2202 1749 2246 et
1776 2190 1920 2248 ﬁlius

346 2277 529 2332 libera:
580 2288 690 2333 est.
748 2277 849 2344 Qui
883 2294 1011 2335 vero
1055 2295 1159 2334 non
1206 2280 1447 2349 perlecta
1498 2282 1789 2348 charitate,
1823 2285 1920 2339 sed

345 2369 548 2424 lutum
583 2384 765 2438 plnum
789 2380 938 2425 metu
966 2381 1021 2425 ct
1045 2372 1431 2440 suppliciorum
1456 2374 1649 2429 timore
1665 2376 1918 2431 mandata

345 2461 613 2523 custodit,
644 2472 731 2515 est
757 2463 978 2531 quidem
1009 2473 1064 2518 et
1095 2463 1211 2531 ipse
1243 2464 1387 2520 ﬁlius
1412 2465 1647 2522 Abrahae
1674 2505 1690 2531 ,
1721 2467 1919 2536 accipit

338 2561 395 2608 et
427 2552 548 2623 ipse
599 2553 773 2617 dona,
820 2555 872 2609 id
921 2563 1007 2609 est
1070 2557 1249 2624 Operis
1290 2558 1374 2612 sui
1412 2560 1916 2630 intercedem,.qnia

334 2648 505 2702 etiam
534 2649 630 2716 qui
662 2647 881 2701 calicem
925 2665 1075 2718 aqua:
1106 2649 1318 2719 frigida:
1360 2651 1561 2706 dederit
1609 2662 1811 2707 tantum
1860 2655 1918 2709 in

341 2739 559 2791 nomine
589 2739 866 2807 discipuli,
894 2756 997 2794 non
1027 2741 1214 2808 peribit
1241 2758 1437 2796 merces
1461 2744 1576 2813 eius
1604 2744 1671 2798 ⁸³.
1711 2744 1915 2802 Tamen

336 2827 578 2884 inferior
608 2829 704 2884 illo
725 2838 806 2884 est
828 2830 922 2899 qui
953 2845 1059 2885 non
1091 2830 1273 2886 servili
1303 2833 1496 2889 timore
1517 2879 1532 2901 ,
1582 2836 1679 2892 sed
1708 2837 1759 2892 in
1793 2839 1919 2892 cha-

333 2921 525 2977 ritatis
575 2923 829 2977 libertate
861 2924 1135 2992 perfectus
1179 2933 1280 2979 est.
1325 2926 1454 2981 'l‘aie
1498 2928 1696 2999 aliquid
1749 2933 1914 2986 etiam

2035 443 2204 498 ﬁlium
2249 444 2385 513 ejus,
2442 447 2540 499 sed
2597 454 2776 500 tamen
2816 445 2911 500 dat
2942 446 2991 501 ei
3033 456 3207 502 utrem
3251 462 3424 516 aqua}.
3476 448 3594 505 Non

2031 533 2176 588 enim
2219 535 2452 590 habebat
2477 545 2651 590 mater
2680 535 2799 605 ejus
2827 546 3044 607 puteum
3072 553 3227 607 aquae
3262 540 3395 594 viva:
3418 579 3435 606 ,
3493 556 3598 598 nec

2032 634 2244 693 poterat
2278 640 2411 693 puer
2449 626 2667 682 haurire
2698 630 2764 683 de
2788 640 2955 699 puteo
2981 645 3197 699 aquam.
3246 632 3396 687 Isaac
3427 634 3595 689 habe-

2030 714 2122 769 bat
2155 724 2360 784 puteos,
2386 731 2481 785 pro
2513 718 2711 786 quibus
2745 732 2800 773 et
2831 722 3128 776 certamina
3160 725 3364 791 patitur
3402 727 3595 780 adver-

2030 823 2123 862 sus
2180 808 2533 864 PhiliSthiuos
2581 811 2646 863 ".
2697 810 2887 866 lsmael
2921 823 3102 867 autem
3153 816 3219 869 de
3270 825 3389 871 utre
3455 818 3594 871 bibit

2030 912 2250 966 aquam,
2299 899 2393 952 sed
2422 898 2512 953 hic
2545 908 2662 954 uter
2692 903 2845 969 quasi
2881 912 3000 956 uter
3030 903 3234 969 deﬁcit,
3257 914 3310 958 et
3334 907 3452 960 ideo
3478 908 3597 965 sitit

2030 988 2131 1063 (41
2164 991 2182 1060 )
2214 1000 2268 1044 ct
2295 1006 2401 1045 nou
2444 992 2648 1046 invenit
2678 1004 2885 1061 potum.
2920 993 2999 1048 Tu
3045 1004 3220 1049 autem
3271 999 3364 1065 qui
3393 1013 3595 1052 secun-

2029 1083 2154 1137 dum
2200 1080 2349 1137 Isaac
2401 1084 2841 1153 repromissionis
2872 1101 2942 1143 ,es
2987 1086 3149 1147 ﬁlius.
3178 1088 3292 1140 bibe
3333 1105 3497 1157 aquas
3526 1091 3593 1144 de

2026 1176 2129 1229 tuis
2154 1175 2385 1245 fontibus
2421 1185 2469 1230 et
2509 1177 2570 1229 de
2613 1177 2717 1230 tuis
2758 1178 2966 1245 puteis;
3015 1195 3167 1247 aqua:
3218 1196 3320 1233 non
3375 1180 3590 1251 e/jiuant

2026 1265 2196 1336 foras,
2224 1269 2313 1322 sed
2349 1269 2492 1322 intus
2516 1269 2571 1323 iu
2600 1269 2703 1322 tuis
2735 1269 2924 1339 plateis
2953 1281 3167 1325 currant
3204 1282 3312 1325 tua:
3338 1288 3490 1340 aqua
3518 1271 3589 1330 ³⁸.

2024 1359 2117 1415 Ille
2155 1376 2283 1416 vero
2307 1362 2398 1431 qui
2423 1365 2718 1418 secundum
2760 1379 2978 1419 carnem
3025 1375 3185 1419 natus
3225 1374 3330 1432 est,
3370 1367 3435 1422 de
3470 1376 3591 1425 utre

2024 1465 2220 1518 aquam
2253 1452 2409 1518 bibit,
2437 1463 2492 1507 et
2523 1468 2660 1523 aqua
2708 1455 2820 1525 ipsa
2861 1456 3139 1520 delicitei,
3191 1468 3248 1512 et
3297 1458 3350 1512 in
3408 1459 3591 1516 multis

2025 1541 2225 1599 deﬁcit.
2258 1542 2387 1598 Uter
2416 1544 2550 1614 legis
2600 1556 2683 1600 est
2733 1546 2931 1612 littera,
2971 1551 3037 1602 de
3064 1564 3167 1619 qua
3216 1548 3303 1604 ille
3353 1552 3591 1608 carnalis

2024 1634 2253 1703 populus
2279 1636 2437 1700 bibit,
2481 1646 2535 1692 et
2581 1637 2707 1693 inde
2742 1639 3071 1696 intellectum
3117 1643 3262 1710 capit
3297 1662 3312 1699 :
3348 1659 3469 1713 quae
3500 1644 3592 1700 lit-

2027 1739 2140 1782 tera
2190 1726 2501 1796 frequeuter
2556 1731 2603 1785 ei
2665 1730 2887 1797 deficit,
2938 1741 2994 1787 et
3048 1734 3323 1802 explicare
3372 1752 3432 1792 se
3480 1752 3588 1793 non

2022 1829 2220 1891 potest.
2251 1818 2308 1873 In
2336 1821 2520 1876 multis
2549 1823 2693 1877 enim
2740 1822 3013 1879 defectum
3043 1828 3248 1896 patitur
3286 1828 3589 1885 bistorialis

2021 1912 2406 1983 intelligentia.
2477 1914 2716 1970 Ecclesia
2783 1926 2960 1972 autem
3022 1919 3092 1972 de
3148 1920 3476 1990 evangelicis
3532 1930 3589 1977 et

2022 2005 2338 2074 aposwlicis
2385 2005 2621 2060 fontibus
2666 2006 2947 2076 bibit,.qui
2989 2023 3263 2076 nunquam
3306 2010 3583 2076 deﬁciunt,

2021 2098 2117 2153 sed
2151 2098 2202 2152 in
2244 2096 2436 2166 plateis
2462 2098 2603 2155 .suis
2653 2106 2996 2167 percurrunt,
3046 2099 3172 2167 quia
3209 2100 3262 2153 in
3298 2099 3587 2158 latitudine
3621 2114 3626 2119 '

2021 2189 2283 2259 spiritalis
2362 2191 2823 2259 interpretationis
2892 2189 3170 2246 abundant
3245 2208 3462 2262 semper
3531 2203 3587 2249 et

2018 2278 2212 2335 ﬂuunt.
2236 2280 2383 2336 Bibit
2420 2282 2560 2338 etde
2594 2281 2789 2350 puteis,
2823 2296 2945 2335 cum
2982 2282 3329 2350 prolundiora
3358 2299 3586 2354 quaeque

2021 2370 2207 2426 haurit
2246 2381 2300 2427 et
2329 2381 2605 2428 scrutatur
2651 2387 2719 2428 ex
2769 2372 2906 2442 lege.
2958 2372 3063 2427 Per
3117 2374 3220 2429 hoc
3248 2415 3265 2442 ,
3325 2376 3581 2442 arbitror,

2022 2466 2338 2536 mysterium
2375 2467 2535 2521 etiam
2561 2466 2822 2521 Dominus
2846 2467 2865 2539 (
2885 2466 2989 2537 42)
3034 2477 3088 2522 et
3120 2468 3375 2522 Salvator
3400 2479 3586 2524 noster

2019 2559 2232 2614 dicebat
2253 2558 2321 2613 ad
2345 2556 2768 2625 Samaritanam,
2794 2557 2883 2612 ubi
2917 2559 3059 2614 velut
3079 2560 3125 2613 si
3151 2576 3274 2614 cum
3301 2560 3414 2629 ipsa
3437 2561 3584 2631 Agar

2020 2645 2359 2716 loqueretur,
2422 2646 2603 2702 aiebat
2643 2646 2686 2682 ³¹
2719 2665 2731 2700 :
2764 2646 2948 2702 Omnis
2994 2651 3085 2719 qui
3133 2650 3322 2704 biberit
3374 2666 3441 2705 ex
3485 2649 3583 2706 hac

2018 2755 2180 2808 aqua,
2204 2740 2342 2794 sitiet
2375 2738 2562 2792 iterum
2585 2755 2607 2803 ;
2633 2739 2721 2809 qui
2752 2750 2927 2794 autem
2958 2740 3144 2797 biberit
3171 2743 3235 2796 de
3263 2760 3400 2814 aqua
3422 2760 3581 2811 quam

2018 2848 2113 2899 ego
2144 2830 2280 2884 dabo
2306 2831 2390 2896 ei,
2423 2846 2527 2884 non
2551 2831 2690 2883 sitiet
2719 2832 2773 2884 in
2801 2842 3076 2889 wternum.
3122 2832 3189 2887 Et
3230 2833 3319 2888 illa
3354 2835 3486 2890 dicit
3513 2837 3581 2890 ad

2022 2922 2360 2977 Salvatorem
2395 2921 2439 2952 "
2468 2935 2482 2974 :
2511 2920 2594 2973 Da
2624 2922 2777 2986 nti/ti,
2812 2922 3047 2989 Domine,
3086 2925 3220 2977 Itane
3251 2942 3477 2993 aquam,
3524 2939 3581 2982 ut

328 3012 635 3082 Apostolus
666 3014 949 3081 ostendit,
979 3030 1102 3070 cum
1142 3017 1271 3071 dicit
1310 3017 1354 3049 “
1387 3036 1400 3073 :
1432 3017 1682 3083 Quandiu
1706 3022 1911 3091 quidem
1941 3032 1984 3090 ρ
2021 3031 2123 3069 non
2148 3015 2346 3081 sitiam,
2392 3030 2550 3082 neque
2593 3014 2796 3068 veniam
2851 3013 2949 3068 huc
2993 3015 3228 3069 haurire.
3276 3015 3408 3070 Post
3464 3018 3581 3073 haec

330 3107 507 3160 turres
555 3106 813 3174 parvulus
866 3117 966 3170 est,
1029 3108 1157 3160 nihil
1193 3108 1371 3176 differt
1394 3128 1639 3177 aservo,
1676 3130 1792 3167 eum
1841 3116 1910 3168 sit

331 3197 590 3251 dominus
621 3198 856 3252 omnium
880 3239 895 3261 ,
924 3200 1013 3253 sed
1042 3199 1135 3252 sub
1160 3202 1418 3256 tutoribus
1441 3212 1489 3256 et
1512 3205 1779 3259 actoribus
1811 3216 1910 3271 est,

333 3305 509 3357 usque
536 3292 608 3342 ad
627 3290 952 3358 pra'finitum
980 3302 1178 3359 tempus
1206 3310 1237 3346 a
1258 3304 1430 3360 patre.
1480 3293 1744 3351 Parvulus
1783 3312 1913 3369 ergo

332 3388 425 3435 est
444 3380 539 3447 qui
570 3379 715 3433 lacte
742 3380 930 3446 alitur,
956 3389 1011 3434 et
1036 3396 1231 3450 expers
1268 3392 1353 3437 est
1379 3384 1645 3440 sermonis
1662 3385 1909 3455 justitia',

334 3486 443 3525 nec
474 3480 654 3538 potest
689 3473 873 3526 cibum
916 3473 1149 3527 solidum
1182 3477 1427 3544 accipere
1457 3478 1740 3548 sapientia:
1775 3480 1914 3534 divi-

334 3576 463 3624 una,
518 3570 575 3615 et
627 3562 871 3617 scientiae
910 3562 1068 3632 legis,
1121 3565 1211 3633 qui
1259 3582 1362 3620 non
1415 3577 1594 3636 potest
1646 3570 1911 3638 spiritalia

336 3653 679 3721 epiritalibus
728 3668 1095 3721 comparare,
1149 3657 1240 3725 qui
1306 3658 1547 3712 nondum
1602 3669 1786 3729 potest
1830 3661 1914 3715 di-

338 3757 467 3797 cere
497 3743 547 3774 ”
573 3761 587 3797 :
620 3743 749 3797 Cum
779 3753 954 3797 autem
984 3744 1154 3813 [actus
1185 3762 1301 3801 sum
1331 3751 1433 3813 vir,
1458 3766 1574 3820 quis
1600 3760 1748 3805 erant
1788 3769 1913 3821 par-

339 3837 447 3891 uuli
469 3838 688 3904 deposui
715 3835 855 3909 (40)
884 3854 899 3903 ;
934 3838 1033 3892 iste
1053 3855 1183 3909 ergo
1215 3841 1346 3894 nihil
1371 3842 1550 3898 diﬂ'ert
1575 3860 1604 3898 a
1637 3860 1817 3904 servo.
1851 3847 1911 3902 Si

339 3944 472 3984 vero
523 3930 837 3998 relinquens
899 3930 1175 3987 initiorum
1217 3936 1415 3991 Christi
1479 3953 1786 3995 sermonem
1842 3944 1912 3997 ad

335 4019 732 4090 perfectionem
762 4021 989 4088 feratur,
1039 4034 1094 4078 et
1124 4041 1239 4096 qua:
1264 4043 1473 4082 sursum
1520 4039 1640 4084 sunt
1681 4042 1908 4100 quaerat,

336 4113 429 4166 ubi
456 4110 700 4167 Christus
724 4125 798 4170 est
821 4116 875 4168 in
904 4117 1092 4187 dextra
1118 4117 1217 4171 Dei
1245 4120 1448 4188 sedens,
1489 4138 1591 4175 non
1614 4140 1731 4192 qua:
1755 4139 1910 4192 super

338 4212 539 4259 terram
567 4206 635 4268 “,
665 4215 720 4262 et
749 4208 1140 4278 contempletur
1162 4227 1263 4265 non
1292 4227 1352 4265 ea
1381 4229 1498 4281 qua:
1523 4214 1784 4282 ridentur,
1817 4217 1910 4271 sed

336 4309 458 4364 qua
502 4310 608 4348 non
651 4296 893 4350 videntur
941 4299 1006 4364 ²⁷,
1052 4314 1228 4368 neque
1269 4301 1322 4355 iu
1367 4303 1564 4367 divinis
1609 4303 1907 4374 Scripturis

2017 3108 2276 3163 Dominus
2319 3107 2386 3161 ad
2421 3121 2537 3161 eam
2581 3105 2725 3179 (45)
2759 3121 2775 3156 :
2812 3106 2915 3172 Qui
2961 3106 3146 3167 credit,
3189 3108 3363 3177 inquit
3414 3108 3481 3173 ³³,
3525 3111 3581 3163 in

2014 3216 2116 3262 me,
2145 3198 2233 3267 [iet
2265 3200 2317 3251 in
2342 3215 2401 3253 eo
2431 3197 2547 3267 fons
2584 3214 2733 3267 aqua:
2764 3196 2997 3251 salientis
3026 3198 3078 3250 in
3118 3198 3276 3253 vitam
3307 3209 3577 3257 a‘ternam.

2085 3290 2138 3344 6.
2178 3289 2409 3344 Errabat
2440 3304 2568 3359 ergo
2597 3289 2743 3359 Agar
2788 3305 2882 3358 per
2908 3290 3178 3345 desertum
3223 3306 3343 3345 cum
3388 3309 3577 3363 puero,

2014 3390 2071 3438 et
2099 3397 2231 3451 puer
2257 3380 2525 3451 plorabat,
2556 3390 2608 3435 et
2638 3382 2862 3450 projecit
2891 3396 3012 3435 eum
3045 3384 3212 3453 Agar,
3245 3385 3464 3449 dicens,
3499 3386 3578 3441 Ne

2014 3475 2233 3528 videam
2257 3483 2483 3528 mortem
2512 3473 2603 3526 ﬁlii
2630 3475 2756 3527 mei.
2804 3472 2932 3528 Post
2976 3474 3087 3528 lucc
3129 3491 3249 3529 cum
3276 3477 3388 3546 jam
3418 3480 3574 3545 quasi

2015 3566 2310 3623 moriturus
2353 3563 2547 3617 fuisset
2595 3563 2858 3631 abjectus,
2910 3573 2966 3618 et
3000 3564 3261 3632 ﬂevisset,
3319 3570 3474 3623 adest
3526 3568 3579 3624 ei

2015 3657 2239 3727 angelus
2279 3655 2536 3719 Domini,
2570 3666 2624 3709 et
2653 3658 2867 3725 aperuit.
2908 3657 3099 3711 oculos
3120 3659 3288 3729 Agar,
3346 3671 3402 3714 et
3445 3660 3581 3715 vidit

2014 3759 2235 3817 puteum
2268 3763 2421 3818 aqum
2442 3749 2595 3802 vivae.
2623 3746 2746 3803 llmc
2768 3749 2834 3803 ad
2861 3749 3142 3803 historiam
3170 3750 3359 3806 referri
3388 3768 3579 3821 quem-

2014 3840 2300 3894 admodum
2352 3839 2625 3908 possunt?
2685 3838 2785 3895 Ubi
2838 3841 2980 3894 enim
3053 3842 3362 3897 invenimus
3431 3845 3577 3913 quod

2012 3933 2157 4003 Agar
2208 3932 2422 3987 clausos
2496 3933 2749 3988 habuerit
2811 3932 3022 4000 oculos,
3085 3945 3140 3988 et
3203 3937 3376 4005 aperti
3445 3948 3579 3993 sunt

2013 4024 2402 4097 postmodum?
2443 4023 2630 4080 Nonne
2669 4025 2787 4079 luce
2815 4025 3012 4079 clarior
3041 4036 3124 4081 est
3163 4028 3214 4082 in
3256 4030 3337 4084 his
3378 4031 3579 4084 intelli—

2012 4118 2190 4189 gentia
2220 4116 2482 4186 Spiritalis
2508 4127 2561 4171 et
2585 4116 2838 4188 mystica,
2871 4117 3012 4187 quod
3038 4120 3279 4189 abjectns
3304 4122 3454 4177 estis
3481 4126 3572 4192 qui

2013 4212 2310 4266 secundum
2361 4226 2583 4265 carnem
2635 4221 2719 4266 est
2761 4213 3013 4282 pupulas,
3048 4224 3105 4269 et
3131 4216 3312 4269 tandiu
3348 4217 3491 4285 jacet
3522 4219 3574 4273 in

2012 4303 2155 4358 fame
2183 4313 2231 4358 et
2256 4303 2371 4370 siti,
2398 4320 2499 4358 non
2532 4306 2724 4373 [amem
2755 4304 2892 4378 (Η)
2914 4309 3066 4375 panis
3096 4309 3391 4377 perferens,
3417 4328 3578 4381 neque

340 4397 604 4455 sequatur
662 4390 993 4445 occidentem
1048 4390 1286 4445 litteram
1307 4433 1322 4456 ,
1369 4394 1462 4448 sed
1534 4395 1902 4451 viviﬁcantem
1936 4380 1985 4440 D
2010 4397 2153 4449 sitim
2187 4412 2364 4465 aquat,
2398 4397 2486 4448 sed
2511 4399 2651 4451 sitim
2676 4397 2815 4451 verbi
2844 4399 2935 4453 Dei
2964 4399 3028 4463 “,
3070 4401 3241 4455 donec
3263 4402 3577 4471 aperiantur

341 4478 594 4547 Spiritum
624 4494 640 4532 :
672 4494 735 4534 ex
761 4480 865 4535 illis
886 4483 989 4537 erit
1011 4481 1131 4535 sine
1163 4482 1346 4549 dubio,
1376 4485 1468 4553 qui
1504 4502 1608 4539 non
1635 4487 1911 4556 accipiunt

341 4574 587 4640 spiritum
630 4574 893 4629 servitutis
932 4578 1124 4633 iterum
1162 4578 1217 4631 in
1255 4579 1441 4630 timore
1466 4617 1479 4639 ,
1517 4580 1609 4632 sed
1654 4582 1902 4649 spiritum

343 4665 667 4732 adoptionis,
705 4667 760 4718 in
784 4684 886 4736 quo
916 4669 1153 4724 clament
1184 4687 1200 4723 :
1230 4669 1378 4723 Abba
1409 4669 1572 4726 Pater
1596 4672 1661 4726 ³⁸.

411 4757 468 4812 5.
511 4758 651 4825 Quid
700 4761 915 4816 interim
944 4774 1072 4832 agat
1120 4764 1398 4818 Abraham
1443 4776 1726 4834 postquam
1770 4768 1908 4824 indi-

415 4895 503 4970 ’ξι
532 4897 664 4954 Joan
702 4899 883 4970 “.718.
960 4900 1007 4933 “
1028 4901 1215 4958 Matth.
1242 4918 1297 4965 κ,
1322 4903 1413 4957 45.
1489 4903 1536 4936 ³⁸
1563 4903 1681 4958 Gal.
1711 4920 1787 4970 IV,
1822 4906 1874 4970 ί,
1899 4902 1956 4960 2.
2030 4907 2077 4938 "
2098 4903 2263 4959 ICor.
2284 4900 2487 4964 xit,ll'

1526 4974 1572 5006 '°
1607 4974 1766 5030 Prov.
1812 4991 1863 5041 v,
1894 4976 1991 5044 l5,
2023 4978 2109 5032 l6.

973 4971 1019 5003 ”
1045 4972 1241 5027 Geues.
1275 4989 1423 5027 ικνι.

926 5040 970 5073 ³⁵
1003 5041 1158 5099 Rom.
1202 5059 1280 5108 XI,
1300 5044 1391 5100 25.

345 4968 394 4999 ’⁸
430 4967 587 5023 Rom.
621 4984 717 5022 vm
735 5010 751 5034 ,
778 4969 868 5026 15.

348 5038 394 5071 ³⁵
420 5040 589 5094 Amos
621 5053 739 5108 vui,
765 5041 850 5095 ll.

460 5178 574 5319 '59;
606 5178 761 5243 Mss.,
786 5180 847 5249 ﬁt
870 5189 920 5235 et
942 5182 1068 5245 ille;
1091 5183 1224 5238 Iihb.
1249 5184 1403 5249 editi,
1439 5186 1534 5255 fiat
1566 5197 1614 5240 et
1649 5186 1757 5241 ille.

460 5249 531 5305 40
602 5250 757 5306 Libb.
791 5253 943 5314 editi.
973 5255 1217 5309 evacuavi
1237 5268 1355 5319 qua:
1377 5268 1527 5311 erant
1552 5259 1757 5319 parvuli

457 5249 569 5319 40)
602 5250 757 5326 Libb.
791 5253 943 5314 editi.
973 5255 1217 5309 evacuavi
1237 5268 1355 5323 qua:
1377 5249 1527 5311 erant
1552 5259 1781 5326 parvuli,
1808 5258 1903 5314 sed

351 5336 474 5375 mss.
509 5332 567 5374 ut
601 5325 654 5373 in
685 5332 871 5375 nostro
904 5332 1070 5377 textu.

450 5390 517 5463 ll
539 5390 751 5463 λιες...
780 5392 926 5463 sitit;
953 5392 1081 5446 libb.
1121 5393 1269 5458 editi,
1296 5397 1445 5463 petit.

458 5461 734 5537 bﬂj‘Libb.
771 5462 957 5537 editi_:
991 5479 1083 5529 pro
1116 5465 1214 5537 hoc
1244 5461 1473 5520 arbitror
1497 5466 1741 5537 mysterio
1763 5468 1901 5537 quod

352 5531 497 5586 etiam
525 5531 805 5589 Dominus,
833 5531 925 5586 sed
957 5549 1084 5586 mss.
1112 5543 1171 5587 ut
1202 5536 1253 5589 in
1292 5547 1478 5591 nostro
1504 5531 1674 5592 te'xtu.

415 5602 546 5674 (45)
590 5600 723 5657 Post
764 5600 875 5654 haec
927 5601 1176 5658 Dominus
1199 5606 1269 5658 ad
1297 5624 1436 5676 eam,
1474 5618 1582 5663 etc.
1636 5606 1906 5663 Memorite

708 5694 983 5755 Panos.
1014 5697 1133 5757 Gn.
1179 5696 1321 5760 XII.

2013 4488 2155 4542 oculi
2181 4504 2472 4560 synagoga:
2496 4490 2519 4542 ?
2546 4489 2656 4545 iloc
2688 4502 2769 4545 est
2800 4493 2942 4563 quod
2966 4492 3258 4561 Apostolus
3285 4494 3418 4549 dicit
3456 4510 3576 4547 esse

2013 4581 2330 4651 mysterium
2381 4581 2427 4611 ³⁸
2462 4580 2641 4646 :Quia
2686 4584 2893 4636 eweitas
2942 4585 3155 4652 contigit
3209 4602 3273 4639 ex
3319 4600 3467 4655 parte
3518 4588 3575 4643 in

2016 4672 2209 4735 Israel,
2236 4672 2399 4726 donec
2445 4672 2716 4743 plenitudo
2758 4675 2989 4743 gentium
3034 4676 3309 4744 introiret,
3365 4689 3413 4731 et
3452 4689 3574 4732 tunc

2014 4769 2184 4822 omnis
2215 4767 2385 4823 Israel
2421 4768 2601 4824 salvus
2626 4770 2797 4840 ﬁeret.
2835 4767 2942 4825 Ista
2978 4779 3062 4827 est
3088 4788 3218 4841 ergo
3250 4776 3467 4831 cmcitas
3516 4775 3573 4830 iu

2565 4899 2993 4979 'EColoss.m,l.
3117 4910 3213 4966 ..ιι
3230 4912 3355 4966 Cor.
3386 4929 3460 4979 tv,
3481 4915 3571 4972 l8.

2209 4976 2253 5009 “
2289 4977 2449 5032 Joan.
2479 4992 2548 5040 tv,
2594 4978 2683 5032 15.
2782 4979 2827 5010 ³⁸
2866 4980 2997 5036 ibid.
3044 4979 3131 5038 15.
3234 4984 3279 5015 ³³
3317 4976 3455 5043 ibid;
3481 4986 3569 5040 με.

2008 5186 2191 5255 lapsus
2232 5196 2313 5242 est
2340 5187 2391 5241 iu
2434 5187 2689 5258 Origene,
2718 5202 2842 5242 nam
2874 5203 2994 5259 quae
3025 5200 3327 5259 sequuntur
3355 5191 3569 5247 Domini

2006 5259 2195 5330 verba,
2230 5274 2333 5330 non
2363 5268 2545 5324 postea
2575 5295 2593 5323 ,
2621 5260 2717 5313 sed
2743 5269 2903 5313 antea
2936 5262 3081 5315 dicta
3123 5270 3267 5327 sunt,
3300 5276 3495 5330 nempe
3538 5264 3572 5309 ir
3604 5319 3609 5325 ,

2008 5326 2095 5391 Il,
2124 5334 2177 5379 et
2198 5328 2323 5381 aliis
2358 5330 2600 5382 vocibus.

2076 5396 2228 5469 (744)
2291 5398 2418 5469 Siti,
2457 5414 2558 5469 non
2600 5397 2812 5469 famem.
2859 5396 2952 5453 Sic
3009 5401 3179 5455 codex
3224 5400 3573 5456 Belvacensis

2007 5468 2209 5541 melius
2228 5468 2537 5534 quattt‘libb.
2567 5468 2700 5524 editi
2721 5469 2774 5523 in
2804 5470 3003 5538 quibus
3030 5471 3225 5541 legitur
3260 5489 3273 5524 :
3303 5471 3416 5527 siti.
3444 5470 3571 5525 Non

2007 5537 2143 5591 enim
2179 5536 2393 5606 fantem.

3158 5703 3195 5759 7
