4050 6142
505 257 613 314 203

2001 236 2158 294 ORIG
2167 235 2318 294 ENIS

3654 244 3770 299 204

503 381 668 450 Agar,
715 390 835 447 qua:
876 372 1171 429 secundum
1205 385 1424 426 carnem
1461 369 1647 440 genuit
1682 386 1695 422 :
1727 380 1844 437 qua:
1895 363 2079 418 tandiu
2113 367 2156 424 Α
2187 363 2325 416 citus
2359 371 2442 417 est
2486 364 2558 428 ei,
2609 363 2735 433 quia
2771 363 2823 417 in
2870 362 2981 418 ﬁlio
3028 362 3119 434 qui
3172 375 3489 420 nasceretur
3519 380 3587 420 ex
3617 365 3760 422 Sara

505 473 558 525 in
597 484 658 523 ea
686 472 1008 537 permanet,
1055 463 1229 517 donec
1282 460 1527 515 velamen
1571 459 1764 514 littera
1803 455 2081 512 auferatur

503 577 601 632 per
623 559 972 622 Evangelium
1003 556 1094 610 Dei
1138 555 1251 627 (i5
1273 555 1310 625 ),
1345 565 1401 609 et
1438 556 1612 607 videat
1649 567 1844 622 aquam
1876 553 2073 604 vivam.

500 653 658 707 Nunc
685 651 829 705 enim
866 649 1056 719 jacent
1101 647 1269 702 Judaei
1302 649 1444 702 circa
1485 649 1658 717 ipsum
1689 657 1907 714 puteum
1933 684 1950 710 ,
1981 644 2077 698 sed

499 744 642 798 oculi
667 758 854 797 eorum
880 742 1049 796 clausi
1077 751 1206 796 sunt
1236 759 1248 793 :
1280 751 1335 796 et
1383 756 1487 795 non
1523 748 1754 808 possunt
1797 738 1984 792 bibere
2011 737 2078 791 de

497 843 663 903 puteo
691 834 826 902 legis
861 842 912 887 et
946 834 1355 902 prophetarum.
1405 830 1510 885 Sed
1543 839 1598 886 et
1625 845 1724 884 nos
1755 845 2072 893 caveamus,

499 927 625 996 quia
664 926 976 996 frequenter
1006 935 1062 981 et
1093 941 1190 979 nos
1221 926 1365 978 circa
1407 934 1624 993 puteum
1645 923 1891 990 jacemus
1923 938 2076 992 aqua:

496 1019 656 1084 vivae,
689 1018 741 1072 id
774 1027 854 1074 est
879 1019 1025 1072 circa
1057 1017 1369 1086 Scripturas
1401 1016 1641 1079 divinas,
1665 1025 1719 1069 et
1744 1029 1990 1068 erramus
2019 1013 2072 1067 in

499 1110 651 1181 ipsis.
689 1109 960 1166 Tenemus
992 1109 1160 1163 libros
1201 1117 1255 1163 et
1293 1109 1559 1177 legimus,
1597 1108 1693 1161 sed
1735 1106 2070 1175 spiritualem

499 1217 715 1260 sensum
749 1218 852 1257 non
877 1202 1214 1268 a'lingimus.
1256 1202 1323 1256 Et
1359 1203 1479 1256 ideo
1521 1217 1658 1269 opus
1695 1211 1778 1256 est
1820 1200 2072 1272 Iacrymis

499 1305 559 1350 et
583 1295 920 1350 orationibus
950 1295 1382 1350 indesinentibus
1402 1297 1698 1365 posmiare,
1727 1306 1783 1349 ut
1817 1297 2072 1350 Dominus

499 1383 711 1453 aperiat
745 1383 932 1436 oculos
962 1392 1216 1450 nostros;
1247 1385 1373 1452 quia
1413 1393 1468 1438 et
1499 1383 1575 1438 illi
1624 1385 1752 1439 cmci
1795 1386 1884 1454 qui
1912 1387 2069 1440 sede-

501 1475 636 1529 bant
666 1474 718 1526 in
763 1471 982 1528 Jericho
1012 1474 1082 1540 ³⁸,
1117 1475 1218 1528 nisi
1273 1475 1600 1528 clamassent
1645 1475 1710 1529 ad
1758 1474 2067 1540 Dominum,

499 1581 606 1619 non
637 1564 869 1620 fuissent
913 1567 1087 1636 aperti
1119 1566 1259 1620 oculi
1294 1581 1506 1621 eorum.
1566 1566 1631 1621 Et
1678 1568 1807 1636 quid
1850 1567 2070 1638 dico,ut

499 1659 822 1728 aperiantur
845 1659 987 1714 oculi
1014 1659 1231 1714 nostri?
1258 1660 1382 1728 quia
1411 1659 1522 1729 jam
1549 1660 1720 1729 aperti
1745 1669 1891 1712 sunt.
1913 1658 2068 1714 Jesus

498 1750 642 1804 enim
686 1752 835 1805 venit
869 1753 1081 1820 aperire
1129 1751 1315 1806 oculos
1365 1766 1655 1805 cmcorum.
1704 1752 1889 1821 Aperti
1936 1767 2065 1820 ergo

498 1848 626 1893 sunt
654 1839 797 1895 oculi
835 1841 1029 1905 nostri,
1068 1852 1120 1896 et
1147 1843 1215 1896 de
1250 1842 1426 1895 littera
1455 1841 1587 1911 legis
1624 1841 1869 1895 velamen
1914 1841 2066 1895 abla-

498 1936 611 1982 tum
649 1940 750 1985 est.
786 1929 890 1986 Sed
921 1947 1115 1985 vereor
1161 1946 1226 1986 ne
1266 1947 1364 1986 nos
1393 1932 1490 2000 ipsi
1519 1947 1615 1987 eos
1645 1947 1836 1986 somno
1869 1933 2066 1987 iterum

498 2023 849 2094 profundiore
905 2022 1242 2087 claudamus,
1302 2024 1428 2076 dum
1496 2040 1600 2078 non
1661 2024 1948 2095 vigilamus
2014 2027 2066 2080 in

497 2113 779 2169 intellectu
802 2112 1047 2181 spiritali,
1081 2128 1255 2182 neque
1278 2113 1491 2168 solliciti
1517 2129 1704 2169 sumus
1729 2125 1785 2169 ut
1813 2132 2065 2170 somnum

496 2205 852 2260 discutiamus
904 2205 972 2258 ab
1024 2205 1197 2260 oculis
1256 2207 1488 2270 nostris,
1533 2215 1588 2261 et
1637 2208 2067 2278 contemplemur

498 2312 618 2366 qua:
643 2296 908 2366 spiritalia
936 2305 1084 2359 sunt,
1110 2297 1186 2350 uti
1210 2313 1277 2351 ne
1303 2312 1424 2352 cum
1457 2298 1652 2367 populo
1685 2301 1889 2354 carnali
1918 2303 2065 2355 circa

498 2390 668 2458 ipsam
693 2403 885 2457 aquam
917 2389 1073 2458 positi
1106 2403 1370 2451 erremus,
1403 2391 1532 2458 quin
1556 2392 1736 2458 potius
1760 2393 2062 2461 vigilemus,

497 2488 553 2532 et
596 2494 720 2532 cum
767 2478 1033 2548 Propheta
1076 2479 1321 2532 dicamus
1353 2481 1395 2510 ³⁷
1430 2497 1443 2533 :
1482 2479 1542 2534 Si
1593 2481 1782 2534 dedero
1824 2499 2064 2535 somnum

497 2569 663 2623 oculis
692 2572 842 2635 meis,
888 2579 938 2623 et
983 2572 1244 2639 palpebris
1297 2572 1424 2624 meis
1472 2571 1921 2638 dormitatioaem,
1971 2587 2064 2628 aut

496 2664 726 2730 requiem
775 2665 1092 2731 temporibus
1146 2665 1274 2717 meis
1303 2705 1318 2728 ,
1363 2665 1523 2718 donec
1576 2665 1836 2718 inveniam
1892 2667 2064 2720 locum

496 2754 745 2820 Domino,
785 2757 1186 2810 tabernaculum
1236 2757 1346 2811 Deo
1397 2755 1584 2812 Jacob.
1634 2757 1742 2828 Ipsi
1795 2757 1965 2829 gloria
2009 2768 2066 2812 et

493 2847 786 2915 imperium
812 2848 863 2902 in
893 2849 1089 2902 szecula
1126 2850 1467 2904 saeculorum.
1497 2850 1691 2904 Amen.

1053 2936 1325 2990 HOMILIA
1374 2936 1504 2994 Vill.

2182 457 2544 526 complebitur
2571 458 2676 512 ista
2714 458 3023 524 promissio.
3057 458 3396 513 Accenderat
3446 474 3578 528 ergo
3627 461 3753 513 ani-

2183 563 2330 601 mum
2366 548 2536 617 ipsius
2563 548 2616 602 in
2641 560 2883 602 amorem
2911 547 3030 612 filii,
3064 564 3170 603 non
3206 550 3378 604 solum
3407 551 3754 620 posteritatis

2181 642 2382 711 gratia,
2414 643 2509 697 sed
2532 653 2588 697 et
2615 644 3038 713 promissionum
3073 656 3189 711 spe.
3236 641 3342 696 Sed
3383 642 3525 696 hunc
3564 643 3617 695 in
3645 657 3757 710 quo

2180 731 2230 785 ei
2255 734 2442 801 positza
2466 745 2594 787 sunt
2620 735 3010 804 promissiones
3042 747 3248 801 magna:
3295 732 3410 786 ista:
3437 743 3493 788 et
3524 734 3751 788 mirabi-

2181 825 2258 879 les
2290 869 2304 893 ,
2341 827 2504 892 hunc,
2545 827 2784 895 inquam,
2819 826 2984 879 ﬁlimn
3039 825 3089 878 in
3116 838 3223 892 quo
3253 833 3502 878 vocatum
3529 836 3612 880 est
3652 840 3752 879 no-

2179 932 2301 974 men
2333 919 2450 985 ejus
2489 919 2788 983 Abraham,
2832 917 3204 972 holocaustum
3251 916 3478 971 Domino
3520 915 3754 986 jubetur

2175 1011 2370 1065 oflerre
2401 1012 2453 1065 in
2489 1026 2598 1064 uno
2623 1026 2689 1066 ex
2715 1010 3010 1064 montibus.
3039 1009 3175 1077 Quid
3205 1019 3258 1062 tu
3283 1010 3348 1062 ad
3371 1011 3505 1075 haec,
3525 1025 3557 1063 0
3577 1011 3755 1064 Abra-

2176 1101 2337 1154 ham?
2363 1100 2492 1166 Qua:
2515 1109 2569 1154 et
2592 1100 2782 1168 quales
2807 1099 3166 1169 cogitationes
3185 1108 3473 1152 moventur
3507 1098 3560 1151 in
3586 1099 3752 1152 corde

2177 1192 2304 1246 tuo?
2338 1191 2548 1245 Prolata
2579 1201 2662 1245 est
2690 1207 2789 1244 vox
2818 1206 2846 1244 a
2880 1191 3012 1252 Deo,
3045 1206 3164 1258 qua:
3190 1190 3449 1244 discutiat
3476 1198 3527 1243 et
3554 1191 3750 1258 probet

2177 1284 2332 1337 ﬁdem
2365 1293 2530 1338 tuam.
2559 1283 2698 1349 Quid
2721 1283 2786 1337 ad
2815 1283 2930 1337 hmo
2957 1283 3133 1338 dicis?
3162 1283 3301 1349 Quid
3329 1283 3574 1348 cogitas?
3605 1282 3748 1349 Quid

2176 1375 2473 1430 retractas?
2496 1376 2731 1430 Putasne
2754 1375 2987 1429 revolvis
3017 1377 3069 1428 in
3100 1377 3264 1430 corde
3294 1387 3406 1438 tuo,
3438 1377 3588 1445 quia,
3619 1377 3662 1428 si
3691 1376 3746 1430 in

2172 1466 2320 1523 Isaac
2341 1468 2462 1522 data
2487 1478 2569 1522 est
2605 1469 2732 1522 mihi
2768 1469 3139 1537 repromissio,
3183 1470 3325 1524 hunc
3361 1479 3543 1524 autem
3574 1470 3746 1526 offero

2177 1560 2579 1624 holocaustum,
2605 1569 2855 1629 superest
2881 1570 2938 1613 ut
2973 1575 3078 1613 non
3112 1571 3361 1632 speretur
3385 1562 3489 1615 ulla
3517 1567 3746 1630 prornis-

2183 1655 2265 1708 sio
2297 1653 2454 1725 (46)?
2483 1654 2587 1707 Aut
2622 1652 2790 1722 magis
2828 1652 2914 1705 illa
2954 1653 3160 1721 cogitas
3204 1663 3258 1706 et
3290 1652 3448 1717 dicis,
3482 1653 3608 1722 quia
3644 1655 3743 1707 im-

2174 1747 2430 1818 possibile
2457 1755 2539 1800 est
2567 1745 2781 1800 mentiri
2808 1760 2930 1799 eum
2975 1746 3064 1812 qui
3106 1747 3448 1813 repromisit;
3481 1747 3744 1815 quidquid

2172 1838 2302 1893 illud
2327 1837 2508 1900 fuerit,
2532 1837 2820 1907 promissio
2845 1839 3216 1906 permanebit?
3245 1839 3441 1892 Verum
3467 1856 3590 1908 ego,
3616 1841 3743 1908 quia

2172 1932 2428 1986 minimus
2477 1946 2616 1995 sum,
2679 1931 2809 1983 tanti
2861 1931 3187 1999 patriarchae
3224 1933 3592 2000 cogitationes
3629 1948 3742 1987 non

2169 2022 2325 2077 valeo
2366 2020 2716 2092 perscrutari,
2768 2035 2871 2074 nec
2916 2021 3058 2074 scire
3097 2035 3344 2087 possum,
3372 2037 3470 2075 vox
3503 2022 3592 2075 Dei
3622 2037 3745 2092 quae

2169 2112 2232 2166 ad
2270 2112 2579 2165 tentandum
2611 2126 2731 2164 eum
2753 2120 3115 2178 processerat,
3145 2127 3280 2180 quas
3311 2115 3358 2167 ei
3384 2114 3745 2181 cogitationes

2168 2204 2417 2268 moverit,
2467 2203 2594 2272 quid
2628 2203 2793 2256 animi
2827 2203 3094 2269 attulerit,
3141 2219 3260 2257 cum
3287 2204 3571 2272 juberetnr
3619 2207 3744 2259 nni-

2168 2310 2288 2349 cum
2335 2292 2604 2364 jugulare.
2654 2291 2761 2346 Sed
2811 2292 3066 2360 quoniam
3106 2295 3321 2362 spiritus
3364 2295 3741 2362 prophetarum

2165 2385 2424 2455 prophetis
2456 2383 2718 2453 subjectus
2759 2395 2832 2437 est
2869 2385 2934 2448 “,
2965 2384 3166 2440 Paulus
3211 2387 3485 2456 apostolus
3515 2389 3604 2456 qui
3641 2403 3740 2458 per

2166 2476 2439 2544 Spiritum,
2471 2474 2654 2538 credo,
2681 2474 2950 2528 didicerat
2979 2476 3105 2543 quid
3144 2477 3334 2540 animi,
3360 2477 3487 2546 quid
3525 2480 3738 2534 consilii

2165 2566 2440 2620 Abraham
2467 2566 2716 2632 gesserit,
2750 2565 3012 2618 indicavit
3065 2567 3253 2621 dicens
3274 2567 3319 2598 “
3347 2584 3361 2620 :
3401 2568 3535 2622 Fide
3562 2571 3738 2624 Abra-

2164 2660 2287 2713 ham
2314 2676 2414 2712 non
2443 2659 2722 2725 ha'sitavit,
2753 2676 2870 2712 cum
2912 2661 3122 2715 unicum
3155 2663 3390 2730 offerret,
3422 2664 3476 2715 in
3503 2680 3604 2732 quo
3644 2681 3739 2718 ac-

2165 2762 2370 2823 ceperat
2421 2753 2874 2819 repromissiones,
2929 2755 3166 2822 cogitans
3213 2756 3340 2824 quia
3379 2765 3426 2808 et
3455 2775 3487 2808 α
3518 2758 3738 2809 mortuis

2165 2862 2283 2900 eum
2315 2846 2570 2898 suscitare
2595 2854 2774 2909 potens
2823 2857 2898 2898 est
2933 2844 3095 2899 Deus.
3147 2845 3391 2901 Prodidit
3417 2863 3546 2916 ergo
3585 2851 3740 2904 nobis

2167 2939 2522 3007 cogitationes
2557 2936 2654 2990 viri
2689 2936 2862 2991 ﬁdelis
2908 2937 3218 3004 Apostolus,
3265 2941 3406 3012 quod
3465 2942 3596 2995 fides
3653 2957 3741 2995 re-

531 3025 614 3082 De
643 3043 702 3081 eo
730 3028 868 3097 quod
899 3028 1083 3082 obtulit
1133 3029 1400 3082 Abraham
1440 3029 1610 3098 ﬁlium
1655 3047 1807 3086 suum
1849 3027 2024 3087 Isaac.
2091 3062 2134 3119 ρ
2169 3029 2527 3084 surrectionis
2565 3029 2675 3099 jam
2722 3038 2832 3082 tum
2891 3029 3080 3083 haberi
3140 3033 3370 3100 coeperit
3438 3032 3489 3086 in
3555 3033 3730 3088 Isaac.

567 3118 620 3172 ς.
640 3120 904 3174 Adhibete
920 3121 1021 3174 huc
1039 3137 1219 3187 aures,
1236 3123 1324 3190 qui
1351 3123 1660 3177 accessistis
1677 3124 1742 3177 ad
1760 3124 2062 3189 Dominum,

494 3211 586 3280 qui
620 3211 805 3266 ﬁdeles
831 3226 952 3268 esse
982 3227 1076 3266 vos
1108 3214 1347 3279 creditis,
1377 3226 1430 3268 ct
1462 3217 1804 3272 considerate
1834 3217 2063 3287 diligen-

497 3307 604 3359 tius
651 3305 1105 3373 quemadmodum
1159 3305 1396 3361 fidelium
1432 3305 1562 3360 fides
1594 3307 1856 3376 probatur
1883 3324 1945 3362 ex
1978 3309 2062 3362 his

495 3411 614 3463 qua:
654 3396 879 3450 recitata
925 3405 1051 3450 sunt
1082 3397 1256 3452 nobis.
1317 3399 1382 3451 Et
1413 3400 1612 3468 factum
1647 3409 1745 3462 est,
1789 3400 1959 3469 inquit
1993 3401 2061 3467 ³³,

492 3497 606 3556 post
638 3488 748 3542 ha'c
779 3489 954 3552 verba,
996 3493 1210 3543 tentavit
1241 3489 1379 3544 Deus
1405 3491 1692 3558 Abraham,
1721 3501 1766 3544 et
1800 3493 1933 3546 dixit
1967 3494 2016 3547 ei
2041 3510 2061 3547 .'

493 3579 784 3646 Abraham,
808 3579 1094 3634 Abraham.
1127 3581 1194 3635 Et
1222 3581 1310 3636 ille
1345 3583 1509 3636 dixit:
1531 3580 1664 3637 Ecce
1681 3599 1796 3652 ego.
1821 3585 2060 3639 Observa

494 3657 704 3740 singula
734 3687 852 3740 qua:
883 3674 1088 3740 scripta
1121 3683 1266 3727 sunt.
1332 3674 1388 3727 In
1435 3675 1664 3745 singulis
1689 3677 1832 3730 enim
1866 3678 1909 3731 si
1939 3681 2060 3747 quis

493 3765 596 3818 ειη
619 3764 670 3816 in
696 3764 858 3818 altum
886 3766 1091 3828 fodere,
1120 3767 1360 3821 inveniet
1389 3768 1698 3822 thesaurum
1717 3769 2060 3834 ;etfortassis

493 3861 657 3912 etiam
712 3859 799 3914 ubi
849 3875 953 3914 non
1015 3861 1380 3926 existimatur,
1447 3860 1619 3915 latent
1679 3867 2058 3934 mysteriorum

492 3961 730 4032 pretiosa
760 3963 1000 4019 monilia.
1032 3963 1229 4016 Abram
1257 3965 1552 4017 vocabatur
1596 3965 1680 4017 vir
1723 3965 1827 4018 iste
1875 3966 2054 4033 prius,

490 4065 548 4112 et
596 4071 863 4124 nusquam
914 4055 1143 4124 legimus
1191 4058 1334 4126 quod
1380 4056 1481 4110 hoc
1520 4057 1735 4110 homine
1780 4059 2059 4111 vocaverit

490 4161 610 4201 eum
664 4146 824 4211 Deus,
878 4155 975 4200 aut
1019 4146 1218 4200 dixerit
1269 4149 1339 4212 ei,
1396 4149 1622 4214 Abram,
1669 4150 1890 4202 Abram.
1942 4149 2056 4204 Non

490 4241 634 4295 enim
672 4255 700 4293 a
736 4239 842 4294 Deo
882 4239 1064 4292 vocari
1125 4248 1338 4308 poterat
1375 4243 1593 4295 nomine
1628 4242 1858 4297 defendo
1883 4282 1898 4308 ,
1961 4245 2055 4298 sed

492 4343 651 4387 vocat
687 4348 812 4386 eum
847 4331 950 4386 hoc
980 4331 1200 4387 nomine
1243 4332 1387 4401 quod
1429 4334 1542 4399 ipse
1572 4335 1828 4399 donavit,
1865 4345 1919 4390 et
1949 4352 2053 4391 non

2167 3125 2442 3176 Abraham
2490 3138 2618 3190 ergo
2667 3134 3105 3178 resurrecturum
3152 3126 3406 3194 sperabat
3458 3127 3626 3190 Isaac,
3684 3135 3738 3182 et

2167 3215 2420 3268 credebat
2460 3213 2571 3284 (57)
2623 3213 2898 3278 futurum,
2943 3217 3087 3286 quod
3131 3217 3306 3272 adhuc
3345 3233 3448 3271 non
3490 3229 3608 3272 erat
3650 3217 3736 3274 fa-

2166 3314 2335 3362 ctum.
2368 3305 2648 3372 Quomodo
2667 3322 2796 3376 ergo
2825 3307 2914 3360 ﬁlii
2936 3317 3062 3360 sunt
3091 3308 3392 3374 Abraham,
3415 3311 3504 3378 qui
3529 3309 3734 3366 factum

2167 3413 2271 3450 non
2306 3398 2539 3451 credunt
2571 3397 2623 3450 in
2649 3398 2894 3462 Christo,
2927 3405 3068 3468 quod
3101 3401 3186 3455 ille
3220 3401 3458 3457 futurum
3503 3406 3737 3462 credidit

2165 3490 2217 3543 in
2265 3490 2452 3543 Isaac?
2492 3489 2623 3553 lmo,
2679 3499 2735 3542 ut
2781 3493 3022 3558 apertius
3055 3494 3274 3562 loquar,
3311 3495 3515 3550 sciebat
3563 3498 3615 3551 in
3668 3513 3728 3552 se

2163 3580 2437 3635 Abraham
2485 3580 2678 3634 futurae
2726 3583 2972 3637 veritatis
3015 3584 3304 3651 imaginem
3361 3587 3732 3654 praeformari,

2163 3673 2372 3726 sciebat
2401 3673 2466 3726 de
2501 3674 2707 3728 semine
2738 3689 2838 3728 suo
2871 3678 3204 3730 nasciturum
3233 3677 3534 3742 Christum,
3565 3678 3656 3748 qui
3682 3690 3736 3732 et

2161 3765 2469 3819 oﬁ‘ereudus
2505 3779 2649 3821 esset
2686 3769 2850 3823 totius
2887 3770 3071 3824 mundi
3114 3770 3299 3825 verior
3330 3771 3533 3835 hostia,
3562 3781 3616 3826 et
3645 3787 3734 3826 re-

2162 3869 2510 3914 surrecturus
2547 3875 2574 3912 a
2607 3860 2859 3915 mortuis.

2229 3971 2284 4025 2.
2303 3973 2407 4026 Sed
2437 3988 2580 4026 nunc
2606 3972 2820 4025 interim
2853 3973 3103 4038 tentabat,
3129 3973 3378 4042 inquit“,
3414 3973 3551 4028 Deus
3575 3974 3738 4028 Abra-

2161 4068 2283 4119 ham
2322 4078 2367 4119 et
2397 4067 2523 4119 dicit
2546 4068 2612 4118 ad
2642 4081 2756 4118 eum
2789 4084 2807 4121 :
2847 4067 3036 4134 Accipe
3064 4067 3236 4134 ﬁlium
3286 4078 3433 4120 tuum
3487 4067 3737 4121 charissi-

2160 4173 2301 4210 mum
2347 4173 2498 4227 quem
2548 4157 2746 4226 diligis.
2805 4155 2920 4210 Non
2983 4157 3126 4210 enim
3188 4157 3477 4212 suffecerat
3533 4159 3734 4213 dixisse

2160 4249 2348 4314 ﬁlium,
2386 4250 2478 4304 sed
2515 4249 2765 4317 adjicitur
2802 4257 2856 4303 et
2903 4248 3290 4303 charissimam.
3329 4249 3457 4304 Esto
3496 4262 3551 4304 et
3585 4251 3730 4305 hoc:

2162 4343 2290 4411 quid
2319 4342 2496 4396 adhuc
2527 4341 2743 4395 additur
2765 4351 2820 4395 et
2851 4358 3005 4409 quem
3060 4342 3281 4411 diligis?
3320 4341 3424 4396 Sed
3455 4343 3581 4397 vide
3609 4352 3723 4397 ten-

489 4431 666 4486 solum
710 4439 867 4486 vocat
899 4445 1021 4484 eum
1059 4431 1160 4484 hoc
1191 4431 1444 4488 nomine.
1501 4431 1595 4483 sed
1643 4440 1698 4484 et
1737 4431 2054 4500 ingeminat.
2091 4413 2136 4470 Ῐ)
2167 4435 2388 4489 tationis
2428 4437 2657 4502 pondus.
2682 4433 2877 4488 Charis
2916 4448 2971 4487 et
3002 4434 3254 4488 dulcibus
3277 4435 3734 4505 appellationibus

489 4523 733 4592 Cumque
796 4521 885 4576 ille
945 4521 1369 4586 respondisset:
1419 4519 1554 4574 Ecce
1607 4538 1721 4592 ego,
1787 4522 1919 4578 dicit
1985 4524 2054 4577 ad

489 4630 611 4670 eum
633 4615 677 4646 ³⁰
699 4633 713 4670 :
735 4614 923 4683 Accipe
946 4613 1120 4682 ﬁlium
1145 4624 1289 4666 tuum
1317 4613 1682 4668 charissimam
1700 4631 1850 4684 quem
1873 4615 2053 4685 diligis

487 4703 667 4770 Isaac,
695 4718 743 4758 et
773 4705 960 4773 o/feres
991 4702 1118 4756 mihi
1145 4719 1284 4756 eum.
1331 4701 1474 4756 Vade
1494 4746 1507 4770 ,
1543 4703 1739 4773 inquit,
1773 4706 1827 4758 in
1859 4714 2055 4759 terram

486 4800 772 4864 excelsam,
811 4807 861 4853 et
897 4799 967 4851 ibi
1019 4797 1205 4866 offeres
1256 4813 1372 4850 eum
1429 4797 1794 4851 holocaustum
1833 4799 1890 4852 in
1944 4815 2053 4852 uno

487 4909 554 4948 ea:
600 4893 882 4958 utentibus,
929 4907 1081 4961 quem
1124 4891 1397 4944 ostendero
1432 4890 1547 4942 tibi.
1589 4887 1792 4943 Nomen
1835 4891 2052 4959 quidem

489 5001 586 5039 cur
622 4985 670 5038 ei
713 4983 994 5040 donaverit
1027 4984 1190 5049 Deus,
1217 4994 1272 5038 et
1299 4983 1576 5038 vocaverit
1604 4998 1726 5037 eum
1751 4983 2054 5049 Abraham,

488 5073 607 5143 ipse
631 5074 1016 5143 interpretatus
1045 5083 1150 5141 est,
1182 5075 1306 5144 quia
1340 5084 1572 5138 patrem,
1607 5074 1782 5141 inquit
1806 5072 1876 5137 ⁸ο,
1917 5074 2058 5126 mul-

489 5175 665 5218 tarunt
694 5166 924 5234 gentium
946 5167 1098 5234 posui
1122 5176 1191 5219 te.
1223 5165 1374 5219 llanc
1399 5163 1873 5233 repromissionem
1908 5165 2059 5219 dedit

483 5255 592 5328 81
627 5257 672 5310 ei
704 5257 864 5322 Deus,
901 5273 1026 5311 cum
1064 5257 1287 5312 haberet
1328 5257 1492 5311 ﬁlium
1527 5257 1742 5323 lsmael,
1773 5258 1867 5313 sed
1897 5259 2061 5328 polli-

559 5377 603 5408 ³⁸
641 5377 828 5431 Matth.
867 5393 961 5441 xx,
1001 5377 1089 5432 '50.
1191 5375 1234 5408 ³⁷
1278 5375 1419 5431 Psal.
1458 5391 1645 5438 cxxxl.
1687 5375 1824 5442 4,5.

486 5462 600 5511 XIV,
629 5448 718 5501 32.
817 5447 864 5478 δ’
902 5448 1066 5503 llebr.
1102 5463 1181 5512 x1,
1215 5447 1299 5500 Π.
1396 5445 1441 5476 ⁸⁸
1466 5447 1662 5502 Genes.
1691 5464 1828 5512 χχιι,
1867 5448 1918 5514 1,
1951 5448 2008 5502 2.

559 5590 710 5660 (⁸5)
769 5591 872 5645 Per
931 5589 1276 5659 Evangelium
1322 5589 1440 5645 Dei.
1487 5589 1622 5646 Tres
1689 5607 1820 5645 mss.
1874 5591 2049 5648 Turo-

487 5677 704 5726 nenses,
729 5678 818 5729 per
851 5662 1093 5732 angelum
1127 5661 1242 5715 Dei.

560 5733 673 5804 (46)
713 5734 790 5789 ita
822 5731 950 5788 mss.
983 5732 1128 5788 Alias
1156 5747 1318 5798 vero.
1347 5731 1438 5787 illa
1465 5733 1769 5803 promissio.

1903 5376 1946 5408 ³⁸
1983 5377 2179 5435 Cenes.
2225 5394 2358 5446 uti,
2393 5379 2444 5432 i.

2163 4529 2358 4582 iterum
2394 4541 2459 4581 ac
2489 4540 2629 4596 suape
2675 4526 2947 4592 repetitis,
2985 4529 3196 4594 paterni
3237 4527 3568 4581 suscitantur
3603 4525 3733 4580 afre-

2160 4629 2303 4684 ctus,
2332 4629 2389 4674 ut
2413 4618 2615 4673 amoris
2637 4617 2929 4687 evigilante
2959 4621 3217 4672 memoria
3244 4620 3310 4673 ad
3345 4619 3730 4673 immolandum

2161 4711 2330 4765 ﬁlium
2373 4720 2594 4780 paterna
2632 4708 2858 4763 dextera
2901 4709 3275 4764 retardaretur
3301 4751 3317 4777 ,
3365 4721 3419 4764 et
3471 4711 3733 4764 adversus

2161 4801 2319 4856 ﬁdem
2350 4801 2514 4854 animi
2551 4810 2658 4854 tota
2690 4800 2877 4854 carnis
2901 4800 3090 4854 militia
3141 4811 3486 4872 repugnaret,
3515 4802 3733 4856 additur

2159 4892 2476 4948 tentationis
2534 4902 2779 4960 tempore
2820 4910 2832 4945 :
2870 4891 3080 4956 Accipe,
3141 4894 3336 4963 inquit,
3387 4908 3517 4962 ergo
3559 4894 3732 4962 ﬁlium

2157 4993 2304 5036 tuum
2343 4981 2732 5047 charissimam,
2757 4997 2906 5050 queat
2941 4983 3323 5051 diligis,lsaac.
3363 4983 3515 5047 Esto,
3547 4981 3730 5036 Domi-

2157 5089 2245 5139 ne,
2271 5074 2395 5143 quia
2424 5087 2820 5127 commemoras
2847 5074 2913 5127 de
2942 5073 3050 5126 ﬁlio
3079 5087 3308 5140 patrem,
3339 5074 3496 5129 addis
3525 5085 3582 5128 et
3603 5075 3730 5128 cha-

2158 5169 2446 5228 rissimum,
2477 5180 2636 5235 quem
2681 5166 2931 5235 praecipis
2955 5167 3214 5236 iugulari.
3240 5166 3484 5222 Suﬁiciat
3527 5168 3627 5222 hoc
3660 5170 3728 5221 ad

2158 5261 2486 5330 supplicium
2516 5260 2713 5329 patris.
2765 5261 2937 5317 Addis
2969 5275 3209 5325 rursum,
3246 5271 3301 5316 et
3337 5279 3490 5333 quem
3522 5262 3728 5334 diligis.

2521 5377 2566 5409 "
2586 5377 2718 5433 ibid.
2751 5378 2808 5432 2.
2883 5376 2928 5409 ιο
2946 5377 3141 5433 Genes.
3165 5393 3296 5442 xvn,
3319 5378 3372 5432 5.
3474 5379 3519 5412 “
3544 5378 3566 5434 l
3595 5376 3728 5436 Cor.

2232 5589 2342 5663 (47)
2383 5590 2548 5663 Alias.
2597 5591 2837 5644 credidit.
2877 5591 2938 5644 Et
2982 5590 3142 5658 paulo
3201 5591 3336 5645 infra
3362 5631 3399 5663 ._
3425 5591 3618 5663 sciebat
3676 5610 3731 5646 se

2162 5661 2426 5716 Abraham
2456 5661 2654 5730 futura:
2685 5663 2916 5717 veritatis
2947 5663 3226 5732 imaginem
3256 5661 3611 5732 prccformari.
