4050 6142
359 226 460 285 205

1557 245 1624 302 IN
1657 246 1955 304 GENESIM
1990 247 2272 305 HOMILIA
2307 250 2439 308 Vl".

3492 251 3599 307 206

355 346 477 401 Sint
504 357 557 444 et
589 349 642 403 in
670 349 776 406 hoc
796 355 1017 421 parenti
1042 357 1303 427 triplicata
1329 362 1610 431 supplicia.
1630 367 1767 433 Quid
1791 385 1924 437 opus
1955 374 1998 430 A
2025 370 2112 424 die
2151 369 2309 426 olli-rt
2340 372 2666 428 sacriﬁcium
2717 373 2842 437 Deo,
2874 383 2928 430 et
2957 376 3008 428 in
3034 375 3122 430 die
3159 375 3313 431 tertia
3344 375 3599 444 puriﬁca~

349 447 439 492 est
468 440 644 493 adhuc
663 451 728 496 ut
759 459 1158 505 commemores
1178 463 1235 506 et
1256 451 1410 507 lsaac
1426 455 1702 526 7Nunquid
1724 463 1928 516 nescie-

353 528 446 582 bat
481 529 758 586 Abraham
792 537 923 604 quia
955 539 1096 594 ﬁlius
1127 558 1256 597 suus
1294 543 1385 599 ille
1414 547 1799 615 charissimus,
1839 552 1927 606 ille

349 632 511 686 quem
541 621 823 690 diligebat,
865 627 1020 683 Isaac
1037 635 1489 692 vocaretur?.Sed
1519 652 1616 692 cur
1645 641 1748 696 hoc
1776 642 1928 696 addi-

355 717 440 762 tur
476 709 528 764 in
590 717 873 782 tempore?
915 718 983 774 Ut
1032 724 1412 779 recordaretur
1469 728 1742 786 Abraham
1798 734 1926 802 quia

353 799 657 858 «ἥκει-κιείιά
675 822 798 860 eum
819 812 958 877 quod
981 811 1034 865 in
1067 811 1224 866 Isaac
1239 817 1512 872 vocabitur
1541 822 1638 875 tibi
1666 799 1838 878 semen
1856 824 1923 889 ⁸⁸,

348 895 574 960 etquod
605 895 658 949 in
697 897 844 952 Isaac
870 913 1034 955 erunt
1072 905 1164 959 tibi
1219 909 1690 974 repromissiones.
1741 915 1826 968 Fit
1871 926 1926 971 et

350 990 805 1044 commemoratio
848 995 1110 1061 nominis,
1148 1008 1207 1053 ut
1251 1009 1306 1053 et
1347 1004 1771 1070 promissionum
1801 1026 1923 1079 qua:

351 1075 452 1128 sub
484 1076 590 1131 hoc
625 1082 846 1136 nomine
871 1081 1034 1140 facta:
1064 1099 1210 1154 sunt,
1246 1091 1556 1162 desperatio
1582 1101 1793 1154 subeat.
1815 1075 1922 1156 Sed

352 1165 697 1232 bascomnia,
726 1173 850 1240 quia
886 1178 1126 1232 tentabat
1158 1180 1297 1235 Deus
1324 1183 1620 1240 Abraham.

419 1255 474 1309 5.
509 1258 651 1324 Quid
686 1273 804 1331 post
829 1267 976 1321 haec?
1019 1268 1186 1345 Vade,
1212 1273 1387 1341 inquit
1411 1276 1476 1339 ⁸⁵,
1505 1278 1560 1330 in
1591 1287 1784 1334 terram
1830 1299 1921 1337 ea:-

349 1349 545 1403 celsam
573 1355 627 1406 in
653 1372 814 1409 unum
840 1375 904 1413 ea:
932 1364 1215 1430 montibus,
1243 1384 1394 1436 quem
1427 1371 1522 1423 tibi
1550 1374 1838 1438 ostendero,
1872 1385 1921 1430 et

349 1441 424 1494 ibi
449 1459 571 1497 eum
601 1449 791 1514 oﬂ'eres
830 1451 1214 1512 holocaustum.
1265 1459 1547 1514 Intuemini
1584 1478 1679 1531 per
1707 1466 1918 1537 singula

350 1539 624 1604 quomodo
647 1542 785 1596 ﬁunt
809 1548 1124 1604 teutatiouis
1143 1538 1455 1622 augmenta.
1486 1554 1626 1610 Vade
1643 1559 1695 1611 in
1725 1569 1917 1615 terram

348 1628 635 1685 excelsam.
663 1629 912 1703 Nunquid
935 1652 1035 1691 non
1058 1650 1301 1708 potuerat
1326 1644 1447 1698 duci
1471 1647 1621 1714 prius
1649 1649 1916 1704 Abraham

349 1731 472 1771 cum
510 1734 682 1788 puero
729 1726 796 1779 ad
843 1727 987 1782 illam
1034 1739 1236 1786 terram
1288 1737 1578 1803 excelsam,
1614 1748 1667 1793 et
1715 1741 1916 1811 imponi

351 1809 504 1876 prius
553 1812 608 1865 in
635 1825 873 1870 montem
909 1833 1286 1891 quemcunque
1327 1825 1604 1896 delegerat
1637 1809 1916 1898 Dominus,

351 1908 404 1992 et
434 1900 505 1954 ibi
542 1904 610 1958 ad
641 1921 764 1960 eum
799 1909 904 1963 dici
943 1920 1002 1966 ut
1040 1912 1262 1969 oﬂ'erret
1296 1915 1503 1972 ﬁlium?
1539 1919 1642 1976 Sed
1694 1925 1842 1992 prius
1867 1925 1917 1978 ei

349 1991 550 2048 dicitur
578 1998 708 2066 quia
738 2001 936 2058 oﬂerre
962 2007 1152 2060 debeat
1183 2007 1348 2062 ﬁlium
1383 2025 1562 2076 suum,
1594 2025 1649 2068 et
1683 1991 1916 2084 tuncju-

350 2081 505 2138 betur
537 2087 619 2142 ire
651 2090 704 2142 in
733 2102 932 2147 terram
957 2097 1255 2164 excelsam,
1279 2109 1334 2154 et
1364 2103 1660 2158 ascendere
1684 2106 1735 2158 in
1764 2123 1919 2160 manu

351 2185 475 2234 tem.
507 2179 629 2245 Quo
658 2183 761 2239 hoc
804 2190 1048 2256 spectat?
1080 2189 1149 2245 Ut
1194 2191 1320 2245 dum
1367 2193 1628 2261 ambulat,
1664 2197 1788 2250 dum
1817 2199 1918 2254 iter

347 2270 477 2338 agit,
511 2287 610 2340 per
647 2283 812 2330 totam
840 2281 981 2332 viam
1015 2282 1435 2351 cogitationibus
1465 2286 1824 2356 discerpatur,
1861 2300 1919 2345 ut

349 2362 476 2416 hinc
517 2379 843 2437 perurgente
877 2383 1164 2440 prmeepto,
1215 2375 1341 2430 hinc
1393 2393 1520 2432 vero
1550 2381 1693 2433 unici
1721 2381 1916 2437 all'cctu

345 2452 661 2510 obluCtante
684 2461 977 2515 crucietur.
994 2461 1283 2531 Propterea
1302 2481 1432 2536 ergo
1450 2469 1608 2522 etiam
1631 2471 1712 2523 via
1735 2472 1916 2541 injun-

344 2543 510 2612 gitur,
538 2549 703 2601 etiam
729 2553 928 2606 montis
946 2556 1209 2622 ascensio,
1232 2566 1290 2611 ut
1319 2560 1371 2612 in
1399 2560 1481 2615 his
1511 2563 1764 2616 omnibus
1795 2578 1916 2631 spa-

347 2633 480 2688 tium
500 2641 819 2695 certaminis
835 2645 1304 2714 accipiataﬂ'eclus
1331 2661 1384 2704 et
1405 2651 1556 2717 ﬁdes,
1575 2668 1728 2708 amor
1748 2655 1837 2710 Dei
1863 2667 1918 2713 ct

343 2739 498 2780 amor
511 2732 717 2796 carnis,
740 2738 1084 2802 praesentium
1105 2743 1276 2809 gratia
1295 2754 1345 2796 et
1359 2747 1690 2813 exspectatio
1707 2746 1916 2802 futuro-

342 2832 486 2872 rum.
507 2820 743 2878 Mittitur
766 2842 896 2897 ergo
929 2833 980 2882 in
1000 2840 1197 2886 terram
1219 2835 1514 2904 excelsam,
1530 2846 1585 2890 ct
1601 2853 1706 2891 non
1721 2839 1917 2894 suﬂicit

342 2913 672 2977 patriarchae
720 2928 926 2974 tantum
958 2937 1092 2992 opus
1141 2926 1368 2982 Domino
1417 2941 1708 2996 peracturo
1765 2941 1913 2988 terra

341 3003 580 3069 excelsa,
618 3009 712 3062 sed
745 3018 800 3063 et
826 3025 1060 3067 montem
1092 3015 1312 3083 jubetur
1343 3021 1636 3075 ascendere
1657 3061 1673 3088 ,
1700 3025 1910 3080 scilicet
1937 3057 1978 3114 ο

343 3092 528 3114 “.121-
559 3096 655 3114 λι-.
755 3109 766 3114 -
1015 3106 1027 3114 .
1127 3107 1157 3114 ..
1494 3110 1505 3114 -

343 3101 404 3144 ut
425 3092 532 3147 ﬁde
551 3096 726 3154 elatus
753 3109 969 3157 terrena
997 3106 1337 3178 derelinquat
1360 3120 1415 3165 et
1441 3110 1506 3166 ad
1532 3127 1764 3182 superna
1787 3130 1911 3170 cou-

337 3187 583 3242 seendat.

410 3277 468 3335 4.
510 3279 759 3338 Surrexit
779 3304 899 3356 ergo
922 3289 1187 3347 Abraham
1215 3311 1389 3361 mane,
1413 3308 1462 3350 et
1496 3304 1678 3354 stravit
1708 3303 1912 3357 asinam

341 3385 515 3436 suam,
552 3384 602 3426 et
634 3379 863 3431 concidit
893 3380 1036 3450 ligna
1060 3384 1129 3436 ad
1161 3386 1550 3444 holocaustum.
1598 3391 1664 3445 Et
1716 3396 1912 3464 accepit

339 3460 682 3529 ﬁliumsuum
711 3468 893 3538 Isaac,
925 3482 974 3526 et
1004 3476 1136 3528 duos
1161 3495 1372 3545 pueros,
1406 3492 1453 3535 et
1478 3486 1707 3551 pervenit
1733 3491 1800 3538 ad
1833 3460 1914 3540 lo-

342 3568 483 3620 cum,
523 3573 680 3627 quem
721 3563 924 3618 dixerat
969 3568 1016 3619 ei
1065 3568 1204 3623 Deus
1246 3572 1330 3623 die
1369 3576 1522 3626 tertia
1552 3575 1619 3629 ⁸⁶.
1666 3575 1912 3633 Surrexit

336 3645 612 3704 Abraham
646 3669 824 3709 mane.
861 3657 1012 3722 Quod
1039 3663 1248 3718 addidit
1273 3682 1447 3730 mane,
1482 3669 1767 3723 ostendere
1795 3669 1906 3724 l'or-

341 3750 485 3794 tasse
516 3744 710 3809 voluit,
736 3749 860 3815 quia
895 3750 1106 3806 initium
1138 3755 1272 3810 lucis
1305 3758 1613 3825 splenderet
1656 3761 1706 3813 in
1744 3763 1908 3817 corde

339 3833 476 3901 ejus.
533 3836 742 3893 Stravit
815 3842 1024 3898 asinam
1073 3861 1268 3914 suam,
1341 3849 1482 3919 ligna
1547 3853 1904 3920 praeparavit,

337 3930 636 3999 assumpsit
659 3931 846 3988 lilium.
879 3935 994 3990 Non
1023 3938 1305 4004 deliberat,
1338 3957 1444 3995 non
1475 3943 1761 4008 detractat,
1798 3961 1905 4000 non

335 4024 704 4078 communicat
734 4040 853 4079 cum
885 4027 992 4082 ullo
1016 4029 1236 4086 homine
1269 4033 1580 4099 consilium,
1605 4040 1697 4090 sed
1722 4038 1903 4090 statim

337 4123 570 4182 occupat
620 4116 747 4171 iter.
779 4115 849 4170 Et
893 4123 1144 4188 pervenit,
1179 4122 1374 4191 inquit,
1423 4127 1490 4178 ad
1531 4126 1722 4191 locum,
1752 4144 1903 4196 quem

334 4208 542 4262 dixerat
565 4211 614 4264 ei
641 4210 896 4266 Dominus
925 4215 1008 4267 die
1031 4216 1208 4270 tertia.
1242 4217 1443 4272 Omitto
1479 4235 1623 4274 nunc
1653 4220 1776 4289 quid
1812 4235 1900 4274 sa-

333 4303 599 4356 cramenti
647 4305 922 4359 contineat
949 4308 1068 4362 dies
1099 4309 1280 4372 tertia,
1319 4311 1641 4378 sapientiam
1687 4321 1742 4366 et
1771 4327 1901 4368 con-

2033 470 2136 515 tur.
2171 462 2234 516 Et
2263 467 2598 521 resurrectio
2629 465 2839 521 Domini
2874 468 3031 521 tertia
3060 477 3144 522 est
3171 469 3292 534 die;
3341 478 3395 524 et
3426 469 3592 523 multa

1993 581 1998 585 -
2030 551 2134 604 alia
2169 551 2310 605 intra
2340 554 2476 606 hanc
2499 553 2641 607 diem
2681 559 2934 624 mysteria
2969 559 3379 612 concluduntur.

2098 643 2149 696 5.
2179 643 2497 712 Respiciens,
2537 647 2710 714 inquit
2730 647 2797 713 ⁸⁷,
2837 648 3102 703 Abraham
3148 652 3274 705 vidit
3327 651 3499 706 locum
3531 654 3594 707 de

2027 733 2199 804 longe,
2229 747 2274 789 et
2296 738 2428 790 dixit
2458 740 2528 790 ad
2555 755 2742 803 pueros
2772 757 2892 793 suos
2919 756 2936 794 :
2963 740 3146 796 Sedete
3166 745 3246 796 hic
3271 761 3387 797 cum
3415 747 3589 810 asina,

2027 844 2118 896 ego
2158 840 2330 883 autem
2362 839 2408 882 et
2429 847 2557 897 puer
2579 831 2767 884 ibimus
2807 850 2966 902 usque
2995 835 3142 900 illuc,
3177 847 3225 888 et
3260 854 3374 890 cum
3397 839 3592 890 adora-

2025 922 2268 983 verimus,
2306 933 2620 976 revertemur
2661 925 2728 976 ad
2771 940 2882 978 vos.
2935 927 3144 981 Pueros
3195 930 3437 986 dimittit.
3471 931 3587 985 Non

2025 1010 2166 1063 enim
2219 1020 2466 1078 poterant
2513 1013 2808 1068 ascendere
2837 1017 2990 1081 pueri
3045 1032 3168 1070 cum
3213 1019 3490 1073 Abraham
3521 1020 3589 1074 ad

2026 1101 2327 1156 holocausti
2371 1103 2544 1156 locum
2574 1118 2733 1171 quem
2762 1107 3074 1159 ostenderat
3107 1109 3266 1162 Deus.
3302 1107 3406 1162 Vos
3432 1125 3589 1177 ergo,

2025 1194 2218 1263 inquit,
2254 1196 2460 1260 sedete;
2485 1212 2576 1265 ego
2603 1205 2775 1249 autem
2799 1207 2844 1250 et
2880 1199 3058 1267 infans
3098 1199 3312 1264 ibimus,
3364 1213 3411 1256 et
3465 1219 3586 1256 cum

2023 1287 2434 1350 adoraverimus,
2454 1298 2766 1342 revertemur
2783 1290 2850 1341 ad
2865 1306 2977 1343 vos.
3006 1290 3096 1344 Dic
3117 1293 3267 1356 mihi,
3287 1294 3587 1358 Abraham,

2023 1394 2209 1432 verum
2241 1379 2377 1433 dicis
2406 1380 2470 1432 ad
2501 1394 2718 1447 pueros,
2745 1383 2886 1449 quod
2915 1383 3129 1448 adores,
3163 1394 3218 1437 et
3247 1386 3432 1440 redeas
3465 1403 3585 1440 cum

2023 1468 2250 1534 infante,
2283 1485 2350 1523 an
2386 1471 2570 1524 fallis?
2606 1470 2661 1524 Si
2693 1487 2880 1525 verum
2917 1473 3073 1538 dicis,
3117 1489 3248 1544 ergo
3282 1492 3386 1529 non
3422 1476 3587 1533 iacies

2021 1576 2142 1615 eum
2162 1561 2558 1616 holocaustum.
2586 1561 2642 1615 Si
2668 1561 2829 1627 lallis,
2858 1573 3062 1618 tantum
3091 1569 3452 1636 patriarcham
3479 1586 3584 1624 non

2024 1649 2176 1703 decet
2206 1650 2414 1708 fallere.
2447 1652 2585 1719 Quid
2619 1652 2761 1705 enim
2792 1655 2959 1708 animi
3000 1657 3051 1709 in
3085 1667 3135 1710 te
3177 1659 3382 1714 iudicat
3407 1675 3587 1715 sermo

1951 1716 1992 1771 Β
2022 1743 2154 1797 hic?
2202 1743 2423 1808 Verum,
2472 1748 2668 1816 inquit,
2716 1748 2857 1813 dico,
2903 1758 2958 1802 et
3005 1750 3370 1805 holocaustum
3419 1751 3584 1807 oll'cro

2021 1849 2267 1902 puerum.
2326 1837 2525 1890 Idcirco
2555 1840 2696 1892 enim
2732 1839 2872 1907 ligna
2920 1855 3127 1894 mecum
3173 1852 3350 1910 porto,
3381 1854 3582 1898 etcum

2022 1926 2136 1995 ipso
2170 1929 2327 1981 redeo
2361 1931 2427 1982 ad
2465 1944 2584 1982 vos.
2631 1929 2804 1984 Credo
2857 1930 2998 1984 enim
3041 1941 3092 1985 et
3134 1933 3266 1986 ﬁdes
3302 1949 3420 1987 mea
3471 1935 3584 1989 haec

2019 2027 2120 2084 est,
2167 2021 2306 2089 quod
2360 2032 2406 2074 et
2456 2038 2487 2074 a
2531 2023 2750 2077 mortuis
2801 2025 3057 2078 suscitare
3108 2041 3221 2080 eum
3270 2037 3453 2096 potens
3506 2038 3584 2082 est

2020 2108 2159 2164 Deus
2187 2111 2252 2162 ⁸⁸.
3603 2125 3607 2129 ‘

2090 2203 2141 2255 6.
2181 2201 2306 2256 Post
2334 2205 2444 2258 ha’c
2489 2208 2708 2275 accepit,
2737 2207 2912 2276 inquit
2942 2209 3010 2273 ⁸³,
3041 2209 3307 2264 Abraham
3342 2211 3483 2282 ligna
3511 2215 3580 2266 ad

2019 2295 2406 2360 holocaustum,
2439 2307 2490 2351 et
2538 2301 2876 2369 superposuit
2915 2317 2975 2354 ea
3018 2299 3175 2355 Isaac
3218 2305 3328 2372 ﬁiio
3366 2321 3485 2369 suo,
3531 2317 3580 2358 et

2019 2389 2218 2458 accepit
2248 2390 2414 2459 ignem
2437 2390 2492 2444 in
2519 2391 2762 2446 manibus
2784 2394 2917 2456 suis,
2953 2402 3001 2446 et
3041 2393 3299 2463 gladium,
3343 2406 3390 2449 et
3435 2398 3582 2450 abie-

2019 2490 2137 2532 runt
2171 2480 2349 2534 simul.
2401 2481 2553 2547 Quod
2604 2483 2716 2551 ipse
2769 2482 2870 2536 sibi
2924 2482 3065 2551 ligna
3098 2485 3163 2537 ad
3203 2485 3577 2541 holocaustum

2018 2580 2200 2637 portat
2230 2570 2398 2635 Isaac,
2441 2572 2526 2624 illa
2571 2574 2739 2643 ﬁgura
2771 2584 2873 2637 est,
2913 2573 3055 2641 quod
3087 2584 3140 2628 et
3168 2576 3416 2631 Christus
3465 2578 3580 2646 ipse

2016 2661 2118 2714 sibi
2167 2661 2425 2731 bajulavit
2471 2679 2713 2727 crucem,
2755 2673 2810 2718 et
2847 2674 3022 2719 tamen
3073 2676 3294 2733 portare
3340 2667 3481 2737 ligna
3509 2672 3579 2723 ad

2017 2753 2390 2806 holocaustum
2424 2755 2727 2809 sacerdOtis
2755 2755 2987 2810 oﬂicium
3025 2767 3129 2812 est.
3182 2757 3266 2811 Fit
3304 2774 3432 2826 ergo
3464 2761 3580 2828 ipse

2017 2845 2214 2906 hostia,
2247 2855 2300 2900 et
2327 2847 2604 2900 sacerdos.
2637 2848 2739 2900 Sed
2764 2856 2816 2902 et
2848 2849 2988 2917 quod
3006 2849 3310 2916 additur,et
3339 2851 3579 2905 abierunt

2015 2937 2167 2990 ambo
2194 2937 2370 3000 simul,
2415 2937 2479 2990 ad
2513 2939 2614 2992 hoc
2664 2937 2916 2994 refertur.
2950 2939 3083 2994 Cum
3124 2941 3266 2993 enim
3301 2942 3577 2997 Abraham

2015 3027 2158 3079 velut
2178 3026 2578 3081 sacriﬁcaturus
2606 3030 2780 3097 ignem
2801 3039 3041 3097 portaret
3069 3039 3122 3084 et
3147 3032 3402 3097 cultrum,
3433 3033 3578 3087 Isaac

2020 3134 2126 3172 non
2161 3119 2308 3172 vadit
2334 3129 2453 3187 post
2491 3120 2686 3188 ipsum,
2735 3124 2829 3175 sed
2865 3137 2984 3176 cum
3014 3122 3150 3191 ipso,
3183 3125 3578 3178 utostendatur

2015 3224 2135 3262 cum
2165 3209 2282 3279 ipso
2307 3209 2513 3278 pariter
2543 3210 2689 3281 fungi
2722 3211 3050 3265 sacerdotio.
3084 3211 3222 3277 Quid
3272 3221 3392 3281 post
3422 3213 3576 3266 haec?

2014 3298 2180 3365 Dixit,
2233 3300 2409 3368 inquit
2438 3301 2506 3364 ⁵ο,
2544 3299 2702 3353 Isaac
2749 3302 2817 3353 ad
2847 3301 3113 3354 Abraham
3147 3311 3348 3368 patrem
3377 3319 3531 3355 suum
3555 3318 3574 3356 :

2013 3388 2194 3445 Pater.
2221 3390 2284 3444 Et
2307 3392 2417 3445 lucc
2449 3407 2545 3460 pro
2577 3401 2815 3459 tempore
2843 3407 2872 3444 a
2901 3391 3012 3444 ﬁlio
3030 3392 3234 3459 prolata
3261 3393 3575 3447 tentationis

2012 3490 2094 3535 est
2124 3497 2244 3536 vox.
2269 3483 2549 3549 Quomodo
2579 3483 2722 3536 enim
2759 3493 2914 3552 putas
2938 3483 3296 3537 immolandas
3322 3483 3462 3537 ﬁlius
3482 3499 3576 3552 per

2011 3573 2152 3629 hanc
2174 3590 2358 3629 vocem
2388 3575 2595 3629 viscera
2630 3583 2851 3642 paterna
2881 3576 3199 3629 concussit?
3230 3577 3296 3630 Et
3324 3577 3573 3645 quamvis

2009 3668 2283 3723 Abraham
2309 3669 2528 3738 rigidior
2551 3676 2694 3723 esset
2717 3683 2815 3738 pro
2841 3667 2962 3730 ﬁde,
2998 3669 3172 3722 reddit
3201 3677 3376 3722 tamen
3406 3669 3574 3724 etiam

2011 3762 2124 3829 ipse
2147 3760 2451 3815 all‘ectiouis
2483 3775 2697 3824 vocem,
2731 3769 2787 3814 et
2819 3759 3132 3828 respondit:
3163 3757 3301 3823 Quid
3328 3769 3426 3825 est,
3453 3761 3574 3828 ﬁli?

2009 3855 2072 3906 At
2103 3852 2190 3905 ille
2218 3868 2236 3904 :
2268 3857 2422 3918 Ecce,
2479 3855 2657 3922 inquit
2683 3854 2752 3918 “,
2793 3854 2926 3921 ignis
2950 3864 2996 3906 et
3022 3853 3186 3923 ligna,
3219 3855 3306 3907 ubi
3339 3854 3447 3909 ovis
3496 3863 3573 3908 est

2007 3947 2075 3999 ad
2111 3945 2516 3999 holocaustum?
2553 3947 2633 4000 Ad
2659 3947 2770 3999 Iitec
2793 3946 3058 4011 respondit
3083 3947 3349 4000 Abraham
3375 3963 3392 4000 :
3434 3946 3570 3999 Deus

2003 4039 2290 4108 providebit
2321 4040 2423 4092 sibi
2452 4056 2594 4092 orem
2625 4040 2692 4091 ad
2721 4037 3107 4105 holocaustum,
3140 4040 3242 4109 ﬁli.
3279 4040 3455 4093 Movet
3487 4053 3572 4092 me

2006 4131 2241 4186 Abrahae
2293 4132 2428 4185 satis
2465 4131 2691 4201 diligens
2721 4141 2776 4185 et
2803 4139 2958 4184 cauta
3016 4133 3318 4200 responsio.
3372 4129 3570 4186 Nescio

2003 4223 2132 4294 quid
2162 4223 2375 4276 videbat
2412 4223 2461 4274 in
2503 4222 2717 4289 spiritu,
2749 4222 2879 4290 quia
2902 4237 3007 4276 non
3043 4223 3107 4277 de
3150 4223 3423 4292 praesenti,
3476 4223 3571 4277 sed

2004 4315 2070 4369 de
2095 4314 2274 4367 futuro
2309 4313 2477 4367 dicit:
2510 4312 2649 4365 Deus
2676 4313 2958 4378 providebit
2985 4313 3093 4378 ipse
3135 4314 3236 4365 sibi
3268 4329 3450 4378 ovem;
3487 4312 3572 4366 fu-

332 4391 515 4445 silium
548 4395 807 4450 leutantis
838 4397 1071 4452 intueor.
1106 4398 1197 4454 Sic
1227 4401 1278 4452 in
1332 4402 1582 4470 proximo
1625 4419 1730 4458 non
1780 4416 1901 4460 erat
1930 4400 1976 4454 ι)
2008 4418 2131 4462 tura
2170 4405 2446 4474 respondit
2479 4405 2588 4458 lilio
2619 4406 2684 4458 de
2716 4405 3072 4472 praesentibus
3107 4405 3420 4474 requirenti.
3450 4405 3571 4476 Ipso

332 4501 484 4540 mons
500 4487 714 4556 aliquis,
728 4505 851 4544 cum
867 4500 1033 4544 totum
1050 4501 1303 4562 ageretur
1319 4494 1370 4546 in
1387 4495 1676 4560 montibus,
1695 4499 1788 4553 sed
1804 4515 1902 4568 per

332 4577 566 4633 triduum
586 4581 690 4634 iter
701 4584 1003 4649 protenditu
1015 4600 1058 4648 r,
1076 4599 1133 4640 ut
1153 4601 1248 4656 per
1269 4595 1440 4640 totum
1460 4588 1692 4643 triduum
1718 4606 1902 4645 iecur-

328 4671 578 4726 santibus
624 4673 794 4738 curis,
828 4685 1051 4743 paterna
1081 4678 1284 4734 viscera
1309 4682 1641 4745 crucientur,
1668 4693 1723 4736 et
1751 4683 1896 4736 omni

331 4764 430 4818 hoc
460 4765 640 4834 spatio
667 4765 780 4836 (48)
813 4777 922 4822 tam
976 4770 1189 4838 prolixo
1225 4773 1537 4828 intueretur
1584 4775 1752 4827 ﬁlium
1785 4775 1895 4846 82

328 4866 507 4924 pater,
532 4859 714 4913 cibum
748 4875 870 4914 cum
905 4875 970 4914 eo
1023 4873 1286 4928 sumeret,
1341 4872 1416 4918 tot
1465 4865 1715 4920 noctibus
1761 4881 1894 4935 puer

328 4949 592 5016 penderet
628 4951 683 5003 in
728 4952 1069 5020 amplexibus
1101 4956 1294 5022 patris,
1334 4955 1630 5010 inluererct
1664 4957 1891 5026 pectori,

327 5040 596 5097 cubitaret
640 5041 692 5096 in
713 5045 918 5113 gremio
939 5045 962 5098 ?
982 5043 1114 5100 Vide
1134 5046 1449 5114 inquantum
1468 5049 1694 5102 tentatio
1707 5064 1896 5103 cumu-

328 5131 489 5189 latur.
520 5135 705 5190 Tertia
741 5148 920 5192 tamen
963 5140 1078 5194 dies
1110 5154 1324 5207 seraper
1353 5150 1473 5208 apta
1495 5140 1556 5194 lit
1585 5156 1896 5196 sacramen-

331 5224 418 5282 tis.
452 5225 590 5280 Nam
615 5237 669 5283 et
712 5231 938 5298 populus
970 5247 1095 5285 cum
1124 5233 1326 5286 exisset
1359 5233 1424 5285 de
1446 5231 1700 5302 ASgypto,
1732 5233 1892 5285 tertia

427 5321 475 5352 ⁸⁸
504 5321 962 5388 Genes.xxl,12;
990 5325 1145 5378 Rotu.
1171 5341 1247 5387 ix,
1278 5325 1342 5389 7;
1369 5321 1533 5376 llebr.
1573 5339 1648 5383 x1.
1682 5325 1780 5388 l8;
1837 5320 1958 5376 Gal.
1984 5337 2068 5380 ιιι.
2094 5321 2179 5375 16.

427 5392 570 5446 iebr.
637 5409 719 5448 XI.
774 5395 861 5447 19.
955 5395 1217 5448 M’Genes.
1251 5410 1386 5448 xxii.
1424 5391 1476 5445 6.
1624 5394 1668 5425 ⁸ο
1697 5394 1826 5448 ibid.
1859 5395 1912 5447 6.
2023 5391 2064 5422 "
2097 5393 2179 5446 ibit

327 5389 368 5422 ⁸⁸
403 5392 570 5446 Hebr.
637 5409 719 5456 xx,
774 5395 861 5447 19.
955 5395 1217 5449 M’Genes.
1251 5410 1386 5459 xxii,
1424 5391 1476 5445 6.

327 5459 369 5492 ⁸⁸
393 5463 590 5519 Geues.
619 5479 762 5529 mi,
796 5463 850 5518 9.
926 5464 970 5496 ⁸⁸
1003 5466 1171 5518 Exod.
1202 5481 1282 5531 tu,
1313 5465 1368 5518 5.

389 5555 495 5626 (18)
538 5553 635 5633 Sic
661 5569 796 5608 mss.
828 5553 997 5619 Alias,
1035 5566 1087 5633 et
1122 5572 1212 5624 per
1233 5555 1662 5633 totumﬁtriduum
1696 5553 1886 5633 ...κυὶ-

325 5620 460 5680 seem
476 5620 805 5680 cruciantur
823 5634 878 5676 ut
909 5625 1045 5678 omni
1065 5620 1162 5678 hoc
1178 5626 1362 5694 spatio.
1392 5624 1558 5679 Paulo
1592 5631 1709 5694 post
1729 5620 1888 5674 iidem

327 5713 474 5765 mss.,
503 5708 580 5751 to:
606 5696 854 5749 noctibus
878 5711 1007 5764 puer
1030 5693 1294 5763 penderet.
1335 5694 1484 5750 Alias
1522 5710 1647 5764 puer
1675 5693 1887 5756 deerat,

2009 4513 2243 4566 namque
2264 4497 2364 4552 sibi
2399 4495 2662 4550 Dominus
2691 4511 2846 4550 ovem
2889 4497 3206 4566 providebat
3242 4496 3294 4550 in
3323 4497 3565 4564 Christo,

2005 4590 2132 4659 quia
2153 4596 2208 4642 et
2224 4588 2485 4656 sapientia
2505 4589 2615 4656 ipsa
2633 4587 2733 4640 sibi
2755 4587 2970 4639 domum
2988 4587 3268 4655 wdi-ﬁcavit
3287 4588 3358 4652 ⁸³,
3381 4598 3434 4642 et
3454 4590 3570 4659 ipso

2003 4699 2057 4736 se
2072 4681 2361 4736 humiliavit
2385 4696 2544 4750 usque
2560 4681 2629 4733 ad
2647 4679 2940 4733 mortem”:
2961 4688 3014 4732 et
3033 4680 3215 4734 omnia
3235 4695 3568 4750 quacunque

2004 4774 2202 4845 legeris
2259 4777 2325 4828 de
2371 4773 2612 4840 Christo,
2668 4787 2776 4826 non
2828 4771 3176 4839 necessitate,
3226 4775 3320 4829 sed
3372 4783 3567 4844 sponte

2000 4869 2144 4920 facta
2173 4866 2435 4934 reperies.

2067 4959 2122 5011 7.
2159 4955 2509 5010 Perrexerunt
2539 4973 2660 5026 ergo
2698 4954 2875 5019 ambo,
2919 4964 2967 5009 et
3005 4965 3253 5009 venerunt
3284 4956 3352 5009 ad
3390 4955 3562 5011 locum

1996 5065 2150 5119 quem
2200 5050 2407 5102 dixerat
2455 5049 2501 5101 ei
2552 5046 2692 5101 Deus
2732 5047 2801 5100 ⁵⁸.
2835 5046 3047 5117 Moyses
3079 5062 3200 5100 cum
3227 5047 3466 5102 venisset
3495 5051 3563 5102 ad

1997 5139 2175 5192 locum
2227 5152 2386 5205 quem
2436 5137 2675 5190 ostendit
2725 5136 2774 5190 ei
2841 5136 3014 5198 Deus,
3071 5150 3176 5188 non
3229 5135 3564 5203 permittitur

1999 5232 2319 5287 ascendere.
2357 5230 2448 5281 sed
2481 5237 2605 5282 ante
2648 5227 2697 5280 ei
2756 5227 2955 5280 dicitur
2982 5226 3027 5257 "
3059 5242 3072 5278 :
3105 5225 3256 5280 Solve
3278 5225 3561 5295 corrigiam

2257 5322 2302 5352 ⁸⁵
2330 5319 2523 5374 lienes.
2557 5335 2695 5381 xm,
2726 5319 2782 5371 2.
2859 5317 2903 5349 ⁸⁵
2925 5317 3052 5371 ibid.
3077 5317 3130 5370 5.
3203 5316 3250 5352 ⁸⁷
3275 5318 3403 5372 ibid.
3427 5319 3480 5379 4,
3503 5319 3560 5371 5.

2023 5391 2064 5422 ⁵⁸
2097 5392 2226 5446 ibid.
2257 5391 2310 5458 7,
2346 5393 2398 5445 8.
2509 5391 2554 5421 ⁸³
2587 5389 2746 5446 Prov.
2778 5404 2856 5455 ix,
2915 5389 2968 5441 1.
3080 5387 3126 5419 ⁵³
3159 5385 3354 5456 Philip.
3400 5402 3461 5454 ll,
3501 5387 3556 5443 8.

1991 5559 2046 5604 et
2077 5549 2387 5602 adverbium
2423 5547 2792 5616 semper,quod
2826 5563 2893 5603 ex
2923 5564 3050 5604 mss.
3106 5533 3443 5602 restituimus
3502 5550 3556 5602 in

1996 5620 2178 5688 phrasi
2210 5634 2329 5686 quae
2361 5619 2495 5670 inl'ra
2523 5620 2776 5682 habetur,
2824 5620 2976 5673 tertia
3007 5629 3179 5672 tamen
3210 5619 3318 5668 dies
3356 5632 3559 5687 semper

1995 5701 2115 5759 apta
2139 5690 2196 5758 fit
2219 5689 2583 5742 sacramentis.
