4050 6142
497 243 600 300 $07
769 235 790 268 ‘

1977 236 2135 292 01th
2147 237 2299 293 ENlS

3620 249 3730 306 203

487 359 839 415 calceamenti
887 358 949 411 de
979 357 1195 425 pedibus
1247 357 1370 410 tuis.
1416 357 1645 410 Abraha:
1680 356 1811 410 nihil
1861 356 2051 410 horum
2085 361 2129 416 Α
2160 356 2416 425 praeferas
2465 359 2591 424 Deo,
2641 375 2745 414 non
2796 361 3108 428 agnosrcris
3150 363 3273 431 quia
3308 363 3500 418 timeas
3535 365 3730 420 Deum.

493 452 719 512 dicitur,
763 458 817 502 et
849 448 1020 512 Isaae,
1073 449 1166 501 sed
1217 447 1541 512 ascendunt,
1571 463 1668 501 nec
1691 448 2054 502 calceamenta

501 545 793 612 deponunt.
830 541 882 594 In
909 557 1016 610 quo
1042 540 1127 594 illa
1155 540 1404 594 fortassis
1428 551 1512 595 est
1550 541 1710 604 ratio,
1737 540 1878 606 quod
1909 539 2058 610 Moy-

495 648 605 694 ses,
630 633 877 701 quamvis
908 640 1052 686 esset
1085 647 1335 701 magnus,
1370 640 1548 683 tamen
1582 631 1649 684 de
1682 629 1914 701 Egypto
1965 646 2054 684 re-

495 725 696 788 niebat,
728 734 782 778 et
811 735 969 778 erant
1001 725 1179 792 aliqua
1219 724 1564 778 mortalitatis
1589 725 1800 778 vincula
1828 725 2054 792 pedibus

493 817 607 883 ejus
654 815 869 873 innexa.
918 817 1193 870 Abraham
1233 832 1362 870 vero
1399 827 1452 870 et
1492 815 1638 870 Isaac
1679 818 1811 871 nihil
1861 819 2049 871 horum

493 910 716 973 habent,
771 910 865 963 sed
917 910 1142 962 veniunt
1171 910 1234 961 ad
1272 910 1472 975 locum,
1511 909 1744 964 aediﬁcat
1775 910 2050 965 Abraham

491 1001 687 1064 altare,
740 1001 972 1068 imponit
1021 1001 1168 1068 ligna
1205 1017 1368 1069 super
1415 1001 1588 1056 altare
1639 1001 1773 1073 (49),
1833 1003 2053 1071 colligat

489 1105 738 1160 puerum,
775 1101 1044 1158 prteparat
1086 1106 1144 1144 se
1180 1091 1244 1143 ad
1297 1093 1676 1160 jngnlandum.
1723 1092 1872 1146 Multi
1917 1094 2050 1147 estis

489 1193 673 1252 patres
723 1184 774 1237 in
825 1183 1066 1236 Ecclesia
1103 1183 1225 1248 Dei,
1283 1185 1374 1251 qui
1428 1184 1541 1238 haec
1591 1185 1838 1238 audistis.
1886 1184 2051 1239 Putas

489 1275 686 1343 aliquis
714 1285 955 1328 vestrum
980 1289 1048 1327 ex
1088 1274 1199 1342 ipsa
1236 1275 1475 1328 historiae
1498 1277 1812 1330 narratione
1845 1285 2047 1330 tantum

488 1367 829 1430 constantiae,
879 1375 1087 1420 tantmu
1121 1367 1287 1420 animi
1340 1368 1504 1422 robur
1531 1366 1801 1435 acquirit,
1835 1377 1893 1421 nt
1923 1382 2048 1421 cum

488 1459 628 1512 forte
674 1459 943 1512 amittitur
981 1459 1121 1514 ﬁlius
1148 1470 1320 1514 morte
1349 1460 1648 1524 communi,
1693 1469 1748 1512 et
1799 1461 2050 1514 clunibus

488 1553 686 1614 debita,
740 1552 954 1607 etiamsi
1009 1552 1080 1606 sit
1129 1554 1344 1618 unicus,
1407 1553 1623 1606 etiamsi
1665 1552 1737 1608 sit
1787 1552 2045 1617 dilectus,

484 1643 720 1698 adducat
745 1643 845 1697 sibi
903 1643 954 1697 in
988 1645 1293 1709 exemplum
1347 1644 1653 1707 Abraham,
1685 1651 1739 1696 et
1767 1642 2048 1713 magnani-

2166 464 2264 502 nec
2287 448 2500 503 dicetur
2527 452 2591 504 de
2627 461 2702 515 te,
2744 453 2870 519 quia
2903 467 3048 505 nunc
3089 454 3312 522 cognovi
3345 453 3472 522 quia
3535 455 3732 508 timeas

2167 549 2218 592 ιιι
2254 539 2442 595 Deum.
2479 540 2544 593 Et
2579 551 2754 594 tamen
2793 543 3245 596 considerandum
3275 553 3379 608 est,
3404 544 3528 612 quia
3562 559 3731 612 ange-

2162 629 2244 683 lus
2283 632 2397 684 hare
2435 630 2668 684 refertur
2695 633 2761 685 ad
2806 633 3082 686 Abraham
3138 634 3368 698 locutus,
3416 645 3470 688 et
3513 635 3639 704 quia
3673 636 3728 688 in

2162 725 2618 792 COIISquelllibllS
2644 724 2928 778 evidenter
2965 727 3052 780 hic
3083 727 3306 796 angelus
3340 727 3596 781 Dominus
3636 741 3730 781 os-

2164 814 2416 868 tenditur.
2449 814 2604 870 Unde
2641 826 2768 886 puto
2805 817 2948 885 quod
2985 817 3120 871 sicut
3153 818 3298 872 inter
3337 834 3434 871 nos
3476 819 3730 872 homines

2160 905 2346 959 habitu
2382 917 2628 976 repertus
2657 916 2739 960 est
2766 917 2824 960 ut
2867 909 3049 970 homo,
3095 909 3166 962 ita
3209 919 3263 963 et
3313 909 3454 963 inter
3505 910 3728 980 angelos

2161 997 2348 1053 habitu
2381 1008 2464 1052 est
2492 1009 2744 1067 repertus
2784 1011 2842 1052 ut
2889 999 3111 1070 angelus
3156 1001 3289 1071 (50).
3335 1003 3399 1057 Et
3439 1004 3607 1073 ipsius
3633 1018 3726 1059 se-

2161 1099 2391 1160 quentes
2417 1091 2722 1160 cxemplum
2757 1092 2931 1162 angeli
2990 1094 3044 1147 in
3093 1094 3231 1148 coelo
3275 1095 3523 1148 laetantur
3563 1109 3731 1163 super

2158 1197 2266 1236 uno
2297 1193 2585 1248 peccatore
2622 1185 2998 1251 paenitentiam
3027 1196 3220 1256 agente
3254 1187 3318 1249 ⁶⁰,
3359 1196 3412 1240 et
3441 1187 3506 1241 de
3539 1186 3728 1256 profe--

2156 1273 2330 1327 ctibus
2359 1273 2634 1329 hominum
2665 1276 2984 1345 gloriantur.
3034 1277 3135 1346 Ipsi
3165 1278 3310 1331 enim
3342 1278 3488 1331 velut
3522 1295 3724 1348 procu-

2157 1367 2416 1420 rationem
2441 1367 2746 1420 animarum
2779 1378 3087 1422 nostrarum
3119 1376 3328 1435 tenent,
3353 1371 3566 1439 quibus,
3593 1372 3722 1423 dum

2157 1457 2332 1512 adhuc
2365 1459 2572 1526 parvuli
2604 1474 2813 1528 sumus,
2847 1460 2995 1515 velut
3046 1462 3312 1516 tutoribus
3353 1471 3409 1516 et
3447 1462 3725 1516 actoribus

2154 1551 2545 1605 committimnr
2592 1566 2766 1620 usque
2815 1555 2883 1607 ad
2929 1553 3251 1622 prteﬁnitum
3309 1564 3519 1622 tempus
3560 1569 3588 1607 a
3623 1550 3724 1606 Pa-

2155 1656 2238 1697 tre
2271 1643 2337 1696 “.
2370 1643 2433 1697 Et
2465 1644 2710 1714 ipsiergo
2733 1659 2878 1698 nunc
2917 1646 2981 1699 de
3011 1645 3254 1714 proiectu
3297 1646 3723 1715 uniuscujusque

484 1737 726 1790 mitatem
762 1733 876 1800 ejus
907 1746 1031 1790 ante
1058 1737 1242 1791 oculos
1269 1735 1468 1805 ponat?
1490 1737 1554 1789 Et
1583 1737 1796 1806 quidem
1819 1751 1847 1788 a
1868 1744 1920 1788 te
1940 1750 2043 1788 non
2076 1723 2120 1780 Β
2152 1744 2392 1789 nostrum
2431 1737 2641 1801 dicunt,
2675 1740 2797 1806 quia
2832 1755 2971 1793 nnuc
3017 1739 3244 1806 cognovi
3294 1739 3417 1808 quia
3464 1748 3517 1791 tu
3567 1738 3725 1792 times

483 1829 723 1897 exigitur
767 1828 908 1882 istud
943 1829 1106 1882 animi
1145 1829 1549 1898 magnitudinis,
1604 1838 1662 1883 ut
1691 1830 1802 1897 ipse
1854 1829 2042 1900 alliges

483 1921 674 1983 ﬁlium,
726 1920 838 1988 ipse
870 1920 1234 1988 constringas,
1267 1917 1386 1988 ipse
1429 1919 1663 1988 gladium
1697 1933 1874 1988 pares,
1932 1920 2048 1988 ipse

477 2009 950 2080 unicumjugules.
984 2009 1104 2064 llazc
1133 2011 1312 2064 omnia
1345 2026 1374 2063 a
1400 2019 1450 2064 te
1481 2010 1732 2080 mysteria
1761 2026 1864 2062 non
1898 2026 2046 2078 qna:—

479 2112 696 2154 rnntur.
741 2100 1026 2170 PrOposito
1057 2102 1248 2155 saltem
1280 2110 1334 2154 et
1378 2110 1554 2155 mente
1596 2112 1857 2156 constans
1907 2111 2044 2167 esto,

483 2193 589 2247 ﬁde
643 2192 784 2247 ﬁxus
836 2193 988 2246 hctus
1025 2193 1159 2247 oll‘er
1209 2192 1371 2247 ﬁlimn
1428 2195 1553 2247 Deo.
1605 2194 1734 2247 Esto
1793 2193 2045 2246 sacerdos

477 2286 674 2339 animae
706 2285 799 2340 ﬁlii
837 2287 934 2341 tui.
969 2285 1317 2341 Sacerdotem
1339 2295 1516 2340 autem
1548 2286 1910 2340 immolantem
1938 2286 2047 2338 Deo

477 2392 586 2430 non
615 2377 772 2431 decet
815 2375 967 2430 ﬂere.
1007 2377 1100 2430 Vis
1138 2378 1318 2431 videre
1344 2378 1465 2444 quia
1494 2377 1728 2445 exigitur
1758 2379 1858 2431 hoc
1901 2393 1930 2430 a
1956 2377 2050 2431 te?

479 2465 538 2519 In
574 2468 860 2536 Evangelia
884 2469 1141 2522 Dominus
1163 2468 1291 2522 dicit
1321 2468 1365 2499 ⁵⁸
1395 2487 1408 2521 :
1438 2467 1497 2522 Si
1537 2469 1635 2536 ﬁlii
1671 2469 1936 2522 Abraham
1964 2485 2047 2520 es-

475 2563 622 2624 setis,
655 2577 809 2626 opera
848 2562 1026 2630 utique
1053 2562 1278 2614 Abraha:
1318 2563 1582 2630 faceretis.
1618 2561 1755 2616 Ecce
1795 2561 1936 2615 istud
1965 2567 2047 2613 est.

475 2667 614 2720 opus
638 2653 889 2706 Ahralue.
924 2653 1103 2706 Facite
1134 2670 1295 2722 opera
1321 2670 1438 2722 quae
1479 2652 1607 2708 fecit
1634 2654 1926 2717 Abraham,
1952 2652 2044 2706 sed

480 2760 588 2798 non
639 2760 760 2799 cum
807 2747 1065 2802 tristitia:
1115 2745 1358 2800 Hilarem
1392 2749 1527 2800 enim
1579 2747 1814 2800 datorem
1870 2747 2044 2816 diligit

483 2839 623 2894 Deus
651 2841 716 2893 ".
752 2840 904 2907 Quod
941 2845 984 2894 si
1015 2851 1070 2894 et
1100 2857 1195 2895 vos
1225 2850 1332 2894 tam
1362 2844 1589 2910 prompti
1622 2840 1852 2906 fueritis,
1878 2856 1905 2893 a
1937 2841 2046 2894 Deo

482 2933 695 2986 dicetur
729 2934 884 2988 vobis
916 2934 962 2966 ⁸⁸
1005 2949 1015 2979 τ
1055 2935 1284 2987 Asceude
1311 2936 1363 2987 in
1397 2945 1588 2986 terram
1610 2932 1888 2993 excelsam,
1909 2943 1955 2984 et
1990 2933 2044 2985 in

479 3036 711 3078 montem
733 3042 881 3094 quem
912 3027 1185 3079 ostendero
1216 3027 1327 3090 tibi,
1363 3037 1415 3078 et
1449 3025 1517 3079 ibi
1550 3024 1680 3078 olfer
1711 3025 1839 3078 mihi
1875 3025 2040 3077 ﬁlium

481 3127 656 3170 ttnnn.
690 3117 802 3171 Non
843 3119 893 3172 in
923 3119 1201 3185 profundis
1236 3129 1412 3183 terrae,
1445 3135 1540 3171 nec
1575 3119 1624 3170 in
1671 3118 1919 3172 convalle
1947 3115 2044 3171 lle-

480 3219 588 3271 tus,
625 3211 716 3262 sed
768 3211 818 3261 in
869 3210 992 3262 altis
1023 3221 1076 3263 et
1110 3209 1340 3262 excelsis
1377 3210 1651 3262 montibus
1697 3208 1831 3263 offer
1875 3209 2043 3261 lilium

481 3311 654 3354 tuum.
697 3300 932 3356 Ostende
961 3302 1084 3370 quia
1133 3301 1264 3355 ﬁdes
1299 3302 1349 3353 in
1388 3302 1676 3354 Dominum
1725 3301 1916 3355 fortior
1963 3309 2046 3355 est

475 3406 638 3460 quam
674 3393 854 3445 carnis
881 3393 1126 3449 affectus.
1178 3393 1410 3446 Amabat
1443 3395 1610 3454 enim,
1645 3394 1836 3462 inquit,
1873 3392 2042 3446 Abrar

477 3483 600 3536 ham
642 3483 794 3537 Isaae
828 3484 993 3535 lilium
1028 3500 1208 3545 suum,
1239 3485 1332 3537 sed
1375 3485 1545 3537 amori
1579 3485 1760 3538 carnis
1808 3485 2044 3552 prmlnlit

474 3590 720 3630 amorem
755 3577 867 3640 Dei,
899 3586 951 3629 et
985 3578 1233 3629 inventus
1261 3586 1344 3629 est
1379 3593 1482 3629 non
1522 3578 1571 3630 in
1607 3577 1899 3630 visceribus
1922 3592 2045 3629 car-

473 3667 587 3732 nis,
628 3669 720 3721 sed
765 3667 816 3719 in
847 3668 1148 3722 visceribus
1179 3667 1401 3730 Christi,
1435 3669 1483 3720 id
1523 3677 1608 3722 est
1656 3669 1707 3720 in
1746 3668 2041 3722 visceribus

473 3761 626 3812 verbi
661 3759 753 3812 Dei
781 3769 835 3813 et
871 3761 1116 3812 veritatis
1146 3769 1197 3812 et
1230 3760 1530 3828 sapientia}.

546 3851 597 3903 8.
627 3849 902 3913 Extendit,
938 3852 1110 3919 inquit
1134 3851 1201 3915 ⁸⁸,
1228 3850 1494 3902 Abraham
1523 3866 1736 3903 manum
1772 3866 1946 3912 suam,
1980 3859 2036 3902 ut

471 3944 732 4008 acciperet
756 3943 1014 4011 gladium,
1044 3942 1377 4011 etjugularet
1402 3942 1572 4008 [ilium
1601 3958 1780 4004 suum,
1809 3952 1856 3994 et
1886 3958 2038 3996 uoca-

472 4036 540 4086 uit
569 4049 685 4085 eum
715 4034 930 4102 angelus
964 4034 1173 4087 Domini
1201 4036 1265 4088 de
1295 4039 1443 4098 cce/0,
1470 4045 1515 4088 et
1543 4035 1678 4086 dixit
1705 4047 1724 4084 :
1750 4032 2036 4096 Abraham,

470 4124 762 4177 Abraham.
790 4127 850 4176 At
879 4125 964 4178 ille
995 4127 1124 4180 dixit
1156 4141 1168 4175 :
1199 4126 1334 4180 Ecce
1373 4144 1483 4196 ego.
1520 4124 1583 4178 Et
1609 4127 1749 4178 dixit
1781 4142 1799 4178 :
1840 4123 1921 4177 Ne
1955 4125 2038 4177 iu-

463 4215 625 4284 jicias
669 4233 879 4268 ntauum
928 4229 1071 4270 tuam
1116 4236 1271 4286 super
1295 4237 1535 4286 puerum,
1591 4237 1750 4292 neque
1786 4221 1952 4286 facias
1989 4222 2036 4275 ei

467 4311 774 4378 quidquam.
812 4309 968 4363 Nunc
997 4313 1132 4364 enim
1165 4317 1377 4380 cognovi
1411 4315 1536 4382 quia
1570 4325 1624 4366 tu
1662 4317 1810 4368 times
1841 4315 2032 4369 Deum.

2149 1827 2343 1882 Deum.
2398 1824 2555 1882 Verbi
2593 1845 2775 1893 causa,
2808 1832 3138 1900 propositum
3176 1830 3347 1883 habeo
3379 1831 3720 1898 martyrium,

2151 1938 2257 1976 non
2285 1937 2348 1975 ex
2376 1921 2477 1976 hoc
2507 1920 2690 1976 dicere
2713 1923 2779 1976 ad
2802 1939 2885 1977 me
2913 1923 3134 1993 angelus
3165 1923 3383 1990 poterit,
3418 1922 3542 1990 quia
3575 1937 3723 1973 nunc

2149 2014 2377 2082 cognovi
2400 2015 2547 2082 quod
2580 2025 2634 2068 tu
2665 2015 2820 2069 times
2864 2016 3048 2069 Deum.
3085 2014 3192 2068 Deo
3229 2014 3370 2067 enim
3396 2013 3496 2066 soli
3532 2012 3723 2081 cogni-

2154 2118 2264 2159 tmn
2296 2117 2380 2160 est
2407 2109 2738 2175 propositmn
2792 2108 3010 2161 mentis.
3057 2106 3113 2160 Si
3157 2122 3288 2161 vero
3322 2121 3600 2159 accessero
3648 2105 3721 2158 ad

2149 2213 2369 2265 agones,
2405 2200 2681 2268 protulero
2715 2201 2911 2255 Iaonam
2946 2199 3364 2263 confessionem,
3412 2213 3530 2267 quae
3578 2196 3720 2251 infe-

2149 2300 2345 2344 runtur
2401 2301 2718 2346 constanter
2757 2303 2948 2347 cuncta
2994 2307 3302 2360 suscepere,
3361 2301 3489 2344 tunc
3541 2299 3718 2358 potest

2149 2383 2330 2438 dicere
2363 2387 2607 2453 angelus,
2662 2384 2815 2437 velut
2866 2385 3193 2439 conﬁrmans
3238 2399 3323 2438 me
3367 2392 3420 2436 et
3459 2385 3717 2436 corrobo-

2151 2489 2274 2528 rans
2320 2491 2334 2528 :
2382 2474 2536 2528 Nunc
2591 2476 2810 2544 cognovi
2855 2476 2993 2544 quod
3017 2489 3071 2528 tu
3112 2477 3260 2527 times
3292 2473 3482 2526 Deum.
3517 2471 3714 2525 Verum

2149 2565 2264 2620 hzec
2292 2567 2438 2620 dicta
2483 2577 2610 2620 sunt
2658 2567 2724 2620 ad
2768 2566 3062 2630 Abraham,
3121 2575 3178 2618 nt
3221 2564 3596 2634 pronuntiatus
3645 2561 3720 2615 sit

2151 2659 2337 2712 timere
2363 2659 2545 2712 Deum.
2572 2659 2788 2724 Quare?
2819 2659 2946 2727 quia
2997 2675 3100 2710 non
3137 2657 3382 2726 pepercit
3447 2655 3554 2707 lilio
3591 2669 3712 2708 suo.

2149 2748 2258 2803 Nos
2287 2765 2418 2803 vero
2458 2750 2804 2804 conferamus
2838 2753 2954 2803 bare
2991 2763 3112 2802 cum
3151 2747 3392 2816 Apostoli
3422 2746 3599 2809 dictis,
3624 2746 3712 2798 ubi

2147 2843 2278 2895 dicit
2302 2843 2366 2894 de
2397 2842 2504 2895 Deo
2525 2843 2569 2874 ⁸³
2598 2862 2609 2896 :
2643 2840 2746 2906 Qui
2776 2843 2988 2910 proprio
3017 2839 3157 2894 Filio
3200 2856 3296 2892 suo
3334 2855 3435 2891 non
3465 2838 3713 2906 pepercit,

2146 2933 2236 2988 sed
2264 2949 2358 3002 pro
2403 2933 2550 2985 nobis
2592 2934 2829 2985 omnibus
2877 2932 3091 2984 tradidit
3145 2931 3316 2983 illum.
3366 2929 3500 2983 Vide
3545 2929 3710 2981 Deum

2147 3028 2430 3096 magniﬁca
2485 3042 2607 3080 cum
2661 3026 2970 3080 hominibus
3023 3025 3343 3079 liberalitate
3388 3031 3711 3077 certantem.

2145 3121 2420 3175 Abraham
2468 3119 2750 3173 mortalem
2788 3117 2953 3171 ﬁlium
3000 3133 3104 3170 non
3157 3117 3476 3170 moriturum
3518 3113 3713 3168 obtulit

2148 3213 2278 3278 Deo,
2317 3213 2456 3266 Deus
2502 3210 2863 3264 immortalem
2906 3209 3096 3263 Filium
3131 3224 3228 3278 pro
3265 3209 3518 3262 omnibus
3541 3206 3712 3260 tradi-

2145 3303 2223 3357 (lit
2247 3304 2429 3356 morti.
2457 3302 2595 3368 Quid
2613 3315 2717 3355 nos
2738 3303 2803 3355 ad
2839 3303 2955 3355 lucc
2984 3301 3262 3354 dicemus?
3291 3301 3416 3368 quid
3445 3300 3712 3354 retribue-

2145 3411 2264 3448 mus
2288 3395 2513 3447 Domino
2565 3409 2662 3462 pro
2693 3393 2943 3446 omnibus
2988 3407 3107 3461 qu:e
3156 3392 3406 3446 retribuit
3447 3391 3604 3444 nobis
3632 3388 3712 3442 “?

2143 3485 2284 3540 Deus
2320 3484 2478 3540 Pater
2532 3495 2754 3556 pr0pter
2788 3501 2884 3539 nos
2939 3486 3157 3554 proprio
3205 3484 3340 3537 Filio
3378 3499 3480 3536 non
3517 3497 3709 3552 peper-

2143 3579 2216 3630 cit
2247 3577 2314 3631 “.
2340 3578 2472 3646 Quis
2504 3587 2742 3632 vestrum
2773 3587 2929 3646 putas
2961 3578 3143 3631 audiet
3184 3577 3471 3648 aliquando
3518 3591 3705 3630 vocem

2139 3673 2571 3742 angelidicentis
2606 3689 2620 3727 :
2656 3671 2810 3726 Nunc
2833 3668 3054 3742 cognovi
3088 3671 3213 3740 quia
3255 3671 3410 3724 times
3439 3679 3490 3722 tu
3522 3668 3708 3732 Demn,

2138 3765 2262 3833 quia
2296 3781 2398 3818 non
2428 3764 2713 3835 pepercisti
2745 3765 2854 3820 ﬁlio
2893 3773 2981 3817 tuo
3009 3763 3092 3818 vel
3128 3762 3249 3815 lilia:
3279 3772 3404 3826 tute,
3445 3761 3526 3816 vel
3578 3777 3709 3814 uxo-

2139 3858 2207 3920 ri,
2249 3867 2342 3910 aut
2382 3874 2492 3912 non
2530 3859 2814 3926 pepercisti
2849 3859 3110 3926 pecuniae,
3146 3857 3232 3910 vel
3273 3856 3572 3910 honoribus
3611 3868 3711 3907 sm-

2138 3948 2268 4010 culi,
2303 3958 2358 4001 et
2409 3949 2797 4002 ambitionibus
2847 3949 3051 4012 mundi,
3095 3947 3188 4001 sed
3235 3947 3415 4002 omnia
3465 3955 3712 3999 contem-

2139 4040 2290 4106 psisti
2316 4049 2370 4094 et
2398 4039 2578 4093 omnia
2610 4040 2814 4093 duxisti
2850 4053 2907 4093 ut
2940 4049 3211 4100 stercora,
3245 4048 3299 4092 ut
3328 4039 3601 4092 Christum
3629 4037 3710 4088 lu-

2135 4133 2449 4194 erifaceres,
2485 4131 2774 4186 vendidisti
2812 4133 2991 4184 omnia
3031 4141 3082 4186 et
3121 4131 3318 4186 dedisti
3354 4129 3706 4198 pauperibus,

2136 4235 2188 4278 et
2211 4233 2426 4277 secutus
2455 4239 2515 4277 es
2545 4223 2764 4277 verbum
2794 4221 2928 4275 Dei?
2959 4222 3090 4288 Quis
3112 4232 3374 4283 vestrum,
3404 4229 3580 4289 putas,
3613 4234 3709 4269 au-

2136 4317 2245 4369 diet
2269 4317 2334 4368 ab
2371 4315 2581 4382 angelis
2615 4312 2983 4381 hujuscemodi
3031 4313 3260 4366 vocem?
3305 4313 3501 4366 lterum
3534 4311 3709 4364 Abra—

471 4405 525 4455 ln
561 4405 659 4457 hoc
690 4419 818 4472 ergo
845 4420 1091 4458 sermone
1133 4406 1272 4459 solet
1301 4405 1460 4471 objici
1495 4408 1646 4460 nobis
1668 4447 1681 4466 .
1717 4408 1858 4478 quati
1892 4409 2032 4463 Deus
2066 4425 2108 4478 ι)
2138 4405 2261 4456 ham
2289 4405 2438 4457 audit
2475 4405 2617 4456 hanc
2658 4419 2867 4466 vocem,
2901 4411 2956 4456 et
2993 4403 3191 4456 dicitur
3226 4403 3291 4456 ad
3328 4418 3450 4456 eum
3485 4403 3549 4465 ⁸⁸,
3581 4402 3706 4469 quia

469 4510 613 4547 Imnc
665 4511 723 4549 se
773 4499 1091 4565 cognovisse
1144 4499 1308 4564 dicat,
1359 4499 1484 4568 quia
1535 4501 1806 4554 Abraham
1846 4503 2032 4556 timeat

468 4586 660 4651 Deum,
688 4591 839 4655 quasi
871 4591 957 4658 qui
1001 4599 1125 4642 ante
1165 4591 1512 4659 ignoraverit.
1541 4593 1758 4646 Sciebat
1809 4595 1950 4647 Deus
1979 4605 2034 4649 et

467 4692 575 4732 non
625 4696 744 4731 eum
803 4681 1022 4742 latebat,
1076 4683 1274 4752 quippe
1311 4685 1398 4750 qui
1442 4686 1590 4737 novit
1639 4687 1819 4739 otttnia
1875 4697 2030 4741 ante-

465 4784 628 4836 quam
661 4771 789 4824 ﬁant
819 4789 832 4834 ;
873 4775 962 4826 sed
995 4785 1212 4842 propter
1245 4785 1294 4827 te
1328 4775 1439 4827 haec
1474 4777 1674 4843 scripta
1713 4785 1875 4829 sunt:
1902 4777 2026 4843 quia

467 4870 522 4912 et
557 4871 611 4912 In
662 4863 938 4914 credidisti
977 4864 1192 4931 quidem
1247 4865 1372 4925 Deo,
1409 4865 1502 4917 sed
1554 4863 1654 4916 nisi
1699 4879 1861 4930 opera
1907 4863 2027 4915 ﬁdei

465 4953 574 5021 83
619 4955 942 5020 expleveris,
994 4957 1093 5008 nisi
1149 4958 1198 5008 in
1246 4955 1494 5009 omnibus
1530 4956 1813 5024 prmceptis
1861 4956 2026 5008 etiam

463 5045 856 5100 dillieilioribus
895 5049 1161 5116 parueris,
1189 5048 1634 5101 nisisacrilicium
1667 5047 1946 5111 obtuleris,
1974 5059 2027 5103 et

465 5137 764 5189 ostenderis
793 5139 918 5205 quia
954 5155 1052 5193 nec
1085 5150 1314 5208 patrem,
1345 5155 1442 5194 nec
1477 5150 1727 5201 matrem,
1760 5153 1858 5191 nee
1890 5139 2029 5194 ﬁlios

570 5254 617 5285 ⁵⁸
637 5253 789 5308 Joan.
822 5269 940 5316 VIII,
969 5256 1057 5309 59.
1135 5255 1180 5287 ⁵⁷
1203 5255 1242 5308 ιι
1272 5255 1395 5318 Cor,
1423 5271 1498 5317 Ix,
1530 5255 1582 5305 7.
1659 5255 1705 5286 ⁵⁸
1744 5256 1941 5311 Genes.
1969 5275 2102 5322 nn,
2136 5259 2189 5311 2.

1837 5327 1878 5358 ⁸³
1907 5329 2062 5382 ltum.
2089 5346 2205 5393 vm,
2235 5329 2324 5382 3'2.

461 5337 538 5388 tv,
582 5325 636 5379 ‘2.
712 5324 756 5357 ⁸⁸
780 5324 936 5379 ιὶοιιι.
967 5341 1082 5388 νιιι,
1107 5324 1195 5379 ⁸52.
1274 5327 1318 5357 ⁸³
1349 5326 1490 5379 l’sal.
1523 5340 1645 5388 cxv,
1679 5325 1760 5378 1'2.

533 5463 642 5534 (49)
680 5461 770 5516 Sic
820 5479 952 5517 mss.
989 5462 1161 5529 Alias,
1199 5463 1462 5531 cedi/icant
1489 5461 1705 5514 altare:
1751 5462 2019 5515 Abraham

459 5538 877 5675 βθῗὲίιῗῆῗῖἶῖυιη
905 5603 1178 5675 Christum
1209 5612 1494 5672 antequam
1513 5603 1686 5675 homo
1710 5602 1884 5662 ﬁeret,
1911 5602 2030 5655 sub-

458 5675 790 5730 szantialitcr
832 5675 884 5730 in
913 5674 1117 5744 angelis
1145 5675 1421 5730 hominum
1446 5674 1673 5728 salutem
1703 5688 2028 5744 promoven-

2135 4513 2237 4548 nou
2260 4497 2530 4563 pepercisti
2552 4496 2662 4564 ﬁlio
2687 4505 2775 4547 tuo
2798 4496 2984 4546 dilecto
3015 4504 3223 4562 prapter
3253 4511 3353 4550 me.

2203 4589 2256 4640 9.
2299 4587 2364 4640 Et
2417 4589 2718 4655 respiciens,
2771 4585 2942 4654 inquit
2979 4585 3044 4652 ⁸⁸,
3087 4587 3348 4638 Abraham
3385 4585 3548 4637 oculis
3590 4583 3700 4636 suis

2133 4681 2282 4745 uidit,
2318 4691 2366 4732 et
2391 4697 2504 4732 ecce
2528 4679 2666 4732 aries
2689 4690 2963 4733 tenebatur
2988 4678 3236 4730 cornibus
3269 4679 3320 4729 in
3345 4677 3569 4745 virgulto
3595 4674 3698 4729 Sa-

2134 4773 2278 4825 bech.
2337 4771 2606 4835 Diximus,
2668 4782 2818 4839 puto.
2868 4772 2921 4824 in
2964 4770 3338 4838 superioribus
3369 4769 3512 4838 quod
3551 4767 3699 4820 Isaac

2139 4863 2366 4915 formam
2401 4874 2610 4930 gereret
2641 4863 2863 4928 Christi,
2898 4863 2992 4915 sed
3022 4872 3077 4915 et
3123 4861 3268 4913 aries
3300 4858 3387 4911 hic
3431 4857 3703 4910 nihilomi-

2135 4973 2237 5011 nus
2271 4957 2500 5008 l'ormam
2530 4955 2731 5008 Christi
2774 4969 2962 5024 gerere
2997 4955 3232 5006 videtur.
3280 4951 3384 5004 Sed
3431 4947 3700 5017 quomodo

2135 5050 2356 5104 Christo
2391 5057 2621 5114 uterque
2658 5047 2969 5108 conveniat,
3003 5055 3054 5097 et
3092 5045 3236 5096 Isaac
3260 5041 3349 5109 qui
3377 5056 3480 5093 non
3509 5047 3592 5090 est
3613 5037 3700 5103 ju-

2138 5143 2376 5212 gulatus,
2402 5150 2452 5194 et
2487 5141 2630 5194 aries
2672 5141 2763 5210 qui
2815 5139 3089 5207 jngulatns
3122 5147 3224 5201 est,
3259 5149 3438 5204 operae
3467 5133 3696 5200 pretium

2285 5259 2328 5289 ³³
2370 5257 2499 5312 ibid.
2535 5257 2599 5310 lO
2632 5266 2682 5310 et
2712 5273 2864 5324 seqq.
2939 5255 2982 5286 “
3017 5253 3145 5306 Luc.
3178 5251 3370 5324 xv,lﬁO.
3446 5251 3488 5282 ⁶¹
3519 5248 3693 5305 Galat.

2401 5329 2444 5359 ⁸⁵
2476 5329 2677 5382 Genes.
2704 5323 2839 5391 xxu,
2866 5326 2949 5380 12.
3025 5325 3068 5355 ⁸⁸
3108 5324 3240 5377 ibid.
3268 5323 3354 5376 15.

2131 5463 2274 5516 tibus
2306 5461 2539 5514 adfuisse
2579 5461 2813 5514 senserit
2851 5458 3130 5526 Origenes,
3173 5456 3398 5526 consule
3445 5452 3695 5526 lluetium

2135 5535 2445 5602 Urigeniau.
2473 5531 2570 5584 lib.
2599 5546 2664 5602 ill,
2703 5540 2894 5602 quaest.
2924 5523 2978 5589 5⁷,
3016 5527 3260 5602 unum}.
3296 5525 3425 5602 Vide
3450 5523 3693 5602 ejusdem

2135 5594 2484 5670 quaestionem
2520 5594 2877 5667 quintam,ubi
2916 5613 3128 5670 onmem
3167 5594 3410 5666 Origeuis
3435 5594 3498 5649 dc
3534 5608 3696 5661 attge-

2133 5668 2202 5729 lis
2234 5675 2538 5728 doctrinam
2563 5673 2681 5726 fuse
2702 5681 2756 5723 et
2786 5670 2939 5723 docte
2960 5668 3156 5735 aperit.
