4050 6142
283 230 381 286 ξω

1487 226 1556 283 ΙΝ
1594 223 1895 284 GENESIM
1929 223 2214 280 HOMILIA
2249 224 2339 281 lX.

3424 220 3530 277 2l0

282 360 629 408 estnoscere.
659 347 918 405 Christus
942 347 1178 404 Verbum
1219 347 1310 403 Dei
1361 357 1469 413 est,
1507 321 1869 404 sed'l’erbum
1895 352 1941 409 Α
1969 348 2061 402 sed
2111 349 2266 403 nobis
2308 363 2428 418 qua:
2464 345 2746 403 offerimus
2798 348 3147 402 redonantur.
3196 343 3335 399 Deus
3382 347 3528 398 enim

281 458 398 496 caro
424 442 633 508 factum
656 450 737 495 est
773 441 841 495 ".
879 439 1054 495 Unum
1080 439 1246 511 igitur
1281 441 1334 494 in
1362 440 1585 496 Christo
1609 441 1676 496 de
1700 453 1862 508 supe-

280 534 512 591 rioribus
534 543 645 599 est,
672 534 909 590 alterum
952 549 1018 587 ex
1049 534 1285 587 humana
1314 543 1506 587 natura
1535 543 1589 588 et
1615 533 1863 604 virginali

279 637 431 682 utero
480 635 828 695 susceptum.
891 624 1102 680 Patitur
1148 642 1278 698 ergo
1324 627 1599 690 Christus,
1656 626 1751 680 sed
1809 626 1862 679 in

283 733 473 783 carne;
505 728 565 772 et
595 718 821 786 pertulit
847 728 1100 783 mortem,
1128 722 1222 774 sed
1247 733 1398 783 caro,
1426 719 1584 787 cujus
1606 719 1694 773 hic
1722 718 1867 772 aries

284 811 451 864 forma
481 820 568 865 cst
605 829 620 866 :
648 810 795 866 sicut
827 822 884 865 et
903 810 1144 867 Joannes
1173 811 1452 867 dicebat“
1483 832 1495 867 ε
1526 810 1663 865 Ecce
1698 827 1865 881 agnus

284 904 399 968 Dei,
422 921 545 959 ecce
574 905 669 975 qui
695 904 836 958 tollit
865 917 1083 976 peccata
1128 906 1338 961 mundi.
1382 905 1613 961 Verbum
1644 920 1778 959 vero
1808 905 1865 959 in

288 997 698 1066 incorruptione
727 998 1047 1068 permansit,
1082 998 1228 1068 quod
1251 1007 1337 1054 est
1375 998 1673 1053 secundum
1700 997 1865 1066 spiri-

290 1099 399 1143 tum
432 1088 709 1154 Christus,
754 1091 908 1158 cujus
948 1091 1130 1161 imago
1172 1100 1256 1147 est
1305 1092 1476 1146 Isaac.
1513 1088 1640 1145 Ideo
1675 1090 1789 1159 ipse
1813 1098 1868 1144 et

288 1178 460 1232 hostia
491 1192 600 1244 est,
625 1191 681 1233 et
711 1178 948 1247 pontifex
977 1179 1275 1234 secundum
1310 1178 1583 1247 spiritum.
1611 1174 1744 1229 Nam
1774 1175 1867 1244 qui

287 1266 440 1323 olert
468 1269 710 1324 hostiam
740 1270 884 1324 Patri
916 1270 1216 1325 secundum
1260 1284 1504 1336 carnem,
1541 1269 1657 1338 ipse
1698 1268 1751 1321 in
1789 1267 1868 1321 al-

291 1362 398 1416 tari
426 1363 617 1417 crucis
648 1361 899 1428 oﬂ’ertur,
927 1363 1052 1432 quia
1101 1362 1242 1416 sicut
1282 1361 1484 1416 dictum
1531 1370 1615 1414 est
1646 1361 1714 1414 de
1751 1374 1818 1413 eo
1848 1377 1864 1414 :

296 1454 426 1507 Ecce
450 1470 623 1521 agnus
653 1453 775 1519 Dei,
817 1470 934 1507 ecce
960 1454 1050 1523 qui
1082 1452 1218 1506 tollit
1256 1462 1524 1520 peccatum
1544 1451 1768 1516 mundi;
1796 1451 1869 1506 ita

292 1548 355 1598 de
383 1559 450 1599 eo
474 1544 687 1600 dictum
726 1554 810 1600 est
832 1545 878 1577 δ’
910 1561 925 1599 :
961 1544 1040 1598 Tu
1074 1561 1128 1598 es
1157 1543 1402 1598 sacerdos
1428 1544 1483 1596 in
1512 1552 1761 1597 internum
1782 1557 1868 1594 se-

294 1638 525 1691 cundum
550 1638 789 1690 ordinem
822 1636 1220 1692 Melchisedech.
1256 1635 1493 1691 Tenetur
1512 1649 1643 1703 ergo
1679 1634 1868 1689 corni-

295 1729 393 1784 bus
422 1730 569 1785 aries
600 1730 656 1783 in
681 1729 920 1797 virgulto
957 1729 1193 1783 Sahech.

365 1821 453 1877 10.
494 1820 565 1874 Et
594 1822 820 1890 accepit,
854 1821 1034 1891 inquit
1067 1821 1133 1887 ⁷⁰,
1174 1822 1410 1884 arietem,
1441 1826 1491 1871 et
1534 1816 1722 1871 obtulit
1749 1831 1866 1871 eum

294 1914 664 1968 holocaustum
702 1930 798 1981 pro
828 1911 984 1966 Isaac
1017 1912 1130 1981 filio
1168 1928 1284 1977 suo,
1307 1920 1354 1965 et
1380 1911 1575 1965 uocauit
1601 1909 1869 1964 Abraham

296 2021 477 2059 tamen
533 2005 639 2057 loci
685 2004 852 2067 illius,
918 2002 1177 2057 Dominus
1209 2004 1365 2059 videt.
1413 2002 1720 2059 Scienlihus
1756 2004 1871 2059 haec

296 2096 506 2158 audire,
539 2095 918 2162 intelligentiae
945 2095 1212 2163 spiritalis
1236 2094 1460 2149 evidens
1482 2095 1732 2164 panditur
1760 2095 1867 2148 via.

294 2186 486 2243 Omnia
524 2187 672 2241 enim
711 2203 834 2256 qua:
865 2201 1015 2258 gesta
1058 2198 1204 2252 sunt,
1246 2188 1311 2241 ad
1360 2187 1630 2242 visionem
1680 2200 1871 2257 perve-

296 2278 477 2331 niunt.
515 2278 724 2331 Dicitur
753 2293 986 2347 namque
1022 2279 1150 2347 quia
1197 2278 1457 2332 Dominus
1507 2278 1672 2331 videt.
1719 2274 1870 2331 Visio

294 2378 471 2422 autem
498 2384 664 2437 quam
692 2368 954 2423 Dominus
989 2369 1147 2432 vidit,
1185 2369 1236 2422 in
1268 2369 1466 2437 spiritu
1502 2377 1605 2433 est,
1635 2378 1695 2422 ut
1730 2378 1786 2421 et
1814 2376 1869 2422 tu

294 2459 410 2513 haec
452 2474 577 2527 qua:
604 2461 809 2529 scripta
850 2468 998 2524 sunt,
1042 2460 1094 2514 in
1137 2459 1333 2529 spiritu
1372 2460 1588 2526 videas;
1638 2470 1691 2514 et
1733 2460 1875 2516 sicut

293 2553 346 2608 in
369 2553 604 2608 Domino
628 2569 951 2622 corporeum
980 2554 1114 2608 nihil
1153 2563 1255 2619 est,
1296 2554 1373 2608 ita
1412 2553 1575 2609 etiam
1606 2561 1659 2606 ιιι
1690 2552 1743 2606 in
1788 2551 1874 2606 his

290 2647 548 2701 omnibus
579 2661 905 2714 corporeum
929 2646 1062 2700 nihil
1091 2647 1329 2711 sentias;
1359 2644 1455 2700 sed
1480 2643 1534 2697 in
1567 2643 1759 2711 spiritu
1782 2657 1873 2713 ge-

292 2751 452 2791 neres
496 2737 666 2791 etiam
704 2747 757 2790 tn
810 2736 977 2789 lilium
1022 2737 1192 2802 Isaac,
1240 2750 1362 2790 cum
1410 2734 1611 2788 habere
1637 2734 1873 2803 coeperis

291 2825 535 2881 fructum
565 2826 813 2895 spiritus,
842 2828 1121 2897 gaudium,
1157 2841 1365 2898 pacem.
1393 2828 1561 2892 Quem
1601 2831 1778 2883 tamen
1812 2829 1874 2882 ll-

292 2919 425 2972 lium
454 2920 527 2974 ita
563 2920 781 2974 demum
813 2921 1126 2989 generabis,
1159 2922 1226 2985 si,
1253 2930 1313 2974 ιιι
1343 2922 1410 2976 de
1436 2923 1573 2978 Sara
1607 2923 1871 2992 scriptum

292 3019 378 3064 est
402 3012 474 3074 ",
503 3012 633 3080 quia
666 3011 987 3067 defecerunt
1019 3011 1170 3067 Sara:
1203 3014 1511 3081 muliebria,
1542 3024 1595 3070 et
1621 3025 1751 3070 tunc
1779 3028 1873 3085 ge-

291 3106 418 3157 nuit
446 3104 622 3171 lsaac,
661 3106 734 3159 ita
765 3105 1022 3161 deﬁciant
1057 3117 1114 3161 et
1138 3108 1191 3161 in
1220 3108 1399 3161 anima
1439 3118 1528 3162 tua
1562 3109 1872 3175 muliebria,

302 3204 365 3249 ut
407 3196 550 3250 nihil
595 3194 710 3264 jam
753 3198 1020 3253 muliebre
1066 3206 1120 3253 et
1176 3197 1542 3255 eﬂeminatum
1585 3202 1787 3256 habeas
1820 3200 1873 3254 in

297 3289 484 3341 anima
520 3299 631 3352 tua,
666 3291 765 3344 sed
790 3290 1022 3344 viriliter
1051 3305 1205 3356 agas,
1237 3301 1292 3347 et
1317 3294 1549 3349 viriliter
1574 3295 1876 3364 praecingas

300 3382 520 3435 lumbos
567 3391 722 3444 tuos;
766 3383 811 3436 si
860 3383 930 3438 sit
977 3394 1169 3453 pectus
1196 3394 1347 3440 tuum
1383 3387 1607 3442 thorace
1651 3387 1878 3457 justitite

297 3471 597 3533 mtinitum,
632 3471 677 3525 si
710 3471 864 3540 galea
903 3474 1098 3529 salutis
1130 3484 1183 3529 et
1216 3474 1400 3545 gladio
1430 3477 1656 3545 spiritus
1687 3476 1874 3530 accin-

298 3563 470 3628 garis.
502 3560 561 3616 Si
593 3578 727 3634 ergo
769 3563 1024 3619 deﬁciant
1084 3566 1367 3621 muliebria
1421 3567 1537 3622 fieri
1584 3567 1636 3620 in
1693 3567 1874 3621 anima

301 3661 413 3717 tua,
442 3669 676 3723 generas
711 3655 877 3709 lilium
910 3656 980 3712 de
1003 3657 1234 3727 conjuge
1258 3669 1346 3710 tua
1370 3659 1565 3712 virtute
1588 3666 1642 3712 et
1666 3659 1878 3727 sapien-

299 3744 399 3809 tia,
429 3746 690 3814 gaudium
720 3762 785 3801 ac
820 3747 1085 3805 laetitiam.
1116 3747 1360 3805 Generas
1390 3759 1570 3804 autem
1597 3749 1874 3817 gaudium,

299 3838 346 3892 si
384 3854 553 3893 omne
574 3840 831 3909 gaudium
855 3840 1281 3907 existimaveris,
1312 3857 1435 3896 cum
1461 3844 1514 3895 in
1548 3841 1878 3898 tentationes

298 3935 484 3989 varias
505 3935 766 3989 incideris
798 3935 863 3998 ⁷³,
899 3946 952 3990 et
980 3936 1123 3991 istud
1171 3936 1428 4007 gaudium
1455 3936 1653 3991 oll'eras
1698 3936 1751 3988 itt
1790 3950 1876 3990 sae

301 4025 572 4081 erilicium
642 4027 770 4081 Deo.
823 4028 956 4081 Cum
1013 4030 1161 4082 enim
1237 4028 1389 4082 laetus
1450 4028 1744 4083 accesseris
1810 4028 1877 4082 ad

301 4114 497 4180 Deum,
532 4116 735 4171 iterum
791 4119 886 4172 tibi
933 4119 1111 4172 reddit
1153 4120 1300 4188 quod
1341 4119 1630 4184 obtuleris,
1661 4128 1715 4176 et
1746 4119 1876 4176 dicit

305 4208 401 4261 tibi
423 4207 494 4271 ⁷³,
522 4208 650 4276 quia
682 4209 875 4262 iterum
903 4211 1141 4264 videbitis
1165 4225 1266 4274 me,
1306 4222 1352 4264 et
1384 4213 1629 4282 gaudebit
1669 4229 1762 4266 cor
1790 4227 1876 4266 re-

300 4309 495 4362 strum,
541 4309 590 4352 et
630 4302 880 4369 gaudium
914 4313 1140 4355 vestrum
1194 4319 1346 4356 nemo
1398 4304 1599 4370 auferet
1637 4321 1669 4357 a
1710 4304 1873 4358 vobis.

1965 440 2163 495 nullius
2197 440 2421 509 indiget,
2454 440 2547 495 sed
2581 455 2679 493 nos
2711 439 2827 494 vult
2874 438 3071 493 divites
3108 451 3249 499 esse,
3284 444 3530 491 nostrum

1962 532 2235 587 desiderat
2270 547 2364 600 per
2392 532 2602 600 singula
2647 546 2874 602 qumque
2919 531 3239 600 profectum.
3279 528 3403 584 Huic
3434 543 3531 583 no-

1963 625 2047 679 bis
2079 625 2249 693 ligura
2282 626 2591 679 ostenditur
2618 627 2783 679 etiam
2818 627 2869 677 in
2907 624 2991 678 his
3040 638 3161 694 quae
3210 629 3360 691 gesta
3400 627 3531 674 sunt

1963 732 2088 785 erga
2108 717 2228 771 Job.
2256 717 2320 771 Et
2348 716 2440 771 ille
2462 719 2602 770 enim
2630 725 2851 786 propter
2883 716 3048 770 Deum
3088 714 3321 784 perdidit
3347 711 3530 767 omnia

1963 824 2085 864 cum
2119 810 2270 864 dives
2296 818 2463 864 esset.
2490 808 2594 863 Sed
2623 810 2747 876 quia
2785 807 3009 876 pertulit
3038 808 3174 861 bene
3207 808 3405 876 agones
3430 819 3530 874 pa-

1966 903 2190 965 tientiae,
2219 911 2272 956 et
2310 903 2363 955 in
2392 902 2644 955 omnibus
2686 916 2805 970 quae
2853 915 3044 970 passus
3089 907 3195 964 est,
3251 898 3532 968 magnani-

1967 1007 2087 1045 mus
2112 990 2232 1057 fuit,
2266 1001 2319 1046 et
2355 991 2557 1045 dixit"
2589 1009 2603 1044 :
2637 991 2894 1044 Dominus
2922 990 3086 1054 dedit,
3122 989 3378 1042 Dominus
3414 986 3533 1041 abs-

1967 1082 2084 1135 tulit
2117 1097 2137 1134 :
2198 1092 2252 1136 ut
2281 1082 2501 1135 Domino
2527 1081 2746 1150 placuit,
2774 1081 2849 1133 ita
2891 1080 3089 1147 factum
3120 1088 3217 1144 est,
3248 1078 3316 1131 sit
3346 1093 3534 1131 nomen

1966 1174 2179 1228 Domini
2206 1175 2530 1228 benedictum
2560 1189 2577 1228 :
2609 1175 2730 1227 vide
2776 1174 2841 1226 ad
2895 1172 3142 1225 ultimum
3172 1169 3301 1239 quid
3357 1169 3422 1224 de
3469 1182 3535 1223 eo

1966 1264 2223 1322 scribitur
2251 1285 2264 1320 :
2294 1266 2526 1334 Recepit,
2555 1266 2732 1335 inquit
2759 1265 2825 1331 ⁷⁷,
2856 1265 3033 1319 omnia
3072 1262 3233 1331 dupla
3263 1278 3380 1329 qua:
3401 1263 3535 1315 ami-

1965 1366 2127 1412 serat.
2164 1355 2327 1412 Vides
2356 1357 2484 1426 quid
2511 1366 2593 1412 est
2619 1356 2873 1410 amittere
2902 1354 3106 1424 aliquid
3143 1369 3241 1424 pro
3273 1352 3401 1417 Deo,
3431 1352 3534 1407 hoc

1967 1457 2051 1503 est
2090 1448 2443 1520 multiplicata
2484 1450 2725 1518 recipere
2763 1449 2884 1505 tibi.
2936 1448 2998 1505 Et
3049 1445 3251 1516 aliquid
3302 1445 3533 1513 amplius

1969 1543 2258 1614 Evangelia
2312 1543 2635 1613 promittunt
2672 1542 2742 1609 ⁷⁸,
2788 1543 3098 1612 centuplum
3138 1541 3232 1597 tibi
3284 1540 3535 1611 pollicen-

1971 1644 2076 1697 tur,
2104 1633 2328 1703 insuper
2355 1642 2412 1689 et
2436 1635 2599 1688 vitam
2633 1643 2916 1697 aeternam,
2941 1634 2995 1688 in
3032 1633 3249 1689 Christo
3275 1630 3399 1687 Jesu
3434 1631 3535 1685 Do-

1898 1715 1942 1771 Β
1972 1727 2120 1784 mino
2151 1738 2361 1794 nostro,
2393 1730 2479 1784 cui
2528 1740 2612 1784 est
2643 1728 2813 1799 gloria
2845 1736 2902 1783 et
2934 1727 3220 1797 imperium
3259 1726 3312 1780 in
3337 1725 3531 1781 saecula

1967 1821 2311 1877 saculorum.
2336 1822 2529 1876 Amen.

2549 1909 2828 1967 HOMILIA
2869 1909 2961 1965 IX.

2021 2006 2098 2061 De
2123 2006 2614 2076 repromissionibus
2638 2007 2880 2059 secundis
2903 2006 2972 2057 ad
3005 2004 3269 2058 Abraham
3299 2003 3472 2075 factis.

2039 2099 2094 2153 i.
2135 2097 2407 2165 Quantum
2446 2097 2683 2166 legentes
2712 2096 3110 2166 progredimur,
3144 2103 3348 2149 tantum
3378 2095 3539 2151 nobis

1969 2198 2428 2241 sacramentorum
2456 2185 2703 2240 cumulus
2737 2195 2982 2254 augetur.
3010 2185 3074 2238 Et
3110 2185 3234 2239 utsi
3268 2185 3390 2254 quis
3420 2184 3539 2239 exi-

1971 2293 2075 2349 guo
2114 2286 2302 2332 vectus
2359 2278 2573 2349 navigio
2612 2276 2946 2346 ingrediatur
2977 2291 3148 2341 mare,
3179 2276 3349 2330 donec
3380 2285 3540 2330 terra)

1970 2372 2180 2426 vicinus
2208 2384 2310 2438 est,
2338 2372 2516 2425 minus
2541 2369 2736 2424 metuit
2773 2385 2788 2422 :
2830 2382 2951 2422 cum
2995 2382 3125 2421 vero
3167 2367 3424 2436 paulatim
3482 2368 3538 2422 in

1972 2466 2141 2519 altum
2175 2464 2341 2519 fuerit
2371 2479 2709 2534 progressus,
2756 2471 2811 2518 et
2841 2461 2998 2516 undis
3035 2460 3549 2522 intumescentibus;

1971 2555 2056 2611 vel
2094 2556 2147 2610 in
2196 2557 2471 2611 excelsum
2526 2544 2698 2610 attolli
2748 2558 2995 2626 coeperit,
3032 2552 3115 2608 vel
3153 2553 3355 2608 eisdem
3383 2553 3538 2607 dehi-

1973 2651 2252 2706 sccntibtts
2282 2650 2335 2704 in
2371 2651 2478 2705 ima
2511 2650 2742 2714 deduci;
2800 2651 2873 2706 ibi
2924 2665 3053 2705 vero
3097 2659 3331 2704 mentem
3372 2662 3542 2718 pavor

1975 2744 2164 2812 ingens
2204 2751 2258 2797 et
2310 2741 2542 2796 formido
2583 2740 2836 2811 percutit,
2878 2742 3020 2811 quod
3067 2740 3317 2809 exiguam
3369 2747 3540 2793 ratem

1976 2844 2085 2890 tam
2109 2834 2387 2888 immensis
2416 2831 2669 2887 ﬂuctibus
2695 2833 2927 2888 credidit
2955 2850 2969 2887 :
3002 2834 3073 2887 ita
3098 2837 3263 2888 etiam
3300 2848 3398 2887 nos
3428 2831 3539 2898 pati

1975 2927 2239 2991 videmur,
2273 2926 2363 2995 qui
2387 2924 2569 2993 exigui
2601 2924 2809 2979 meritis
2839 2933 2891 2978 et
2920 2924 3138 2995 ingenio
3170 2936 3376 2987 tenues,
3402 2924 3542 2976 inire

1980 3029 2085 3073 tam
2118 3027 2331 3073 vastum
2361 3017 2740 3088 mysteriorum
2770 3016 2991 3086 pelagus
3019 3018 3298 3070 audemus.
3338 3014 3442 3070 Sed
3470 3015 3538 3078 si,

1975 3112 2257 3167 orantibus
2320 3110 2494 3174 vobis,
2559 3109 2819 3163 Dominus
2866 3109 3118 3180 dignetur
3174 3107 3408 3178 Spiritus
3456 3106 3541 3161 sui

1976 3204 2152 3257 sancti
2180 3217 2369 3257 auram
2406 3201 2564 3257 nobis
2600 3215 2914 3270 prosperam
2944 3202 3093 3265 dare,
3124 3200 3362 3254 secundo
3393 3199 3541 3253 verbi

1976 3310 2138 3349 cursu
2184 3304 2397 3365 portum
2440 3293 2631 3349 salutis
2686 3293 3027 3348 inti-abimus.
3079 3289 3367 3347 Videamus
3412 3305 3543 3359 ergo

1978 3404 2122 3443 nunc
2155 3404 2275 3459 quas
2303 3396 2446 3453 sunt,
2478 3402 2601 3457 qua:
2636 3387 2791 3442 nobis
2833 3386 3060 3442 recitata
3100 3394 3245 3441 sunt.
3284 3383 3352 3439 Et
3391 3401 3544 3438 vora-

1977 3479 2074 3543 vit,
2099 3480 2364 3549 inquit",
2390 3479 2606 3549 angelus
2648 3478 2863 3533 Domini
2909 3478 3174 3532 Abraham
3213 3478 3440 3533 secundo
3479 3477 3545 3531 de
3632 3548 3640 3555 Χ

1976 3572 2128 3637 caelo,
2153 3574 2329 3628 dicens
2358 3589 2379 3629 :
2410 3571 2519 3627 Per
2558 3573 2916 3640 memetipsum
2943 3571 3144 3641 juravi,
3194 3572 3320 3625 dicit
3358 3570 3544 3625 Domi-

1978 3682 2077 3718 nus
2102 3680 2121 3718 :
2157 3664 2445 3733 Propterea
2478 3667 2617 3734 quod
2656 3665 2827 3733 fecisti
2856 3664 3066 3718 verbum
3098 3665 3213 3729 hoc,
3247 3674 3293 3717 et
3326 3679 3429 3717 non
3456 3678 3547 3732 pe-

1975 3756 2186 3825 percisti
2213 3757 2327 3826 ﬁlio
2352 3765 2443 3809 tuo
2472 3756 2663 3809 dilecto
2684 3766 2898 3825 propter
2929 3770 3031 3821 me,
3064 3756 3364 3809 benedicens
3394 3755 3546 3809 bene-

1976 3849 2147 3902 dicam
2178 3859 2249 3913 te,
2279 3858 2327 3903 et
2354 3848 2708 3918 multiplicans
2740 3846 3099 3916 multiplicabo
3141 3857 3212 3911 te,
3242 3862 3288 3901 et
3323 3848 3422 3901 erit
3464 3864 3544 3902 se-

1978 3957 2095 3995 men
2130 3951 2279 3995 tuum
2328 3942 2460 3996 sicut
2508 3941 2676 3995 stella:
2717 3940 2831 3994 caeli
2856 3940 2908 3993 in
2949 3941 3310 4005 multitudine,
3341 3948 3392 3995 et
3412 3942 3545 3994 sicut

1979 4051 2141 4089 arena
2175 4037 2361 4100 maris,
2392 4051 2510 4107 qua:
2533 4049 2637 4086 non
2662 4043 2830 4104 potest
2868 4035 3214 4096 dinumerari,
3247 4043 3353 4089 etc.
3385 4033 3547 4088 Solli-

1977 4128 2145 4182 citum
2183 4128 2295 4182 haec
2325 4138 2380 4182 et
2427 4128 2688 4183 intentum
2738 4126 3035 4181 auditorem
3080 4128 3381 4197 requirunt.
3434 4124 3545 4181 No-

1978 4235 2101 4273 vum
2123 4229 2205 4275 est
2235 4220 2376 4274 enim
2401 4219 2542 4288 quod
2574 4220 2707 4274 dicit
2741 4235 2757 4274 :
2796 4218 2861 4273 Et
2891 4219 3113 4286 vocavit,
3154 4218 3346 4287 inquit,
3383 4235 3545 4289 auge—

1978 4311 2061 4365 lus
2092 4310 2304 4365 Domini
2334 4312 2602 4366 Abraham
2642 4315 2869 4367 secundo
2894 4315 2960 4367 de
2999 4313 3143 4368 ctelo.
3181 4311 3331 4377 Quod
3366 4323 3549 4365 tamen

308 4389 400 4447 Sic
440 4407 575 4461 ergo
615 4402 746 4461 quae“
770 4394 1033 4449 ol-tnleris
1065 4394 1198 4457 Deo,
1235 4395 1587 4464 multiplicata
1622 4396 1874 4464 recipies.
1909 4407 1954 4462 ι)
1984 4403 2129 4457 addit
2158 4401 2294 4471 (51),
2321 4419 2424 4457 non
2461 4412 2543 4458 est
2573 4418 2788 4457 novum.
2829 4400 2963 4456 Nam
3006 4401 3308 4455 benedicens
3332 4400 3545 4454 benedi-

309 4480 443 4537 Tale
474 4483 704 4552 aliquid,
759 4485 885 4539 licet
928 4501 1025 4555 per
1054 4485 1212 4540 aliam
1255 4487 1507 4555 figuram,
1545 4486 1778 4541 refertur
1818 4488 1873 4540 in

306 4576 618 4647 Evangeliis
646 4577 715 4637 τι,
745 4592 867 4631 cum
896 4592 993 4647 per
1019 4576 1332 4647 parabolam
1364 4579 1564 4633 dicitur
1599 4581 1874 4647 accepisse

310 4668 430 4739 quis
448 4683 633 4722 mnam
658 4677 717 4721 ιιι
739 4669 949 4738 negotia
959 4678 1109 4724 retur
1125 4679 1179 4722 et
1199 4669 1573 4738 patrifamilias
1589 4670 1871 4738 pecuniam

307 4770 595 4827 quaereret.
644 4760 749 4815 Sed
783 4761 827 4815 si
865 4760 1112 4815 attuleris
1145 4762 1383 4831 quinque
1412 4760 1765 4829 multiplicata
1805 4761 1871 4817 'in

305 4853 520 4918 decent,
558 4851 654 4904 tibi
697 4852 796 4921 ipsi
842 4854 1132 4912 donantur.
1165 4853 1260 4907 tibi
1295 4854 1686 4907 conceduntur.
1734 4854 1872 4908 Audi

305 4942 449 4996 enim
481 4944 612 5010 quid
635 4942 748 5014 84
776 4944 970 4999 dicit"
996 4963 1011 4999 :
1041 4943 1248 5008 Tollite,
1270 4945 1875 5012 inquit,huicmnam,et

308 5034 427 5088 date
462 5034 549 5086 illi
579 5038 669 5104 qui
712 5036 865 5090 habet
905 5037 1082 5089 decem
1125 5052 1295 5089 muas.
1328 5035 1421 5089 Sic
1455 5051 1584 5105 ergo
1629 5036 1879 5090 videmur

313 5128 523 5196 quidem
568 5129 795 5183 Domino
838 5129 1120 5198 negotiari,
1171 5129 1266 5183 sed
1303 5127 1458 5183 nobis
1486 5130 1683 5182 cedunt
1711 5144 1876 5198 nego-

315 5220 553 5276 tiationis
588 5220 738 5275 lucra
765 5237 780 5274 :
810 5229 865 5275 et
889 5204 1134 5275 videntur
1168 5219 1365 5274 offerre
1391 5220 1618 5274 Domino
1646 5220 1873 5286 hostias,

410 5377 458 5409 ⁸⁷
492 5376 656 5440 Joan,
682 5378 828 5443 1,“.
903 5379 948 5411 ⁸⁷
977 5379 1104 5434 ibid.
1132 5379 1222 5434 29.
1326 5379 1370 5410 ⁶⁹
1409 5378 1548 5434 Psal.
1575 5393 1664 5437 cx,
1690 5379 1741 5436 ι.

309 5515 399 5572 29.
469 5518 516 5550 ⁷⁸
548 5518 749 5576 Cenes.
783 5535 917 5586 uti,
943 5519 1010 5574 l5
1031 5528 1083 5574 et
1108 5535 1261 5589 seqq.

381 5657 492 5729 (5|)
530 5658 702 5724 Alias,
738 5658 968 5712 addidit.
1001 5657 1148 5724 Mss.,
1181 5659 1349 5717 addit.

1839 5383 1885 5413 ⁷ο
1921 5379 2056 5437 Gen.
2097 5400 2230 5447 χχιι,
2275 5388 2359 5442 l5.

310 5445 355 5478 "
389 5444 547 5503 Joan.
592 5463 704 5508 xvr.
740 5448 807 5502 l7
845 5459 900 5503 et
950 5449 1039 5502 ‘22.
1110 5449 1289 5504 "Luc.
1333 5449 1558 5503 xtx.i5.
1633 5449 1676 5481 ⁷⁵
1728 5449 1856 5505 ibid.
1906 5454 1998 5506 9.4.

1980 4511 2094 4548 eam
2118 4505 2187 4561 te,
2215 4505 2270 4550 et
2300 4503 2423 4550 ante
2441 4494 2548 4564 jam
2585 4497 2784 4551 dictum
2817 4506 2922 4560 est;
2952 4505 3006 4550 et
3034 4492 3389 4563 multiplicans
3412 4491 3547 4544 mul-

1981 4589 2228 4658 tiplicabo
2289 4599 2358 4655 te,
2413 4599 2539 4644 ante
2585 4589 2908 4659 promissum
2957 4599 3072 4654 est;
3118 4597 3173 4643 et
3228 4587 3329 4640 erit
3372 4601 3548 4640 semen

1981 4690 2130 4734 tuum
2152 4684 2285 4735 sicut
2316 4680 2481 4736 stella'
2503 4683 2637 4747 caeli,
2663 4693 2709 4736 et
2738 4682 2870 4736 sicut
2899 4696 3060 4734 arena
3097 4680 3280 4743 maris,
3308 4688 3361 4732 et
3395 4676 3548 4747 prius

1979 4773 2157 4828 fuerat
2188 4775 2613 4843 pronuntiatum.
2653 4774 2790 4841 Quid
2827 4790 2959 4844 ergo
3000 4789 3082 4831 est
3129 4788 3272 4828 nunc
3309 4770 3542 4840 amplius

1978 4865 2117 4933 quod
2146 4862 2677 4922 secundo'clamatur
2705 4882 2737 4921 e
2769 4869 2941 4923 uelo?
2984 4868 3123 4934 Quid
3178 4866 3299 4920 novi
3341 4864 3537 4919 veteri-

1978 4955 2081 5010 bus
2124 4958 2638 5018 repromissionibus
2671 4961 2921 5015 additur.‘
2969 4961 3134 5027 Quid
3164 4960 3283 5029 plus
3330 4956 3536 5028 praemii

1978 5042 2214 5096 daturin
2246 5058 2310 5097 eo
2333 5046 2478 5113 quod
2506 5047 2674 5102 dicit:
2726 5047 3009 5120 Propterea
3043 5050 3184 5119 quod
3228 5047 3397 5117 fecisti
3434 5062 3545 5101 ver-

1980 5131 2101 5185 bum
2138 5133 2253 5200 Itoc,
2307 5136 2360 5190 id
2412 5147 2496 5192 est
2545 5153 2829 5210 propterea
2886 5145 3028 5212 quod
3074 5142 3240 5196 lilium
3277 5139 3547 5203 obtulisti,

1985 5234 2270 5292 propterea
2296 5229 2440 5298 quod
2471 5246 2574 5284 non
2604 5233 2893 5302 pepercisti
2930 5235 3090 5289 unico
3125 5233 3234 5287 ﬁlio
3267 5227 3546 5284 tuoinihil

3091 5390 3135 5421 ⁷⁷
3183 5387 3368 5444 Jacob.
3407 5403 3450 5451 t,
3491 5389 3548 5443 ‘3.

3111 5458 3156 5489 ⁷⁸
3200 5457 3389 5512 Matth.
3435 5473 3549 5525 ιιι,

2473 5390 2513 5420 ⁷¹
2548 5390 2682 5445 Gen.
2711 5407 2860 5450 mu.
2901 5391 2987 5446 ll.

2089 5455 2132 5485 ⁷⁸
2168 5454 2267 5513 Job
2293 5473 2326 5522 ι,
2372 5458 2462 5513 2|.
2558 5462 2599 5491 ⁷⁷
2626 5461 2725 5515 Joh
2758 5478 2886 5525 χιιι,
2923 5461 3006 5513 l0.
