4050 6142
489 257 585 313 2H

1922 256 2240 315 ORIGE‘NIS

3620 262 3726 318 212

488 374 636 429 aliud
665 375 904 430 additum
937 374 1113 443 video,
1149 375 1336 430 eadem
1369 385 1707 447 repetuntur,
1749 392 1869 447 qua:
1904 376 2055 447 prius
2086 379 2130 436 Α
2159 374 2275 443 ﬁlio
2304 385 2414 429 tuo.
2441 374 2694 433 Ostendit
2718 392 2846 447 ergo
2873 377 3014 448 quod
3045 385 3267 448 propter
3288 377 3616 432 oblationem
3636 380 3721 434 vel

490 465 708 520 fuerant
744 466 1090 534 repromissa.
1124 465 1269 535 Ergo
1294 466 1623 536 superﬂuum
1660 467 1929 522 videbitur
1959 483 2051 521 ca-

487 557 608 611 dem
635 555 829 625 saepius
860 557 1191 610 retractari?
1235 557 1341 611 imo
1398 561 1762 613 necessarium
1810 557 1944 630 (52).
1992 556 2050 612 In

487 647 845 700 sacramentis
871 646 1013 699 enim
1054 645 1184 699 ﬁunt
1227 656 1418 699 cuncta
1445 660 1564 716 quae
1594 647 1745 702 ﬁunt.
1778 649 2051 701 Abraham

486 743 529 795 si
564 748 771 793 tantum
799 740 1093 794 secundum
1118 755 1336 795 carnem
1374 741 1618 806 vixisset,
1664 752 1720 796 et
1759 741 1918 796 unius
1959 755 2057 809 po-

488 832 595 901 puli
631 847 791 901 quem
827 833 1123 887 seeundum
1160 848 1382 889 carnem
1420 834 1630 902 genuit,
1659 843 1814 903 pater
1841 833 2053 898 luisset,

489 938 594 976 una
628 921 897 978 suﬁiceret
919 924 1288 991 repromissio.
1318 922 1471 977 Nunc
1491 938 1620 978 vero
1655 931 1712 977 ut
1745 925 2056 979 ostenderet

486 1028 611 1068 eum
642 1015 819 1085 primo
848 1024 1053 1084 patrem
1082 1015 1316 1068 futurum
1366 1030 1575 1080 eorum,
1626 1016 1717 1083 qui
1758 1014 2052 1069 secundum

488 1116 707 1156 carnem
747 1103 1053 1158 circumcisi
1105 1114 1250 1169 sunt,
1291 1104 1722 1159 circumcisionis
1766 1119 1877 1159 suae
1919 1113 2056 1159 tem-

487 1209 620 1261 pore
648 1180 651 1181 ⁷
681 1195 840 1249 datur
884 1197 933 1249 ei
989 1196 1362 1264 repromissio,
1403 1210 1522 1264 qua:
1564 1196 1629 1250 ad
1668 1195 1923 1266 populum
1951 1197 2058 1250 eir-

485 1284 841 1339 cumcisionis
885 1285 1157 1353 pertinere
1187 1284 1427 1339 deberet.
1461 1283 1713 1338 Secundo
1752 1285 1877 1353 quia
1904 1293 2059 1353 pater

487 1384 632 1429 esset
655 1374 866 1429 iuturus
894 1377 1055 1429 etiam
1094 1391 1279 1431 eorum
1329 1376 1421 1445 qui
1452 1389 1515 1430 ex
1572 1374 1675 1430 ﬁde
1709 1385 1855 1440 sunt,
1890 1384 1943 1430 et
1966 1375 2058 1445 qui

488 1482 585 1536 per
607 1469 908 1537 passionem
934 1467 1133 1523 Christi
1166 1467 1473 1521 veniuntad
1502 1466 1900 1531 haereditatem,
1934 1477 2054 1521 tem-

487 1576 616 1629 pore
660 1561 1002 1615 nihilominus
1042 1562 1306 1632 passionis
1346 1563 1518 1626 Isaac,
1562 1561 1855 1631 promissio
1898 1575 2061 1616 reno-

489 1662 664 1717 vatur,
699 1666 817 1720 qua:
852 1654 1121 1722 pertinere
1165 1654 1355 1709 debeat
1387 1654 1453 1708 ad
1489 1669 1611 1707 eum
1648 1652 1925 1722 populum,
1962 1653 2053 1721 qui

2152 470 2456 538 passionem
2490 468 2607 536 ﬁlii,
2637 470 2929 543 promissio
2975 467 3128 522 ﬁrma
3173 468 3243 522 sit
3275 485 3291 522 :
3320 469 3599 523 evidenter
3628 469 3726 525 de-

2151 558 2375 626 signans
2404 559 2550 627 quod
2592 568 2815 628 propter
2862 558 3169 627 passionem
3200 556 3402 612 Christi
3429 557 3624 627 populo
3655 573 3719 614 es

2154 651 2420 720 gentibus,
2444 653 2534 719 qui
2563 664 2626 704 ex
2656 650 2766 703 ﬁde
2779 659 2863 704 est
2890 650 3144 713 Abrahae,
3172 657 3387 702 maneat
3415 651 3570 702 ﬁrma
3599 663 3722 718 pro-

2153 741 2359 796 missio.
2413 741 2476 795 Et
2522 741 2762 810 nunquid
2811 742 2864 794 in
2918 739 3022 793 hoc
3056 738 3170 794 solo
3206 738 3446 795 secunda
3475 739 3719 794 ﬁrmiora

2154 837 2280 886 sunt
2306 832 2525 902 primis?
2554 831 2609 886 lu
2661 830 2842 885 multis
2867 829 3233 899 hujuscemodi
3283 829 3601 884 adumbrata
3636 828 3720 882 in-

2152 924 2336 976 venies
2362 932 2722 977 sacramema.
2751 918 2960 973 Primas
3000 919 3208 974 tabulas
3260 918 3394 990 legis
3441 921 3495 974 in
3536 918 3721 974 littera

2156 1013 2422 1083 confregit
2481 1012 2690 1084 Moyses
2734 1025 2790 1068 et
2842 1012 3070 1083 abiecit;
3126 1014 3415 1067 secundam
3458 1012 3629 1081 legem
3665 1014 3719 1068 in

2157 1102 2346 1171 spiritu
2386 1103 2642 1172 suscepit,
2698 1111 2750 1158 et
2795 1111 2924 1157 sunt
2988 1100 3226 1157 ﬁrmiora
3277 1101 3514 1157 secunda
3555 1117 3719 1172 quam

2157 1194 2350 1262 prima.
2384 1194 2592 1251 Rursus
2619 1195 2759 1249 idem
2788 1196 2901 1264 ipse
2923 1212 3045 1251 cum
3068 1210 3280 1252 omnem
3301 1195 3469 1264 legem
3500 1195 3553 1249 in
3585 1210 3722 1264 qua-

2161 1294 2283 1337 tuor
2384 1285 2536 1342 libris
2632 1289 3176 1358 comprehendisset,
3249 1286 3719 1341 Deuterouomiunt

2158 1378 2379 1447 scripsit
2406 1377 2540 1448 (54),
2571 1380 2714 1445 quod
2742 1381 2977 1435 secunda
3006 1380 3088 1434 lex
3130 1380 3347 1436 dicitur.
3374 1377 3564 1433 lsmael
3599 1378 3720 1447 pri-

2160 1484 2279 1524 mus
2307 1480 2410 1535 est,
2443 1474 2711 1525 secundus
2740 1470 2913 1536 lsaac,
2940 1482 2992 1525 et
3014 1471 3210 1526 similis
3237 1470 3290 1524 in
3315 1470 3553 1524 secundo
3579 1483 3720 1537 pra:-

2162 1559 2383 1616 lationis
2410 1561 2580 1615 forma
2610 1571 2877 1619 servatur.
2905 1562 3016 1618 Hoc
3036 1576 3093 1617 et
3118 1562 3170 1616 in
3206 1562 3345 1616 Esau
3368 1571 3424 1615 et
3450 1561 3504 1614 in
3530 1558 3719 1625 Jacob,

2164 1652 2215 1706 in
2242 1652 2476 1722 Ephrem
2515 1663 2569 1709 et
2603 1653 2867 1720 Manasse,
2915 1656 2967 1709 in
3014 1655 3156 1709 mille
3199 1654 3320 1709 aliis
3351 1652 3602 1708 similiter
3639 1654 3720 1706 iu-

484 1745 733 1814 passione
762 1744 960 1800 Christi
1014 1762 1078 1800 ac
1119 1746 1514 1801 resurrectione
1560 1746 1821 1799 salvatur.
1856 1745 1923 1799 Et
1957 1760 2052 1800 ea-
2086 1720 2125 1774 Β
2158 1744 2341 1800 venies
2368 1745 2764 1800 adumbratam.

484 1837 605 1890 dem
667 1837 883 1905 quidem
926 1839 1093 1905 repeti
1151 1838 1422 1903 videntur,
1479 1836 1572 1892 sed
1629 1836 1786 1907 longe
1836 1836 2051 1891 diversa

484 1934 628 1981 sunt.
662 1926 750 1980 Illa
787 1926 932 1981 enim
959 1943 1077 1996 quae
1104 1928 1250 1998 prius
1277 1928 1416 1981 dicta
1450 1938 1596 1990 sunt,
1635 1939 1688 1981 et
1717 1927 1782 1980 ad
1817 1927 2050 1993 priorem

484 2017 736 2086 populum
787 2021 1076 2088 pertinent,
1133 2022 1184 2075 in
1229 2022 1391 2077 terris
1433 2021 1576 2076 dicta
1610 2028 1755 2074 sunt.
1790 2017 1881 2074 Sic
1906 2020 2049 2074 enim

486 2109 616 2163 dicit
641 2109 920 2180 Scriptura
941 2112 986 2143 ⁸ο
1022 2134 1033 2166 ;
1071 2112 1135 2165 Et
1163 2112 1341 2167 eduxit
1381 2129 1499 2166 eum
1545 2112 1713 2181 foras,
1761 2111 1828 2166 de
1872 2112 2054 2166 taber-

485 2204 683 2260 naculo
716 2205 942 2268 scilicet,
967 2216 1014 2258 et
1041 2204 1173 2257 dixit
1202 2206 1290 2258 ei:
1320 2203 1537 2273 Respice
1580 2204 1762 2258 stellas
1815 2204 1954 2269 caeli,
2007 2205 2052 2257 si

483 2297 806 2350 dinumerari
829 2305 1050 2365 possunt
1080 2314 1109 2349 a
1144 2297 1503 2350 multitudine.
1548 2296 1612 2350 Ει
1645 2296 1850 2350 addidit
1903 2313 1917 2350 :
1960 2295 2052 2351 Sic

483 2389 579 2441 erit
613 2404 786 2442 semen
818 2399 985 2442 tuum.
1027 2387 1129 2443 Ubi
1168 2397 1348 2442 autem
1399 2389 1639 2442 secundo
1672 2388 1936 2456 repetitur
1965 2402 2051 2442 re-

483 2480 794 2550 promissio,
826 2480 1067 2551 designat
1098 2481 1222 2550 quia
1256 2482 1467 2535 locutus
1505 2490 1589 2533 est
1634 2481 1681 2535 ei
1720 2482 1785 2536 de
1824 2480 2051 2549 caelo,et

482 2573 644 2625 alatur
689 2572 975 2641 promissio
1017 2574 1083 2626 de
1111 2582 1255 2626 terra
1285 2575 1478 2641 prima,
1513 2575 1750 2629 secunda
1791 2574 1859 2627 de
1890 2572 2049 2628 coelo.

482 2662 674 2718 NOnne
733 2673 919 2732 aperte
973 2665 1060 2718 hic
1108 2665 1235 2718 illud
1291 2666 1573 2736 designare
1625 2666 1852 2732 videtur,
1907 2665 2049 2734 quod

481 2755 770 2823 Apostolus
801 2757 932 2811 dicit
953 2756 998 2789 θί
1031 2774 1044 2809 :
1082 2755 1296 2811 Primus
1326 2758 1481 2811 homo
1518 2759 1583 2812 de
1612 2769 1755 2812 terra
1789 2769 2047 2828 terrenus,

484 2850 740 2901 secunzlus
773 2848 925 2901 homo
950 2849 1013 2901 de
1039 2848 1163 2902 caelo
1207 2849 1464 2904 cmlestis?
1506 2849 1609 2904 Ista
1647 2866 1773 2920 ergo
1819 2852 2051 2919 promis-

484 2939 587 3004 sio,
629 2953 748 3008 quae
777 2940 843 2993 ad
875 2940 1082 2994 ﬁdelem
1114 2940 1362 3011 populum
1394 2943 1646 3010 pertinet,
1683 2944 1751 2996 de
1780 2943 1919 2998 caelo
1946 2952 2046 3010 est,

484 3028 576 3084 illa
605 3029 669 3082 de
697 3038 862 3084 terra.
889 3030 942 3083 In
972 3030 1060 3083 illa
1090 3045 1267 3085 sermo
1297 3035 1667 3087 tantummodo
1700 3031 1821 3097 fuit,
1851 3033 1939 3087 hic
1964 3032 2049 3086 in-
2077 3054 2119 3110 ρ

488 3122 790 3188 terponitur
813 3122 1209 3190 jusjurandum,
1237 3125 1378 3192 quod
1412 3124 1800 3195 interpretatur
1833 3124 1899 3178 ad
1944 3125 2054 3179 lle-

485 3217 662 3271 brteos
706 3216 957 3271 scribens
1005 3225 1223 3269 sanctus
1262 3216 1547 3284 APOJOIUS
1598 3218 1700 3272 hoc
1757 3220 1913 3271 modo
1971 3218 2054 3271 di-

486 3323 616 3363 cens
648 3326 664 3365 :
714 3306 925 3372 Valens,
980 3307 1155 3377 inquit
1185 3309 1250 3372 ⁸³,
1306 3307 1444 3362 Deus
1484 3310 1756 3362 ostendere
1793 3308 2057 3372 pollicita-

488 3400 646 3454 tionis
676 3398 969 3453 Ita'redibus
1013 3398 1429 3452 immobilitatem
1463 3399 1575 3469 (55l
1606 3398 1816 3451 consilii
1838 3399 1942 3461 sui,
1975 3400 2057 3450 in-

487 3493 736 3560 terposuit
766 3490 1165 3560 jusjurandum.
1202 3490 1266 3544 Et
1287 3492 1479 3543 iterum
1513 3509 1526 3544 :
1559 3489 1832 3555 Homines,
1861 3489 2054 3559 inquit,

485 3601 580 3655 per
607 3586 862 3655 majorem
890 3584 1194 3653 suijurant,
1225 3583 1362 3637 Deus
1394 3595 1568 3638 autem
1603 3584 1856 3653 quoniam
1896 3585 2059 3637 nenti-

489 3692 606 3730 nem
654 3677 832 3729 habuit
883 3692 974 3743 per
1001 3691 1151 3744 quem
1177 3675 1388 3745 juraret
1415 3676 1689 3744 majorem,
1722 3691 1812 3743 per
1844 3684 2056 3729 memet-

490 3771 654 3836 ipsum
684 3770 831 3838 jnro,
862 3769 987 3820 dicit
1019 3766 1297 3822 Dominus.
1349 3768 1464 3822 Non
1511 3769 1651 3837 quod
1690 3768 1852 3822 Deum
1895 3767 2058 3836 iuris-

484 3860 698 3931 jurandi
729 3860 1025 3913 necessitas
1066 3867 1302 3929 urgeret.
1345 3859 1478 3925 Quis
1507 3860 1650 3913 enim
1682 3859 1749 3913 ab
1777 3874 1841 3915 eo
1868 3858 2055 3930 exige-

492 3959 573 4004 ret
605 3949 1044 4003 sacramentum?
1082 3948 1187 4003 Sed
1221 3950 1359 4004 sicut
1392 3950 1777 4019 interpretatus
1809 3960 1893 4006 est
1926 3965 2059 4020 apo-

490 4044 661 4095 stolus
700 4041 920 4106 Paulus,
953 4057 1059 4109 quo
1105 4057 1204 4111 per
1240 4043 1339 4097 boc
1371 4042 1801 4098 immobilitatem
1841 4042 2056 4099 consilii

490 4133 575 4189 sui
600 4132 903 4188 cultorilms
939 4132 1266 4202 designaret.
1299 4134 1389 4188 Sic
1432 4143 1487 4189 et
1518 4134 1642 4190 alibi
1684 4150 1780 4204 per
1817 4136 2057 4205 Prophe-

489 4237 598 4281 tam
634 4227 826 4281 dicitur
845 4225 892 4257 ⁸³
918 4245 931 4280 :
958 4226 1169 4279 Iuravit
1200 4226 1478 4293 Dominus,
1507 4246 1598 4282 nec
1621 4229 1885 4296 pwnitebit
1914 4245 2053 4295 eum,

490 4327 545 4377 tu
570 4336 623 4373 es
652 4320 896 4373 sacerdos
935 4321 990 4372 in
1042 4330 1291 4374 aeternum
1326 4324 1606 4376 secundum
1651 4324 1888 4376 ordinem
1922 4322 2055 4376 Mel-

2222 1834 2277 1887 2.
2319 1835 2425 1891 Sed
2455 1838 2738 1894 redeamus
2775 1854 2920 1894 nunc
2949 1840 3015 1893 ad
3048 1839 3438 1908 nosmetipsos,
3462 1847 3517 1893 et
3543 1852 3722 1892 mora-

2154 1924 2258 1981 lem
2279 1926 2456 1981 locum
2489 1943 2584 1997 per
2601 1929 2844 1999 singulos
2866 1943 3108 1999 quosque
3141 1939 3454 1985 tractemus.
3485 1930 3721 1998 Aposm-

2154 2017 2237 2072 ius
2255 2019 2401 2080 dicit.
2420 2019 2560 2074 sicut
2576 2019 2687 2088 jam
2711 2022 2963 2091 superius
2984 2022 3402 2076 memoravimus
3416 2021 3464 2053 ⁸⁸
3483 2019 3719 2074 :Primus

2153 2113 2304 2165 homo
2328 2114 2390 2166 de
2415 2123 2555 2167 terra
2586 2129 2844 2174 terrenus,
2875 2113 3134 2166 secundus
3154 2114 3308 2166 homo
3338 2115 3402 2166 de
3426 2113 3553 2168 cwlo
3571 2114 3721 2167 cale-

2152 2204 2266 2257 stis.
2304 2202 2488 2268 Qualis
2520 2215 2775 2269 terrenus,
2806 2202 2936 2257 tales
2964 2213 3012 2257 et
3041 2204 3271 2270 terreni;
3300 2212 3348 2257 et
3372 2204 3542 2268 qualis
3564 2205 3717 2259 cale-

2152 2296 2269 2360 stis,
2300 2295 2428 2349 tales
2453 2306 2501 2350 et
2519 2296 2765 2352 caelestes.
2787 2295 2934 2351 Sicut
2958 2296 3278 2365 portavimus
3300 2297 3577 2366 imaginem
3611 2305 3720 2352 ter-

2152 2387 2284 2452 reni,
2303 2396 2564 2456 portemus
2589 2397 2641 2442 et
2658 2388 2934 2457 imaginem
2957 2387 3193 2441 caelestis.
3210 2388 3371 2443 Vides
3386 2389 3512 2457 quid
3534 2399 3719 2444 osten-

2154 2479 2248 2545 dit,
2266 2479 2414 2547 quia,
2441 2480 2485 2534 si
2504 2482 2869 2549 permanseris
2890 2483 2940 2536 in
2958 2497 3022 2536 eo
3039 2484 3179 2552 quod
3202 2485 3429 2551 primum
3445 2492 3546 2549 est,
3570 2485 3714 2552 quod

2152 2569 2218 2622 de
2257 2578 2400 2623 terra
2429 2578 2536 2634 est,
2573 2571 2970 2639 reprobaberis,
3003 2575 3107 2629 nisi
3166 2582 3219 2628 te
3250 2584 3569 2640 commutes,
3610 2576 3712 2631 nisi

2154 2673 2444 2715 conversus
2469 2660 2657 2727 fueris,
2677 2663 2775 2717 nisi
2795 2665 3031 2720 caelestis
3047 2665 3567 2737 etl‘ectusimaginem
3596 2682 3681 2722 eo:
3696 2697 3714 2710 -

2155 2749 2310 2806 lestis
2339 2754 2633 2822 acceperis.
2668 2752 2781 2810 Hoc
2809 2757 2951 2810 idem
3000 2767 3104 2823 est,
3138 2759 3279 2827 quod
3312 2759 3439 2813 alibi
3470 2759 3662 2814 dicit”
3698 2781 3711 2814 :

2153 2839 2422 2896 Ea‘uentes
2447 2842 2557 2917 (55)
2581 2861 2670 2898 vos
2697 2857 2910 2902 veterem
2936 2848 3195 2901 hominem
3212 2867 3329 2903 cum
3357 2851 3556 2904 actibus
3579 2852 3712 2915 suis,

2154 2942 2201 2987 et
2234 2934 2508 2990 induentes
2539 2952 2749 3004 novum,
2773 2941 2862 3008 qui
2884 2941 3168 2994 secundum
3192 2941 3359 2995 Deum
3384 2954 3591 2996 creatus
3616 2954 3712 2996 est.

2153 3022 2386 3092 ldipsum
2408 3034 2463 3079 et
2491 3025 2599 3079 alio
2624 3026 2742 3080 loco
2770 3027 2959 3082 scribit
2979 3031 3027 3063 ⁵⁸
3053 3045 3067 3083 :
3109 3028 3241 3081 Ecce
3279 3040 3453 3082 vetera
3495 3030 3717 3082 transie-

2159 3123 2305 3180 runt,
2347 3115 2493 3182 facta
2531 3126 2656 3170 sunt
2684 3118 2859 3171 omnia
2895 3133 3049 3173 nova.
3087 3119 3291 3175 Idcirco
3322 3136 3451 3189 ergo
3497 3121 3722 3190 promis-

2132 3200 2135 3201 ⁷
2160 3205 2340 3260 siones
2375 3221 2503 3261 suas
2532 3221 2756 3262 renovat
2785 3208 2945 3275 Deus,
2976 3220 3034 3264 ut
3058 3211 3309 3266 ostendat
3334 3213 3432 3265 tibi
3468 3211 3595 3281 quia
3620 3212 3717 3266 de-

2157 3298 2253 3351 bes
2278 3306 2334 3351 et
2358 3309 2414 3351 tu
2445 3300 2713 3354 renovari.
2751 3299 2865 3353 Non
2911 3312 3197 3368 permanet
3223 3301 3314 3357 ille
3337 3302 3392 3357 iu
3418 3303 3717 3365 veteribus,

2160 3402 2227 3442 ne
2255 3398 2309 3442 et
2334 3396 2388 3442 tu
2415 3400 2569 3443 vetus
2594 3391 2754 3444 homo
2785 3407 3124 3462 permaneas.
3148 3395 3221 3448 De
3246 3393 3385 3449 cmlo
3409 3394 3522 3448 ιιωο
3547 3393 3720 3462 loqui-

2161 3490 2265 3545 tur,
2300 3491 2360 3536 ut
2396 3492 2450 3536 ct
2488 3493 2540 3536 tu
2574 3483 2862 3553 imaginem
2886 3487 3123 3541 caelestis
3143 3487 3394 3556 accipias.
3426 3485 3558 3540 Nam
3590 3488 3721 3556 quid

2160 3572 2256 3626 tibi
2286 3575 2502 3640 prodest
2533 3574 2645 3645 (56)
2674 3577 2717 3629 si
2740 3577 2878 3632 Deus
2902 3578 3116 3632 innovet
3149 3578 3558 3647 promissiones,
3585 3589 3641 3634 et
3662 3588 3719 3634 tu

2160 3678 2267 3718 non
2308 3664 2620 3721 innoveris?
2656 3668 2700 3722 si
2750 3668 2838 3722 ille
2872 3670 2939 3724 de
2988 3670 3130 3726 etelo
3170 3671 3443 3739 loquatur,
3470 3682 3526 3726 et
3564 3682 3620 3726 tu
3649 3671 3718 3725 de

2159 3763 2305 3810 terra
2345 3756 2720 3824 audiasiQuid
2752 3759 2847 3812 tibi
2873 3759 3090 3828 prodest
3113 3761 3156 3815 si
3184 3760 3324 3817 Deus
3349 3762 3723 3830 sejuramemo

2159 3848 2505 3916 constringit,
2547 3858 2604 3903 et
2647 3858 2702 3903 tu
2746 3850 2860 3906 haec
2899 3855 3053 3921 quasi
3113 3869 3449 3909 communem
3493 3855 3722 3913 audiens

2160 3937 2397 3993 fabulam
2424 3941 2706 3995 transeas?
2735 3942 2917 4008 Quare
2944 3961 3049 4000 non
3075 3947 3390 4002 consideras
3418 3949 3568 4019 quod
3595 3964 3723 4019 pro-

2157 4039 2275 4098 pter
2302 4040 2353 4084 te
2383 4030 2522 4085 Deus
2548 4030 2711 4085 etiam
2736 4048 2798 4086 ea
2826 4047 2949 4102 quin
2967 4044 3175 4090 natura:
3204 4050 3314 4090 sua:
3348 4046 3470 4105 apta
3503 4038 3725 4093 minime

2156 4123 2434 4188 videntur,
2478 4123 2862 4192 amplecﬁtur?
2896 4123 3090 4180 Jurare
3129 4126 3326 4181 dicitur
3367 4127 3529 4193 Deus,
3565 4138 3624 4183 ut
3665 4137 3723 4183 tu

2159 4215 2386 4269 audiens
2416 4229 2612 4283 paveas
2641 4223 2698 4269 et
2735 4214 3100 4283 intremiscas,
3127 4226 3181 4271 et
3212 4229 3360 4273 metu
3402 4230 3722 4275 consterna-

2160 4314 2248 4360 tus
2285 4304 2554 4375 inquiras,
2589 4305 2718 4373 quid
2758 4306 2885 4361 illud
2932 4314 3143 4361 tantum
3191 4318 3275 4362 est
3315 4322 3410 4378 pro
3442 4324 3550 4380 quo
3582 4311 3725 4367 Deus

487 4409 777 4463 chisedeclt.
813 4409 922 4480 85
957 4408 1108 4464 Tunc
1132 4409 1398 4465 deindein
1427 4413 1598 4479 prima
1637 4413 2055 4482 repromissione

2157 4400 2346 4468 jurare
2372 4398 2576 4453 dicitur
2609 4398 2744 4468 (57).
2777 4396 2936 4453 Fiunt
2964 4414 3097 4470 ergo
3135 4400 3271 4467 haec,
3300 4413 3360 4455 ut
3395 4412 3446 4456 tu
3485 4412 3724 4458 attentus

489 4517 596 4555 non
624 4502 786 4557 habet
812 4503 1037 4570 positam
1069 4518 1290 4557 causam
1320 4520 1418 4559 cur
1468 4505 1593 4558 data
1651 4507 1722 4559 sit
1766 4507 2058 4576 repromis-

489 4593 593 4656 sio.
625 4594 731 4647 nisi
761 4604 963 4647 tantum
998 4594 1138 4663 quod
1167 4594 1352 4650 eduxit
1379 4609 1501 4649 eum
1534 4595 1700 4660 foras,
1729 4609 1777 4650 et
1809 4598 2053 4663 ostendit,

490 4685 688 4755 inquit,
724 4687 772 4740 ei
804 4687 979 4740 stellas
1010 4687 1148 4751 cwli,
1178 4697 1225 4741 et
1262 4689 1417 4751 dixit,
1440 4688 1532 4744 Sic
1559 4689 1657 4741 erit
1683 4705 1853 4744 semen
1883 4701 2051 4743 tuum.

489 4777 647 4833 Nunc
696 4795 824 4834 vero
872 4779 1021 4833 addit
1063 4795 1280 4835 causam
1310 4789 1530 4850 propter
1555 4795 1713 4848 quam
1748 4780 2055 4848 iuramento

489 4871 780 4926 conﬁrmat
831 4872 1245 4942 promissionem
1312 4871 1522 4926 ﬁrmam
1594 4872 1852 4928 futuram.
1919 4873 2057 4926 Dicit

490 4964 673 5018 enim:
716 4963 856 5029 Quia
907 4965 1080 5034 fecisti
1125 4967 1335 5021 verbum
1375 4967 1492 5031 hoc,
1537 4975 1584 5018 et
1642 4980 1745 5017 non
1786 4962 2063 5035 pepercisti

588 5105 632 5136 ⁸ο
665 5104 859 5160 Gencs.
895 5122 985 5171 xv,
1016 5105 1065 5160 5.
1156 5108 1199 5137 ’τί
1236 5107 1250 5160 Ι
1302 5107 1425 5160 Cur.
1459 5121 1549 5169 xv,
1583 5104 1672 5157 47.

562 5345 672 5417 (59.)
713 5345 884 5408 Alias,
918 5354 1201 5417 retractare
1233 5355 1280 5417 et
1314 5347 1487 5417 minus
1528 5342 1902 5417 necessarium,
1931 5355 2060 5394 mss.

491 5414 854 5468 utin'nostro
904 5424 1075 5469 textu.
1125 5414 1290 5469 Paulo
1346 5416 1483 5467 infra
1528 5414 1687 5465 iidem
1741 5427 1895 5473 tt:ss.,
1959 5427 2065 5463 una

484 5486 745 5567 sufﬁceret
783 5486 1139 5556 repromissio.
1180 5486 1352 5551 Alias,
1400 5501 1506 5538 una
1557 5482 1833 5551 suffecerat
1890 5496 2076 5548 repro-

493 5572 695 5694 "aliis?
714 5623 880 5688 Alias,
905 5624 1305 5693 pollicitationes
1336 5623 1630 5678 hteredibus
1670 5638 1761 5694 per
1789 5620 2068 5694 immobili-

493 5691 671 5762 tatem,
701 5705 752 5752 et
777 5691 937 5764 paulo
956 5695 1120 5761 infra,
1146 5712 1237 5765 per
1264 5696 1515 5766 majorem
1542 5710 1693 5750 suum
1715 5692 1926 5763 jurant.
1960 5691 2065 5747 Sed

1730 5076 1741 5087 ἱ
1797 5104 1847 5136 ⁸³
1875 5103 2033 5157 llebr.
2063 5120 2137 5167 vi,
2169 5102 2254 5167 15,
2285 5101 2370 5153 17.

488 5173 537 5210 ⁸⁸
562 5175 773 5232 Coluss.
802 5192 884 5241 tu,
912 5177 966 5231 9.
1040 5175 1147 5230 "ll
1177 5178 1298 5232 Cor.
1340 5192 1389 5243 v,
1428 5178 1514 5230 17.
1586 5174 1629 5205 ⁸⁷
1665 5172 1839 5228 Gulat.
1875 5191 1955 5239 ιιι,
1992 5174 2078 5228 10.

2162 4502 2219 4546 ct
2255 4490 2524 4545 sollicitus
2576 4491 2694 4554 ﬁas,
2732 4500 2787 4544 et
2832 4492 3056 4546 audiens
3101 4491 3192 4547 tibi
3246 4494 3720 4563 repromissionem

2163 4585 2342 4655 parari
2385 4584 2439 4635 in
2480 4582 2654 4649 cmlis,
2686 4583 2878 4652 vigiles
2915 4592 2972 4637 et
3020 4586 3267 4653 requiras
3291 4594 3556 4654 quatenus
3580 4586 3722 4641 divi-

2164 4677 2248 4730 nis
2293 4674 2744 4744 promissionibus
2793 4675 2987 4744 dignus
3038 4677 3295 4730 essistas.
3342 4674 3723 4732 Verumtamen

2163 4769 2312 4824 hunc
2344 4769 2521 4823 locum
2566 4778 2618 4823 et
2665 4768 2954 4836 Apostolus
3004 4770 3411 4840 interpretatur,
3444 4772 3631 4825 dicens
3652 4770 3723 4837 ⁸⁷,

2166 4861 2291 4930 quia
2311 4860 2538 4913 Abralue
2560 4862 2800 4928 promisit
2825 4860 2988 4925 Deus,
3012 4873 3059 4914 et
3082 4863 3268 4916 semini
3290 4863 3441 4932 ejus:
3462 4879 3567 4916 non
3591 4862 3728 4917 dixit

2169 4966 2214 5007 et
2250 4953 2532 5008 seminibus
2559 4955 2713 5022 quasi
2746 4954 2799 5006 in
2830 4953 3029 5021 multis,
3060 4955 3149 5008 sed
3169 4966 3419 5024 tanquam
3442 4956 3500 5010 in
3524 4971 3651 5023 uno,
3673 4967 3723 5010 et

2479 5100 2525 5131 ⁸³
2552 5097 2695 5151 Psal.
2728 5113 2816 5160 cx,
2840 5097 2893 5150 4.
3001 5095 3049 5126 ⁸⁸
3081 5094 3098 5147 l
3129 5096 3251 5151 Cor.
3282 5111 3371 5161 xv,
3392 5095 3481 5160 47,
3515 5095 3605 5162 48,
3634 5094 3719 5150 49.

2163 5353 2292 5392 mss.
2317 5346 2375 5389 ut
2405 5336 2458 5389 in
2498 5343 2683 5389 nostro
2707 5342 2876 5388 textu.
2910 5330 3053 5385 Infra
3085 5331 3247 5385 iidem
3283 5344 3436 5393 mss..
3465 5330 3568 5383 nisi
3603 5339 3726 5383 tan-

2166 5423 2271 5461 tum
2298 5408 2436 5477 quod
2462 5407 2639 5460 eduxit
2672 5420 2787 5477 eum
2811 5403 2978 5477 (oras.
3007 5401 3064 5453 lu
3094 5401 3257 5477 editis
3283 5401 3435 5457 deest
3461 5415 3566 5455 vos
3599 5402 3724 5458 nisi.

2234 5472 2344 5548 (5/3)
2377 5477 2547 5548 Alias,
2579 5476 2779 5527 scribit.
2813 5472 2966 5548 Mss_.,
3001 5472 3226 5548 scripsit.

2385 5545 2513 5618 Mss.
2547 5555 2825 5618 exuentes.‘
2846 5543 3017 5618 Alias,
3041 5542 3234 5618 eruite.

2234 5613 2348 5684 (56)
2383 5616 2552 5680 Alias,
2592 5613 2825 5681 nuuquid
2855 5613 2947 5666 tibi
2976 5615 3208 5681 prodest.

2234 5688 2346 5760 (57)
2382 5687 2553 5753 Alias,
2585 5686 2809 5738 dicatur.
