4050 6142
317 270 418 327 illi

1500 264 1566 320 IN
1592 258 1889 320 GENESIM
1925 252 2211 312 HOMILIA
2244 252 2334 309 lx.

3438 244 3546 302 εει

320 389 494 445 εωἰή
528 397 639 455 tuo,
668 391 761 456 qui
798 397 879 443 est
918 386 1183 443 Christus.
1228 385 1306 441 De
1353 384 1572 441 Christo
1599 396 1729 452 ergo
1756 378 1891 436 dici-
1915 380 1967 440 Α
1995 391 2087 428 nos
2118 383 2307 439 terraa;
2339 368 2612 440 depellens
2642 368 2789 438 ipsos
2829 363 3051 456 angelos
3084 367 3348 456 potestate
3375 367 3432 414 et
3456 360 3553 412 do—

323 480 461 535 tur"
510 496 526 535 :
573 478 949 546 Huitiplicans
1001 478 1356 547 multiplicabo
1407 493 1578 532 semen
1623 484 1793 536 tuum,
1835 478 1886 525 et

320 572 414 626 erit
444 570 561 641 (68)
592 571 723 625 sicut
762 571 936 625 stellte
985 571 1098 626 cteli
1154 572 1212 625 in
1259 567 1620 634 multitudine,
1650 575 1700 620 et
1752 566 1886 619 sicut

320 679 477 717 arena
496 679 617 732 quc
640 672 719 717 est
746 663 817 716 ad
843 679 994 719 orant
1017 664 1203 718 maris.
1243 662 1377 730 Quis
1403 661 1515 730 jam
1549 658 1889 730 expositione

321 755 543 826 indiget,
578 763 639 810 ut
663 755 797 811 sciat
826 769 1010 811 semen
1041 754 1242 809 Christi
1263 754 1533 823 quomodo
1566 751 1890 822 multiplice-

323 857 425 912 tur,
448 845 542 915 qui
570 845 718 900 videt
760 860 791 899 a
842 845 1043 900 ﬁnibus
1070 854 1232 900 terra:
1265 859 1438 914 usque
1463 843 1530 899 ad
1565 842 1700 898 ﬁnes
1728 852 1887 895 terra:

321 946 671 1009 propagatam
719 937 1158 1007 pmdicationem
1221 936 1522 1005 Evangelii.
1572 943 1629 990 et
1683 932 1886 989 nullum

322 1042 457 1097 pene
479 1042 605 1082 esse
626 1026 741 1097 jam
777 1027 954 1083 locum
987 1028 1077 1096 qui
1109 1042 1218 1083 non
1245 1041 1429 1082 semen
1459 1025 1607 1081 verbi
1636 1037 1890 1093 suscepe-

324 1118 424 1173 rit?
457 1118 572 1173 Hoc
602 1133 834 1187 namque
880 1129 936 1173 et
975 1119 1027 1172 in
1069 1118 1244 1172 initiis
1282 1117 1471 1172 mundi
1505 1115 1889 1186 praeﬁguraba-

322 1218 430 1273 tur,
465 1222 591 1262 cum
634 1207 920 1262 diceretur
963 1207 1092 1261 Adae
1112 1206 1158 1238 ⁸³
1186 1224 1202 1262 :
1228 1205 1455 1260 Crescite
1494 1215 1541 1259 et
1574 1203 1888 1270 multiplica-

320 1300 467 1352 mini.
494 1298 654 1366 Quod
694 1308 747 1353 et
788 1299 963 1367 ipsum
996 1299 1127 1354 dicit
1166 1297 1457 1366 Apostolus
1477 1298 1544 1363 *°,
1583 1299 1637 1352 in
1668 1296 1890 1353 Christo

322 1388 422 1442 dici
450 1398 506 1443 et
534 1389 592 1441 in
626 1388 889 1444 Ecclesia.
919 1388 1073 1456 Quod
1111 1401 1299 1444 autem
1333 1390 1508 1444 dixit:
1540 1388 1692 1444 Sicut
1721 1388 1890 1442 stella:

322 1480 433 1533 caeli
464 1481 520 1533 in
553 1481 915 1545 multitudine,
948 1492 1004 1536 et
1035 1482 1254 1551 adjecit,
1300 1483 1437 1536 sicut
1477 1497 1638 1535 arena
1669 1496 1784 1551 quat
1812 1489 1890 1534 est

322 1572 387 1623 ad
414 1587 565 1624 oram
616 1574 781 1626 maris
816 1573 1250 1638 innumerabilis,
1291 1573 1523 1628 fortasse
1552 1572 1768 1642 quidem
1802 1571 1890 1627 di-

322 1670 404 1714 cat
430 1660 630 1729 aliquis
669 1663 908 1719 ctelestis
953 1663 1162 1719 numeri
1192 1664 1420 1735 ﬁguram
1449 1664 1888 1719 Christianorum

324 1751 540 1820 populo,
574 1768 759 1809 arenae
788 1757 952 1811 maris
981 1755 1208 1811 Judaico
1234 1757 1548 1812 convenire.
1567 1756 1675 1826 Ego
1705 1765 1886 1811 tamen

325 1841 421 1897 hoc
449 1844 626 1914 magis
675 1855 806 1913 puto
843 1848 988 1915 quod
1028 1857 1320 1917 utrumque
1342 1848 1648 1917 exemplum
1677 1847 1892 1916 utrique

322 1934 512 2003 popqu
543 1937 716 2003 possit
744 1939 943 2007 aptari.
975 1937 1111 1994 Nam
1139 1951 1195 1995 et
1237 1940 1289 1993 in
1325 1940 1416 1993 illo
1447 1939 1642 2009 populo
1674 1939 1895 1994 luerunt

324 2026 467 2080 multi
501 2026 637 2096 justi
670 2037 726 2084 et
755 2032 1051 2099 prophetat,
1078 2033 1279 2101 quibus
1310 2033 1465 2087 stella
1478 2048 1594 2086 rum
1623 2032 1747 2086 caeli
1775 2046 1890 2086 tne-

323 2118 425 2173 rito
471 2132 829 2190 cotnparatur
866 2124 1174 2194 exemplum
1220 2137 1322 2181 :et
1354 2127 1405 2179 in
1463 2134 1651 2181 nostro
1694 2126 1892 2194 p0pulo

319 2219 439 2264 sunt
469 2213 626 2267 multi
656 2214 747 2282 qui
782 2223 1001 2270 terrena
1025 2217 1268 2286 sapiunt,
1299 2227 1357 2272 et
1383 2233 1616 2286 quorum
1663 2217 1891 2271 stultitia

319 2306 538 2371 gravior
567 2315 655 2361 est
679 2321 846 2361 arena
873 2307 1068 2375 maris;
1098 2310 1152 2361 in
1179 2308 1380 2377 quibus
1415 2311 1687 2379 praecipue
1719 2311 1893 2364 haere-

314 2398 551 2452 ticorum
598 2401 791 2455 turbas
837 2400 1076 2456 arbitror
1131 2402 1488 2469 deputandas.
1538 2402 1645 2457 Sed
1683 2417 1750 2457 ne
1793 2417 1893 2458 nos

313 2488 531 2556 quidem
576 2490 759 2545 securi
805 2492 1010 2557 simus;
1075 2493 1248 2548 donec
1303 2495 1447 2549 enim
1483 2498 1604 2565 quis
1645 2505 1890 2551 nostrum

312 2594 423 2633 non
451 2581 672 2649 deponit
706 2582 993 2653 imaginem
1040 2588 1268 2651 terreni,
1297 2596 1350 2641 et
1381 2587 1554 2642 induit
1592 2589 1882 2657 imaginem

312 2671 580 2738 celestis,
637 2676 870 2731 terrenis
907 2691 1256 2746 comparatur
1301 2681 1586 2750 exemplis.
1639 2681 1795 2737 Unde
1838 2694 1892 2738 et

311 2766 607 2834 Apostolus
631 2781 695 2820 ex
718 2768 824 2835 his,
859 2778 919 2823 ut
951 2771 1164 2838 opinor,
1201 2781 1380 2826 motus
1413 2773 1464 2826 in
1484 2772 1805 2828 ctelestibus
1835 2783 1893 2829 et

314 2859 683 2914 terrestribus
714 2862 1036 2929 corporibus
1071 2865 1490 2919 resurrectionis
1523 2864 1724 2920 format
1754 2867 1892 2920 ima-

312 2948 520 3016 ginem,
575 2949 825 3004 dicens“
858 2952 1021 3006 :Alia
1078 2955 1287 3024 quidem
1335 2955 1624 3010 caelestium
1687 2957 1885 3026 gloria,

312 3038 423 3091 alia
451 3050 632 3092 autem
676 3042 1020 3096 terrestrium.
1048 3042 1115 3096 Et
1139 3044 1291 3099 stella
1329 3046 1395 3099 ab
1436 3047 1587 3099 stella
1632 3048 1809 3116 di/fert
1834 3049 1889 3100 in
1916 3071 1961 3129 ο

312 3130 581 3196 claritate,
614 3133 692 3185 ita
736 3134 836 3186 erit
877 3145 924 3187 et
969 3137 1283 3195 resurrectio
1324 3147 1675 3191 mortuorum.
1705 3138 1811 3194 Sed
1837 3149 1892 3194 et

315 3223 583 3278 Dominus
615 3239 740 3278 cum
773 3225 907 3279 dicit
927 3227 971 3258 ⁹²
1000 3244 1014 3281 z
1044 3226 1133 3280 Ita
1179 3228 1350 3282 luceat
1390 3229 1484 3282 lus,
1514 3239 1682 3283 vestra
1713 3245 1892 3283 corum

315 3316 642 3379 hominibus,
675 3327 729 3370 ut
777 3320 1007 3373 videntes
1054 3319 1291 3375 homines
1336 3338 1494 3391 opera
1540 3332 1708 3375 vestra
1754 3324 1890 3377 bona

315 3405 619 3473 gloriﬁcent
677 3404 893 3483 Patrem
944 3424 1173 3464 vestrum
1224 3413 1313 3480 qui
1375 3414 1430 3465 in
1479 3412 1622 3467 caelis
1668 3414 1892 3478 est,hoc

318 3494 460 3551 idem
491 3508 806 3553 commonet
823 3515 949 3554 eum
975 3502 1066 3571 qui
1099 3504 1246 3557 novit
1271 3505 1477 3560 audire.

391 3590 445 3644 5.
477 3588 633 3656 Quod
668 3601 846 3646 autem
879 3591 1128 3650 Christus
1172 3610 1357 3651 semen
1399 3598 1632 3655 Abrahae
1659 3611 1713 3656 et
1746 3602 1891 3658 ﬁlius

319 3680 553 3735 Abrahae
576 3681 671 3744 sit,
701 3683 748 3735 si
792 3682 874 3736 vis
912 3683 1219 3738 evidentius
1266 3686 1564 3756 Scriptum
1595 3692 1777 3747 verbis
1803 3693 1888 3747 di-

321 3786 494 3838 scere,
528 3772 655 3826 audi
700 3772 971 3841 quomodo
1011 3774 1062 3828 in
1124 3776 1417 3845 Evangelio
1457 3780 1718 3847 scriptum
1761 3793 1886 3837 est:

319 3859 496 3925 Liber,
530 3862 785 3931 inquit”,
815 3866 1163 3934 generationis
1181 3868 1309 3923 .Iestt
1336 3868 1534 3924 Christi
1563 3871 1663 3939 ﬁlii
1697 3873 1884 3940 Dauid,

318 3950 420 4016 ﬁlii
448 3951 740 4007 Abraham.
775 3952 830 4008 lu
866 3955 970 4010 hoc
1003 3971 1134 4026 ergo
1163 3960 1470 4028 completur
1504 3971 1556 4016 et
1589 3963 1678 4018 ille
1710 3979 1888 4019 sermo

319 4058 481 4111 quem
514 4044 646 4099 dicit
670 4045 717 4077 9"
743 4063 759 4100 :
788 4044 1114 4102 Hcereditate
1151 4052 1316 4117 capiet
1338 4070 1512 4107 semen
1536 4064 1683 4109 tuum
1705 4057 1890 4110 civita-

318 4142 393 4185 tes
412 4134 865 4189 adversariorum.
894 4138 1175 4202 Quomodo
1209 4142 1525 4198 haereditate
1564 4146 1708 4215 cepit
1731 4147 1890 4202 Chri-

319 4236 440 4280 ειυς
490 4226 746 4283 civitates
788 4229 1261 4287 adversariorum?
1295 4233 1400 4288 Per
1444 4237 1545 4290 hoc
1578 4239 1696 4292 sine
1725 4240 1888 4296 dubio

318 4319 461 4386 quod
489 4319 545 4373 in
567 4336 768 4374 omnem
787 4332 979 4376 terram
1016 4325 1145 4378 exiit
1180 4342 1340 4381 sonus
1367 4330 1729 4396 apostolorum
1744 4332 1812 4399 ",
1839 4343 1886 4386 et

1994 466 2313 529 minatione,
2345 459 2504 533 quam
2535 458 2810 515 habebant
2850 456 2903 511 in
2942 453 3269 517 nationibus,
3293 464 3555 522 provoca-

1990 555 2066 609 vit
2094 570 2188 610 eos
2208 556 2275 609 ad
2299 552 2660 609 iracundiam.
2695 550 2761 604 Et
2790 547 2992 603 idcirco
3033 546 3242 610 dicit”,
3273 545 3397 614 quia
3426 542 3559 597 esti-

1989 655 2160 700 terunt
2185 661 2326 714 reges
2352 654 2525 711 terraz,
2551 653 2601 697 et
2620 643 2878 713 principes
2912 644 3259 695 convenerunt
3289 639 3343 689 in
3368 648 3553 698 unum,

1990 737 2243 791 adversus
2268 735 2573 800 Dominum,
2597 744 2643 788 et
2658 735 2906 788 adversus
2922 730 3186 785 Christum
3200 728 3337 797 ejus.
3355 725 3419 779 Et
3435 725 3554 778 ideo

1990 829 2349 883 adversantur
2375 829 2539 882 etiam
2574 826 2751 890 nobis,
2785 836 2947 894 atque
2965 836 3164 893 agones
3181 829 3365 884 contra
3389 831 3485 871 nos
3501 825 3556 868 et

1988 922 2289 975 certamina
2313 919 2608 975 concitant.
2636 917 2772 971 Hinc
2788 925 2841 970 et
2860 914 3151 985 Apostolus
3171 911 3372 966 Christi
3403 926 3417 963 :
3443 907 3553 961 Lu-

1989 1019 2193 1065 ctamen
2222 1020 2319 1076 est,
2344 1009 2578 1078 inquit‘,
2610 1006 2755 1061 nobis
2807 1022 2911 1060 non
2966 1004 3241 1058 adversum
3272 1014 3480 1054 carnem
3503 1005 3555 1052 et

1989 1101 2321 1170 sanguinem,
2346 1101 2437 1154 sed
2460 1100 2738 1153 adversum
2767 1098 3093 1167 principatus
3121 1105 3165 1147 et
3184 1099 3484 1161 potestates,
3505 1098 3557 1144 et

1990 1191 2175 1245 mundi
2199 1190 2356 1260 hujus
2381 1200 2625 1244 rectores.
2644 1189 2939 1259 Propterea
2961 1202 3090 1256 ergo
3110 1184 3431 1256 vigilandum
3455 1197 3557 1237 no-

1991 1285 2073 1339 bis
2091 1295 2195 1349 est,
2229 1295 2282 1339 et
2299 1284 2531 1341 sollicite
2547 1285 2835 1355 agendum,
2861 1284 2984 1354 quia
3002 1278 3335 1333 adversarius
3359 1286 3554 1342 noster,

1989 1378 2125 1432 sicut
2161 1379 2240 1432 leo
2269 1379 2496 1448 rugiens,
2528 1378 2737 1441 circuit,
2762 1391 2999 1446 quwrens
3029 1390 3178 1445 quem
3208 1370 3553 1426 transvorct’.

1990 1470 2089 1525 Cui
2109 1468 2590 1524 nisirestiterimus
2619 1468 2780 1537 fortes
2808 1469 2863 1520 in
2887 1465 3010 1534 ﬁde,
3040 1481 3251 1520 rursum
3270 1476 3369 1515 nos
3392 1460 3444 1514 in
3469 1474 3558 1514 ca-

1991 1565 2291 1634 ptivitatem
2330 1563 2625 1619 revocabit.
2673 1561 2825 1629 Quod
2856 1561 2901 1615 si
2942 1559 3346 1623 nobiseveniat,
3378 1555 3556 1627 ingra-

1995 1665 2104 1710 tum
2138 1655 2401 1710 faciemus
2428 1671 2562 1726 opus
2580 1654 2719 1724 ejus,
2751 1655 2842 1724 qui
2867 1654 3011 1710 cruci
3042 1667 3152 1708 sua:
3166 1649 3553 1722 allixitprinci-

1991 1759 2150 1820 palus
2178 1760 2228 1804 et
2258 1748 2614 1819 potestates',
2647 1762 2766 1801 cum
2799 1747 2989 1801 ﬁducia
3024 1745 3356 1816 triumphans
3380 1759 3475 1799 eos
3499 1746 3554 1798 in

1991 1842 2366 1910 semetipsum,
2398 1850 2452 1895 et
2483 1840 2572 1909 qui
2605 1839 2751 1893 venit
2792 1840 3034 1909 captivos
3077 1838 3353 1892 dimittere
3382 1838 3434 1891 in
3467 1850 3556 1891 re-

1992 1932 2356 1988 missionem‘.
2407 1931 2546 1999 Quin
2578 1933 2761 2003 potius
2792 1931 2949 1987 ﬁdem
2999 1931 3201 1986 Christi
3242 1938 3552 2000 sequentes,

1993 2027 2084 2095 qui
2116 2026 2467 2094 triumphavit
2503 2040 2623 2091 eos,
2653 2027 3056 2095 disrumpamus
3103 2024 3311 2079 vincula
3345 2038 3554 2088 eorum,

1994 2116 2188 2185 quibus
2222 2131 2319 2171 nos
2348 2115 2711 2171 devinxerunt
2737 2117 2993 2187 potestati
3022 2131 3152 2171 suae.
3182 2115 3396 2170 Vincula
3425 2130 3555 2170 vero

1992 2208 2194 2280 quibus
2227 2223 2326 2263 nos
2365 2209 2768 2280 constringunt,
2810 2210 3090 2278 passiones
3123 2217 3178 2262 et
3203 2208 3335 2261 vitia
3372 2218 3554 2263 nostra

1990 2308 2137 2365 sunt,
2173 2299 2371 2369 quibus
2396 2300 2578 2354 tandiu
2618 2301 2962 2361 innectitnur,
3000 2300 3173 2354 donec
3200 2314 3419 2354 carnem
3457 2314 3555 2353 no-

1992 2401 2159 2446 stram
2182 2391 2565 2462 cruciﬁgamus
2595 2406 2718 2447 cum
2746 2392 2889 2446 vitiis
2914 2403 2966 2446 et
2999 2391 3478 2460 concupiscentiis,
3498 2402 3554 2445 et

1992 2483 2067 2537 ita
2096 2485 2309 2538 demum
2338 2485 2727 2553 disrumpamus
2764 2483 2969 2538 vincula
2995 2499 3198 2550 eorum,
3226 2493 3273 2537 et
3303 2482 3556 2550 proiicia—

1991 2593 2105 2629 mus
2135 2593 2167 2629 a
2200 2576 2344 2629 nobis
2383 2574 2573 2645 jugum
2630 2578 2861 2645 ipsorum
2886 2577 2927 2630 ⁵.
2964 2574 3130 2647 Igitur
3157 2575 3440 2644 occupavit
3470 2587 3558 2629 se-

1993 2680 2115 2719 men
2161 2665 2390 2719 Abrabre
2418 2663 2665 2718 civitates
2690 2665 3153 2727 adversariorum,
3178 2663 3230 2717 id
3261 2671 3345 2716 est
3366 2675 3552 2716 semen

1994 2757 2167 2821 verbi,
2199 2757 2344 2826 quod
2392 2766 2473 2811 est
2504 2757 2815 2825 praedicatio
2844 2756 3127 2826 Evangelii
3153 2763 3207 2810 et
3232 2755 3362 2809 ﬁdes
3392 2753 3554 2809 Chri-

1994 2855 2085 2908 sti.
2121 2851 2226 2907 Sed
2260 2851 2381 2905 dico
2411 2867 2425 2902 :
2461 2848 2713 2920 Nunquid
2748 2850 3034 2918 iniquitate
3080 2863 3208 2904 usus
3248 2857 3332 2904 est
3369 2848 3552 2902 Domi-

1992 2957 2114 3008 nus,
2144 2950 2201 2995 ut
2223 2941 2456 3010 eriperet
2483 2952 2668 3010 gentes
2696 2941 2761 2995 de
2792 2948 3060 3009 potestate
3084 2938 3549 3001 adversariorum,

1994 3043 2048 3089 et
2079 3034 2146 3089 ad
2174 3033 2332 3088 ﬁdem
2365 3046 2522 3086 suam
2561 3031 2924 3100 ditionemque
2957 3041 3237 3085 revocaret
3261 3027 3410 3101 (60)?
3445 3027 3551 3082 Ne-

1994 3143 2288 3198 quaquam.
2320 3127 2450 3181 Erat
2473 3126 2617 3181 enim
2645 3124 2935 3193 aliquando
2967 3140 3092 3193 pars
3128 3123 3335 3177 Domini
3365 3122 3553 3186 Israel,

1992 3223 2085 3275 sed
2117 3219 2194 3273 illi
2222 3234 2450 3290 peccare
2488 3216 2735 3271 iecerunt
2774 3214 2938 3269 lsrael
2979 3229 3008 3267 a
3050 3213 3158 3269 Deo
3191 3228 3310 3281 suo,
3344 3222 3397 3269 et
3422 3228 3554 3282 pro-

1993 3321 2111 3382 pter
2139 3320 2358 3380 peccata
2389 3326 2484 3364 sua
2514 3309 2647 3362 dixit
2675 3307 2754 3361 eis
2787 3305 2965 3361 Deus‘
2998 3323 3012 3361 :
3044 3305 3178 3360 Ecce
3208 3305 3438 3375 peccatis
3462 3322 3551 3360 re~

1993 3404 2115 3458 stris
2167 3402 2415 3455 distracti
2468 3402 2613 3463 estis,
2650 3411 2697 3452 et
2747 3407 2961 3467 propter
3001 3407 3215 3467 peccata
3267 3407 3437 3451 vestra
3472 3397 3556 3450 di-

1991 3495 2153 3565 spersi
2197 3494 2320 3547 estis
2346 3494 2440 3546 sub
2476 3493 2715 3545 universo
2763 3490 2912 3544 caelo.
2949 3489 3055 3543 Sed
3101 3489 3295 3542 iterum
3321 3486 3452 3541 dicit
3484 3486 3553 3539 ad

1991 3587 2117 3643 eos"
2150 3586 2242 3640 :Si
2268 3586 2423 3655 fuerit
2460 3585 2716 3654 dispersio
2751 3595 2918 3637 vestra
2960 3582 3024 3635 ab
3072 3591 3301 3635 extremo
3324 3578 3439 3633 coeli
3467 3595 3559 3632 us-

1991 3696 2088 3750 que
2117 3679 2183 3732 ad
2207 3688 2493 3732 extremum
2515 3675 2647 3744 ejus,
2678 3673 2796 3726 inde
2819 3670 3138 3741 congregabo
3163 3685 3271 3736 vos,
3293 3669 3417 3722 dicit
3443 3665 3557 3721 Do-

1989 3768 2181 3821 minus.
2212 3766 2347 3833 Quia
2383 3781 2513 3835 ergo
2538 3763 2807 3833 principes
2845 3760 3004 3829 hujus
3032 3760 3214 3814 mundi
3244 3760 3556 3813 invaserant

1990 3874 2198 3932 partem
2226 3859 2463 3924 Domini,
2495 3870 2716 3911 necesse
2755 3854 2942 3909 habuit
2979 3863 3163 3923 pastor
3208 3851 3387 3905 bonus
3424 3848 3555 3903 reli-

1989 3956 2093 4009 ctis
2120 3953 2172 4006 in
2207 3950 2455 4020 supernis
2487 3948 2779 4016 nonaginta
2819 3956 2873 3999 et
2898 3960 3088 3999 novem
3122 3942 3456 3998 descendere
3487 3941 3554 3995 ad

1991 4055 2188 4109 terras,
2214 4053 2269 4098 et
2292 4058 2453 4096 unam
2477 4056 2631 4095 ovem
2666 4055 2784 4108 quac
2810 4040 3047 4107 perierat
3069 4050 3334 4105 quaerere,
3363 4034 3553 4088 inven-

1992 4147 2211 4206 tamqne
2236 4144 2292 4190 et
2322 4133 2566 4187 humeris
2606 4140 2898 4195 revectam,
2944 4131 3008 4184 ad
3052 4143 3348 4197 supernum
3376 4125 3556 4196 perfe-

1990 4228 2185 4285 ctionis
2221 4226 2362 4283 ovile
2412 4222 2728 4280 revocare“.
2759 4222 2864 4277 Sed
2917 4221 3042 4291 quid
3084 4219 3214 4275 mihi
3259 4219 3478 4288 prodest
3507 4217 3552 4270 si

1992 4335 2178 4377 semen
2227 4319 2457 4373 Abrahae
2488 4316 2580 4387 qui
2614 4324 2698 4370 est
2729 4315 2999 4377 Christus,
3030 4312 3348 4367 haereditate
3384 4312 3555 4380 possi-

316 4411 373 4465 ίπ
398 4412 578 4465 orbem
620 4423 776 4468 terra:
818 4416 970 4470 verba
994 4434 1176 4471 eorum
1198 4418 1266 4473 ⁸⁸.
1296 4418 1450 4476 Unde
1479 4430 1534 4476 et
1560 4424 1626 4478 ad
1662 4423 1884 4479 iracun-
1916 4405 1964 4465 D
1991 4413 2119 4468 deat
2158 4411 2408 4466 civitates
2452 4406 2912 4471 adversariorum,
2953 4413 3005 4459 et
3049 4418 3221 4459 meant
3272 4401 3547 4456 civitatem

316 4502 463 4557 diam
490 4505 717 4560 excitati
747 4517 873 4560 sunt
897 4508 1074 4578 angeli
1110 4494 1207 4577 illi,
1247 4512 1337 4581 qui
1373 4515 1614 4586 singulas
1640 4532 1886 4587 quasque

318 4598 568 4652 nationes
611 4599 713 4653 sub
746 4608 1012 4667 potestate
1057 4604 1367 4660 retinebant
1419 4606 1550 4679 (59).
1594 4609 1706 4680 86
1752 4608 1883 4664 Cum

313 4689 457 4743 enim
491 4689 743 4744 diuideret
783 4690 1035 4747 Eacelsus
1059 4707 1238 4764 gentes
1274 4700 1560 4752 secundum
1609 4718 1883 4757 numerum

315 4780 624 4849 angelorum
655 4781 773 4847 Dei,
809 4794 934 4837 tunc
954 4802 1078 4852 pars
1101 4786 1216 4856 ejus
1237 4788 1380 4855 facta
1408 4801 1481 4844 est
1507 4790 1695 4856 Jacob,
1726 4805 1773 4848 et
1795 4795 1884 4864 [u-

316 4874 522 4927 niculus
556 4874 885 4929 hereditatis
922 4877 1042 4945 ejus
1065 4876 1238 4932 Israel
1255 4880 1322 4934 "’.
1350 4880 1604 4938 Christus
1630 4886 1776 4939 enim
1813 4888 1878 4941 ad

317 4980 476 5033 quem
529 4966 742 5020 dixerat
770 4966 933 5021 Pater
952 4968 998 5000 ’⁸
1025 4987 1039 5023 :
1066 4969 1194 5024 Pete
1219 4989 1251 5023 a
1279 4987 1380 5039 me,
1404 4984 1451 5025 et
1470 4974 1605 5028 dabo
1636 4978 1730 5030 tibi
1752 4994 1879 5047 gen-

318 5065 392 5108 tes
417 5056 782 5110 Itazreditatem
828 5069 998 5122 tuam,
1032 5068 1080 5113 et
1109 5063 1489 5127 possessionem
1517 5052 1668 5119 tuam'
1697 5070 1879 5123 termi-

1991 4521 2099 4561 non
2131 4502 2444 4574 possideat?
2467 4501 2582 4556 siin
2615 4515 2732 4555 mea
2762 4499 3003 4562 civitate,
3039 4498 3139 4552 hoc
3166 4506 3248 4552 est
3284 4496 3336 4550 in
3373 4495 3554 4549 anima

1992 4614 2131 4665 mea,
2159 4611 2279 4666 quae
2306 4606 2390 4650 est
2407 4596 2601 4650 civitas
2629 4593 2793 4663 Regis
2815 4590 3017 4660 magni,
3048 4603 3221 4659 neque
3247 4588 3392 4657 leges
3407 4585 3546 4654 ejus,

1990 4706 2166 4760 neque
2201 4689 2444 4744 instituta
2473 4684 2793 4741 serventur?
2827 4684 2962 4750 Quid
2995 4682 3123 4737 mihi
3157 4682 3374 4750 prodest
3405 4680 3552 4748 quod

1991 4784 2302 4838 universum
2344 4781 2598 4835 mundum
2621 4779 2873 4848 subjecit,
2908 4786 2963 4829 et
3007 4775 3443 4830 adversariorum
3480 4773 3556 4828 ci-

1990 4878 2187 4933 vitates
2214 4877 2473 4946 possidet,
2522 4875 2566 4930 si
2606 4889 2713 4929 non
2755 4882 2809 4928 et
2850 4874 2905 4926 in
2940 4887 3023 4926 me
3048 4870 3392 4927 adversarios
3423 4884 3553 4923 suos

1986 4971 2191 5035 vincat,
2226 4968 2271 5022 si
2303 4983 2411 5021 non
2444 4970 2687 5023 destruat
2729 4964 2924 5035 legem,
2955 4981 3074 5035 qua:
3101 4973 3187 5020 est
3211 4965 3262 5019 in
3294 4964 3555 5020 membris

1989 5062 2123 5116 meis
2168 5074 2472 5131 repugnans
2511 5058 2613 5127 legi
2646 5057 2844 5112 mentis
2885 5072 3035 5118 meas.
3068 5066 3122 5112 et
3154 5056 3426 5126 captivum
3463 5071 3552 5110 me

383 5173 642 5251 iacenes.
665 5175 954 5251 xg||!_l7,_
973 5177 1017 5251 ᾗ
1034 5177 1234 5251 Genes.
1255 5196 1289 5244 t,
1312 5182 1401 5236 28.
1443 5182 1489 5213 ⁰⁰
1522 5182 1712 5249 Ephes.
1739 5199 1788 5251 V,
1814 5188 1884 5242 52

2019 5188 2036 5241 1
2069 5187 2192 5241 Cor.
2215 5199 2306 5246 xv,
2327 5182 2398 5238 40
2420 5189 2472 5235 et
2497 5195 2609 5250 seq.
2651 5179 2907 5251 "manu.
2932 5193 2983 5251 γ,
3021 5177 3109 5251 i6.
3141 5179 3195 5251 A”
3217 5178 3475 5251 hlatth._t,
3495 5179 3546 5251 t.

317 5242 359 5276 ⁸⁸
378 5243 747 5320 Genes._x_x_u,
784 5245 871 5300 l7.
894 5248 956 5320 A"
982 5248 1181 5320 Psaltn.
1218 5242 1365 5315 xvm,
1394 5251 1447 5305 5.
1484 5253 1531 5284 ’⁸
1560 5242 1715 5309 Rom.
1743 5242 1796 5320 ι’,
1823 5258 1889 5313 18

1990 5260 2014 5290 ’⁷
2044 5258 2195 5311 Deut.
2222 5242 2392 5318 xxx",
2412 5252 2469 5315 8,
2492 5256 2545 5305 9.
2572 5242 2591 5250 ’
2613 5251 2663 5283 ⁸⁸
2691 5249 2833 5305 Psal.
2856 5265 2915 5316 ll,
2937 5249 2993 5303 8.
3045 5250 3097 5320 9}
3121 5248 3248 5306 ibid.
3276 5250 3329 5304 2.
3369 5250 3384 5279 ¹
3409 5248 3549 5317 Eph.

318 5328 388 5381 Vt,
418 5315 502 5371 16.
540 5317 562 5347 ²
587 5315 606 5368 l
634 5314 782 5370 Petr.
805 5332 860 5383 v,
886 5317 941 5373 8.
1017 5318 1038 5349 ³
1059 5318 1266 5375 Coloss.
1303 5314 1362 5384 tt,
1396 5322 1482 5376 14.
1524 5326 1547 5353 ⁸
1575 5322 1708 5379 Luc.
1736 5314 1848 5394 xiv,
1880 5328 1966 5384 l9.
2008 5328 2030 5360 ⁸
2058 5326 2198 5381 Psal.
2233 5340 2289 5391 u,
2319 5314 2388 5379 5.—
2416 5322 2738 5377 ‘NehemJ.
2791 5320 2812 5351 ⁷
2847 5314 2980 5375 ibid.
3016 5319 3245 5376 l“Matth.
3274 5314 3546 5385 “111,12.

382 5458 495 5529 (58)
524 5455 703 5529 Editi,
718 5469 771 5529 et
796 5469 969 5513 erunt.
998 5459 1150 5524 Mss.,
1176 5472 1226 5516 et
1253 5462 1375 5519 erit.

383 5527 493 5600 (59)
528 5527 661 5604 Vide
687 5527 941 5604 ljuetiuut
978 5534 1418 5602 Origenianorum
1449 5531 1540 5590 lib.
1585 5551 1645 5600 ιι,
1683 5544 1873 5604 quaest.

319 5600 369 5666 5,
394 5596 543 5655 num.
572 5596 666 5665 26,
695 5599 767 5654 30
791 5607 848 5653 et
876 5599 964 5653 52.

383 5670 496 5742 (60)
527 5670 621 5726 Sic
660 5684 797 5727 mss.
859 5670 1023 5737 Alias,
1085 5671 1499 5744 deditionemque
1556 5678 1862 5731 revocaret?

1983 5466 2152 5523 Paulo
2175 5475 2292 5535 post
2322 5466 2459 5520 infra
2487 5480 2641 5529 mss.,
2668 5466 2759 5519 sed
2782 5464 2864 5518 illi
2883 5480 3097 5532 peccare
3120 5464 3350 5532 fecerunt
3374 5462 3547 5535 Israel

1984 5556 2015 5591 a
2039 5538 2147 5592 Deo
2171 5533 2266 5591 suo
2286 5546 2333 5590 et
2355 5547 2567 5604 propter
2595 5543 2829 5604 peccata.
2856 5534 3026 5596 Alias,
3056 5541 3146 5587 sed
3167 5536 3287 5604 quia
3318 5533 3545 5603 peccatis

1987 5616 2300 5663 recesserant
2331 5624 2361 5660 a
2402 5606 2509 5660 Deo
2540 5622 2653 5672 suo,
2693 5614 2904 5675 prapter
2940 5615 3170 5673 peccata.
