4050 6142
468 263 580 321 ‘MS

1929 254 2251 315 ORIGENIS

3610 248 3715 305 2l6

475 384 628 438 ducit
667 382 720 437 in
763 381 879 451 lege
919 379 1120 449 peccati
1145 379 1203 433 ’Τ
1242 370 1333 433 Sic
1364 391 1494 445 ergo
1522 379 1896 447 unusquisque
1951 392 2042 432 no-
2073 380 2119 436 Α
2148 375 2365 429 auditis.
2404 375 2671 429 Abraham
2696 375 2835 429 enim
2866 373 2997 426 duos
3028 372 3169 440 ﬁlios
3216 368 3419 435 habuit,
3475 378 3531 424 et
3556 378 3719 423 crete-

476 486 651 528 strnm
680 475 812 529 satis
851 482 996 539 agat,
1028 482 1088 526 ut
1117 481 1171 524 et
1196 472 1248 524 in
1273 486 1367 526 sua
1400 471 1603 532 anima,
1630 481 1684 524 et
1713 471 1764 524 in
1788 487 1887 525 suo
1920 486 2043 525 cor-

476 582 609 639 pore
642 567 819 619 vincat
846 566 1092 619 Christus
1120 565 1465 619 adversarios
1498 580 1648 629 suos,
1673 574 1727 619 et
1750 564 2044 631 subjiciens

477 674 574 712 eos
601 672 664 710 ac
696 657 1034 723 triumphans
1069 656 1234 710 etiam
1281 671 1392 709 sum
1426 656 1619 709 animze
1658 656 1928 724 possideat
1967 655 2045 708 ci-

477 752 721 804 vitatem.
770 747 880 801 Iloc
919 747 1063 799 enim
1097 747 1257 800 modo
1285 746 1351 801 de
1394 758 1547 815 parte
1592 747 1709 815 ejus
1759 746 2043 812 efficimur,

476 844 544 896 de
576 851 727 909 parte
751 838 971 892 mciiore
1001 853 1126 908 quae
1157 848 1241 892 est
1273 839 1415 892 sicut
1452 838 1622 891 stella:
1655 836 1778 891 coeli
1811 838 1860 890 in
1885 837 2046 889 clari-

480 940 612 993 tate,
655 940 788 983 utet
812 944 910 983 nos
941 929 1371 983 benedictionem
1394 928 1623 983 Abrahze
1650 944 1841 997 capere
1872 930 2045 998 possi-

480 1035 620 1080 mus,
653 1034 748 1088 per
781 1017 1055 1072 Christum
1098 1016 1385 1072 Dominum
1430 1029 1696 1083 nostrum,
1727 1019 1813 1073 cui
1842 1028 1923 1074 est
1951 1022 2044 1074 bo-

482 1128 581 1165 nor
603 1120 657 1163 et
694 1111 865 1181 gloria
897 1110 1010 1181 (61)
1038 1110 1090 1163 in
1117 1109 1315 1163 saecula
1342 1110 1682 1165 saeculorum.
1709 1112 1899 1165 Amen.

1063 1200 1346 1256 HOSllLlA
1388 1202 1454 1257 Χ.

480 1293 557 1347 De
591 1293 841 1357 Rebecca,
880 1311 997 1348 cum
1040 1296 1225 1348 exisset
1265 1295 1333 1347 ad
1368 1311 1558 1363 aquam
1603 1295 1969 1359 hauriendam,
1995 1304 2043 1349 et

853 1365 1161 1418 occurrisset
1192 1367 1239 1417 ei
1263 1381 1391 1430 puer
1418 1367 1660 1418 Abraluc.

555 1458 606 1510 1.
636 1456 808 1520 Isaac,
827 1456 1295 1526 inquitScriptura
1316 1457 1381 1520 ⁸ο.
1406 1455 2042 1510 crescebatctconforta-

483 1549 663 1612 batur,
717 1549 768 1602 id
810 1558 893 1603 est
932 1548 1190 1619 gaudium
1232 1548 1512 1602 crescebat
1571 1548 1805 1601 Abrahae
1869 1548 2045 1615 respi-

483 1641 652 1694 cienti
685 1655 792 1695 non
818 1642 884 1693 ad
915 1655 978 1694 ea
1014 1655 1134 1708 qua:
1159 1638 1427 1701 videntur,
1455 1640 1548 1693 sed
1578 1654 1697 1707 quas
1723 1654 1827 1692 non
1859 1640 2045 1692 viden-

2150 482 2229 530 ra,
2271 467 2467 535 quibus
2494 466 2639 520 addit
2671 481 2685 517 :
2718 464 2848 530 Qua:
2871 463 3325 533 suntallegorica.
3354 459 3606 528 Nunquid
3630 475 3721 514 sa-

2145 568 2420 610 cramenta
2457 556 2589 627 legis
2623 556 2704 610 eis
2731 556 2963 624 aperuit,
2997 556 3088 624 qui
3120 568 3295 622 neque
3340 539 3589 616 audiunt,
3622 564 3719 607 ne-

2144 661 2252 715 que
2281 647 2464 717 legunt
2498 648 2703 717 legem?
2734 648 2837 701 Sed
2871 646 3044 717 legem
3110 645 3413 716 legentibus
3450 645 3668 700 dicebat
3696 661 3714 699 :

2149 736 2331 807 Legem
2364 756 2468 792 non
2499 740 2745 792 audistis.
2780 738 3057 805 Quomodo
3090 753 3221 805 ergo
3275 748 3466 806 potero
3514 746 3719 806 myste-

2146 830 2225 884 ria
2287 830 2420 901 legis
2482 841 2534 884 et
2574 830 2900 899 allegorias,
2957 845 3096 898 quas
3150 829 3220 883 ab
3248 828 3504 898 Apostolo
3538 827 3716 883 edocti

2145 933 2354 986 sumus,
2387 921 2600 990 aperire
2623 930 2679 976 et
2709 922 2934 990 prodere
2969 922 3074 988 his,
3107 921 3305 990 quibus
3333 930 3388 973 et
3422 920 3628 974 auditio
3660 928 3721 974 et

2144 1011 2310 1065 lectio
2338 1010 2471 1083 legis
2508 1013 2783 1083 incognita
2809 1012 2927 1067 est?
2974 1014 3235 1082 Asperior
3286 1011 3520 1065 fortasse
3562 1010 3718 1066 vobis

2078 1162 2081 1165 _
2144 1107 2353 1170 videor,
2387 1103 2481 1161 sed
2513 1121 2619 1160 non
2654 1121 2870 1176 possum
2897 1105 3057 1159 linire
3090 1106 3357 1175 parietem
3391 1105 3716 1172 lapsantem.

2146 1196 2336 1251 Timeo
2360 1197 2501 1251 enim
2535 1197 2662 1251 illud
2717 1197 2859 1266 quod
2911 1198 3174 1265 scriptum
3230 1207 3315 1251 est
3346 1197 3388 1229 ”
3427 1214 3440 1250 :
3480 1194 3717 1264 Populus

2144 1304 2312 1349 meus,
2343 1289 2431 1358 qui
2461 1288 2764 1353 beatiﬁcant
2792 1306 2901 1349 vos.
2935 1290 3191 1342 seducunt
3244 1304 3354 1350 uos,
3420 1294 3471 1340 et
3499 1287 3717 1340 semitas

2143 1379 2333 1446 pedum
2364 1390 2648 1434 vestrorum
2682 1382 3021 1444 conturbant,
3087 1390 3339 1448 tanquam
3373 1378 3513 1431 ﬁlios
3566 1390 3718 1430 meos

2146 1471 2501 1527 charissimos
2526 1486 2741 1526 moneo.
2761 1470 2929 1527 Miror
2951 1474 2995 1525 si
3023 1472 3260 1525 nondum
3298 1468 3455 1524 vobis
3483 1466 3719 1520 innotuit

2144 1566 2230 1618 via
2257 1563 2462 1618 Christi
2494 1578 2510 1615 :
2564 1564 2608 1618 si
2642 1578 2708 1617 ne
2763 1564 2864 1621 hoc
2896 1565 3112 1631 quidem
3137 1561 3385 1624 audistis,
3430 1559 3575 1628 quod
3608 1573 3713 1611 non

2146 1667 2230 1711 est
2259 1656 2363 1710 lata
2394 1664 2449 1710 et
2490 1660 2752 1724 spatiosa,
2805 1657 2898 1711 scd
2936 1666 3085 1710 arcta
3116 1663 3174 1710 et
3202 1662 3429 1723 angusta
3480 1650 3566 1704 via
3632 1661 3719 1704 est

485 1741 592 1785 tur.
627 1731 740 1787 Non
774 1733 916 1785 enim
950 1730 1221 1801 gaudebat
1255 1730 1321 1783 de
1358 1731 1716 1798 pricsentibus
1743 1729 2042 1795 Abraham,

2148 1763 2267 1817 quae
2294 1748 2443 1801 ducit
2469 1748 2535 1801 ad
2568 1748 2734 1801 vitam
2765 1748 2828 1803 “.
2861 1748 2926 1801 Et
2955 1762 3050 1802 vos
3073 1761 3206 1814 ergo
3246 1744 3449 1799 intrate
3479 1757 3577 1811 per
3619 1756 3718 1795 an-

481 1840 657 1894 neque
690 1826 755 1879 de
788 1824 991 1879 divitiis
1033 1824 1219 1877 mundi
1260 1834 1309 1877 et
1341 1825 1552 1879 actibus
1589 1824 1792 1878 smculi.
1821 1822 1924 1876 Sed
1965 1824 2046 1878 vis

482 1920 669 1973 audire
697 1919 971 1973 Abraham
997 1918 1138 1971 unde
1162 1916 1456 1986 gauderet?
1488 1915 1628 1969 Audi
1664 1915 1946 1969 Dominum
1977 1915 2045 1968 ad

479 2011 695 2066 Judtcos
726 2011 991 2065 dicentem
1014 2010 1053 2041 ¹¹
1084 2026 1097 2062 :
1127 2010 1391 2063 Abraham
1418 2017 1567 2079 pater
1591 2019 1754 2063 vester
1778 2008 2046 2062 desidera-

480 2106 548 2157 rit
603 2114 656 2157 ut
689 2104 877 2157 videret
922 2103 1058 2155 diem
1111 2118 1306 2165 meum,
1332 2111 1378 2155 et
1409 2100 1560 2169 uidit,
1585 2112 1634 2155 et
1677 2102 1887 2172 gavisus
1946 2108 2044 2154 est.

481 2195 585 2250 Per
625 2196 725 2248 hoc
770 2208 900 2262 ergo
952 2193 1232 2248 crescebat
1273 2193 1448 2258 Isaac,
1494 2208 1591 2262 per
1624 2194 1767 2263 quod
1810 2194 2045 2248 Abrahas

478 2287 617 2341 visio
648 2286 733 2339 illa
781 2302 885 2355 qua
912 2285 1127 2339 videbat
1151 2286 1352 2341 Christi
1394 2286 1559 2353 diem,
1594 2295 1650 2341 et
1677 2300 1801 2356 spes
1829 2302 1949 2355 qua:
1991 2285 2045 2341 in

481 2378 597 2448 ipso
628 2387 733 2442 est,
766 2379 963 2442 gaudia
993 2378 1331 2435 cumulabat.
1360 2379 1538 2447 Atque
1568 2380 1775 2434 utinam
1801 2378 2044 2436 edicere-

480 2473 612 2526 niini
654 2473 819 2526 etiam
868 2488 964 2527 vos
1012 2472 1159 2527 Isaac
1203 2482 1258 2527 et
1304 2473 1499 2528 essetis
1548 2476 1800 2543 gaudium
1857 2474 2046 2528 matris

488 2575 685 2620 vestra:
722 2565 1007 2619 Ecclesia!
1057 2564 1161 2619 Sed
1191 2580 1380 2618 vereor
1418 2579 1484 2620 ue
1514 2566 1690 2620 adhuc
1724 2566 1776 2619 in
1827 2565 2044 2620 tristitia

479 2671 533 2714 et
553 2659 752 2729 gemitu
777 2658 1020 2712 Ecclesia
1060 2657 1201 2711 ﬁlios
1229 2658 1425 2726 pariat.
1459 2658 1650 2711 Annon
1691 2666 1769 2711 est
1794 2656 1843 2710 ei
1872 2656 2043 2711 tristi-

481 2757 555 2808 tia
607 2764 662 2807 et
712 2753 965 2821 gemitus,
1007 2765 1130 2804 cum
1175 2764 1272 2803 vos
1323 2763 1429 2802 non
1477 2748 1782 2802 convenitis
1812 2747 1925 2819 (62)
1977 2748 2045 2801 ad

481 2847 809 2901 audiendum
863 2846 954 2899 Dei
1007 2843 1249 2904 verbum,
1284 2851 1342 2895 et
1390 2842 1477 2894 vix
1530 2841 1686 2896 festis
1739 2841 1929 2896 diebus
1976 2840 2046 2897 ad

479 2939 765 2995 ecclesiam
793 2938 1102 3008 proceditis,
1121 2944 1174 2990 et
1197 2936 1297 2990 hoc
1323 2949 1428 2988 non
1457 2944 1564 2987 tam
1585 2935 1851 2989 desiderio
1874 2935 2044 3001 verbi,

481 3049 642 3102 quam
667 3031 849 3085 studio
885 3010 1266 3093 solemnitatis,
1296 3035 1350 3080 ct
1385 3025 1615 3094 publica!
1644 3027 2045 3096 quodammodo

482 3122 823 3177 remissionis
865 3120 1125 3174 obtentu?
1165 3117 1305 3184 Quid
1355 3117 1519 3186 igitur
1561 3131 1662 3186 ego
1711 3116 1929 3183 faciam,
1956 3118 2042 3173 cui

485 3214 821 3285 diSpensatio
855 3213 1003 3266 verbi
1041 3210 1248 3266 credita
1270 3208 1385 3263 est?
1411 3207 1511 3273 Qui
1541 3206 1665 3262 licet
1701 3209 1906 3265 inutilis
1936 3225 2048 3264 ser-

482 3323 580 3362 vus
628 3308 754 3370 sim,
815 3304 999 3371 accepi
1047 3312 1227 3356 tamen
1269 3318 1298 3356 a
1336 3302 1564 3356 Domino
1617 3301 2043 3355 distribuendam

481 3400 705 3455 familia:
744 3396 1035 3450 Dominicaa
1066 3395 1232 3448 tritici
1264 3408 1597 3447 mensuram.
1633 3391 1740 3447 Sed
1768 3392 1888 3444 vide
1915 3392 2045 3460 quid

482 3494 627 3548 addit
676 3505 854 3546 sermo
904 3488 1117 3543 Domini
1150 3509 1162 3543 :
1193 3487 1647 3549 Distribuendam,
1701 3485 1960 3554 inquit",
1991 3486 2044 3538 in

482 3596 709 3653 tempore
746 3584 905 3637 tritici
950 3597 1267 3635 mensuram.
1319 3579 1458 3646 Quid
1508 3593 1636 3649 ergo
1678 3577 1912 3631 faciam?
1940 3575 2043 3631 Ubi

479 3674 561 3728 vel
600 3674 815 3743 quando
853 3682 1088 3728 vestrum
1145 3680 1358 3739 tempus
1405 3668 1710 3723 inveniam?
1745 3665 2042 3720 Plurimum

480 3784 544 3821 ex
575 3768 701 3832 hoc,
738 3767 848 3819 imo
882 3780 1023 3834 pene
1052 3771 1224 3818 totum
1248 3772 1459 3831 tempus
1489 3761 1777 3816 mundanis
1813 3776 2047 3829 occupa-

482 3856 721 3912 tionibus
766 3857 940 3909 teritis
983 3857 1034 3908 in
1078 3855 1217 3917 loro,
1259 3855 1404 3908 aliud
1437 3854 1488 3907 in
1525 3852 1895 3921 negotiatione
1922 3867 2047 3906 con-

482 3950 730 4012 sumitis;
781 3950 919 4003 alius
958 3964 1108 4018 agro,
1143 3948 1283 4001 alius
1322 3946 1508 4002 litibus
1551 3954 1728 4009 vacat,
1759 3953 1813 3999 et
1840 3944 1904 3997 ad
1943 3959 2044 3997 au-

481 4044 737 4097 diendum
776 4040 864 4095 Dei
915 4043 1134 4094 verbum
1188 4055 1372 4105 nemo,
1400 4049 1492 4093 aut
1547 4037 1704 4107 pauci
1754 4037 2042 4091 admodum

481 4144 700 4190 vacant.
730 4133 834 4187 Sed
868 4132 994 4201 quid
1019 4149 1111 4187 vos
1135 4132 1199 4186 de
1223 4132 1669 4201 occupationibus
1691 4129 1887 4200 culpo?
1906 4128 2046 4196 Quid

479 4228 547 4280 de
593 4224 908 4280 absentibus
957 4224 1314 4293 conqueror?
1345 4222 1649 4279 Prtesentes
1686 4223 1849 4277 etiam
1899 4233 1952 4275 et
1991 4222 2043 4275 in

484 4320 721 4373 Ecclesia
768 4317 927 4387 positi
982 4332 1087 4369 non
1138 4316 1272 4370 estis
1311 4316 1540 4382 intenti,
1577 4316 1669 4369 sed
1726 4328 2046 4369 communes

2148 1847 2357 1905 gustam
2384 1845 2617 1906 portam,
2647 1839 2936 1909 relinquite
2960 1836 3314 1908 pereuntibus
3343 1833 3712 1888 latitudinem.

2149 1926 2273 1981 Nox
2294 1930 2578 1997 prwcessit,
2638 1928 2748 1982 dies
2782 1938 2955 1983 autem
3001 1926 3455 1996 appropinquavit,
3530 1932 3583 1975 ut
3615 1922 3716 1991 ﬁlii

2146 2016 2276 2072 lucis
2311 2020 2576 2071 ambulate
2606 2018 2670 2072 ‘7.
2704 2006 2925 2087 Tempus
2972 2021 3121 2072 breve
3150 2027 3250 2080 est,
3298 2024 3527 2085 superest
3582 2022 3635 2066 ut
3666 2020 3716 2066 et

2144 2111 2232 2180 qui
2260 2108 2450 2163 habent
2487 2125 2675 2164 uxores
2712 2107 2847 2181 (64),
2882 2120 3132 2179 tanquam
3178 2124 3282 2161 non
3311 2107 3554 2159 habentes
3587 2103 3715 2168 sint,

2146 2210 2196 2254 et
2230 2202 2318 2270 qui
2349 2210 2571 2253 utuntur
2599 2202 2696 2255 hoc
2726 2204 2943 2268 mundo,
2977 2211 3227 2270 tanquam
3260 2213 3362 2251 non
3395 2206 3614 2249 utantur
3643 2193 3714 2250 ¹⁸.

2147 2291 2280 2347 Sine
2310 2292 2720 2347 intermissione
2750 2291 3021 2346 orandum
3054 2291 3344 2361 Apostolus
3374 2287 3616 2358 praecipit
3646 2284 3713 2340 ι’.

2146 2384 2256 2441 Vos
2288 2385 2378 2454 qui
2412 2385 2478 2439 ad
2509 2384 2786 2440 orationes
2813 2401 2917 2439 non
2957 2384 3283 2446 convenitis,
3315 2381 3583 2452 quomodo
3612 2379 3717 2434 im-

2147 2474 2304 2545 pletis
2337 2475 2455 2529 sine
2500 2476 2922 2539 intermissione,
2967 2476 3113 2544 quod
3172 2491 3387 2544 semper
3428 2471 3716 2529 omittitis?

2148 2568 2253 2622 Sed
2284 2579 2340 2622 et
2362 2567 2619 2622 Dominus
2650 2567 2892 2638 praecipit
2921 2567 2967 2599 ²⁰
2996 2586 3010 2621 :
3049 2565 3275 2637 Vigilate
3298 2578 3345 2621 et
3374 2576 3522 2621 orate
3546 2580 3610 2621 ne
3630 2566 3712 2621 in-

2147 2661 2291 2714 tretis
2319 2661 2372 2712 in
2402 2661 2759 2715 tentationem.
2793 2659 2949 2727 Quod
2972 2660 3014 2714 si
3044 2659 3119 2713 illi
3157 2659 3442 2731 vigilantes
3473 2672 3526 2716 et
3549 2676 3710 2717 oran-

2150 2762 2247 2815 tes,
2290 2762 2345 2806 et
2373 2767 2590 2820 semper
2627 2753 2791 2807 verbo
2822 2753 2917 2805 Dei
2973 2754 3327 2815 adbterentes,
3363 2753 3711 2807 tentationem

2150 2856 2329 2900 tamen
2363 2858 2708 2913 nequaquam
2736 2843 3065 2913 ell'ugerunt,
3095 2845 3222 2913 quid
3284 2842 3491 2898 faciunt
3544 2843 3594 2898 hi
3621 2844 3711 2911 qui

2148 2938 2336 2994 diebus
2388 2946 2594 2992 tantum
2661 2936 2995 2993 solemnibus
3045 2938 3113 2991 ad
3170 2936 3457 2992 ecclesiam
3517 2949 3716 2990 conve-

2151 3028 2344 3084 niunt?
2373 3028 2434 3084 Si
2482 3028 2663 3098 justus
2714 3030 2799 3082 uia:
2832 3030 3007 3084 salvus
3035 3029 3145 3098 ﬁet,
3175 3039 3416 3097 peccator
3446 3036 3495 3082 et
3521 3027 3710 3096 impius

2098 3105 2114 3127 ⁸
2148 3123 2235 3176 ubi
2258 3122 2511 3191 parebunt
2538 3122 2621 3174 "i
2645 3120 2796 3192 Piget
2821 3137 2906 3177 me
2939 3123 3119 3176 dicere
3149 3120 3349 3190 aliquid
3381 3136 3446 3174 ex
3478 3120 3561 3174 bis
3591 3133 3712 3187 qua

2145 3216 2284 3272 lecta
2313 3224 2459 3271 sunt.
2490 3213 2626 3268 Nam
2653 3224 2707 3269 et
2736 3214 3031 3283 Apostolus
3065 3213 3195 3267 dicit
3239 3214 3303 3266 de
3339 3210 3708 3278 huiuscemodi

2146 3306 2515 3370 sermonibus,
2569 3304 2695 3374 quia
2737 3303 3209 3371 ininterpretabiles
3264 3312 3383 3356 sunt
3416 3302 3483 3354 ad
3522 3301 3705 3353 dicen-

2147 3402 2314 3464 dum;
2344 3400 2595 3470 quoniam
2621 3415 2728 3467 vos,
2756 3399 2933 3467 inquit
2966 3398 3034 3464 ²²,
3070 3395 3349 3450 imbecilles
3407 3394 3535 3464 facti
3587 3394 3712 3448 estis

2145 3497 2213 3546 ad
2247 3491 2590 3546 audiendum.

2216 3588 2270 3644 2.
2299 3587 2592 3642 Videamus
2622 3596 2798 3640 tamen
2822 3585 2924 3639 hoc
2950 3584 3091 3653 quod
3115 3581 3269 3637 nobis
3317 3580 3479 3635 modo
3510 3578 3709 3634 recita-

2150 3691 2261 3735 tum
2293 3689 2394 3735 cst.
2433 3679 2678 3742 Rebecca,
2737 3678 2912 3747 inquit
2941 3676 3006 3740 ’3,
3040 3675 3274 3729 veniebat
3322 3689 3439 3726 cum
3485 3671 3700 3739 ﬁliabus

2145 3771 2371 3826 ciuitatis
2408 3770 2623 3823 haurire
2648 3786 2841 3840 aquam
2880 3770 2945 3822 de
2966 3779 3142 3837 puteo.
3191 3765 3435 3818 Rebecca
3465 3762 3709 3834 quotidie

2143 3864 2393 3919 veniebat
2425 3863 2491 3917 ad
2542 3872 2750 3932 puteos,
2801 3861 3047 3929 quotidie
3076 3857 3362 3913 hauriebat
3386 3870 3603 3925 aquam.
3647 3855 3712 3909 Et

2145 3958 2268 4028 quia
2294 3956 2532 4025 quotidie
2566 3955 2792 4009 vacabat
2834 3954 2899 4007 ad
2957 3963 3173 4022 puteos,
3224 3951 3431 4004 idcirco
3476 3948 3710 4002 inveniri

2146 4045 2320 4115 potuit
2348 4060 2375 4098 a
2409 4058 2576 4113 puero
2604 4044 2904 4104 Abraham,
2922 4052 2976 4095 et
3001 4044 3053 4095 in
3082 4040 3485 4095 matrimonium
3514 4036 3709 4092 sociari

2146 4136 2318 4191 Isaac.
2348 4137 2475 4191 llaec
2501 4135 2708 4191 fabulas
2732 4137 2933 4205 putatis
2956 4150 3098 4199 esse,
3122 4143 3176 4188 et
3203 4133 3461 4187 historias
3487 4144 3710 4184 narrare

2147 4229 2201 4283 in
2248 4228 2549 4297 Scripturio
2601 4227 2864 4295 Spiritum
2914 4226 3206 4281 sanctum?
3256 4225 3577 4278 Animarum
3628 4230 3713 4276 est

2149 4320 2253 4377 ista
2306 4320 2561 4386 eruditio,
2603 4331 2658 4373 et
2695 4317 2956 4388 spiritalis
3006 4317 3277 4378 doctrina,
3312 4330 3432 4384 quae
3467 4323 3517 4367 te
3558 4312 3711 4366 insti-

481 4426 545 4462 εχ
592 4427 689 4462 usu
740 4408 950 4462 fabulas
997 4408 1191 4469 teritis,
1228 4408 1393 4461 verbo
1443 4407 1539 4461 Dei
1582 4407 1667 4459 vel
1715 4398 2043 4460 lectionibus
2073 4417 2118 4473 ι)
2149 4415 2273 4477 iuit,
2302 4421 2356 4466 et
2383 4410 2805 4479 dot-etquotidie
2835 4408 3020 4462 venire
3054 4405 3123 4461 ad
3176 4419 3371 4476 puteos
3401 4404 3709 4473 Scriptura-

482 4504 678 4557 diviuis
730 4513 876 4570 terga
923 4500 1258 4554 convenitis.
1312 4499 1514 4554 Vereor
1563 4514 1630 4553 ne
1682 4510 1736 4553 et
1769 4498 1920 4554 vobis
1953 4499 2040 4552 di-

481 4604 634 4650 catur
660 4594 768 4664 87
803 4608 831 4645 a
865 4591 1091 4647 Domino
1124 4593 1278 4657 illud,
1306 4594 1445 4661 quod
1478 4606 1574 4660 per
1604 4592 1920 4661 prophetam
1958 4592 2041 4643 di-

479 4698 627 4744 ctum
652 4702 733 4740 est
772 4687 817 4718 ¹³
844 4703 857 4738 :
889 4687 1259 4739 Converterunt
1288 4686 1355 4737 ad
1377 4699 1458 4735 me
1478 4685 1657 4744 dorsa,
1679 4693 1851 4736 etnon
1879 4682 2042 4752 facies

483 4797 631 4833 snas.
669 4779 809 4845 Quid
846 4780 1011 4849 igitur
1039 4793 1138 4844 ego
1170 4777 1381 4839 faciam,
1414 4776 1501 4830 cui
1536 4775 1892 4829 ministerium
1921 4791 2042 4829 ver-

484 4874 535 4925 bi
575 4871 665 4924 Dei
696 4871 959 4924 crcditmn
989 4871 1112 4923 est?
1149 4869 1277 4934 Qua:
1326 4868 1577 4936 leguntur
1616 4869 1841 4938 mystica
1891 4880 2042 4937 sunt,

482 4961 536 5017 in
561 4963 864 5032 allegoricis
891 4963 1206 5029 exponenda
1240 4974 1365 5017 sunt
1393 4965 1767 5017 sacramentis.
1787 4963 2046 5016 Possum-

486 5068 552 5106 ne
588 5055 766 5107 surdis
794 5063 845 5108 et
902 5055 1113 5108 aversis
1172 5056 1396 5115 auribus
1443 5057 1688 5124 ingerere
1721 5055 2047 5126 margaritas

482 5144 629 5198 verbi
665 5145 791 5198 Dei?
822 5144 936 5199 Non
967 5146 1034 5199 ita
1063 5146 1172 5213 egit
1202 5146 1313 5217 (ϋὸ)
1372 5146 1677 5213 Apostolus.
1739 5147 1870 5201 Vide
1901 5148 2042 5201 enim

482 5234 609 5303 quid
637 5236 803 5287 dicit:
833 5237 935 5300 Qui
964 5237 1144 5305 legem,
1176 5238 1350 5306 inquit
1384 5238 1447 5302 “,
1476 5238 1667 5307 legitis,
1718 5238 1879 5307 legem
1943 5256 2043 5292 non

588 5327 608 5358 ⁹
638 5326 790 5378 Rcui.
824 5342 917 5390 vn,
944 5325 1035 5379 ‘25.

480 5396 675 5459 iv,si.
755 5396 1151 5457 “lanuuii.
1230 5397 1723 5462 "Mattli.vn,l5.

482 5478 598 5528 xw,
634 5466 719 5520 38.
801 5467 840 5497 ²¹
872 5466 891 5519 l
921 5466 1068 5520 Petr.
1103 5482 1175 5532 tv,
1207 5468 1290 5521 l8.
1369 5470 1412 5499 ²²
1442 5468 1603 5522 llebr.
1635 5484 1689 5532 v,
1734 5470 1818 5523 ll.

554 5555 765 5617 (lili'lta
802 5571 929 5611 mss.
963 5557 1126 5619 Alias,
1162 5557 1333 5625 gloria
1360 5569 1406 5610 et
1439 5559 1732 5626 imperium.

560 5627 668 5689 alii)
699 5627 826 5679 Cum
855 5644 942 5679 vos
984 5643 1084 5680 non
1121 5629 1424 5689 convenitis,
1454 5638 1560 5682 ctc.
1592 5631 1733 5683 Citat
1780 5631 1924 5684 hunc
1960 5631 2038 5683 lo-

483 5712 605 5749 cu.:.
635 5695 797 5752 Jonas
824 5697 1098 5753 Aurelian.
1131 5698 1223 5753 lib.
1252 5698 1368 5753 tDe
1396 5700 1562 5756 instit.
1593 5701 1744 5768 laic.,
1791 5717 1913 5772 cap.
1946 5702 2031 5755 il.

1126 5327 1167 5411 ξ⁰
1194 5325 1531 5411 Genesar“,
1566 5328 1619 5382 8.
1645 5330 1729 5411 ﬂ“
1758 5327 1915 5411 bona:
1944 5344 2061 5391 vm,
2096 5329 2302 5411 56.n"
2331 5329 2603 5411 lineam,
2631 5330 2718 5384 42.

1803 5400 1843 5430 ¹⁷
1870 5398 2023 5451 Rom.
2050 5415 2165 5465 xtlt,
2188 5400 2271 5454 12.

2148 4522 2291 4569 rum,
2316 4505 2382 4558 ad
2417 4519 2586 4573 aquas
2618 4501 2853 4571 Spiritus
2881 4501 3078 4564 sancti,
3133 4509 3187 4553 et
3223 4499 3443 4553 haurire
3500 4510 3711 4565 semper

2149 4609 2212 4648 ac
2264 4594 2476 4662 plenum
2513 4608 2608 4647 vas
2642 4594 2859 4646 domum
2920 4590 3152 4652 referre,
3190 4590 3332 4643 sicut
3385 4586 3618 4640 faciebat
3655 4594 3709 4638 et

2126 4697 2334 4763 sancta
2371 4684 2637 4750 Rebecca,
2666 4699 2784 4753 quae
2809 4699 2914 4737 non
2945 4682 3269 4752 aliterjungi
3298 4680 3565 4749 potuisset
3593 4686 3705 4730 tan-

2148 4787 2204 4831 to
2256 4778 2581 4846 patriarcha:
2636 4776 2810 4840 Isaac,
2863 4777 2955 4846 qui
3011 4791 3078 4829 ex
3109 4772 3527 4843 repromissione
3554 4778 3712 4822 natus

2149 4882 2254 4939 est,
2287 4871 2389 4926 nisi
2428 4870 2726 4925 hauriendo
2756 4884 2960 4939 aquas;
2991 4869 3118 4922 etin
3151 4876 3357 4921 tantum
3385 4861 3707 4923 hauriendo,

2151 4977 2210 5022 ut
2238 4983 2342 5022 non
2368 4966 2538 5021 solum
2563 4975 2753 5035 potare
2782 4973 2962 5035 posset
2984 4978 3077 5017 eos
3110 4962 3200 5031 qui
3242 4959 3383 5014 domi
3420 4965 3567 5021 sunt,
3614 4953 3709 5008 sed

2149 5066 2204 5112 et
2235 5072 2457 5127 puerum
2482 5057 2745 5123 Abrahae;
2784 5066 2969 5109 etnon
3005 5063 3209 5107 tantum
3243 5065 3491 5119 puerum,
3528 5046 3621 5100 sed
3656 5055 3710 5097 et

2147 5164 2213 5203 eo
2240 5164 2410 5217 usque
2438 5148 2739 5202 abundaret
2765 5145 2943 5214 aquis,
2995 5158 3129 5212 quas
3178 5141 3461 5197 hauriebat
3510 5138 3576 5192 de
3608 5149 3704 5204 pu-

2150 5242 2271 5302 teis,
2304 5250 2364 5294 nt
2392 5248 2447 5293 et
2482 5240 2717 5293 camelos
2745 5248 2925 5309 posset
2944 5238 3215 5305 adaquare
3238 5273 3256 5299 ,
3288 5247 3553 5302 usquequo
3598 5242 3708 5281 ces-

2798 5329 2840 5359 ¹⁸
2869 5327 3065 5382 Jerem.
3094 5341 3246 5387 xvm,
3272 5324 3351 5375 l7.
3461 5320 3506 5352 ί*
3527 5320 3704 5375 Galat.

2351 5402 2393 5431 “
2420 5402 2435 5453 Ι
2467 5392 2599 5454 Cor.
2621 5398 2819 5467 “1,29.
2898 5399 2938 5429 ³⁹
2962 5399 2980 5450 l
3004 5398 3197 5451 Thess.
3231 5410 3280 5461 ν,
3313 5394 3397 5448 17.
3475 5392 3520 5423 ³⁸
3538 5392 3705 5445 Marc.

1896 5470 1943 5500 "
1964 5467 2159 5525 Cenes.
2186 5486 2334 5535 xxiv,
2369 5472 2455 5523 15.

2217 5561 2330 5628 (63)
2362 5559 2513 5627 Mss.,
2545 5560 2678 5623 egit,
2708 5558 2841 5630 alias
2872 5558 2966 5611 ait.
2993 5627 3002 5630 _
3134 5626 3162 5630 Α
3196 5625 3206 5630 _
3387 5624 3399 5630 _
3598 5623 3607 5630 .

2145 5702 2157 5713 .
2215 5624 2327 5701 (tit)
2368 5624 2508 5687 v0:
2538 5644 2729 5684 uxores
2783 5629 2936 5683 deest
2992 5627 3044 5681 in
3080 5625 3259 5689 editis,
3310 5624 3402 5680 sed
3436 5624 3702 5694 reperitur

2144 5718 2197 5757 tu
2228 5719 2355 5756 mss.
