4050 6142
320 294 409 350 9J7
1531 292 1598 348 IN
1622 291 1921 349 GENES‘IM
1953 289 2238 347 HOMILIA

3457 286 3564 343 218

322 423 500 480 carent,
553 412 740 486 inquit
770 414 841 482 “,
877 416 1123 470 bibentes.
1191 413 1444 486 Mysteria
1506 426 1633 470 sunt
1689 424 1886 470 cuncta
1917 420 1962 475 Α
1993 428 2131 468 mus.
2157 412 2421 469 Habetote
2443 410 2787 482 patientiam,
2833 408 2959 481 quia
2985 408 3054 465 de
3089 407 3337 465 Rebecca
3380 411 3560 475 nobis,

322 523 430 578 qua:
458 506 659 574 scripta
693 515 863 560 sunt:
896 506 1010 560 vult
1038 516 1088 560 te
1110 505 1357 560 Christus
1385 505 1488 560 sibi
1515 507 1884 573 desponsare:

322 600 381 653 ad
419 608 467 653 te
488 597 632 651 enim
663 596 917 666 loquitur
946 614 1043 668 per
1083 598 1427 666 praphetam,
1456 597 1640 651 dicens
1667 598 1713 628 ³⁸
1740 613 1754 653 :
1780 596 1889 650 De-

322 690 571 753 sponsabo
599 700 647 743 te
673 690 810 742 mihi
838 691 893 743 in
915 700 1186 753 trternunr,
1214 698 1262 742 et
1306 690 1629 759 desponsabo
1661 698 1709 743 te
1764 690 1890 743 mihi

324 783 373 836 in
399 782 502 850 fide
530 791 576 833 et
608 782 1003 844 misericordia,
1028 792 1072 834 et
1097 798 1375 850 cognosces
1406 781 1711 835 Dominum.
1753 780 1889 846 Quia

325 889 447 940 ergo
476 872 591 924 vult
624 881 680 926 et
710 881 762 927 te
793 872 898 927 sibi
931 872 1178 929 Christus
1205 873 1539 941 despondere
1563 873 1697 939 (65),
1726 872 1776 925 id
1809 883 1892 927 est

327 965 673 1032 desponsare,
709 963 995 1033 praemittit
1048 964 1115 1019 ad
1160 973 1211 1018 te
1242 963 1404 1019 istum
1457 979 1705 1032 puerum.
1748 963 1892 1018 Puer

328 1055 423 1109 iste
448 1068 629 1107 sermo
661 1055 1015 1120 propheticus
1060 1063 1162 1119 est,
1196 1071 1356 1126 quem
1386 1056 1491 1110 nisi
1522 1056 1676 1124 prius
1703 1071 1889 1112 susce-

328 1145 488 1215 peris,
515 1144 727 1198 nubere
747 1144 966 1199 Christo
987 1159 1090 1198 non
1122 1145 1346 1214 poteris.
1375 1144 1527 1199 Scito
1553 1157 1729 1200 tamen
1763 1148 1890 1215 quia

326 1251 478 1291 nemo
515 1236 909 1291 inexercitatus
934 1237 1288 1305 etimperitus
1321 1251 1625 1292 sermonem
1659 1239 1894 1308 prophe-

320 1328 486 1390 ticum
508 1327 760 1397 suscipit,
783 1328 876 1382 sed
905 1326 997 1397 qui
1033 1328 1136 1382 scit
1164 1327 1383 1382 haurire
1412 1344 1608 1398 aquam
1659 1330 1724 1385 de
1762 1346 1893 1400 pro.

328 1417 488 1471 fundo
513 1418 684 1485 putei,
714 1426 768 1472 ct
797 1418 887 1487 qui
914 1419 965 1471 in
998 1425 1206 1471 tantum
1234 1418 1339 1473 scit
1368 1418 1614 1484 haurire,
1644 1429 1701 1472 ut
1724 1420 1889 1474 etiam

325 1509 408 1562 his
436 1508 664 1563 subiciat
690 1511 779 1578 qui
805 1508 1206 1564 irrationabiles
1257 1519 1311 1565 et
1338 1510 1584 1579 perversi
1616 1511 1889 1576 videntur,

324 1616 553 1669 quorum
605 1602 830 1666 ﬁguram
870 1610 1053 1656 tenent
1110 1600 1337 1655 cameli:
1386 1611 1446 1655 ut
1489 1609 1544 1655 et
1576 1602 1690 1672 ipse
1717 1604 1892 1672 possit

323 1691 543 1755 dicere,
600 1691 728 1760 quia
793 1692 1115 1761 sapientibus
1166 1699 1213 1744 et
1270 1691 1636 1760 insipientibus
1687 1693 1893 1747 debitor

1992 503 2042 557 id
2067 514 2152 557 est
2183 504 2247 557 de
2281 502 2563 572 patientia,
2590 517 2770 557 sermo
2795 489 2901 558 est.
2947 502 3014 556 Et
3060 516 3283 556 necesse
3318 509 3400 555 est
3453 515 3557 555 nos

1990 608 2085 649 eos
2119 595 2210 663 qui
2252 593 2538 648 collectam
2599 593 2912 663 negligant,
2968 600 3023 646 et
3076 593 3265 646 audire
3288 590 3563 646 declinant

1990 687 2214 739 verbum
2269 684 2387 748 Dei,
2431 684 2705 753 paululum
2764 698 2862 753 per
2917 684 3237 752 patientiam
3268 683 3560 753 castigare,

1990 775 2083 846 qui
2127 793 2230 830 non
2263 775 2568 830 desiderant
2604 790 2793 844 panem
2825 776 2969 839 vitta,
3004 790 3105 829 nec
3133 789 3327 843 aquam
3361 775 3560 838 vivam,

1993 866 2082 934 qui
2117 883 2221 922 non
2250 877 2450 921 exeunt
2476 867 2542 921 de
2574 868 2787 932 castris,
2821 881 2919 922 nec
2949 868 3251 936 procedunt
3283 868 3347 922 de
3384 866 3558 920 domi-

1993 956 2095 1012 bus
2116 958 2301 1022 luteis,
2332 968 2389 1012 ut
2412 959 2668 1028 colligant
2690 959 2790 1012 sibi
2823 972 3043 1023 manna,
3073 959 3164 1026 qui
3197 974 3302 1011 non
3335 960 3566 1014 veniunt

1993 1050 2062 1104 ad
2098 1059 2328 1120 petram,
2362 1060 2418 1103 ut
2454 1051 2642 1105 bibant
2663 1051 2727 1105 de
2756 1052 2987 1120 spiritali
3013 1060 3182 1119 petra.
3223 1049 3381 1103 Petra
3415 1051 3560 1104 enim

1994 1151 2078 1198 est
2105 1141 2379 1207 Christus,
2408 1152 2467 1196 ut
2493 1142 2783 1210 Apostolus
2815 1143 2889 1197 ait
2909 1143 2976 1197 ".
3012 1143 3292 1206 llabelote,
3320 1143 3561 1211 inquam,

1997 1249 2092 1289 vos
2123 1234 2402 1305 paululum
2436 1235 2776 1304 patientiam.
2811 1232 3005 1289 Sermo
3023 1233 3170 1288 enim
3202 1233 3357 1287 nobis
3380 1242 3465 1286 est
3495 1233 3564 1285 ad

1994 1326 2347 1397 negligentes,
2382 1337 2437 1381 et
2466 1342 2561 1382 eos
2590 1328 2679 1397 qui
2713 1328 2855 1381 male
2883 1327 3098 1381 habent.
3134 1323 3263 1378 Sani
3287 1325 3430 1378 enim
3460 1338 3566 1378 non

1993 1418 2227 1489 indigent
2254 1421 2478 1486 medico,
2503 1422 2594 1475 sed
2640 1420 2777 1474 male
2803 1419 3052 1474 habentes
3083 1418 3148 1472 ³³.
3206 1417 3382 1473 Dicite
3434 1417 3563 1473 mihi

1995 1528 2090 1567 vos
2118 1514 2229 1582 (68)
2261 1514 2350 1584 qui
2380 1513 2753 1568 tantummodo
2781 1511 2934 1566 festis
2971 1513 3160 1566 diebus
3190 1512 3254 1566 ad
3281 1511 3564 1566 ecclesiam

1995 1606 2318 1669 convenitis,
2352 1606 2531 1660 caeteri
2563 1605 2677 1660 dies
2705 1619 2808 1659 non
2836 1614 2961 1657 sunt
2988 1601 3140 1657 Iesu?
3168 1619 3271 1657 non
3303 1611 3425 1656 sunt
3453 1602 3568 1657 dies

1998 1697 2254 1752 Domini?
2284 1697 2594 1752 Jtulzeorum
2625 1707 2728 1762 est,
2758 1698 2875 1752 dies
2902 1707 3078 1751 certos
3106 1707 3158 1750 et
3187 1711 3339 1750 raros
3367 1694 3566 1749 obser-

322 1798 435 1835 sum
460 1782 525 1833 ’⁸.
558 1781 801 1851 Denique
822 1783 901 1836 sic
934 1783 1150 1836 dixerat
1193 1784 1244 1836 in
1275 1785 1439 1837 corde
1471 1800 1568 1838 suo
1599 1800 1734 1854 puer
1767 1785 1891 1840 iste:
1926 1777 1967 1831 Β
2004 1806 2127 1844 vare
2162 1789 2454 1844 solemnes.
2506 1789 2570 1842 Et
2620 1789 2740 1843 ideo
2779 1790 2846 1842 ad
2883 1805 2976 1843 eos
3002 1788 3134 1843 dicit
3177 1787 3316 1842 Deus
3340 1786 3406 1853 “,
3437 1787 3563 1855 quia

324 1871 408 1925 Ea:
428 1873 533 1935 his,
570 1875 747 1944 inquit
770 1875 835 1939 ⁸⁷,
860 1874 1172 1943 virginibus,
1196 1891 1313 1940 gate
1342 1877 1552 1929 veniunt
1573 1878 1642 1930 ad
1676 1894 1892 1949 aquam,

320 1979 645 2033 gutrcuuque
675 1965 863 2018 dixerit
894 1966 1019 2018 mihi
1048 1981 1067 2020 .'
1098 1965 1227 2020 Bibe
1279 1977 1360 2032 tu,
1411 1977 1459 2021 et
1506 1969 1731 2023 camelos
1777 1979 1894 2024 tuas

322 2055 622 2123 adaquabo,
660 2057 777 2121 ipsa
831 2060 931 2112 erit
960 2074 1149 2127 sponsa
1200 2059 1403 2113 domini
1458 2062 1579 2114 mei.
1626 2061 1717 2116 Sic
1767 2076 1896 2132 ergo

323 2149 593 2216 Rebecca,
624 2168 742 2222 quae
772 2156 1162 2225 interpretatur
1197 2156 1454 2222 patientia
1509 2153 1644 2227 (66),
1676 2163 1730 2210 ιιι
1758 2158 1896 2210 vidit

323 2258 577 2312 puerum,
605 2255 660 2298 et
696 2245 931 2315 inspexit
955 2247 1326 2317 propheticum
1379 2247 1624 2313 verbum,
1675 2248 1896 2317 deponit

322 2336 386 2386 de
422 2334 656 2387 humero
684 2335 954 2405 hydriam.
1000 2336 1229 2404 Deponit
1268 2337 1414 2390 enim
1465 2337 1658 2391 elatam
1693 2335 1896 2393 Graiae

322 2422 590 2477 facundiae
622 2426 1012 2496 arrogantiam,
1044 2435 1096 2478 et
1121 2424 1184 2478 ad
1213 2435 1317 2478 tam
1368 2425 1626 2480 humilem
1682 2442 1745 2481 ac
1782 2437 1891 2480 tam

322 2515 623 2583 simplicem
658 2531 717 2571 se
756 2516 1024 2570 inclinans
1051 2516 1424 2585 propheticum
1467 2532 1768 2573 sermonem
1812 2520 1892 2573 di-

321 2608 395 2662 cit
424 2626 439 2661 :
470 2608 602 2661 Bibe
622 2619 705 2672 tu,
733 2619 783 2662 et
809 2608 1031 2662 camelos
1060 2620 1177 2662 tuos
1208 2609 1503 2679 aduquabo.

388 2701 443 2756 3.
473 2701 580 2754 Sed
611 2701 747 2754 dicis
774 2700 1020 2766 fortasse,
1042 2699 1098 2755 Si
1125 2716 1259 2769 puer
1288 2701 1587 2771 prophetici
1619 2699 1893 2756 sermonis

319 2803 468 2847 tenet
498 2793 752 2863 ﬁgurant,
792 2794 1066 2862 quomodo
1094 2803 1309 2861 potatur
1335 2808 1364 2847 a
1390 2792 1664 2857 Rebecca,
1722 2808 1887 2861 quam

316 2889 431 2957 ipse
465 2885 637 2954 magis
664 2894 856 2953 potare
885 2886 1142 2940 deberet?
1182 2884 1318 2939 Vide
1341 2899 1467 2955 ergo
1498 2900 1563 2939 ne
1587 2885 1726 2939 forte
1751 2885 1891 2939 sicut

320 2987 377 3032 et
413 2978 679 3032 Dominus
722 2977 899 3039 Jesus,
925 2993 1043 3029 cum
1072 2977 1190 3047 ipse
1223 2979 1294 3031 sit
1321 2978 1474 3048 panis
1527 2978 1676 3039 vitte,
1698 2986 1752 3030 et
1777 2976 1891 3045 ipse

315 3081 507 3143 pascat
556 3073 773 3125 animas
801 3072 1125 3137 esurientes,
1178 3072 1293 3140 ipse
1345 3086 1559 3125 rursum
1588 3071 1802 3125 esurire
1831 3085 1889 3125 se

319 3166 523 3223 fatetur
553 3183 676 3223 cum
702 3168 837 3222 dicit
869 3168 914 3199 ⁸⁸
940 3186 953 3221 :
983 3166 1215 3231 Esurivi,
1241 3176 1289 3220 et
1320 3168 1541 3221 dedistis
1569 3167 1700 3220 mihi
1732 3182 1886 3220 man-

321 3258 537 3321 ducare,
570 3268 624 3313 et
660 3259 854 3313 iterum
880 3273 1000 3310 cum
1029 3257 1144 3326 ipse
1172 3256 1240 3311 sit
1275 3271 1410 3325 aqua
1461 3258 1582 3309 viva
1617 3265 1672 3311 et
1706 3265 1887 3325 potum

322 3351 411 3404 det
430 3351 683 3404 omnibus
715 3349 1045 3414 sitientibus,
1086 3364 1298 3402 rursum
1329 3348 1673 3418 ipsedicitad
1701 3349 1880 3404 Sama-

325 3442 555 3496 ritanam
585 3444 633 3475 "
658 3460 673 3495 :
704 3443 782 3496 Da
814 3444 940 3497 mihi
967 3446 1175 3511 bibere;
1200 3446 1280 3501 sic
1310 3453 1365 3498 et
1400 3444 1751 3513 prapheticus
1775 3458 1891 3498 ser-

326 3549 432 3596 mo,
464 3550 585 3588 cum
614 3535 729 3603 ipse
780 3547 964 3604 potum
1005 3538 1095 3592 det
1157 3536 1492 3600 sitientibus,
1534 3535 1889 3590 nihilominus

326 3628 437 3696 ipse
469 3631 537 3682 ab
569 3630 652 3683 his
678 3631 854 3700 potari
892 3632 1121 3693 dicatur,
1177 3646 1300 3686 cum
1332 3631 1696 3685 studiosorum
1726 3646 1886 3686 exer-

326 3722 450 3774 citia
477 3730 533 3774 et
560 3721 899 3789 vigilantiam
925 3722 1174 3792 suscipit.
1216 3722 1319 3776 lsta
1357 3737 1487 3792 ergo
1529 3722 1653 3776 talis
1684 3724 1887 3786 anima,

323 3827 439 3880 qua
467 3814 583 3883 agit
612 3823 809 3867 cuncta
840 3818 1127 3883 patienter,
1179 3830 1298 3882 quia:
1356 3824 1465 3869 tam
1517 3824 1767 3884 prompta
1803 3825 1888 3870 est

323 3913 374 3957 et
397 3909 551 3957 tanta
581 3904 885 3958 eruditione
915 3906 1165 3969 subnixa,
1197 3920 1318 3973 quae
1343 3904 1411 3959 de
1440 3904 1720 3975 profundis
1748 3906 1887 3959 hau-

322 3996 430 4049 rire
456 3996 698 4050 scientiae.
739 3994 940 4050 ﬂuenta
977 3997 1275 4060 consuevit,
1300 3997 1412 4066 ipsa
1444 4007 1622 4066 potest
1647 3998 1885 4067 copulari

321 4087 523 4156 nuptiis
574 4087 797 4140 Christi.
832 4086 944 4141 Nisi
976 4102 1106 4158 ergo
1163 4088 1407 4157 quotidie
1456 4089 1642 4144 venias
1690 4093 1757 4143 ad
1790 4105 1889 4159 pu-

319 4187 458 4244 teos,
513 4179 615 4233 nisi
645 4178 886 4248 quotidie
911 4180 1133 4235 haurias
1160 4196 1350 4250 aquas,
1402 4197 1507 4236 non
1552 4181 1723 4235 solum
1753 4181 1888 4236 alios

318 4280 509 4339 potare
544 4286 649 4324 non
678 4271 907 4340 poteris,
935 4271 1028 4324 sed
1066 4279 1121 4324 et
1168 4272 1282 4342 ipse
1305 4287 1520 4343 quoque
1552 4272 1700 4327 sitim
1736 4272 1885 4327 verbi

319 4360 413 4415 Dei
448 4361 695 4430 patieris.
729 4361 864 4415 Audi
890 4372 944 4415 et
977 4361 1261 4416 Dominum
1295 4365 1564 4419 dicentem
1617 4364 1672 4418 in
1711 4363 1886 4417 Evan-

1999 1885 2300 1935 neomenias
2338 1893 2555 1946 vestras,
2580 1893 2625 1935 et
2657 1882 2902 1947 sabbata,
2927 1891 2975 1935 et
2998 1882 3134 1933 diem
3170 1896 3417 1949 magnum
3459 1895 3565 1932 non

1998 1974 2254 2025 sustineo.
2285 1971 2585 2041 Jejunium,
2617 1982 2663 2025 et
2698 1971 2878 2039 ferias,
2920 1982 2965 2024 et
3013 1974 3124 2025 dies
3154 1970 3313 2039 festos
3371 1977 3566 2023 vestros

1996 2063 2108 2119 odit
2139 2065 2316 2116 anima
2345 2080 2480 2118 mea.
2514 2063 2637 2118 Odit
2658 2079 2784 2131 ergo
2816 2064 2955 2118 Deus
2977 2078 3071 2119 cos
3102 2064 3191 2132 qui
3225 2080 3388 2117 unum
3423 2063 3564 2118 dietn

1996 2167 2193 2228 putant
2223 2155 2417 2210 festum
2444 2155 2584 2209 diem
2614 2170 2733 2209 esse
2784 2155 3023 2208 Domini.
3089 2154 3382 2208 Christiani
3416 2152 3564 2207 omni

1999 2250 2087 2303 die
2109 2264 2304 2304 carnes
2336 2249 2459 2317 agni
2499 2249 2814 2313 comedunt,
2852 2247 2901 2301 id
2926 2257 3008 2301 est
3054 2260 3249 2300 carnes
3281 2245 3428 2300 verbi
3470 2243 3564 2297 Dei

1997 2342 2239 2411 quotidie
2275 2349 2514 2394 sumunt.
2562 2337 2769 2392 Pascha
2817 2340 2954 2391 enim
2990 2349 3227 2391 nostrum
3262 2336 3576 2390 immolatus

1994 2445 2067 2488 est
2091 2432 2330 2486 Christus
2359 2432 2426 2485 ³⁵.
2458 2432 2523 2485 Et
2548 2433 2674 2500 quia
2709 2430 2791 2484 lex
2840 2429 3063 2485 Paschse
3122 2430 3245 2483 talis
3271 2438 3378 2494 est,
3416 2440 3476 2482 ut
3509 2429 3563 2484 in

1997 2540 2226 2593 vespera
2253 2523 2593 2587 comedatur,
2645 2536 2926 2592 propterea
2995 2521 3046 2574 in
3099 2536 3324 2590 vespera
3379 2520 3564 2574 mundi

1994 2633 2189 2689 passus
2235 2627 2320 2670 est
2371 2615 2652 2678 Dominus,
2698 2624 2756 2667 ut
2809 2624 2863 2667 tu
2915 2627 3129 2680 semper
3177 2612 3472 2665 manduces
3499 2612 3567 2666 de

1994 2710 2257 2765 carnibus
2280 2706 2477 2771 Verbi,
2501 2709 2626 2775 quia
2655 2720 2873 2773 semper
2909 2704 2961 2756 in
3003 2718 3224 2772 vespera
3256 2717 3337 2766 es,
3363 2718 3565 2771 usque-

1993 2813 2101 2865 qno
2127 2797 2311 2851 veniat
2331 2811 2512 2850 mane.
2545 2797 2610 2850 Et
2640 2796 2682 2849 si
2714 2796 2765 2849 in
2796 2796 2894 2848 hac
2919 2798 3138 2862 vespera
3164 2794 3427 2847 sollicitus
3449 2793 3566 2847 fuc-

1995 2890 2092 2954 ris,
2120 2901 2174 2942 et
2202 2890 2254 2941 in
2287 2887 2410 2942 ﬂetu
2448 2903 2512 2942 ac
2540 2887 2786 2957 jejuniis,
2816 2898 2980 2955 atque
3010 2885 3155 2939 omni
3200 2885 3384 2941 labore
3412 2885 3568 2954 justi-

1997 2982 2083 3034 tite
2112 2980 2274 3033 vitam
2309 2981 2551 3043 duxeris,
2588 2979 2791 3049 poteris
2824 2988 2878 3033 et
2926 2989 2980 3032 tu
3021 2979 3205 3033 dicere
3249 2977 3295 3010 ⁸⁸
3324 2994 3339 3030 :
3372 2976 3453 3030 Ad
3480 2994 3564 3032 ve-

1993 3089 2199 3144 speram
2221 3072 2581 3125 demorabitur
2608 3073 2786 3141 ﬂetus,
2818 3082 2867 3126 et
2899 3073 2968 3126 ad
2994 3073 3315 3126 matutinum
3350 3070 3557 3127 ltetitia.

1990 3168 2288 3225 Lartabet‘is
2308 3166 2454 3221 enim
2484 3182 2666 3231 mane,
2691 3168 2743 3220 id
2774 3176 2858 3221 est
2888 3168 2939 3220 iu
2971 3166 3166 3221 saeculo
3194 3165 3398 3230 futuro,
3426 3166 3470 3220 si
3509 3165 3562 3219 in

1992 3264 2097 3318 hoc
2125 3262 2324 3317 sa-culo
2348 3261 2580 3316 fructum
2603 3257 2827 3326 justitiaz
2863 3259 2915 3312 in
2949 3258 3073 3313 ﬂetu
3101 3266 3153 3313 et
3186 3259 3371 3311 labare
3397 3257 3565 3313 colle-

1991 3358 2156 3428 geris.
2190 3357 2379 3411 Venite
2405 3372 2534 3428 ergo
2568 3367 2623 3409 et
2647 3370 2742 3409 vos
2767 3355 2891 3408 dum
2937 3363 3146 3422 tempus
3176 3362 3279 3418 est,
3312 3353 3565 3406 bibamus

1991 3451 2056 3506 de
2105 3458 2268 3520 puteo
2317 3449 2544 3503 visionis
2605 3447 2694 3501 ubi
2735 3447 2884 3500 Isaac
2912 3443 3320 3508 deambulabat,
3380 3453 3436 3497 et
3467 3441 3560 3496 ubi

1990 3542 2236 3611 procedit
2267 3541 2333 3594 ad
2369 3539 2709 3594 exercitium.
2769 3537 3009 3593 Observa
3047 3545 3250 3607 quanta
3296 3544 3560 3604 geruntur

1990 3633 2058 3687 ad
2078 3647 2262 3702 aquas.
2295 3631 2359 3686 Et
2390 3641 2443 3684 tu
2482 3630 2731 3684 invitaris
2783 3629 3023 3699 quotidie
3079 3627 3263 3681 venire
3289 3626 3354 3680 ad
3389 3638 3559 3693 aquas

1989 3725 2142 3778 verbi
2187 3724 2303 3788 Dei,
2366 3732 2419 3777 et
2449 3722 2709 3777 assistere
2747 3720 2922 3791 puteis
2968 3719 3104 3788 ejus,
3154 3719 3295 3772 sicut
3330 3714 3563 3770 faciebat

1990 3817 2256 3882 Rebecca,
2284 3817 2350 3871 tle
2373 3831 2478 3884 qua
2518 3815 2711 3869 dicitur
2744 3812 2788 3844 ³⁷
2818 3830 2832 3865 :
2885 3809 3043 3880 Virgo
3081 3820 3192 3864 erat
3222 3810 3413 3863 decora
3447 3807 3560 3862 bal-

1990 3910 2054 3962 de
2081 3920 2127 3962 et
2153 3913 2228 3963 vir
2251 3924 2353 3961 non
2380 3914 2689 3977 cognoverat
2739 3919 2874 3958 eam.
2912 3900 2981 3956 Et
3006 3902 3140 3967 lucc,
3200 3902 3402 3971 inquit,
3431 3899 3562 3953 exiit

1990 4016 2106 4055 sero
2132 3998 2346 4051 haurire
2377 4012 2590 4067 aquam.

2059 4089 2115 4144 4.
2147 4088 2256 4142 Nec
2289 4088 2393 4140 hoc
2423 4087 2623 4139 frustra
2650 4083 2907 4152 scriptum
2942 4089 3025 4135 est
3060 4079 3128 4134 de
3154 4095 3238 4133 ea.
3273 4079 3563 4134 Verumta-

1989 4194 2114 4233 men
2144 4186 2326 4232 movet
2351 4192 2458 4240 me,
2483 4175 2613 4244 quid
2637 4183 2723 4229 est
2749 4174 2893 4243 quod
2925 4172 3125 4227 dicitur
3160 4187 3175 4228 :
3210 4169 3367 4242 Virgo
3419 4182 3555 4237 erat,

1989 4274 2068 4326 vir
2097 4287 2199 4324 non
2222 4278 2528 4340 cognoverat
2579 4283 2732 4332 eam;
2763 4265 2913 4333 quasi
2968 4279 3099 4318 vero
3130 4263 3273 4318 aliud
3302 4265 3373 4317 sit
3404 4265 3563 4331 virgo

1991 4364 2091 4419 nisi
2117 4377 2277 4432 quam
2311 4360 2394 4412 vir
2414 4373 2521 4412 non
2545 4354 2774 4426 contigit
2802 4354 2933 4425 (69).
2959 4355 3025 4408 Et
3064 4353 3192 4425 quid
3217 4354 3317 4408 sibi
3346 4353 3560 4407 videtur

317 4453 471 4522 geltis
504 4453 587 4504 ‘°:
633 4451 738 4518 Qui
763 4455 901 4516 sitit,
934 4455 1130 4517 veniat,
1192 4466 1241 4509 et
1287 4455 1450 4509 bibat.
1477 4455 1582 4509 Sed
1609 4464 1686 4521 tu,
1718 4464 1775 4508 ut
1802 4454 1871 4507 vi-
1917 4452 1962 4507 D
1993 4455 2421 4508 additamentum
2447 4451 2498 4503 in
2534 4449 2820 4517 virginem,
2857 4455 2914 4500 ut
2936 4447 3150 4500 dicatur
3175 4444 3299 4513 quia
3342 4442 3428 4496 vir
3450 4458 3555 4496 non

318 4550 439 4609 deo,
466 4561 571 4600 ncc
601 4546 799 4605 esuris,
829 4562 928 4600 nec
958 4547 1076 4600 sitis
1099 4545 1389 4613 justitiam,
1413 4556 1467 4600 et
1488 4545 1887 4616 quomodoss

318 4641 521 4709 poteris
545 4640 726 4693 dicere
750 4639 793 4670 ³¹
820 4658 834 4694 :
885 4639 1036 4694 Sicut
1063 4657 1243 4694 cervas
1293 4640 1555 4694 desiderat
1586 4641 1656 4693 ad
1718 4640 1885 4708 fontes

319 4749 594 4803 aquarum,
622 4734 697 4785 ita
725 4728 986 4786 desiderat
1013 4734 1189 4786 anima
1217 4749 1331 4787 mea
1369 4734 1436 4786 ad
1464 4744 1533 4796 te,
1569 4732 1732 4790 Deus.
1760 4731 1889 4787 Siti-

318 4824 387 4875 vit
409 4822 588 4873 anima
626 4837 741 4874 mea
768 4823 836 4875 ad
861 4821 1024 4875 Deum
1046 4823 1214 4875 vivum
1249 4821 1363 4892 (67)
1391 4837 1403 4871 :
1439 4828 1648 4892 quando
1679 4823 1885 4876 veniam

318 4924 363 4967 et
385 4914 578 4983 parebo
615 4925 734 4969 ante
799 4927 1129 4983 conspectum
1165 4915 1322 4982 ejus?
1372 4913 1613 4971 Obsecro
1656 4929 1752 4969 vos
1795 4914 1885 4983 qui

320 5008 590 5061 auditorio
619 5007 768 5061 verbi
793 5021 1011 5073 semper
1036 5005 1313 5066 assistitis.
1337 5008 1603 5077 patienter
1631 5006 1882 5076 accipite,

321 5099 493 5152 donec
526 5100 801 5168 paululum
832 5102 1169 5176 negligentes
1207 5110 1258 5156 et
1290 5102 1503 5156 desides
1542 5112 1886 5153 commonea-

384 5187 450 5260 ’ξ
470 5188 607 5244 Gen.
644 5208 794 5257 xxiv,
821 5193 905 5248 19.
1003 5196 1049 5225 ⁸³
1076 5193 1203 5249 Ose.
1242 5208 1304 5260 tt,
1337 5194 1425 5254 19,
1451 5191 1540 5246 20.

320 5272 389 5325 Iv,
419 5258 474 5311 7.
550 5260 596 5292 ³⁸
632 5260 790 5315 Joan.
816 5279 912 5328 vn,
945 5265 1033 5319 37.
1112 5265 1154 5297 ³¹
1185 5258 1326 5318 Psal.
1364 5279 1495 5324 XLII.
1520 5264 1573 5325 1.
1597 5261 1649 5315 2-

319 5345 370 5385 V.
406 5329 461 5386 7.
536 5329 582 5361 ³⁵
602 5331 924 5397 Ps;t.|._xx1x,
958 5336 1011 5390 5.
1086 5336 1131 5375 ³⁷
1167 5335 1304 5390 Gen.
1349 5350 1477 5398 xxv,
1505 5333 1592 5385 16.

385 5415 498 5485 (65)
527 5419 620 5471 Sic
656 5436 785 5475 mss.
825 5423 989 5485 Alias,
1014 5424 1125 5475 vult
1155 5435 1205 5477 te
1233 5423 1333 5476 sibi
1358 5423 1693 5488 despansare.

385 5488 498 5552 (66)
534 5488 763 5543 Rebecca
783 5508 896 5560 qua:
918 5491 1292 5560 interpretatur
1312 5492 1594 5560 patientia,
1613 5507 1641 5541 a
1659 5503 1734 5550 :tn
1750 5490 1886 5544 mul-

319 5563 433 5626 tum
450 5571 495 5610 et
524 5569 627 5617 ΠΤ)
653 5564 984 5626 exspectavit.
1182 5590 1195 5603 μί

387 5625 496 5698 (67)
524 5631 697 5701 Alias,
750 5625 830 5683 ad
885 5632 1048 5687 Deam
1099 5631 1295 5701 {autem
1321 5634 1514 5689 vivum.
1540 5631 1645 5687 Sed
1674 5631 1726 5685 in
1749 5647 1879 5686 mss.

321 5692 465 5751 deest
478 5692 594 5753 'vux
633 5692 853 5767 (autem.

1994 4551 2327 4615 cognoverat
2361 4540 2520 4596 eam?
2546 4539 2640 4592 Est
2661 4537 2801 4591 enim
2839 4535 3015 4603 aliqua
3045 4536 3198 4604 virgo
3231 4548 3391 4603 quam
3421 4548 3556 4587 con-

1998 4635 2183 4706 tigerit
2212 4632 2329 4686 vir?
2362 4630 2513 4700 Saepe
2535 4629 2648 4699 jam
2675 4629 2783 4684 dixi
2815 4628 2960 4697 quod
2989 4626 3042 4680 in
3072 4627 3157 4681 bis
3181 4640 3286 4679 non
3313 4625 3558 4678 historiae

1993 4735 2310 4790 narrantur,
2346 4726 2439 4780 sed
2472 4725 2729 4793 mysteria
2764 4727 3150 4775 contexuntur.
3183 4716 3316 4771 Tale
3340 4731 3470 4786 ergo
3501 4717 3554 4768 in

1995 4820 2098 4875 hoc
2148 4817 2350 4887 aliquid
2408 4816 2633 4870 indicari
2671 4822 2818 4883 puto.
2854 4810 3008 4865 Sicut
3062 4810 3309 4864 Christus
3361 4806 3558 4861 animus

1994 4915 2079 4966 vir
2103 4912 2319 4974 dicitur,
2372 4909 2460 4964 cui
2495 4909 2651 4962 nubit
2679 4907 2856 4960 anima
2887 4920 3009 4960 cum
3060 4903 3211 4957 venit
3251 4900 3317 4954 ad
3354 4899 3553 4954 iidem:

1991 5003 2062 5058 ita
2094 5012 2148 5057 et
2178 5003 2307 5057 huic
2354 5000 2662 5056 contrarius
2697 4998 2778 5052 vir
2814 4996 2905 5051 ille
2939 5005 3043 5062 est,
3076 4995 3160 5048 cui
3193 4991 3345 5047 nubit
3373 4992 3553 5045 anima

1991 5111 2113 5152 cum
2139 5095 2375 5150 declinat
2397 5094 2462 5146 ad
2486 5092 2786 5161 perﬁdiam.
2817 5090 2935 5160 ipse
2958 5090 3046 5143 ille
3071 5088 3161 5158 qui
3202 5097 3257 5141 et
3302 5086 3555 5141 inimicus

1632 5192 1677 5224 "
1716 5190 1869 5243 liam.
1899 5190 2040 5254 I,M.
2117 5186 2163 5221 ³⁷
2188 5188 2324 5244 Gen.
2354 5202 2504 5244 χχιιι.
2530 5184 2617 5239 ib.
2694 5185 2740 5217 ’⁸
2770 5165 2955 5237 Matth:
2996 5198 3121 5248 xxv,
3165 5181 3254 5254 55.
3294 5176 3556 5254 ‘_”‘Jo_an.

1729 5262 1773 5293 ³⁸
1797 5262 1958 5318 lCor.
1997 5258 2170 5327 ιν,10.
2247 5259 2293 5290 ³³
2315 5257 2446 5313 Luc.
2472 5273 2525 5324 ν,
2556 5256 2645 5311 51.

2719 5256 2766 5288 ³⁸
2800 5255 2904 5309 lsa.
2936 5270 2975 5321 ι,
3007 5253 3095 5319 15,
3128 5253 3216 5308 ib.
3291 5250 3336 5283 ³⁸
3375 5250 3395 5304 l
3426 5248 3555 5302 Cor.

2062 5418 2171 5491 (68)
2205 5419 2377 5473 Dicite
2408 5417 2532 5491 mihi
2562 5434 2672 5491 vos,
2703 5425 2810 5491 etc.
2837 5415 2991 5491 βὶιςιι⁸
3019 5415 3163 5469 hunc
3187 5413 3361 5491 locum
3392 5409 3557 5465 Jonas

1991 5484 2400 5545 Aurelianensis
2440 5490 2532 5541 lib.
2571 5504 2586 5542 t
2620 5487 2694 5540 De
2721 5487 2890 5539 instit.
2920 5486 3067 5548 laic.,
3096 5502 3214 5558 cap.
3243 5484 3329 5537 H.
3385 5551 3394 5558 _
3499 5549 3508 5558 _

2063 5561 2174 5631 (69)
2200 5560 2366 5622 Alias,
2412 5560 2607 5631 aliqua
2658 5560 2724 5611 sit
2758 5557 2903 5624 virgo
2951 5571 3109 5625 quam
3150 5557 3229 5610 uir
3255 5557 3552 5620 contigerit.

1992 5631 2118 5687 Sed.
2151 5646 2279 5687 tttss.
2314 5639 2372 5683 ut
2407 5630 2461 5684 in
2495 5637 2679 5684 nostro
2715 5636 2880 5682 textu.
