4050 6142
438 259 546 316 219

1925 253 2246 314 ORIGENIS

3583 254 3691 310 ἓΞο

442 378 606 435 homo
634 377 854 440 dicitur,
890 390 1008 430 cum
1038 374 1224 429 lolium
1249 371 1550 442 superserit
1575 371 1760 426 tritico
1797 371 1865 424 ³⁸.
1896 368 2014 425 Non
2045 374 2089 430 Α
2120 370 2327 443 Raguel
2378 372 2445 431 δι.
2495 370 2741 427 Nondum
2799 369 3035 427 moveris
3059 409 3076 434 ,
3128 376 3189 423 ιιι
3249 367 3365 423 hate
3414 366 3687 438 intelligas

444 482 578 540 ergo
608 465 805 523 suillcit
826 467 1020 520 animae
1066 475 1126 518 ut
1178 472 1332 517 casta
1369 463 1445 517 sit
1479 476 1732 532 corpore,
1764 476 1900 531 opus
1929 469 2016 515 est

447 571 507 617 ιιι
534 571 591 617 et
618 560 705 615 vir
738 560 828 615 hic
858 559 1129 628 pessimus
1161 573 1268 612 non
1304 558 1622 628 cognoverit
1652 571 1795 612 eam.
1831 554 2017 611 Potest

2118 463 2440 533 spiritaliter
2461 461 2607 518 dici?
2632 461 2739 515 Aut
2768 469 2926 531 putas
2954 474 3169 529 semper
3186 472 3314 512 casu
3347 457 3690 527 contingere,

2119 562 2179 607 ut
2232 553 2560 622 patriarchae
2601 553 2669 607 ad
2700 561 2890 623 puteos
2923 551 3148 605 veniant
3185 559 3239 606 et
3269 549 3335 603 ad
3362 564 3531 618 aquas
3558 564 3689 604 con-

443 654 590 709 enim
624 650 739 706 ﬁeri
770 662 827 705 ut
878 651 1078 706 habeat
1116 650 1239 716 quis
1266 650 1321 703 in
1361 648 2015 739 corpore.virginitatem,
2113 644 2260 715 jugia
2280 644 2617 700 sortiantur?
2649 642 2752 710 Qui
2780 647 2892 698 haec
2922 643 2995 698 ita
3030 649 3218 711 putat,
3249 640 3500 693 animalis
3531 639 3688 695 homo

444 754 499 799 et
547 757 886 814 cognoscens
947 743 1110 797 istum
1156 743 1331 797 virum
1396 742 1690 810 pessimum
1740 739 2014 795 diabolum

443 843 606 905 atque
632 835 700 890 ab
739 833 1292 903 eoconcupiscenlia}
1333 833 1510 903 jacula
1568 832 1620 886 in
1648 833 1811 887 corde
1842 831 2018 885 susci-

444 927 620 996 piens,
661 927 855 979 animae
888 926 1183 995 perdiderit
1217 924 1549 979 castitatem.
1588 925 1721 992 Quia
1745 939 1876 992 ergo
1909 923 2015 977 Re-

443 1018 607 1074 becca
640 1018 795 1087 virgo
820 1028 938 1071 erat
968 1026 1160 1072 sancta
1182 1033 1412 1085 corpore
1443 1026 1498 1071 et
1549 1017 1765 1085 spiritu,
1816 1015 2019 1070 idcirco

444 1109 563 1180 ejus
587 1108 820 1177 duplicat
861 1109 1069 1162 laudem
1103 1118 1156 1163 et
1179 1110 1309 1164 dicit
1336 1126 1350 1162 :
1386 1108 1542 1178 Virgo
1569 1118 1702 1173 erat,
1733 1117 1781 1161 et
1813 1107 1892 1160 vir
1916 1124 2017 1160 non

444 1209 757 1269 cognoverat
807 1217 946 1254 eam.
1000 1199 1237 1270 Vespere
1282 1217 1412 1270 ergo
1440 1202 1587 1255 venit
1616 1200 1683 1254 ad
1729 1214 1917 1269 aquas.
1947 1197 2021 1251 De

443 1306 670 1358 vespera
695 1291 804 1360 jam
831 1306 994 1365 supra
1019 1292 1280 1348 diximus.
1310 1292 1443 1347 Vide
1467 1302 1646 1346 autem
1675 1292 2017 1359 prudentiam

446 1382 619 1452 pueri,
670 1398 774 1437 non
833 1385 950 1437 vult
1000 1399 1279 1439 assumere
1342 1399 1594 1453 sponsam
1646 1384 1867 1439 domino
1919 1397 2020 1437 suo

448 1473 620 1540 Isaac,
653 1475 756 1529 nisi
778 1489 941 1543 quam
968 1476 1235 1530 invenerit
1263 1477 1513 1531 decoram
1548 1487 1603 1530 et
1629 1476 1906 1545 pulchram
1934 1473 2017 1528 fa-a

450 1564 534 1619 cie
578 1566 868 1634 virginem,
920 1574 975 1621 et
1010 1581 1115 1621 non
1173 1565 1349 1621 solum
1392 1566 1681 1636 virginem,
1716 1567 1812 1620 sed
1855 1579 2018 1635 quam

448 1673 555 1713 non
599 1659 888 1727 contigerit
938 1659 1040 1723 vir,
1107 1668 1163 1713 et
1212 1660 1315 1714 nisi
1342 1674 1504 1728 quam
1557 1658 1822 1729 repererit
1853 1673 2020 1728 aquas

2117 745 2220 799 est.
2253 746 2308 791 et
2346 752 2450 789 non
2471 736 2689 806 percipit
2718 752 2836 807 qua:
2863 736 2966 789 sint
2998 734 3210 803 spiritus
3242 731 3335 785 Dei
3365 731 3433 785 δ’.
3465 729 3574 784 Sed
3596 732 3689 799 qui

2118 829 2233 882 vult
2263 837 2478 882 maneat
2507 828 2559 882 in
2586 829 2693 894 his,
2725 837 2941 882 maneat
2967 824 3219 881 animalis
3250 823 3394 895 (7i):
3424 836 3527 891 ego
3553 820 3692 876 Pau-

2120 919 2227 973 lum
2265 918 2566 988 apostolum
2603 934 2834 989 sequens
2859 958 2874 984 ,
2909 917 3032 971 dico
3066 916 3179 970 haec
3207 929 3329 971 esse
3357 914 3650 985 allegorica
3671 953 3688 977 ,

2119 1021 2173 1066 et
2208 1022 2525 1066 sanctorum
2564 1013 2778 1080 nuptias
2808 1010 3244 1079 conjunctionem
3270 1009 3393 1064 tlieo
3428 1025 3548 1064 esse
3572 1006 3695 1063 ani-

2120 1119 2221 1159 mae
2262 1121 2382 1160 cum
2413 1105 2579 1159 verbo
2625 1104 2741 1160 Dei.
2792 1103 2897 1169 Qui
2936 1103 3080 1158 enim
3125 1103 3304 1173 jungit
3339 1118 3394 1159 se
3422 1100 3692 1165 Domino,

2120 1213 2257 1250 unus
2298 1198 2517 1267 spiritus
2569 1208 2645 1252 est
2696 1197 2762 1251 “.
2823 1196 2973 1252 Hanc
3022 1206 3203 1250 autem
3252 1194 3692 1260 coniunctionem

2121 1288 2315 1342 animae
2342 1305 2462 1343 cum
2496 1291 2681 1353 verbo,
2703 1299 2908 1343 certum
2935 1299 3145 1343 estnon
3173 1288 3331 1343 aliter
3363 1286 3480 1344 ﬁeri
3506 1302 3693 1356 posse,

2122 1380 2223 1435 nisi
2286 1395 2384 1450 per
2433 1381 2849 1436 instructionem
2904 1382 3211 1437 divinorum
3256 1382 3554 1443 librorum,
3595 1369 3717 1449 qui.

2124 1471 2422 1542 ﬁguraliter
2466 1474 2607 1542 putei
2656 1474 3012 1542 appellantur.
3054 1474 3135 1528 Ad
3179 1487 3317 1542 quos
3368 1471 3412 1527 si
3443 1472 3564 1540 quis
3602 1486 3693 1525 ve-

2123 1564 2256 1631 niat,
2285 1576 2340 1618 et
2375 1565 2591 1618 hauriat
2629 1580 2693 1620 ex
2725 1566 2811 1620 his
2856 1580 3046 1635 aquas,
3079 1565 3132 1619 itl
3174 1573 3259 1619 est
3291 1563 3601 1617 meditando
3639 1563 3693 1617 in

2122 1656 2238 1723 his,
2273 1670 2492 1711 sensum
2529 1665 2585 1711 et
2621 1656 2951 1712 intellectum
2981 1657 3244 1727 percipiat
3274 1656 3565 1722 altiorem,
3608 1655 3696 1708 in-

448 1749 807 1815 haurientem,
833 1767 939 1804 non
971 1749 1085 1804 vult
1106 1749 1268 1804 aliam
1296 1727 1634 1818 despondere
1651 1751 1871 1806 domino
1897 1727 2016 1818 suo,
2049 1727 2092 1782 Β
2125 1751 2300 1804 veniet
2325 1749 2543 1819 nuptias
2572 1749 2683 1803 Deo
2705 1750 2917 1819 dignas.
2952 1747 3313 1818 Conjungitur
3342 1748 3489 1802 enim
3514 1747 3695 1801 anima

446 1858 556 1898 non
583 1843 631 1897 ei
665 1844 757 1896 dat
783 1851 1121 1910 ornamenta,
1150 1843 1249 1897 nisi
1281 1843 1399 1897 talis
1438 1844 1526 1898 sit.
1563 1842 1677 1897 Non
1718 1842 1811 1896 dat
1864 1843 2022 1897 inau-

446 1947 558 1996 res,
593 1949 698 1988 tton
729 1933 1079 1987 braccttialia.
1110 1933 1290 1988 Manet
1319 1934 1699 2003 incomposita,
1722 1933 2017 2001 inerudita,

445 2025 739 2093 incompta.
791 2023 1051 2079 Putamus
1087 2024 1215 2093 quia
1263 2033 1422 2094 pater
1477 2026 1737 2080 Rebecca:
1759 2025 1842 2079 vir
1870 2026 2023 2082 dives

445 2130 554 2172 non
580 2116 817 2171 habebat
860 2117 1190 2171 bracchialia
1236 2126 1291 2171 et
1348 2118 1586 2184 inaures,
1616 2133 1751 2188 quas
1774 2119 2019 2188 impone-

444 2223 531 2268 ret
557 2213 682 2268 lilia:
703 2212 848 2266 suae?
874 2211 1044 2265 Tanta
1079 2211 1196 2280 ejus
1221 2212 1550 2283 negligentia
1575 2222 1720 2278 erat,
1752 2221 1847 2267 aut
1888 2228 2020 2267 ava-

446 2303 590 2366 ritia,
621 2314 679 2357 ut
712 2302 834 2356 tiliae
882 2311 1201 2356 ornamenta
1235 2319 1341 2356 nun
1396 2303 1589 2358 daret?
1636 2300 1741 2358 Sed
1775 2304 2021 2358 Rebecca

445 2409 551 2449 non
586 2394 699 2448 vult
726 2396 793 2450 de
818 2410 952 2450 auro
983 2394 1261 2450 Bathuelis
1287 2395 1497 2449 ornari.
1524 2394 1638 2451 Non
1663 2406 1787 2450 sunt
1819 2397 1867 2451 ei
1893 2412 2021 2450 con-

444 2486 605 2557 digna
661 2501 982 2541 ornatnenta
1034 2487 1269 2541 hominis
1296 2486 1515 2541 barbari
1548 2500 1602 2542 et
1651 2488 1908 2558 imperiti.
1949 2490 2023 2543 De

445 2576 606 2632 domo
654 2578 886 2633 Abralta:
916 2580 1145 2649 requirit
1199 2578 1440 2647 monilia,
1496 2580 1621 2648 quia
1661 2580 1920 2647 patientia
1953 2582 2023 2637 de

445 2666 605 2721 domo
629 2669 893 2735 sapientis
919 2684 1165 2725 ornatur.
1217 2669 1332 2724 Non
1375 2678 1667 2739 potuerunt
1704 2686 1834 2741 ergo
1858 2687 2020 2727 aures

444 2758 705 2813 Rebeccae
729 2759 971 2829 recipere
997 2761 1249 2816 decorem
1273 2776 1435 2817 suum
1456 2801 1471 2826 ,
1508 2761 1610 2816 nisi
1648 2764 1859 2817 veniret
1886 2779 2023 2831 puer

442 2850 700 2915 Abrahae,
737 2858 789 2905 et
842 2851 960 2920 ipse
997 2866 1091 2907 eas
1127 2864 1374 2907 ornaret.
1414 2851 1526 2908 Nec
1558 2868 1748 2907 manus
1793 2855 1910 2923 ejus
1939 2868 2027 2908 ore

444 2953 701 3000 nantenta
757 2945 1082 3014 suscipiunt,
1139 2946 1241 3000 nisi
1297 2962 1417 3016 quae
1445 2947 1656 3001 miserit
1689 2947 1858 3002 lsaac.
1901 2946 2024 3001 Vult

2121 1842 2238 1911 ejus
2267 1858 2389 1897 cunt
2430 1843 2558 1898 Deo.
2594 1842 2783 1898 Desilit
2813 1845 2978 1897 etiam
3007 1842 3075 1897 de
3103 1841 3325 1896 camelis
3346 1881 3362 1907 ,
3393 1841 3445 1896 id
3474 1849 3562 1896 est
3584 1840 3695 1896 dis-

2120 1936 2264 1990 cedit
2313 1951 2343 1988 a
2388 1934 2570 2000 vitiis,
2602 1934 2787 2002 abjicit
2814 1934 2926 2005 (72)
2956 1933 3355 1988 irrationabiles
3391 1948 3608 1998 sensus,
3639 1941 3700 1989 et

2120 2024 2466 2095 coniungitur
2511 2025 2684 2080 lsaac.
2741 2025 2965 2095 Dignum
3013 2038 3245 2093 namque
3288 2031 3373 2078 est
3437 2032 3493 2077 ut
3545 2023 3696 2078 Isaac

2120 2126 2361 2172 transeat
2411 2119 2478 2173 de
2510 2118 2710 2172 virtute
2747 2117 2814 2172 ad
2851 2117 3128 2171 virtutem.
3163 2116 3266 2182 Qui
3297 2116 3517 2171 virtutis
3553 2118 3697 2172 lilius

2122 2222 2206 2263 εει
2239 2207 2425 2274 Sorae,
2460 2224 2605 2263 nunc
2642 2208 2989 2277 conjungitur
3015 2217 3070 2262 et
3101 2209 3343 2264 sociatur
3379 2209 3695 2279 patientiae,

2122 2319 2241 2373 qua:
2266 2314 2351 2358 est
2381 2303 2645 2358 Rebecca.
2691 2304 2757 2357 Et
2788 2303 2891 2357 hoc
2922 2313 3005 2357 est
3039 2303 3273 2358 transire
3301 2303 3369 2356 de
3398 2302 3598 2357 virtute
3627 2304 3694 2355 ad

2124 2395 2403 2459 virtutem,
2430 2405 2486 2448 et
2514 2410 2579 2449 ex
2610 2394 2713 2448 [ide
2747 2396 2814 2450 ad
2849 2395 3034 2450 ﬁdem.
3075 2393 3180 2448 Sed
3209 2403 3266 2448 et
3293 2394 3360 2448 ad
3401 2394 3692 2464 Evangelia

2123 2489 2404 2542 veniamus
2431 2486 2498 2542 ⁸⁸.
2524 2488 2644 2556 Ipse
2681 2488 2942 2542 Dominus
2968 2502 3093 2542 cum
3120 2502 3186 2541 ex
3216 2487 3409 2541 itinere
3437 2485 3694 2557 fatigatus

2124 2579 2333 2645 fuisset,
2358 2580 2636 2636 videamus
2665 2580 2752 2634 ubi
2783 2581 3019 2650 requiem
3043 2580 3260 2650 quaerit.
3292 2577 3472 2642 Venit,
3497 2578 3697 2647 inquit,

2123 2672 2189 2727 ad
2224 2681 2467 2741 puteum,
2500 2682 2553 2726 et
2575 2672 2802 2727 sedebat
2827 2687 2990 2741 super
3010 2687 3155 2726 eum.
3182 2670 3344 2725 Vides
3373 2670 3571 2739 ubique
3591 2671 3696 2726 sibi

2123 2764 2459 2819 concordare
2484 2765 2765 2834 mysteria,
2795 2764 2945 2817 vides
2976 2761 3111 2817 Novi
3166 2772 3222 2816 et
3262 2761 3471 2816 Veteris
3503 2760 3696 2815 Testa-

2125 2857 2294 2912 ntenti
2326 2871 2599 2911 consonas
2632 2854 2858 2910 fortnas.
2911 2854 2985 2908 Ibi
3010 2856 3077 2908 ad
3108 2862 3304 2923 puteos
3341 2863 3397 2907 et
3424 2851 3490 2906 ad
3528 2865 3697 2920 aquas

2123 2949 2377 3012 venitur,
2428 2958 2487 3002 ut
2538 2948 2886 3002 inveniantur
2936 2960 3149 3016 sponsae
3187 2945 3322 3015 (75),
3354 2952 3410 2999 et
3457 2941 3695 2999 Ecclesia

445 3040 591 3091 enim
622 3053 785 3093 aurea
817 3037 927 3109 (70)
966 3039 1015 3092 in
1053 3039 1275 3093 auribus
1304 3039 1585 3107 suscipere
1615 3039 1800 3104 verba,
1835 3050 1886 3094 et
1921 3058 2021 3095 au-
2047 3061 2091 3119 ο
2125 3041 2343 3096 Christo
2375 3042 2426 3094 in
2462 3041 2685 3095 lavacro
2719 3054 2876 3108 aqua:
2910 3038 3276 3107 conjungitur.
3323 3034 3485 3090 Vides
3524 3048 3698 3104 quan-

445 3146 573 3186 reos
595 3140 752 3185 actus
781 3133 831 3184 itt
866 3131 1116 3187 manibus
1152 3132 1374 3185 habere.
1408 3130 1515 3185 Sed
1544 3132 1660 3186 haec
1692 3133 1842 3202 prius
1871 3133 2019 3188 acci-

444 3237 578 3293 pere
612 3238 716 3277 non
763 3222 957 3292 potuit,
995 3237 1093 3276 nec
1147 3222 1369 3286 mereri,
1418 3222 1520 3275 nisi
1559 3223 1795 3278 venisset
1827 3224 1893 3278 ad
1925 3240 2024 3293 pu-

446 3325 565 3370 teos
583 3315 798 3369 haurire
825 3329 1014 3385 aquas.
1046 3314 1122 3368 Tu
1145 3315 1236 3383 qui
1266 3330 1373 3369 non
1405 3316 1485 3369 vis
1514 3315 1701 3369 venire
1731 3318 1796 3368 ad
1828 3333 2019 3386 aquas,

446 3407 538 3476 qui
574 3422 679 3461 non
711 3408 792 3460 vis
817 3406 871 3459 itt
902 3407 1128 3461 auribus
1153 3406 1258 3459 tuis
1279 3420 1442 3459 aurea
1483 3407 1872 3476 prophetarum
1900 3424 2021 3463 ver-

446 3500 515 3555 ba
540 3499 840 3568 suscipere,
886 3497 1157 3568 quomodo
1188 3498 1392 3566 poteris
1440 3509 1670 3552 ornatus
1695 3513 1816 3552 esse
1840 3500 1893 3552 in
1925 3499 2022 3556 do-

446 3593 645 3657 ctrina,
671 3602 894 3645 ornatus
926 3592 979 3645 in
1004 3591 1238 3654 actibus,
1268 3598 1496 3643 ornatus
1521 3590 1574 3643 in
1604 3590 1882 3645 moribus?

515 3683 571 3738 5.
598 3684 723 3746 Sed,
759 3694 817 3737 ut
847 3684 1166 3738 omittamus
1206 3681 1459 3753 plurima,
1494 3697 1665 3751 neque
1703 3683 1844 3736 enim
1875 3698 2023 3736 com-

446 3775 723 3830 mentandi
754 3790 894 3829 nunc
941 3785 1153 3844 tempus
1206 3784 1311 3838 cst,
1345 3776 1437 3828 sed
1483 3773 1785 3829 aediﬁcandi
1833 3773 2025 3829 Eccle-

448 3865 585 3919 siam
614 3863 732 3929 Dei,
779 3873 837 3919 et
865 3865 1129 3935 pigriores
1180 3879 1244 3921 ac
1273 3866 1485 3921 desides
1529 3864 1800 3920 auditores
1832 3881 2024 3920 exem-

446 3958 552 4026 plis
580 3965 887 4011 sanctorum
934 3968 990 4012 et
1029 3958 1272 4029 mysticis
1303 3957 1778 4029 explanationibus
1829 3974 2026 4029 provo-

447 4051 607 4105 candi
636 4066 651 4104 :
677 4060 862 4104 secuta
888 4066 1113 4119 puerum
1142 4051 1411 4117 Rebecca,
1435 4051 1586 4105 venit
1611 4052 1677 4105 ad
1705 4049 1879 4105 lsaac.
1927 4050 2026 4105 Se-

449 4150 571 4195 cuta
594 4141 736 4195 enim
763 4155 1064 4195 sermonem
1098 4142 1471 4210 propheticum
1496 4139 1744 4193 Ecclesia
1774 4138 1921 4191 venit
1956 4138 2023 4193 ad

448 4230 750 4286 Christum.
800 4230 868 4284 Et
919 4230 1007 4285 ubi
1054 4244 1180 4284 eum
1227 4230 1470 4283 invenit?
1527 4230 1606 4284 Ad
1650 4240 1889 4297 puteum,
1944 4228 2026 4281 in-

448 4322 569 4392 quit
610 4321 677 4386 ³⁹,
730 4320 1019 4390 juramenti
1082 4319 1528 4374 deambulautem.
1595 4317 1873 4386 Nusquam
1941 4333 2027 4372 re-

447 4413 657 4467 cedilur
722 4428 751 4465 a
809 4410 1008 4476 puteis,
1072 4424 1348 4478 nunquam
1400 4409 1684 4464 desistitur
1729 4408 1798 4463 ab
1840 4410 2015 4478 aquis.
2049 4405 2097 4465 D

446 4502 695 4559 Rebecca
747 4503 1020 4558 invenitur
1070 4503 1139 4557 ad
1197 4511 1438 4570 puteum.
1502 4501 1740 4557 Rursum
1808 4501 2024 4559 Rebec-

446 4610 510 4650 ca
563 4596 631 4650 ad
709 4606 928 4665 puteum
976 4595 1183 4650 invenit
1245 4594 1419 4651 lsaac.
1470 4593 1546 4649 lbi
1625 4596 1832 4664 primos
1906 4598 2025 4667 ejus

447 4687 847 4757 contemplatur
903 4698 1190 4757 aspectus,
1268 4687 1341 4742 ibi
1398 4687 1580 4742 desilit
1636 4690 1704 4744 de
1764 4690 2023 4756 camelis,

448 4779 563 4850 89
595 4781 664 4835 ibi
692 4796 722 4834 a
763 4795 931 4850 puero
967 4781 1066 4836 sibi
1095 4782 1528 4836 demonstratum
1547 4782 1678 4835 vidit
1702 4781 1870 4837 lsaac.
1896 4783 2025 4839 Haec

449 4882 610 4938 putas
667 4872 784 4927 sola
832 4873 1031 4928 referri
1086 4873 1157 4928 de
1198 4873 1419 4944 puteis?
1470 4883 1528 4928 et
1579 4873 1754 4930 Jacob
1804 4876 1871 4929 ad
1921 4891 2021 4945 pu-

451 4972 595 5019 teum
641 4966 832 5030 venit,
880 4977 937 5021 et
1004 4966 1077 5021 ibi
1138 4966 1343 5021 invenit
1392 4965 1633 5031 Rachel,
1674 4976 1730 5020 et
1782 4966 1857 5021 ibi
1936 4968 2020 5022 in-

450 5058 683 5113 notescit
714 5058 764 5113 ei
799 5058 999 5114 Rachel
1023 5059 1163 5115 bona
1195 5059 1368 5114 oculis
1399 5065 1454 5112 et
1479 5058 1675 5113 decora
1702 5068 1929 5128 aspectu
1953 5060 2021 5116 ‘°.

452 5148 558 5204 Sed
595 5156 649 5204 et
685 5148 895 5222 Moyses
928 5151 997 5205 ad
1030 5158 1254 5221 puteum
1300 5150 1507 5205 invenit
1546 5148 1808 5204 Seﬂ'oraut
1857 5151 2023 5206 tiliam

559 5244 607 5278 ³⁸
628 5245 818 5300 Matth.
847 5261 967 5300 xm.

454 5315 501 5347 ⁸⁸
526 5314 683 5372 Joan.
716 5332 793 5383 IV,
830 5316 884 5372 6.
957 5314 1003 5347 “
1030 5313 1189 5370 Rom.
1220 5331 1295 5381 tv,
1329 5315 1416 5370 19.

525 5409 637 5478 (70)
668 5408 793 5464 Vult
812 5410 949 5464 enim
973 5425 1156 5475 aurea,
1183 5418 1290 5464 etc.
1319 5408 1473 5480 Hunc
1493 5410 1669 5465 locum
1692 5412 1864 5480 carpit
1893 5426 2022 5467 san-

456 5494 576 5550 etus
606 5480 926 5550 Eustathius
958 5481 1013 5535 iu
1038 5489 1279 5550 tractatu
1319 5478 1392 5533 De
1422 5482 1747 5550 pythoniasa.

528 5549 643 5619 (7|)
673 5549 818 5604 Alias
846 5549 1066 5615 animal,
1097 5551 1190 5604 sed
1226 5566 1355 5607 mss.
1388 5549 1657 5605 animalis.
1690 5551 1858 5605 Paulo
1882 5553 2023 5607 infra

458 5636 619 5685 n-ss.,
643 5635 779 5674 unus
810 5621 1150 5690 spiritusest.
1187 5620 1351 5689 Editi,
1389 5637 1525 5676 unus
1549 5631 1624 5676 est
1663 5622 1877 5692 spiritus
1905 5640 2024 5677 cum

452 5705 533 5744 σο.

1045 5245 1089 5277 ³³
1116 5245 1314 5301 Cenes.
1348 5259 1501 5311 xxtv,
1532 5243 1622 5299 62.
1696 5245 1742 5277 ⁸ο
1770 5244 1968 5303 Cenes.
2002 5265 2155 5307 xxtx.
2231 5249 2273 5281 “
2308 5249 2479 5303 Exod.
2514 5262 2581 5301 ιι.

2124 3143 2211 3189 tus
2250 3149 2350 3188 nos
2392 3143 2858 3188 sacramentorum
2888 3130 3135 3185 cumulus
3175 3138 3464 3200 perurget,
3496 3136 3697 3196 quanta

2122 3236 2250 3283 sunt
2265 3241 2385 3295 qua:
2403 3235 2718 3289 occurrunt,
2747 3224 3020 3292 explicare
3040 3236 3147 3276 nun
3173 3236 3484 3291 possumus,
3507 3219 3698 3275 saltem

2124 3319 2238 3372 hmc
2276 3317 2504 3371 incitare
2535 3327 2586 3369 te
2629 3316 2829 3371 debent
2863 3316 2929 3369 ad
2974 3316 3337 3378 audiendum,
3383 3314 3453 3368 ad
3497 3330 3696 3370 conve-

2125 3409 2405 3474 ttiendum,
2439 3419 2496 3463 ut
2525 3409 2684 3463 etiam
2706 3409 2748 3463 si
2774 3423 2870 3461 nos
2898 3407 3075 3477 aliqua
3104 3420 3199 3475 pro
3231 3407 3494 3461 brevitate
3520 3417 3702 3463 trans-

2125 3502 2392 3555 currimus
2416 3542 2431 3566 ,
2473 3510 2527 3553 ttt
2570 3515 2694 3554 cum
2751 3500 2942 3569 relegis
2982 3508 3035 3553 et
3070 3498 3342 3567 requiris,
3395 3500 3559 3552 etiam
3586 3501 3701 3569 ipse

2124 3592 2386 3648 discutias
2426 3601 2482 3645 et
2516 3591 2795 3658 invenias,
2831 3600 2981 3646 certe
3026 3590 3109 3644 vel
3158 3592 3210 3645 in
3246 3592 3439 3645 horum
3475 3592 3701 3660 inquisi-

2129 3684 2273 3738 tione
2302 3697 2662 3754 permaneas,
2697 3692 2755 3736 ιιι
2787 3693 2841 3737 et
2868 3691 2919 3736 te
2946 3682 3168 3736 verbum
3203 3680 3295 3736 Dei
3323 3681 3606 3736 inveniens
3632 3683 3699 3735 ad

2126 3794 2323 3848 aquam
2352 3787 2620 3844 assumat,
2645 3785 2699 3833 et
2721 3776 3020 3846 conjungat
3057 3775 3182 3839 sibi,
3215 3783 3273 3828 ut
3294 3774 3548 3828 elliciaris
3578 3790 3698 3827 cum

2125 3885 2192 3926 eo
2242 3886 2385 3924 unus
2430 3870 2658 3939 spiritus
2717 3869 2769 3921 itt
2820 3867 3040 3921 Christo
3068 3864 3198 3921 Jesu
3244 3864 3471 3919 Domino
3512 3872 3700 3918 nostro

2126 3963 2212 4017 cui
2242 3973 2329 4016 est
2374 3959 2544 4032 gloria
2594 3969 2651 4015 et
2692 3958 2976 4028 imperium
3014 3957 3069 4011 in
3112 3955 3307 4012 saecula
3351 3956 3697 4012 saeculorum.

2125 4056 2324 4111 Amen.

2616 4176 2621 4179 ’
2705 4186 2985 4243 HOMILIA
3025 4185 3117 4242 XI.

2131 4324 2205 4380 De
2233 4341 2293 4379 eo
2326 4324 2465 4394 quod
2495 4324 2765 4378 Abraham
2806 4324 3089 4377 Cet/turam
3123 4324 3322 4390 accepit
3353 4334 3510 4374 uxore

2282 4399 2423 4466 quod
2453 4394 2609 4449 Isaac
2637 4395 2893 4448 habitavit
2930 4394 2998 4448 ad
3028 4403 3241 4461 puteum
3269 4391 3510 4446 visionis.

2200 4512 2254 4566 1.
2300 4510 2528 4579 Semper
2559 4509 2716 4565 nobis
2744 4519 2968 4564 sanctus
3003 4508 3205 4563 Paulus
3234 4506 3511 4577 apostolus
3538 4519 3702 4560 occa-

2126 4601 2307 4656 siones
2331 4600 2535 4669 praebet
2561 4598 2931 4669 intelligentia:
2960 4598 3240 4666 spiritalis,
3272 4606 3326 4652 et
3358 4610 3530 4667 pauca
3553 4595 3698 4661 licet,

2130 4705 2312 4750 tamen
2356 4694 2664 4748 necessaria
2705 4693 2964 4746 studiosis
2993 4690 3231 4746 ostendit
3258 4689 3478 4756 indicia,
3504 4689 3702 4758 quibus

2127 4788 2271 4856 quod
2310 4786 2396 4840 lex
2425 4784 2686 4854 spiritalis
2714 4785 2804 4848 sit,
2834 4784 2886 4838 itt
2921 4784 3174 4837 omnibus
3204 4789 3554 4851 agnoscatur.
3585 4780 3702 4848 Ipse

2131 4878 2299 4950 igitur
2335 4876 2403 4931 de
2425 4876 2704 4930 Abraham
2742 4885 2797 4928 et
2833 4872 2968 4928 Sara
2997 4874 3282 4941 disputans
3310 4872 3544 4940 quodam
3583 4872 3702 4927 loco

2129 4971 2208 5023 ait
2226 4967 2302 5023 "‘:
2334 4966 2479 5034 Non,
2505 4967 2699 5036 inquit,
2717 4965 3017 5033 inﬁrmatus
3044 4964 3149 5033 ﬁde
3173 4963 3524 5017 consideravit
3546 4978 3701 5016 suum

2128 5076 2318 5128 corpus
2349 5068 2658 5123 emortuum,
2677 5073 2797 5110 cum
2824 5055 2936 5125 fere
2984 5062 3189 5109 centum
3228 5069 3490 5107 annorum
3526 5062 3702 5116 esset,

2130 5166 2176 5209 et
2204 5164 2496 5208 emortuam
2522 5152 2725 5205 vulvam
2745 5150 2915 5204 Sam.
2934 5147 3085 5203 liunc
3101 5160 3232 5216 ergo
3261 5161 3422 5217 quem
3456 5146 3547 5201 ille
3570 5145 3703 5200 dicit

2658 5242 2752 5297 "1
2788 5245 2915 5300 Cor.
2953 5241 3131 5309 ",14.
3208 5241 3254 5272 ⁸³
3293 5241 3313 5295 ι
3345 5240 3474 5297 Cor.
3505 5254 3585 5308 vr,
3609 5240 3700 5297 11.

2203 5413 2316 5484 (72)
2346 5410 2491 5484 Alias
2510 5445 2526 5470 .
2558 5406 2786 5477 objiciet.
2807 5444 2821 5459 .
2842 5448 2856 5461 .
2877 5443 2893 5459 .
2930 5415 2980 5460 et
3013 5405 3360 5476 conjungetur
3387 5403 3563 5460 Isaac.
3592 5404 3702 5461 Sed

2132 5481 2267 5540 mss.
2298 5481 2357 5535 ut
2387 5481 2436 5533 itt
2472 5487 2658 5532 nostro
2705 5486 2871 5530 textu.

2204 5555 2317 5624 (73)
2348 5549 2440 5624 Sic
2473 5561 2627 5611 mss.,
2659 5547 2791 5601 editi
2817 5555 3303 5603 verocomonantes
3334 5545 3595 5614 formes“
3646 5586 3693 5602 ..

2134 5636 2187 5679 ιιι
2215 5623 2511 5680 inveniatur
2549 5632 2764 5686 sponsa.

2326 4324 2465 4394 quod
2495 4322 2765 4378 Abraham
2806 4322 3089 4377 Cet/turam
3123 4321 3322 4394 accepit
3353 4334 3607 4394 uxorem,
3646 4326 3697 4372 et
3775 4349 3786 4361 -
