4050 6142
319 289 408 346 221
1537 284 1606 340 IN
1638 281 1938 340 GENESIM
1971 280 2256 338 HOMILIA
2286 279 2386 336 XI.

3455 272 3562 329 22%

319 401 533 460 emortui
577 400 837 471 corporis
884 403 938 457 in
982 399 1300 457 centenario
1342 387 1609 456 a‘nnorum
1661 413 1887 456 numero
1914 397 1962 454 Α
1989 404 2204 450 calores
2249 390 2430 463 porcis
2469 393 2882 458 comparantur,
2924 383 3015 455 qui
3053 383 3106 438 in
3147 381 3386 454 peccatis
3411 385 3562 441 velut

321 498 509 559 fuisse,
534 503 588 548 et
619 494 781 549 Isaac
830 493 1004 564 magis
1040 492 1398 548 virtute‘ﬁdei
1441 508 1604 563 quam
1640 491 1888 561 corporis

321 585 642 643 fecunditate
685 585 941 654 genuisse
968 624 983 649 ,
1013 583 1298 654 Scriptura
1351 599 1496 639 nunc
1529 583 1700 638 refert
1731 598 1888 638 acce-

319 680 454 750 pisse
481 691 713 731 uxorem
742 676 1041 730 Cethuram
1075 676 1316 740 nomine,
1349 684 1405 730 et
1428 675 1566 730 ﬁlios
1589 689 1655 730 ex
1687 688 1749 729 ea
1778 674 1889 743 plu-

319 769 474 824 rimos
496 765 777 836 genuisse,
805 781 928 820 cum
954 765 1068 821 fere
1102 775 1322 820 centum
1351 766 1567 836 triginta
1604 773 1659 818 et
1681 774 1887 833 septem

320 861 586 914 videretur
619 874 914 912 annorum.
950 858 1084 912 Nam
1121 858 1258 912 Sara
1288 873 1426 912 uxor
1453 857 1569 924 ejus
1599 857 1787 911 decem
1821 855 1888 909 ab

323 966 380 1006 eo
409 950 566 1003 annis
594 948 786 1018 jnnior
824 949 1080 1004 scribitur
1102 990 1119 1015 ,
1155 965 1277 1019 qua:
1307 949 1605 1004 centesimo
1633 947 1888 1001 vicesimo

321 1047 370 1091 et
392 1037 626 1107 septimo
669 1051 813 1090 anno
843 1035 1095 1090 defuncta
1125 1075 1139 1095 .
1184 1037 1388 1090 indicat
1419 1035 1695 1089 Abraham
1731 1046 1890 1100 super

323 1140 530 1183 centum
559 1128 783 1199 triginta
805 1138 1006 1198 septem
1033 1141 1296 1181 annorum
1323 1127 1514 1191 fuisse,
1541 1120 1662 1181 cum
1686 1125 1885 1180 Cethu-

323 1234 428 1273 ram
459 1221 675 1288 accepit
702 1235 950 1273 uxorem.
992 1218 1130 1286 Quid
1162 1219 1334 1290 ergo?
1369 1230 1621 1289 putamus
1649 1219 1791 1288 quod
1834 1218 1886 1271 in

324 1322 461 1365 tanto
489 1310 802 1378 patriarcha
834 1326 931 1377 per
962 1311 1099 1364 idem
1149 1319 1358 1378 tempus
1386 1311 1732 1364 incitamenta
1763 1323 1888 1362 car-

319 1403 395 1455 nis
435 1402 762 1470 viguerint?
819 1401 884 1455 Et
931 1401 1023 1470 qui
1072 1401 1198 1456 olim
1258 1401 1596 1456 naturalibus
1651 1401 1888 1454 motibus

317 1499 594 1546 emortuus
623 1491 845 1557 dicitur,
883 1507 1022 1546 nunc
1060 1493 1126 1545 ad
1161 1492 1439 1546 libidinem
1471 1489 1583 1562 (74)
1617 1491 1889 1546 redivivus

312 1581 625 1650 putabitur?
654 1581 758 1646 An,
789 1592 846 1635 ut
868 1597 1008 1651 saepe
1031 1583 1142 1650 jam
1163 1583 1423 1648 diximus,
1456 1586 1884 1653 patriarcharum

313 1674 555 1743 conjugia
588 1676 880 1742 mysticum
911 1675 1128 1744 aliquod
1166 1675 1413 1729 indicant
1447 1675 1888 1730 sacramentum?

313 1767 462 1821 Sicut
484 1776 538 1819 et
566 1766 687 1829 ille,
734 1768 824 1835 qui
855 1768 1068 1822 dicebat
1096 1770 1162 1823 de
1189 1768 1462 1837 sapientia
1494 1768 1572 1824 “z
1608 1769 1764 1822 Hanc
1792 1785 1885 1838 ego

311 1859 531 1926 cogitaui
559 1875 780 1911 uxorein
808 1859 1071 1912 adducere
1109 1861 1262 1913 mihi.
1304 1859 1574 1915 Fortassis
1607 1875 1742 1930 ergo
1774 1860 1886 1929 jam

313 1963 437 2006 tunc
465 1963 521 2008 et
545 1953 824 2008 Abraham
854 1955 1031 2009 simile
1061 1954 1264 2024 aliquid
1299 1956 1575 2025 cogitavit,
1608 1964 1661 2010 et
1694 1970 1886 2023 quam-

309 2047 391 2099 vis
414 2057 558 2099 esset
592 2046 832 2112 sapiens.
874 2047 980 2101 hoc
1008 2047 1122 2115 ipso
1153 2056 1331 2100 tamen
1361 2046 1585 2112 sciebat,
1623 2047 1768 2117 quod
1801 2061 1890 2099 sa-

311 2137 523 2208 pientia:
541 2138 724 2192 nullus
749 2147 830 2191 est
852 2138 995 2204 finis,
1029 2155 1126 2193 nec
1156 2139 1394 2194 discendi
1428 2139 1715 2192 terminum
1742 2153 1890 2194 sene-

309 2238 426 2282 ctus
465 2229 722 2296 imponit.
759 2228 858 2293 Qui
907 2228 1049 2281 enim
1082 2229 1368 2283 consuevit
1404 2243 1468 2283 eo
1513 2228 1672 2282 modo
1707 2224 1888 2282 sortiri

307 2320 750 2383 matrimonium,
775 2335 882 2388 quo
905 2321 971 2372 de
1003 2321 1116 2388 ipso
1145 2320 1396 2389 superius
1426 2319 1808 2386 indicavimus,
1836 2319 1886 2373 id

312 2419 396 2463 est
440 2410 535 2478 qui
572 2411 836 2464 virtutem
872 2411 1070 2464 habere
1103 2413 1156 2464 in
1189 2411 1443 2480 coajugio
1481 2411 1646 2474 solet,
1673 2412 1888 2480 quando

306 2511 485 2570 potest
513 2502 583 2556 ab
610 2501 984 2572 hujuscemodi
1012 2518 1227 2557 cessare
1254 2502 1545 2572 conjugio?
1574 2504 1722 2556 Sarae
1745 2518 1890 2556 nam-

305 2606 412 2661 que
438 2593 718 2658 dormitio,
752 2595 967 2648 virtutis
993 2604 1073 2649 est
1100 2595 1444 2664 tntelligenda
1468 2595 1884 2649 consummatio.

306 2687 409 2750 Qui
475 2701 608 2740 vero
653 2695 1039 2740 consummata
1082 2698 1136 2740 et
1192 2687 1444 2755 perfecta:
1495 2687 1714 2740 virtutis
1763 2697 1886 2753 est,

306 2791 527 2846 semper
553 2792 777 2832 necesse
807 2788 887 2832 est
914 2788 972 2831 ut
1004 2779 1056 2831 in
1091 2778 1268 2848 aliqua
1293 2780 1595 2834 eruditione
1621 2792 1883 2835 versetur.

307 2864 484 2930 Quam
537 2865 899 2918 eruditionem
959 2863 1238 2934 coniugem
1294 2865 1414 2934 ejus
1447 2881 1629 2920 sermo
1671 2867 1887 2922 divinus

307 2956 566 3025 appellat.
594 2957 900 3012 Secundum
928 2957 1030 3011 hoc
1057 2967 1186 3024 puto
1217 2959 1359 3026 quod
1391 2970 1444 3012 et
1469 2960 1519 3012 in
1544 2958 1661 3029 lege
1692 2961 1887 3015 caelebs

1989 487 2042 539 in
2073 493 2313 540 stercore
2365 480 2534 536 fetido
2563 478 2899 533 volutantur.
2942 475 3008 529 Et
3039 475 3203 529 David
3233 489 3296 529 ex
3330 490 3557 546 persona

1988 576 2296 646 peccatoris
2341 572 2662 644 pmnitentis
2710 570 2839 626 dicit
2883 568 2927 599 ⁵¹
2960 585 2974 620 :
3013 564 3456 636 Computruerunt
3506 577 3556 621 et

1988 684 2155 722 exesa:
2181 677 2301 721 sunt
2331 666 2600 718 cicatrices
2640 679 2789 716 mere.

2057 761 2113 815 ‘2.
2144 759 2200 813 Si
2228 759 2350 828 quis
2373 771 2503 826 ergo
2533 764 2778 808 vestrum
2815 763 2899 806 est
2921 791 2936 815 ,
2973 751 3025 805 in
3049 765 3156 822 quo
3187 751 3323 804 odor
3349 747 3558 818 peccati

1983 851 2094 922 jam
2128 852 2307 905 nullus
2338 857 2457 913 est,
2491 847 2580 902 sed
2613 847 2748 899 odor
2770 844 2992 912 justitite
3016 883 3029 906 ,
3062 841 3302 897 suavitas
3338 841 3558 895 miseri-

1989 943 2207 1005 cordiae,
2238 942 2282 995 si
2313 940 2434 1009 quis
2460 940 2578 993 sine
2616 935 3017 991 intermissione
3047 936 3250 989 orando
3277 933 3432 987 oﬂ'ert
3465 934 3561 988 Do-

1989 1035 2139 1091 mino
2175 1047 2389 1102 semper
2420 1032 2724 1092 incensum,
2753 1033 2807 1080 et
2838 1025 2971 1079 dicit
2993 1027 3039 1056 ⁸⁸
3066 1043 3080 1078 :
3119 1024 3403 1093 Dirigutur
3423 1039 3550 1076 ora-

1990 1129 2061 1180 tio
2099 1141 2213 1179 mea
2261 1125 2393 1177 sicut
2445 1124 2710 1175 incensum
2743 1122 2795 1172 in
2847 1125 3126 1186 conspectu
3165 1126 3294 1179 tuo,
3345 1113 3560 1168 elcvatio

1990 1232 2243 1270 manuum
2291 1229 2524 1268 mearum
2553 1211 2876 1277 sacriﬁcium
2913 1207 3256 1275 vespertinum
3280 1245 3294 1270 ,
3339 1205 3427 1258 hic
3456 1202 3561 1257 Ce-

1969 1305 2208 1362 thuram
2239 1306 2391 1360 duxit
2422 1319 2668 1358 uxorem.
2710 1304 2803 1358 Sic
2829 1316 2959 1371 ergo
3001 1314 3188 1354 senmn
3239 1295 3454 1366 nuptias
3485 1293 3563 1347 in-

1991 1398 2277 1469 terpretari
2323 1395 2537 1467 dignius
2572 1405 2700 1464 puto
2725 1436 2740 1458 ,
2781 1395 2859 1448 sic
2906 1393 3132 1462 pulchre
3166 1389 3296 1444 inita
3332 1387 3562 1456 patriar-

1989 1494 2216 1548 charum
2250 1491 2303 1545 in
2334 1491 2520 1544 ultima
2551 1489 2656 1558 iam
2683 1498 2740 1542 et
2767 1487 2972 1540 defecta
2995 1493 3153 1539 mtate
3179 1481 3448 1551 conjugia,
3481 1480 3561 1533 sic

1989 1583 2326 1636 necessarias
2358 1581 2589 1634 ﬁliorum
2634 1577 3041 1648 procreationes
3079 1573 3333 1627 existimo
3365 1584 3559 1624 nume-

1992 1676 2206 1728 randas.
2238 1673 2316 1726 Ad
2355 1672 2488 1726 tales
2515 1672 2658 1724 enim
2688 1671 2900 1739 nuptias
2925 1678 2978 1723 et
3008 1662 3377 1733 hujuscemodi
3409 1662 3562 1716 sobo-

1991 1769 2095 1821 lem
2125 1809 2140 1834 ,
2194 1783 2300 1821 non
2339 1768 2409 1820 ita
2446 1765 2673 1833 juvenes
2706 1774 2765 1816 ut
2804 1777 2961 1816 senes
2993 1761 3104 1830 apti
3153 1767 3301 1813 sunt.
3348 1754 3562 1821 Quanto

1991 1863 2135 1916 enim
2171 1861 2294 1928 quis
2341 1874 2508 1913 carne
2541 1856 2658 1925 plus
2699 1855 2870 1908 fessus
2917 1863 3028 1914 est,
3067 1858 3216 1904 tanto
3261 1847 3365 1903 erit
3394 1845 3561 1900 animi

1991 1957 2190 2008 virtute
2228 1951 2505 2004 robustior
2531 1990 2546 2013 ,
2574 1960 2630 2003 et
2659 1946 2935 2015 sapientia:
2963 1941 3328 2012 complexibus
3365 1940 3562 2008 aptior.

1993 2046 2084 2102 Sic
2127 2056 2180 2100 et
2204 2046 2290 2099 ille
2331 2044 2385 2097 in
2431 2042 2729 2112 Scripluris
2760 2041 2805 2071 ⁸³
2837 2039 3119 2109 vit-justus
3160 2035 3395 2090 Elchana
3427 2033 3564 2086 duas

1991 2141 2150 2196 simul
2203 2139 2439 2194 refertur
2467 2135 2722 2191 habuisse
2769 2147 3000 2198 uxores,
3045 2145 3272 2200 quarum
3321 2143 3424 2181 una
3461 2126 3565 2180 Fe-

1993 2247 2209 2299 nenna,
2261 2231 2362 2283 alia
2430 2229 2583 2280 Anna
2651 2225 2973 2283 dicebatur.
3030 2221 3080 2275 id
3134 2228 3218 2273 est
3278 2215 3562 2272 conversio

1993 2335 2046 2380 et
2103 2323 2276 2394 gratia
2326 2319 2462 2393 (76).
2504 2319 2568 2372 Et
2612 2319 2786 2385 primo
2826 2315 3040 2383 quidem
3101 2311 3298 2365 dicitur
3347 2310 3412 2365 de
3458 2307 3564 2362 Fe-

1993 2432 2168 2471 nenua
2215 2414 2354 2468 ﬁlios
2407 2411 2734 2477 suscepisse,
2781 2408 2833 2461 id
2875 2415 2956 2459 est
2997 2406 3064 2459 de
3101 2402 3474 2464 conversione,
3505 2406 3562 2453 et

1990 2508 2332 2582 postmodum
2395 2507 2458 2560 de
2501 2505 2690 2563 Anna,
2746 2517 2863 2570 qum
2910 2509 2993 2552 est
3043 2497 3234 2566 gratia.
3279 2492 3563 2548 Profectus

1990 2601 2189 2656 etenim
2233 2607 2547 2652 sanctorum
2592 2595 2869 2660 Scriptura
2941 2589 3238 2659 ﬁguraliter
3295 2600 3392 2656 per
3432 2599 3564 2638 con-

1985 2693 2132 2763 jugia
2179 2691 2445 2757 designat.
2489 2687 2642 2743 Unde
2685 2694 2737 2738 et
2776 2694 2829 2737 tu
2859 2691 3032 2751 potes,
3069 2683 3113 2734 si
3155 2681 3258 2746 vis,
3312 2679 3564 2748 hujusce-

1992 2785 2135 2840 modi
2167 2782 2484 2852 nuptiarum
2519 2778 2746 2831 maritus
2770 2774 3058 2835 exsistere,
3100 2779 3173 2838 et,
3200 2769 3349 2824 verbi
3375 2782 3562 2834 causa,

1989 2881 2034 2934 si
2086 2874 2505 2944 hospitalitatem
2549 2869 2780 2922 libenter
2814 2878 3056 2925 exerces,
3107 2862 3246 2915 hanc
3291 2859 3386 2913 tibi
3434 2871 3566 2912 con-

1983 2969 2166 3039 jugem
2221 2963 2489 3018 videberis
2549 2956 2933 3025 assumpsisse.
2998 2951 3132 3006 lluic
3190 2950 3233 3004 si
3290 2947 3564 3003 addideris

307 3059 363 3101 et
395 3049 602 3103 sterilis
627 3049 912 3104 maledicto
949 3049 1218 3115 subjacet.
1253 3050 1395 3104 Dicit
1426 3055 1606 3107 enim:
1663 3053 1891 3106 Maledi-
1916 3125 1948 3133 _
1983 3073 2275 3133 pauperum
2337 3068 2519 3108 curam
2566 3089 2583 3116 ,
2641 3048 2932 3104 secundum
2997 3042 3273 3099 videberis
3336 3040 3565 3095 sortitus

311 3153 425 3194 ctus
447 3143 539 3211 qui
572 3158 675 3195 non
702 3143 966 3212 reliquerit
992 3159 1163 3197 semen
1195 3144 1249 3196 in
1285 3142 1477 3200 Israel.
1511 3144 1662 3210 Quod
1694 3146 1738 3200 si
1769 3148 1882 3201 haec
1910 3125 1953 3181 θ
1988 3125 2235 3209 uxorem.
2266 3145 2421 3213 Quod
2448 3145 2492 3199 si
2534 3151 2589 3198 et
2629 3140 2945 3210 patientiam
2975 3137 3070 3192 tibi
3095 3135 3293 3203 jungas
3327 3142 3384 3189 et
3413 3147 3564 3187 man-

310 3235 379 3288 de
413 3234 623 3288 carnali
669 3237 874 3289 semine
909 3235 1012 3288 dici
1054 3245 1352 3304 putentur,
1399 3251 1587 3290 omnes
1625 3235 1884 3292 Ecclesia:

310 3326 552 3393 virgines
586 3327 688 3380 sub
737 3327 1022 3382 maledicto
1059 3329 1246 3396 posita:
1276 3329 1624 3383 videbuntur.
1657 3331 1725 3384 Et
1753 3330 1882 3399 quid

314 3418 379 3470 de
404 3419 660 3472 Ecclesia:
690 3417 984 3487 virginibus
1012 3421 1164 3475 dico?
1196 3420 1314 3491 Ipse
1342 3420 1597 3488 Joannes,
1629 3437 1736 3491 quo
1767 3437 1885 3476 ma~

310 3507 396 3574 jor
421 3509 565 3562 inter
601 3520 759 3563 natos
789 3511 1071 3564 mulierum
1104 3528 1264 3567 nemo
1297 3513 1398 3566 fuit
1426 3513 1502 3577 "7,
1541 3523 1596 3568 et
1626 3513 1716 3567 alii
1759 3529 1884 3568 sau-

317 3608 523 3656 rtorum
553 3602 810 3669 plurimi,
837 3617 1020 3661 semen
1042 3609 1334 3660 secundum
1363 3621 1580 3659 carnem
1619 3622 1721 3660 non
1755 3607 1883 3661 reli—

318 3702 574 3760 querunt,
601 3695 796 3762 quippe
826 3694 915 3761 qui
955 3709 1055 3748 nec
1084 3696 1269 3750 iniisse
1294 3696 1510 3764 quidem
1536 3698 1884 3752 matrimonia

319 3784 650 3838 referuntur.
687 3785 792 3841 Sed
827 3794 883 3840 et
918 3796 1124 3841 certum
1158 3798 1242 3842 est
1278 3788 1397 3843 illos
1429 3790 1672 3857 spiritale
1701 3806 1883 3844 semen

316 3887 368 3928 et
383 3876 661 3945 Spiritales
689 3877 828 3932 ﬁlios
848 3877 1154 3945 reliquisse,
1171 3889 1226 3934 et
1251 3879 1504 3935 habuisse
1530 3897 1886 3950 unumquem-

311 3981 415 4034 que
470 3967 756 4038 conjugem
809 3970 1168 4040 sapientiam,
1229 3971 1370 4027 sicut
1425 3984 1479 4028 et
1534 3976 1733 4034 Paulus
1788 3995 1886 4050 per

309 4057 661 4128 Evangelium
701 4061 837 4114 ﬁlios
876 4062 1167 4132 generabat
1194 4063 1257 4114 ⁸⁸.
1296 4064 1519 4134 Accepit
1556 4085 1684 4140 ergo
1720 4086 1885 4129 senex

309 4151 540 4204 emortui
581 4153 692 4221 jam
739 4154 981 4223 corporis
1011 4154 1282 4208 Abraham
1317 4155 1608 4212 Cethuram
1639 4177 1884 4220 uxorem.

317 4239 430 4311 Ego
461 4249 593 4310 puto
629 4244 920 4297 secundum
953 4245 1114 4311 hanc,
1149 4262 1309 4317 quam
1339 4263 1501 4317 supra
1539 4253 1888 4318 exposuimus

321 4333 610 4396 rationem,
636 4336 777 4402 quod
807 4336 999 4390 melius
1025 4346 1151 4392 tunc
1187 4355 1324 4393 uxor
1346 4340 1638 4408 accipitur,
1669 4343 1887 4410 quando

317 4434 628 4478 emortuum
692 4442 890 4496 corpus
945 4437 1064 4496 est,
1124 4432 1341 4500 quando
1389 4432 1715 4486 mortiﬁcata
1763 4444 1886 4486 sunt

319 4519 584 4572 membra.
611 4517 775 4586 Major
796 4523 942 4574 enim
964 4523 1029 4576 ad
1058 4523 1380 4590 sapientiam
1410 4523 1663 4577 sensibus
1689 4525 1888 4579 nostris

316 4610 592 4676 capacitas
619 4610 728 4680 9o
751 4611 911 4678 inest,
937 4614 1153 4682 quando
1176 4614 1525 4670 mortiﬁcatio
1547 4615 1750 4668 Christi
1781 4617 1889 4669 cir-

319 4699 624 4754 cumfertur
669 4704 724 4756 in
757 4718 984 4773 corpore
1033 4715 1221 4760 nostro
1266 4707 1484 4760 mortali
1535 4706 1603 4761 ⁸⁸.
1647 4707 1889 4776 Denique

317 4791 558 4847 Ccthura
588 4809 747 4863 quam
779 4811 922 4850 nunc
948 4811 1112 4851 senex
1133 4797 1407 4852 Abraham
1437 4799 1662 4852 sortitur
1688 4799 1738 4852 in
1771 4815 1887 4852 ma-

320 4885 631 4938 trimonium
650 4923 667 4951 ,
697 4887 986 4956 thymiama
1037 4888 1427 4957 interpretatur
1461 4888 1604 4959 (75),
1634 4890 1776 4958 quod
1805 4897 1888 4943 est

318 4974 602 5031 incensum
634 5016 651 5040 ,
682 4978 766 5031 vel
815 4978 988 5032 bonus
1014 4979 1167 5032 odor.
1211 4980 1278 5033 Et
1323 4981 1437 5050 ipse
1485 4982 1628 5035 enim
1677 4979 1889 5035 dicebat

321 5069 461 5124 sicut
490 5068 690 5125 Paulus
715 5071 851 5125 dixit
876 5071 942 5136 '°,
969 5072 1093 5141 quia
1123 5072 1323 5127 Christi
1346 5075 1510 5127 bonus
1533 5075 1664 5128 odor
1688 5088 1891 5128 sumus.

320 5163 603 5230 Quomodo
640 5172 820 5216 autem
868 5165 990 5232 quis
1033 5165 1235 5218 Christi
1264 5167 1437 5220 bonus
1480 5166 1616 5220 odor
1644 5166 1894 5228 elIicitur,

319 5254 618 5308 videamus.
665 5253 953 5310 Peccatum
1003 5271 1091 5310 res
1129 5265 1212 5311 est
1260 5256 1444 5312 fetida.
1501 5257 1740 5326 Denique
1769 5271 1894 5326 pec-

383 5367 432 5400 ⁸⁴
461 5365 591 5434 Sap.
626 5383 749 5433 vttt,
777 5368 828 5423 9.
908 5369 1156 5424 "Matth.
1189 5387 1268 5435 χι,
1300 5371 1386 5424 η.

316 5435 371 5492 6.
443 5437 490 5471 ⁵³
517 5437 658 5492 Psal.
684 5453 827 5503 cxu,
861 5438 916 5492 2.
993 5441 1039 5471 ⁸³
1069 5441 1088 5494 ι
1119 5441 1246 5511 lit-g.
1284 5459 1321 5495 ι.

387 5531 500 5604 (7t)
529 5531 608 5586 Ita
644 5547 778 5604 mss.
807 5535 963 5604 editi,
1015 5552 1046 5587 a
1075 5536 1312 5591 libidine.
1361 5535 1530 5590 Paulo
1564 5545 1683 5604 post
1711 5537 1838 5589 editi
1869 5577 1884 5599 ,

323 5605 588 5678 mysticum
617 5603 820 5672 aliquid
850 5603 1088 5658 indicant
1118 5618 1164 5660 et
1205 5618 1495 5661 sacratum.
1533 5603 1637 5661 Sed
1673 5622 1801 5660 mss.
1831 5617 1888 5659 ut

323 5686 375 5724 ΙΙΙ
411 5683 595 5726 11051Γο
631 5684 804 5727 textu.

389 5738 499 5815 (75)
551 5743 793 5798 Cethura
851 5743 1136 5812 thymiama
1180 5746 1569 5816 interpretatur
1630 5763 1658 5800 a
1712 5746 1889 5800 radice

1463 5370 1507 5401 ‘3
1535 5369 1552 5421 Ι
1582 5371 1706 5423 Cor.
1736 5387 1807 5434 tv,
1846 5369 1930 5424 15.
1973 5369 2017 5400 ⁸⁸
2041 5368 2081 5424 ll
2111 5369 2237 5423 Cor.
2278 5383 2350 5433 tv,
2387 5366 2474 5421 i0.

1397 5440 1444 5472 σι
1473 5441 1536 5493 ιιι
1564 5440 1798 5508 Pat‘alip.
1829 5457 1866 5503 ι,
1894 5441 1981 5494 ιξ.

1990 3243 2354 3302 suetudinem,
2400 3246 2734 3303 craterasque
2777 3232 3024 3293 virtutes,
3069 3238 3149 3283 tot
3174 3227 3443 3282 videberis
3476 3241 3566 3280 ac-

1990 3337 2200 3406 cepisse
2245 3344 2467 3391 uxores,
2515 3333 2648 3394 quot
2689 3323 2983 3377 virtutibus
3023 3320 3245 3390 gaudes.
3274 3318 3402 3372 Inde
3437 3331 3566 3386 ergo

1989 3441 2073 3485 est
2126 3427 2266 3495 quod
2319 3419 2605 3475 nonnullos
2660 3415 3096 3486 patriarcharum
3160 3409 3322 3464 simul
3381 3409 3566 3477 plures

1992 3521 2242 3576 habuisse
2285 3513 2562 3582 conjuges,
2611 3510 2746 3565 alios
2789 3506 3060 3563 defunctis
3106 3503 3380 3574 prioribus
3410 3519 3567 3558 acce-

1989 3617 2135 3685 pisse
2209 3611 2387 3674 alias,
2461 3604 2742 3673 Scriptura
2813 3608 3204 3655 commemorat
3257 3615 3272 3651 :
3325 3605 3384 3651 ut
3435 3594 3564 3649 illud

1993 3705 2289 3777 figuraliter
2319 3701 2609 3760 indicetur,
2640 3693 2781 3763 quod
2807 3693 3023 3762 quidam
3061 3690 3240 3758 plures
3263 3687 3420 3742 simul
3444 3700 3568 3756 pos-

1994 3809 2120 3854 sunt
2167 3805 2424 3849 exercere
2489 3790 2761 3848 virtutes,
2814 3782 2904 3837 alii
2953 3798 3058 3835 non
3116 3781 3263 3849 prius
3318 3793 3438 3848 qua:
3477 3791 3568 3833 se-

1990 3898 2230 3960 quuntur
2282 3884 2521 3951 incipere
2557 3918 2571 3942 ,
2631 3891 2789 3947 quam
2855 3873 3036 3942 priora
3099 3871 3452 3940 perduxerint
3495 3869 3564 3921 ad

1992 3980 2317 4050 perfectum.
2348 3975 2474 4028 Inde
2505 3970 2739 4038 denique
2779 3966 3035 4022 Salomon
3076 3965 3255 4032 plures
3280 3961 3441 4016 simul
3470 3960 3568 4014 ha-

1991 4074 2174 4128 buisse
2221 4067 2454 4124 refertur
2499 4077 2695 4116 uxores
2729 4101 2744 4124 ,
2791 4060 2875 4114 cui
2919 4058 3133 4113 dixerat
3175 4054 3435 4108 Dominus
3473 4051 3562 4103 διε

1995 4158 2216 4228 Sapiens
2250 4162 2370 4207 ante
2409 4163 2457 4205 te
2500 4167 2602 4203 non
2649 4149 2746 4216 fuit
2793 4147 2952 4210 talis,
2978 4156 3024 4200 et
3068 4155 3181 4214 post
3226 4155 3273 4197 te
3317 4159 3418 4196 non
3443 4142 3561 4195 erit.

1994 4247 2131 4314 Quia
2170 4260 2301 4316 ergo
2342 4245 2566 4297 dederat
2621 4243 2667 4294 ei
2715 4239 2970 4294 Dominus
3011 4236 3403 4290 multitudinem
3438 4249 3565 4302 pru-

1994 4341 2192 4395 dentiae
2219 4380 2233 4404 ,
2273 4338 2415 4392 sicut
2461 4351 2625 4390 arena
2673 4346 2756 4388 est
2803 4334 2970 4388 maris
2996 4372 3011 4397 ,
3065 4339 3124 4385 ut
3162 4329 3430 4398 judicarct
3469 4343 3565 4397 po-

1995 4436 2177 4504 pulum
2220 4448 2374 4488 suutn
2422 4431 2474 4484 in
2523 4429 2825 4499 sapientia,
2875 4427 2997 4482 ideo
3039 4425 3220 4496 plures
3262 4423 3426 4477 simul
3473 4437 3564 4492 po.

1995 4536 2138 4582 terat
2181 4539 2438 4581 exercere
2496 4523 2745 4576 virtutes.
2813 4521 2956 4575 Sane
2999 4529 3199 4589 praeter
3239 4517 3374 4581 hoc,
3422 4516 3563 4584 quod

1994 4635 2061 4674 ex
2098 4619 2215 4686 lege
2250 4617 2343 4671 Dei
2387 4617 2713 4678 edoceinur,
2761 4614 2808 4667 si
2850 4614 3014 4668 etiam
3057 4628 3125 4666 ex
3167 4609 3251 4664 his
3299 4607 3565 4663 eruditio-

1995 4711 2188 4771 nibus,
2231 4722 2350 4776 quzc
2395 4706 2736 4759 extrinsecus
2780 4703 3034 4756 videntur
3077 4717 3196 4756 esse
3243 4701 3296 4754 in
3345 4697 3563 4762 saeculo,

1956 4788 2204 4868 Ialiquas
2244 4799 2613 4868 contigimus;
2665 4796 2812 4849 verbi
2856 4810 3044 4859 causa,
3096 4803 3154 4848 ut
3198 4802 3283 4848 est
3331 4792 3567 4846 eruditio

1996 4893 2321 4952 litterarum,
2347 4893 2428 4944 vel
2464 4889 2596 4942 artis
2615 4887 3016 4956 grammaticae,
3043 4895 3102 4938 ut
3123 4894 3206 4941 est
3238 4886 3565 4952 geometrica

1996 4987 2268 5051 doctrina,
2313 4985 2397 5037 vel
2443 4982 2584 5036 ratio
2636 4996 3010 5046 numerorum,
3054 4978 3139 5033 vel
3183 4978 3346 5032 etiam
3393 4976 3566 5031 diale-

1997 5081 2134 5131 ctica
2175 5073 2502 5144 disciplina;
2553 5082 2610 5126 et
2652 5073 2764 5125 haec
2809 5071 2990 5125 omnia
3040 5070 3380 5124 extrinsecus
3419 5083 3568 5132 quae-

1998 5168 2140 5230 sita,
2195 5165 2263 5219 ad
2323 5173 2508 5217 nostra
2568 5161 2816 5216 instituta
2864 5160 3251 5228 perducimus,
3301 5168 3466 5226 atque
3511 5158 3565 5211 in

2000 5257 2356 5312 assertionem
2407 5263 2610 5308 nostra:
2658 5252 2794 5322 legis
2843 5251 3165 5306 asciscimus
3191 5290 3208 5315 ,
3248 5261 3376 5305 tunc
3417 5249 3567 5303 vide-

2549 5365 2595 5397 ⁸ο
2625 5364 2664 5418 ll
2691 5363 2817 5419 Cor.
2847 5378 2907 5428 ιι,
2932 5363 3021 5418 15.
3119 5362 3163 5395 ⁸⁸
3190 5362 3331 5417 Psal.
3356 5375 3563 5427 xxxvu,

1992 5534 2424 5617 ιιεὶτξίοὲππτερν
2453 5530 2701 5617 “eleae
2726 5529 2931 5617 "stitit:

2066 5604 2176 5666 (7th
2226 5598 2475 5656 Fene'nna
2523 5603 2722 5653 dicitur
2771 5598 2991 5667 Urigeni
3031 5598 3292 5650 conversio
3321 5613 3350 5650 a
3395 5599 3564 5653 verbo

2000 5684 2127 5733 nza,
2170 5675 2393 5739 aspexit,
2439 5671 2710 5730 convertit,
2751 5673 2904 5722 Anna
2948 5685 3078 5722 vero
3110 5670 3281 5739 gratia
3322 5685 3350 5721 a
3385 5669 3561 5723 radice

2001 5756 2136 5827 nn,
2159 5738 2380 5814 gratiam
2409 5741 2568 5810 fecit,
2601 5741 2913 5799 misericors.
2942 5740 3202 5807 gratiosus
3230 5738 3352 5805 fuit.
