4050 6142
467 242 574 299 29.3
1963 259 2279 318 ORlGENlS
3596 277 3709 333 2‘14“

467 363 650 419 bimur
686 363 772 418 vel
802 365 1134 437 alienigenas
1169 369 1222 424 in
1269 371 1679 429 matrimOnium
1723 379 2042 447 sumpsisse,
2077 386 2116 440 Α
2152 378 2316 433 donet
2345 377 2484 433 hanc
2517 379 2972 449 benedictionem,
3021 394 3080 439 ut
3113 384 3356 442 habitare
3390 402 3605 444 merear
3641 411 3706 447 at.

466 455 553 511 νει
590 457 756 511 etiam
799 459 1160 516 concubinas,
1209 462 1277 517 Ει
1317 466 1361 520 εί
1400 467 1468 521 de
1516 467 1882 538 hujuscemodi
1910 486 2040 525 con-
2139 474 2360 533 puteum
2407 466 2661 523 visionis!
2701 468 2834 536 Quis
2888 481 3066 540 potest
3122 475 3266 530 scire
3309 488 3364 532 et
3413 479 3706 551 intelligere

462 547 627 619 jugiis
665 549 1023 618 disputando,
1063 553 1377 611 disserendo
1419 559 1555 629 (Π),
1599 563 2039 621 contradicentes

466 640 874 708 redarguendo,
937 655 1258 703 convertere
1322 649 1534 719 aliquos
1603 656 1903 723 poterimus
1968 657 2038 712 ad

466 728 646 793 ﬁdem,
687 739 743 785 et
789 732 835 786 si
880 735 995 789 suis
1039 750 1133 791 eos
1172 738 1474 796 rationibus
1514 752 1568 797 et
1615 745 1824 800 artibus
1872 761 2036 817 supc-

465 829 683 889 rantes,
718 838 900 878 veram
936 827 1334 899 philosophiam
1377 832 1578 890 Christi
1623 847 1884 894 etveram
1920 841 2038 909 pie-

468 918 629 966 tatem
658 914 748 969 Dei
781 919 1060 987 suscipere
1088 925 1452 981 suaserimus:
1499 938 1627 985 tunc
1647 946 1713 986 ex
1748 934 2033 990 dialectica

462 1003 549 1057 vel
594 1006 865 1063 rhetorica
913 1011 1221 1069 videbimur
1264 1018 1416 1084 quasi
1458 1035 1525 1075 ex
1570 1023 1871 1095 alienigena
1906 1042 2037 1097 qua-

462 1089 582 1150 dam
614 1138 630 1163 ,
688 1100 773 1155 vel
814 1104 1116 1159 concubina
1144 1146 1160 1172 ,
1215 1107 1358 1164 ﬁlios
1409 1113 1687 1180 genuisse.
1736 1089 1939 1187 igitur-
1966 1121 2035 1174 ad

465 1188 599 1246 tales
645 1194 861 1262 nuptias
889 1236 904 1262 ,
948 1197 1031 1251 vel
1086 1200 1154 1253 ad
1198 1200 1575 1270 hujuscemodi
1626 1208 1768 1265 filios
1809 1226 2033 1281 procre-

461 1282 667 1347 andos,
706 1298 803 1353 per
847 1299 1123 1345 senectam
1178 1293 1355 1350 nullus
1402 1297 1732 1362 excluditur.
1782 1303 1889 1357 imo
1932 1319 2029 1372 po-

464 1372 568 1427 tius
611 1375 724 1429 haec
753 1392 903 1433 casta
951 1386 1234 1454 progenies
1279 1396 1509 1443 matura:
1546 1393 1691 1446 aetati
1737 1395 1857 1464 plus
1897 1408 2030 1450 con-

460 1466 626 1519 venit.
665 1468 816 1524 Sicut
858 1482 915 1527 et
955 1490 1095 1530 nunc
1129 1477 1402 1533 Abraham
1443 1484 1768 1551 grandaevus
1796 1526 1812 1550 ,
1860 1496 1939 1551 et,
1970 1497 2028 1567 ut

463 1556 742 1628 Scriptura
776 1562 976 1618 dicit"
1000 1606 1016 1628 ,
1035 1584 1195 1624 senex
1213 1580 1260 1625 et
1276 1571 1463 1642 plenus
1497 1576 1703 1631 dierum
1733 1561 2026 1638 Cethuram

459 1652 608 1706 ducit
643 1669 889 1710 uxorem.
924 1657 1029 1714 Sed
1081 1677 1147 1715 ne
1183 1664 1283 1720 hoc
1316 1667 1530 1735 quidem
1572 1664 1767 1727 latere'
1789 1688 1888 1729 nos
1933 1673 2027 1729 de-

459 1742 552 1797 bet
594 1760 658 1798 ex
691 1746 774 1800 his
808 1764 927 1817 qua:
961 1766 1057 1819 per
1091 1752 1375 1811 historiam
1430 1759 1783 1827 referuntur,
1816 1778 1936 1833 quae
1973 1777 2028 1821 et

458 1835 648 1902 quales
677 1838 785 1892 sint
811 1844 1221 1913 generationes,
1251 1864 1372 1917 quae
1402 1864 1465 1905 ex
1498 1853 1613 1921 ipsa
1639 1867 2025 1927 propagantur.

462 1925 518 1979 Si
549 1928 692 1983 enim
729 1931 921 1987 borum
964 1938 1372 1998 meminerimus
1397 1982 1412 2008 ,
1452 1944 1665 2001 facilius
1703 1948 1769 2002 de
1802 1950 2027 2007 diversis

460 2020 713 2085 gentibus
761 2037 880 2093 qua:
933 2026 986 2079 in
1036 2025 1335 2097 Scripturis
1382 2033 1676 2101 dicuntur,
1727 2042 2028 2108 poterimus

459 2124 797 2180 agnoscere:
834 2118 985 2171 verbi
1009 2134 1192 2186 causa,
1228 2132 1287 2178 ut
1317 2139 1439 2179 cum
1474 2127 1672 2183 dicitur
1700 2136 1842 2201 quod
1882 2134 2029 2208 Moy-

456 2219 546 2260 ses
568 2207 776 2275 accepit
805 2224 1026 2264 uxorem
1059 2212 1218 2266 filiam
1249 2213 1440 2272 Jethro
1467 2222 1761 2278 sacerdotis
1791 2207 2023 2294 Madian,

458 2296 548 2361 qui
581 2295 792 2351 Madian
822 2300 1092 2357 invenitur
1121 2304 1268 2359 filius
1297 2306 1465 2362 fuisse
1491 2308 1741 2367 Cetburaa
1769 2324 1827 2369 et
1853 2315 2027 2371 Abra-

455 2383 580 2438 ham
612 2386 678 2441 ".
711 2388 1068 2457 Agnoscimus
1099 2408 1251 2463 ergo,
1294 2399 1437 2467 quod
1473 2416 1611 2455 uxor
1645 2403 1815 2475 Moysi
1842 2420 1906 2460 es
1941 2424 2026 2462 se-

460 2479 606 2530 mine
636 2478 910 2534 Abraham
941 2483 1032 2549 sit,
1062 2494 1115 2538 et
1150 2503 1255 2541 non
1289 2489 1453 2545 fuerit
1483 2493 1804 2561 alienigena.
1836 2498 1941 2553 Sed
1970 2510 2025 2555 et

456 2582 581 2622 cum
615 2575 877 2629 scribitur
910 2579 1093 2648 regina
1133 2582 1327 2648 Cedar,
1363 2587 1642 2641 sciendum
1677 2591 2025 2649 nihilominus

460 2671 566 2725 est,
601 2667 743 2733 quod
773 2676 827 2722 et
854 2669 1031 2724 Cedar
1057 2687 1123 2727 ex
1158 2675 1272 2743 ipso
1298 2691 1495 2747 genere
1520 2680 1772 2736 Cethura:
1800 2685 2027 2740 descen-

457 2756 549 2810 dat
594 2767 650 2813 ct
697 2762 992 2818 Abraham.
1028 2767 1132 2821 Sed
1166 2778 1219 2823 et
1264 2769 1317 2823 in
1357 2776 1799 2841 generationibus
1832 2778 2023 2835 lsmacl

453 2848 647 2902 similia
688 2851 952 2909 invenies.
989 2855 1134 2922 Quas
1167 2858 1213 2913 si
1250 2861 1535 2932 diligenter
1565 2865 1863 2934 intuearis,
1904 2870 2025 2939 plu-

455 2938 623 2994 rimas
659 2941 711 2996 in
747 2945 832 3000 his
869 2961 987 3012 qua:
1030 2960 1255 3005 czeteros
1301 2951 1473 3009 latent
1525 2957 1779 3013 historias
1832 2938 2023 3031 depre-

2139 572 2258 626 quzn
2295 568 2377 611 est
2409 559 2565 627 visio,
2598 576 2760 630 quam
2792 564 2924 617 vidit
2952 564 3114 620 Isaias
3148 567 3291 624 filius
3323 570 3488 627 Amos
3509 572 3535 626 ?
3574 573 3708 640 Quis

2139 659 2316 717 potest
2334 652 2479 705 scire
2502 669 2623 722 qua:
2659 663 2742 708 est
2766 656 2903 710 visio
2942 655 3152 713 Naum?
3172 660 3307 728 Quis
3336 672 3511 730 potest
3543 665 3707 719 intel--

2137 741 2306 810 ligere
2339 744 2467 811 quid
2493 745 2768 800 contineat
2800 746 2887 800 illa
2926 749 3063 803 visio
3092 765 3252 820 quam
3285 753 3417 806 vidit
3444 752 3612 809 Jacob
3651 756 3705 811 in

2136 836 2348 903 Bethel,
2373 855 2494 897 cum
2525 841 2701 896 abiret
2728 842 2783 896 in
2806 843 3273 913 Mesopotamiam,
3319 850 3408 904 ubi
3438 852 3574 905 dixit
3611 852 3659 884 ‘°
3686 869 3704 907 :

2138 927 2269 982 ch
2295 931 2582 985 estdomus
2612 932 2729 999 Dei,
2761 943 2810 988 et
2838 945 2990 1005 porta
3018 937 3176 992 caeli?
3200 940 3265 994 Et
3295 942 3338 996 si
3378 942 3502 1012 quis
3527 954 3707 1012 potést

2134 1022 2372 1093 singulas
2403 1040 2648 1094 quasque
2684 1028 2942 1097 visiones,
2998 1033 3080 1085 vel
3132 1047 3251 1102 qua:
3288 1036 3340 1089 in
3392 1037 3509 1105 lege
3549 1048 3702 1104 sunt,

2135 1113 2218 1167 vel
2250 1129 2371 1183 quae
2402 1117 2454 1169 in
2480 1118 2774 1185 prophetis,
2809 1122 2952 1176 scire
2972 1131 3024 1176 et
3062 1124 3361 1193 intelligere
3383 1168 3398 1193 ,
3434 1129 3521 1184 ille
3547 1129 3704 1185 babi-

2134 1212 2215 1258 tat
2264 1208 2330 1259 ad
2388 1220 2609 1279 puteum
2666 1211 2911 1268 visionis.
2974 1214 3080 1269 Sed
3124 1226 3179 1272 et
3230 1218 3332 1274 hoc
3389 1220 3702 1288 diligentius

2131 1297 2403 1365 perspice,
2430 1300 2571 1366 quod
2600 1301 2672 1354 ita
2706 1317 2955 1373 magnam
2978 1305 3415 1363 benedictionem
3450 1312 3700 1379 accipere

2133 1401 2162 1440 a
2190 1388 2420 1444 Domino
2450 1392 2648 1445 meruit
2686 1392 2867 1460 lsaac,
2927 1403 2987 1451 ut
3042 1396 3313 1453 habitaret
3364 1401 3433 1453 ad
3477 1408 3700 1468 puteum

2131 1480 2376 1536 visionis.
2411 1481 2519 1535 Nos
2549 1497 2680 1537 vero
2728 1487 2946 1553 quando
2988 1488 3125 1544 satis
3158 1492 3355 1546 mereri
3402 1493 3703 1559 poterimus

2130 1572 2175 1627 si
2225 1570 2368 1627 forte
2418 1574 2703 1629 transitum
2769 1575 2971 1633 habere
3022 1581 3290 1648 possimus
3336 1596 3434 1653 per
3479 1593 3697 1651 puteum

2129 1664 2373 1719 visionis.
2420 1665 2513 1723 Ille
2543 1674 2722 1721 tamen
2757 1683 3075 1737 permanere
3100 1675 3294 1728 meruit
3327 1676 3377 1729 in
3405 1676 3614 1730 visione
3643 1685 3703 1733 cl.

2058 1719 2101 1775 Β
2131 1752 2396 1819 habitare,
2431 1719 2529 1810 nos
2559 1719 3209 1826 paritnirquid
3237 1777 3332 1830 per
3362 1763 3457 1819 Dei
3485 1765 3697 1820 miseri-

2129 1847 2368 1901 cordiam
2393 1851 2616 1915 sentire,
2646 1849 2726 1904 vel
2749 1853 3014 1920 suspicari
3042 1857 3107 1908 de
3132 1870 3457 1927 unaquaque
3485 1858 3697 1912 visione

2128 1937 2216 1991 vix
2260 1953 2565 2006 possumus.
2634 1941 2690 1996 Si
2742 1954 2920 1998 tamen
2968 1957 3196 2014 potuero
3242 1964 3405 2002 unum
3457 1950 3696 2021 aliquem

2130 2028 2461 2085 intellectum
2503 2032 2704 2087 sentire
2745 2033 2814 2087 de
2862 2035 3162 2091 visionibus
3193 2038 3309 2104 Dei,
3349 2056 3511 2094 unam
3552 2042 3695 2096 diem

2127 2120 2351 2175 videbor
2387 2122 2584 2178 fecisse
2635 2124 2701 2177 ad
2747 2134 2965 2193 putemn
3007 2127 3249 2183 visionis.
3310 2131 3365 2185 Si
3417 2146 3545 2187 vero
3586 2148 3695 2188 non

2126 2210 2301 2266 solum
2328 2215 2625 2270 secundum
2651 2218 2884 2272 litteram
2909 2262 2924 2287 ,
2956 2224 3048 2274 sed
3079 2221 3285 2289 aliquid
3311 2232 3365 2276 et
3395 2227 3691 2280 secundum

2125 2304 2376 2370 spiritum
2421 2308 2716 2378 attingere,
2776 2310 2996 2366 biduum
3037 2313 3261 2368 videbor
3315 2315 3511 2371 fecisse
3556 2321 3693 2386 apud

2125 2407 2348 2466 puteum
2379 2400 2622 2456 visionis.
2654 2403 2809 2469 Quod
2851 2413 2906 2458 et
2948 2405 2992 2459 si
3025 2406 3284 2460 moralem
3309 2408 3485 2462 locum
3513 2409 3692 2464 conti-

2125 2504 2294 2560 gero,
2349 2490 2572 2547 fecerim
2609 2495 2875 2563 triduum,
2937 2498 3022 2552 vel
3074 2510 3224 2554 certe
3269 2502 3428 2554 etiam
3482 2503 3526 2557 si
3584 2517 3691 2557 non

2124 2592 2355 2651 potuero
2379 2586 2562 2640 omnia
2609 2588 2915 2658 intelligere
2936 2630 2952 2654 ,
2985 2590 3197 2646 assideo
3232 2600 3409 2647 tamen
3446 2592 3694 2664 Scriptu-

2127 2675 2202 2730 ris
2240 2676 2381 2747 (79)
2416 2679 2636 2746 divinis,
2688 2693 2741 2736 et
2775 2683 2828 2736 in
2876 2683 2994 2754 lege
3046 2686 3136 2740 Dei
3194 2685 3425 2740 meditor
3481 2688 3568 2741 die
3628 2702 3692 2743 ac

2126 2781 2308 2839 nocte,
2363 2782 2419 2827 et
2468 2775 2691 2829 omnino
2744 2792 3020 2848 nunquam
3074 2780 3299 2843 desino,
3348 2780 3689 2850 inquirendo,

2126 2865 2484 2930 discutiendo,
2531 2869 2834 2935 tractando,
2890 2879 2945 2924 et
2980 2883 3148 2937 certe,
3203 2874 3345 2942 quod
3398 2877 3689 2930 maximum

2125 2965 2229 3020 est,
2254 2959 2462 3013 orando
2491 2958 2681 3026 Deum,
2708 2969 2763 3015 et
2790 2961 2856 3019 ab
2884 2961 3000 3030 ipso
3025 2965 3293 3032 poscendo
3324 2965 3680 3029 intellectura,

454 3032 678 3086 hendes.
728 3033 834 3088 Sed
875 3046 931 3090 et
976 3054 1074 3093 nos
1111 3041 1324 3096 interim
1373 3045 1489 3100 hazc
1536 3048 1590 3102 in
1627 3050 1769 3105 aliud
1814 3060 2026 3125 tempus
2052 3055 2095 3113 C
2127 3051 2221 3119 qui
2258 3051 2416 3105 ἀθεεὶ
2458 3051 2728 3105 hominem
2773 3053 3082 3117 εείθηιίίυπι
3122 3055 3344 3109 Videbo"
3381 3058 3541 3111 “iam
3593 3072 3691 3128 ego

454 3124 794 3181 remittentes
821 3127 967 3199 (78),
1002 3134 1067 3185 ad
1096 3148 1157 3186 ea
1194 3151 1313 3205 qua:
1341 3138 1396 3193 in
1435 3146 1892 3213 consequentibus
1930 3124 2021 3204 re-

452 3215 616 3267 citata
646 3226 771 3269 sunt
806 3233 1179 3286 properemus.

521 3306 577 3360 5.
609 3306 677 3359 Et
711 3307 911 3376 factum
939 3325 1036 3379 est,
1071 3315 1245 3384 inquit
1269 3319 1337 3384 ⁸⁷,
1367 3331 1641 3392 postquam
1672 3338 1911 3385 mortuus
1946 3343 2021 3387 est

451 3395 717 3451 Abraham
744 3436 761 3463 ,
802 3400 1058 3456 benedixit
1100 3404 1358 3464 Dominus
1390 3410 1548 3466 Isaac
1573 3415 1743 3483 ﬁlium
1773 3420 1888 3488 ej‘us
1916 3463 1932 3488 ,
1969 3433 2023 3479 et

451 3488 700 3543 habitavit
735 3493 803 3544 ad
852 3504 1065 3562 puteum
1113 3499 1349 3557 visionis.
1402 3503 1477 3560 De
1527 3520 1700 3564 morte
1749 3513 2019 3572 Abraham

450 3580 577 3647 quid
610 3581 765 3636 nobis
801 3584 1032 3653 amplius
1052 3588 1335 3646 dicendum
1367 3606 1485 3662 est,
1519 3613 1678 3665 quam
1709 3616 1888 3658 sermo
1919 3607 2023 3661 Do-

453 3670 583 3723 mini
613 3671 664 3724 in
697 3673 998 3744 Evangeliis
1032 3682 1294 3749 continet,
1330 3684 1520 3742 dicens
1549 3688 1635 3743 ιθε
1669 3691 1746 3745 De
1788 3710 2022 3749 resurre-

451 3763 625 3816 ctione
661 3775 832 3819 autem
860 3779 1185 3827 mortuorum
1216 3792 1316 3829 non
1365 3777 1567 3848 legistis
1597 3787 1860 3851 quomodo
1891 3791 2020 3842 dicit

450 3855 507 3907 in
547 3854 695 3921 rubo,
727 3856 867 3912 Deus
900 3861 1187 3933 Abraham,
1219 3878 1268 3922 et
1299 3868 1439 3924 Deus
1470 3870 1649 3939 Isaac,
1676 3886 1723 3928 et
1760 3876 1900 3932 Deus
1922 3881 2022 3935 Ja-

452 3950 544 4001 rob
571 3949 597 4002 .’
625 3948 761 4005 Deus
797 3961 971 4006 autem
1003 3973 1106 4010 non
1142 3968 1217 4013 est
1254 3974 1579 4019 mortuorum
1598 4007 1610 4027 ,
1641 3970 1733 4022 sed
1759 3971 2016 4028 vivorum.

453 4035 644 4092 Omnes
671 4045 807 4095 enim
836 4044 913 4096 illi
942 4047 1163 4104 vivunt?
1181 4051 1440 4121 Optemus
1455 4071 1585 4125 ergo
1615 4067 1669 4112 et
1699 4076 1797 4116 nos
1826 4064 2013 4131 hujus-

455 4131 600 4185 ntodi
659 4144 885 4190 mortem
910 4176 926 4203 ,
971 4140 1113 4195 sicut
1144 4153 1199 4198 et
1225 4148 1517 4214 Apostolus
1542 4149 1676 4205 dicit
1703 4154 1750 4185 "
1773 4194 1788 4217 ,
1819 4165 1878 4211 ut
1906 4170 2023 4211 mo-

454 4224 664 4278 riamur
692 4238 933 4295 peccato,
961 4232 1207 4290 vivamus
1233 4249 1412 4294 autem
1446 4242 1575 4298 Deo.
1613 4245 1758 4301 Talis
1786 4264 2020 4319 namque

451 4315 684 4371 Abrahae
706 4334 853 4374 mors
882 4321 1221 4395 intelligenda
1252 4340 1370 4395 est,
1403 4348 1522 4401 qua:
1553 4336 1606 4390 in
1645 4347 1849 4394 tantum
1884 4315 2020 4397 dila»

2131 3145 2377 3198 habitare
2420 3146 2487 3199 ad
2530 3156 2746 3215 puteum
2798 3146 3044 3202 visionis.
3114 3146 3211 3202 Sin
3261 3163 3390 3202 vero
3427 3150 3691 3219 negligam

2131 3251 2307 3306 neque
2337 3238 2478 3292 domi
2509 3253 2768 3292 exercear
2806 3240 2858 3292 in
2903 3240 3068 3293 verbo
3125 3238 3242 3301 Dei,
3295 3254 3467 3307 neque
3512 3239 3692 3294 eccle-

2128 3330 2261 3384 siam
2292 3332 2356 3385 ad
2388 3333 2710 3387 audiendum
2755 3334 2979 3388 verbum
3010 3332 3102 3386 Dei
3153 3331 3464 3401 frequenter
3506 3334 3691 3399 ingre-

2128 3424 2267 3487 diar,
2316 3425 2458 3479 sicut
2501 3425 2786 3479 nonnullos
2846 3426 2898 3479 in
2952 3426 3102 3479 vobis
3150 3426 3325 3490 video,
3364 3426 3453 3492 qui
3503 3427 3693 3480 diebus

2130 3517 2503 3571 tantummodo
2533 3517 2871 3571 solemnibus
2903 3518 2967 3571 ad
2997 3516 3279 3571 ecclesiam
3313 3516 3534 3569 veniunt
3554 3558 3569 3581 ,
3599 3516 3688 3585 qui

2128 3607 2503 3676 hujuscemodi
2571 3619 2746 3675 sunt,
2817 3624 2923 3664 non
2988 3609 3234 3664 habitant
3280 3609 3419 3676 apud
3473 3619 3689 3677 puteum

2126 3700 2373 3756 visionis.
2401 3701 2513 3770 Ego
2552 3711 2733 3755 autem
2760 3717 2951 3757 vereor
2987 3716 3054 3756 ne
3082 3700 3223 3756 forte
3265 3701 3354 3771 qui
3409 3702 3481 3755 ita
3518 3701 3690 3771 negliv

2126 3802 2318 3863 gentes
2347 3801 2492 3857 sunt,
2518 3794 2678 3848 etiam
2712 3809 2834 3849 cum
2867 3794 2933 3848 ad
2972 3794 3258 3849 ecclesiam
3304 3795 3553 3856 veniunt,
3583 3807 3689 3845 non

2125 3886 2313 3940 bibant
2339 3886 2406 3941 de
2437 3896 2599 3955 puteo
2634 3888 2778 3950 vitae,
2823 3901 2921 3942 nec
2962 3886 3292 3949 reﬁciantur,
3337 3886 3429 3940 scd
3458 3899 3692 3952 occupa-

2128 3977 2363 4033 tionibus
2411 3987 2605 4034 vacent
2651 3978 2830 4034 cordis
2870 3979 2952 4033 sui
3001 3988 3057 4034 et
3101 3978 3522 4049 cogitationibus
3553 3992 3691 4044 quas

2125 4087 2306 4128 secum
2339 4073 2610 4140 deferunt,
2652 4084 2707 4128 et
2749 4075 3032 4130 discedant
3056 4074 3410 4130 nihilominus
3439 4074 3507 4128 ab
3537 4070 3692 4127 Scri-

2130 4174 2418 4234 pturarum
2463 4168 2643 4233 puteis
2677 4167 2948 4222 sitientes.
2993 4165 3269 4221 Festinate
3319 4180 3448 4235 ergo
3492 4180 3610 4228 vos,
3637 4171 3692 4216 et

2126 4256 2261 4310 satis
2315 4256 2505 4324 agite,
2566 4266 2624 4310 ut
2682 4257 2787 4311 ista
2838 4257 2902 4311 ad
2953 4271 3053 4311 vos
3112 4255 3322 4310 Domini
3383 4253 3691 4310 benedictio

2131 4346 2332 4410 veniat,
2355 4360 2459 4413 qua
2490 4344 2628 4413 apud
2653 4355 2872 4413 puteum
2896 4345 3123 4400 visionis
3158 4344 3407 4400 habitare
3445 4342 3686 4413 possitis,

456 4409 648 4462 laverit
682 4410 837 4466 sinus
876 4413 1011 4480 ejus,
1049 4426 1109 4470 ut
1143 4434 1331 4477 omnes
1359 4427 1532 4480 sancti
1566 4429 1655 4497 qui
1686 4431 1750 4485 de
1778 4442 2018 4501 quatuor
2051 4416 2093 4472 D
2124 4445 2184 4491 ut
2248 4437 2460 4506 aperiat
2504 4437 2762 4492 Dominus
2818 4437 3007 4493 oculos
3058 4444 3270 4491 vestros
3293 4475 3309 4500 ,
3361 4444 3417 4489 et
3463 4432 3692 4489 videatis

451 4500 722 4571 91terrze
743 4508 987 4574 partibus
1007 4512 1250 4578 veniunt,
1277 4516 1328 4568 in
1349 4518 1525 4573 sinum
1546 4522 1774 4577 Abrahm
1796 4536 2014 4593 porten-

455 4602 541 4646 tur
566 4595 633 4649 ab
657 4600 877 4668 angelis.
895 4602 997 4655 Sed
1017 4604 1414 4676 videamusjam
1442 4617 1710 4679 quomodo
1734 4628 1853 4687 post
1871 4635 2015 4674 mor-

455 4691 563 4738 tem
588 4687 706 4755 ejus
749 4690 1081 4747 benediserit
1106 4697 1363 4753 Dominus
1395 4700 1545 4755 Isaac
1581 4704 1746 4759 filium
1789 4706 1927 4775 ejus,
1961 4720 2014 4763 ct

455 4791 576 4844 qua:
606 4789 689 4832 est
714 4781 812 4836 ista
845 4783 1170 4843 benedictio.
1205 4789 1502 4860 Benedixit,
1534 4794 1726 4863 inquit,
1759 4797 2014 4855 Dominus

456 4864 634 4935 lsaac,
657 4880 703 4924 et
731 4872 983 4930 habitavit
1012 4879 1082 4932 ad
1106 4890 1317 4948 puteum
1346 4886 1576 4941 visionis.
1618 4887 1742 4945 llzec
1767 4900 1849 4945 est
1871 4896 2013 4948 enim

455 4958 635 5012 omnis
660 4960 980 5032 benedictio,
1014 4983 1115 5038 qua
1144 4972 1419 5029 benedixit
1468 4977 1724 5034 Dominus
1763 4981 1931 5046 lsaac,
1960 4997 2018 5039 ut

465 5049 731 5107 habitaret
761 5056 827 5108 ad
842 5068 1069 5123 puteum
1105 5063 1346 5118 visionis.
1393 5067 1814 5139 lntelligentibus
1848 5089 2015 5143 gran-

459 5140 542 5193 dis
581 5155 666 5198 est
709 5145 812 5200 ista
859 5148 1183 5209 benedictio.
1216 5154 1430 5213 Utinam
1470 5169 1525 5214 et
1573 5140 2016 5220 Dominus—mibi

533 5256 579 5289 ⁵⁸
608 5259 803 5316 Cenes.
828 5280 978 5330 xxiv,
1010 5268 1100 5326 45.
1174 5272 1221 5305 ⁸³
1249 5273 1417 5327 Exod.
1454 5291 1510 5329 ll.

2121 4537 2343 4598 puteum
2367 4527 2613 4594 visionis,
2647 4537 2702 4583 et
2733 4528 3044 4598 percipiatis
3064 4543 3129 4582 ex
3172 4542 3236 4581 eo
3269 4541 3461 4595 aquam
3487 4525 3689 4589 vivam,

2123 4635 2244 4688 quas
2271 4618 2363 4674 flat
2392 4621 2443 4674 in
2467 4621 2621 4675 vobis
2643 4619 2761 4675 fons
2788 4635 2942 4690 aqua:
2983 4620 3225 4675 salientis
3255 4619 3307 4673 in
3340 4619 3503 4673 vitam
3529 4628 3691 4672 atter-

2123 4726 2250 4764 nam
2283 4711 2351 4763 αι.
2401 4711 2455 4764 Si
2482 4712 2603 4779 quis
2655 4722 2835 4765 autem
2873 4726 2997 4765 raro
3055 4713 3120 4766 ad
3164 4713 3450 4766 ecclesiam
3490 4712 3691 4783 veniat,

2126 4816 2252 4854 raro
2293 4800 2361 4855 de
2402 4800 2809 4871 Scripturarum
2864 4801 3108 4858 fontibus
3149 4803 3404 4869 hauriat,
3469 4814 3523 4858 et
3573 4817 3695 4872 quae

2122 4892 2292 4956 audit,
2322 4895 2582 4948 continuo
2606 4894 2895 4949 discedens
2916 4934 2931 4958 ,
2971 4905 3024 4949 et
3053 4894 3173 4949 aliis
3205 4895 3432 4964 negotiis
3458 4909 3694 4963 occupa-

2123 4994 2207 5039 tus
2234 4987 2473 5051 omittat,
2501 4986 2588 5041 hic
2635 5001 2741 5040 non
2778 4988 2994 5042 habitat
3025 4988 3165 5055 apud
3194 4996 3413 5054 puteum
3445 4986 3689 5041 visionis.

2122 5075 2215 5131 Vis
2240 5077 2333 5130 tibi
2361 5078 2639 5131 ostendam
2671 5079 2794 5147 quis
2824 5089 2924 5141 est,
2971 5079 3065 5149 qui
3106 5094 3380 5149 nunquam
3425 5077 3628 5132 recedit
3659 5092 3688 5128 a

2120 5177 2284 5237 puteo
2314 5168 2585 5222 visionis?
2622 5168 2918 5237 Apostolus
2957 5169 3182 5234 Paulus,
3228 5168 3319 5239 qui
3358 5168 3571 5224 dicebat
3599 5167 3645 5198 θ’
3675 5180 3690 5219 :

1587 5279 1632 5313 ⁵⁷
1663 5278 1857 5350 Grues.
1936 5298 2024 5335 xm

2142 5285 2189 5337 ι.
2255 5283 2301 5315 ⁵³
2336 5282 2501 5338 Marc.
2535 5298 2633 5350 xu,
2659 5282 2824 5349 26,et
2858 5284 2988 5340 Luc.
3029 5299 3121 5349 xx,
3158 5284 3248 5339 57.
3322 5284 3369 5317 δ’
3397 5281 3693 5350 lPetr.'tt,

458 5324 549 5382 24.
661 5331 706 5364 ⁸⁸
742 5333 937 5391 Cenes.
966 5324 1155 5406 'xxvtu,
1183 5324 1580 5401 17769162....
1607 5324 1912 5414 tvri'l'f'”

2130 5324 2251 5416 λιι,

531 5466 644 5550 (77)
686 5468 1018 5555 Disserendo,
1051 5475 1202 5531 deest
1229 5478 1468 5555 inantea
1516 5483 1697 5549 editis,
1729 5486 1822 5539 sed
1860 5501 2012 5555 repe-

458 5534 599 5620 ritur
625 5538 679 5591 in
709 5557 840 5620 mss.
872 5534 1039 5620 [fabio
1068 5558 1188 5620 post
1214 5551 1362 5611 editi,
1404 5534 1727 5620 superantes,
1753 5556 1820 5608 ad
1846 5534 2018 5609 ver'am

458 5605 851 5694 philosopliiqiit.
886 5605 1110 5681 Christi,
1158 5628 1206 5671 et
1246 5605 1417 5694 verum
1467 5605 2016 5694 [sociata—tenivChiisti,

468 5678 711 5743 pietatem
759 5681 882 5751 Dei,-
926 5696 980 5740 at
1033 5678 1160 5742 mss.
1206 5699 1262 5744 ut
1297 5692 1346 5745 in
1380 5703 1564 5749 nostro
1598 5703 1766 5751 textu.

2195 5484 2307 5558 (78)
2371 5487 2461 5541 Sic
2517 5502 2649 5541 mss.
2693 5487 2859 5542 Alias.
2921 5485 3491 5556 deprehendas....in
3542 5482 3693 5538 aliud

2126 5566 2323 5617 gemmis
2371 5558 2840 5638 prietermittentes.
3131 5629 3142 5638 _
3235 5629 3267 5638 η
3333 5626 3396 5638 ,_
3472 5627 3484 5638 .
3587 5623 3619 5638 ..

2198 5627 2337 5695 (79)
2372 5622 2569 5688 'Alias,
2626 5627 2833 5681 assideo
2899 5635 3069 5682 tamen
3124 5629 3179 5682 in
3227 5626 3531 5697 Scripturis.
3587 5622 3693 5680 Sed

2132 5713 2264 5754 mss.
2298 5712 2356 5751 ut
2386 5697 2436 5751 in
2469 5706 2655 5752 nostro
2688 5706 2853 5752 textu.
