4050 6142
475 243 580 298 227

1951 243 2272 299 ORIGENIS

3603 253 3712 310 228

475 363 760 434 procedunt
810 363 1152 432 cogitationes
1178 362 1355 425 malm,
1386 363 1674 427 adulteria,
1709 367 1875 433 furta,
1897 364 2036 433 falsa
2068 369 2113 422 Α
2145 363 2259 416 nias
2289 367 2719 433 commovebunt,
2753 377 2806 422 ct
2843 367 3100 438 incipient
3134 367 3340 438 replere
3366 378 3506 424 terra
3535 385 3629 424 sua
3655 382 3714 424 et

481 455 871 517 testimonia",
903 454 1031 517 doli,
1073 455 1480 518 contentiones,
1506 455 1762 520 haereses,
1802 456 2039 520 invidiaz,

474 547 913 609 comessationes,
942 557 997 600 et
1029 547 1112 600 his
1144 546 1366 601 similia.
1419 546 1580 602 Vides
1606 557 1846 617 quantus
1874 548 2044 601 malo-

476 653 592 692 rum
622 636 847 706 populus
874 636 1013 690 intra
1036 651 1136 690 nos
1164 637 1290 691 est?
1316 636 1372 691 Si
1407 653 1533 691 vero
1566 653 1870 693 mereamur
1896 639 2041 692 illam

472 741 657 781 vocem
716 727 897 780 dicere
951 736 1141 780 sancto
1195 726 1422 794 Spiritui
1467 728 1512 758 ⁷³
1548 745 1560 780 :
1593 728 1633 780 A
1684 730 1870 781 timore
1927 738 2040 791 tuo,

471 816 715 880 Domine,
741 819 794 870 in
823 826 967 871 utero
991 819 1343 883 concepimus,
1375 828 1421 871 et
1452 819 1766 888 peperimus,
1797 819 2040 886 spiritum

471 911 658 964 salutis
684 921 786 963 tua:
811 911 1028 979 fecimus
1070 926 1224 976 super
1261 921 1478 977 terram;
1513 921 1636 963 tunc
1659 921 1712 965 et
1738 912 1876 964 alius
1901 912 2041 964 intra

470 1016 571 1056 nos
599 1001 825 1070 populus
860 1001 1137 1056 invenitur
1165 1004 1215 1056 in
1237 1003 1429 1062 spiritu
1459 1013 1770 1070 generatus.
1810 1001 2042 1056 Fructus

472 1091 619 1145 enim
649 1092 865 1158 spiritus
895 1103 969 1146 est
999 1093 1264 1157 cltaritas,
1296 1094 1582 1162 gaudium,
1612 1109 1739 1162 pax,
1764 1094 2040 1162 patientia,

469 1183 767 1246 humilitas,
807 1184 1178 1249 mansuetudo,
1228 1185 1573 1246 continentia,
1621 1186 1839 1238 castitas
1870 1185 1938 1249 ⁷⁸,
1987 1193 2042 1237 et

470 1274 558 1328 his
593 1275 815 1329 similia.
875 1275 1035 1330 Vides
1077 1285 1130 1327 et
1180 1275 1341 1328 alium
1396 1275 1652 1345 populum
1710 1276 1800 1341 qui
1836 1285 1891 1329 et
1928 1277 2041 1342 ipse

471 1367 612 1420 intra
642 1381 737 1420 nos
761 1375 843 1420 est
879 1385 891 1420 :
921 1367 1013 1420 sed
1046 1366 1148 1420 iste
1173 1367 1351 1422 minor
1377 1380 1479 1432 est,
1527 1368 1619 1422 ille
1661 1367 1852 1434 major.
1887 1367 2041 1420 Sem-

468 1473 565 1528 per
618 1459 762 1513 enim
813 1458 996 1528 plures
1049 1467 1177 1514 sunt
1231 1461 1355 1514 mali
1405 1475 1566 1530 quam
1608 1460 1776 1525 boni,
1823 1469 1876 1514 et
1911 1459 2038 1511 vitia

470 1554 843 1608 numerosiora
882 1555 1196 1610 virtutibus.
1245 1555 1351 1609 Sed
1383 1555 1428 1609 si
1465 1555 1602 1608 tales
1639 1555 1832 1619 siums,
1861 1553 2038 1622 qualis

469 1646 713 1700 Rebecca
735 1685 750 1710 ,
776 1655 829 1698 et
860 1661 1166 1700 mereamur
1194 1645 1259 1700 de
1287 1648 1439 1699 Isaac
1464 1687 1477 1708 ,
1533 1645 1582 1698 id
1631 1655 1711 1698 est
1766 1645 1830 1698 de
1877 1646 2038 1698 verbo

469 1737 561 1792 Dei
615 1735 814 1789 habere
865 1745 1218 1804 conceptum,
1275 1737 1439 1789 etiam
1494 1737 1546 1789 in
1608 1735 1763 1790 nobis
1815 1735 2040 1804 populus

467 1829 720 1898 populum
749 1829 1047 1896 superabit,
1078 1837 1133 1882 et
1158 1827 1330 1894 major
1353 1828 1554 1882 serviet
1580 1826 1773 1880 minori
1801 1845 1812 1879 :
1841 1827 2039 1882 serviet

466 1921 669 1974 etenim
710 1934 840 1974 caro
875 1919 1113 1988 spiritui,
1143 1931 1197 1972 et
1228 1920 1358 1972 vitia
1398 1920 1688 1973 virtutibus
1713 1918 1924 1975 cedent.
1969 1916 2039 1970 Et

467 2012 664 2080 impleti
694 2020 838 2077 sunt,
873 2011 1131 2079 inquit",
1163 2011 1274 2064 dies
1304 2011 1417 2074 eius
1449 2020 1504 2063 ut
1543 2020 1776 2080 pareret,
1811 2020 1857 2064 et
1888 2023 2037 2064 erant

465 2106 658 2173 gemini
705 2105 760 2157 in
803 2115 973 2158 ventre
1013 2104 1145 2172 ejus.
1209 2103 1308 2158 llic
1363 2118 1567 2168 sermo,
1635 2103 1685 2155 id
1721 2113 1801 2158 est
1841 2103 2038 2171 impleti

464 2209 586 2252 sunt
629 2199 740 2252 dies
781 2200 896 2267 ejus
948 2209 1003 2251 ut
1031 2209 1259 2268 pareret,
1297 2215 1576 2266 nunquam
1637 2198 1751 2254 fere
1815 2199 1915 2251 nisi
1970 2200 2036 2252 de

465 2291 670 2361 sanctis
705 2289 1024 2343 mulieribus
1071 2288 1349 2344 scribitur.
1405 2287 1476 2341 De
1511 2289 1611 2343 hac
1644 2304 1876 2356 namque
1926 2288 2037 2342 Re-

464 2382 627 2436 becca
659 2383 857 2436 dictum
883 2390 968 2434 est
1007 2381 1107 2433 hoc
1129 2419 1144 2442 ,
1174 2387 1227 2432 et
1256 2381 1320 2432 de
1348 2379 1626 2432 Elisabeth
1659 2387 1830 2433 matre
1871 2377 2039 2433 Joan-

465 2475 574 2536 nis,
617 2481 671 2526 et
717 2472 881 2526 Maria
931 2482 1104 2525 matre
1149 2470 1360 2525 Domini
1420 2471 1588 2523 nostri
1637 2470 1762 2524 .Icsu
1811 2471 2032 2524 Christi.

471 2565 619 2619 Unde
644 2564 769 2618 mihi
805 2564 1016 2616 videtur
1034 2561 1291 2616 eximium
1331 2561 1532 2630 aliquid
1560 2602 1573 2626 ,
1605 2573 1660 2616 et
1692 2575 1888 2631 praeter
1927 2579 2034 2616 cac-

467 2665 612 2709 teros
658 2655 909 2709 homines
953 2653 1331 2721 hujuscemodi
1384 2663 1569 2721 partus
1613 2655 1925 2718 ostendere,
1982 2663 2036 2707 et

465 2745 688 2815 repletio
728 2746 934 2798 dierum
980 2755 1160 2798 ortum
1210 2743 1468 2812 perfecta:
1515 2745 1718 2798 sobolis
1772 2746 2032 2800 indicare.

536 2837 587 2891 4.
619 2834 763 2889 Exiit
783 2847 952 2889 autem
976 2837 1141 2905 ﬁlius,
1172 2835 1351 2904 inquit
1375 2836 1440 2898 ⁷⁸,
1467 2839 1786 2906 primitivus,
1816 2841 2030 2902 rubens,

463 2938 512 2982 et
574 2936 715 2981 totus
778 2939 1024 2996 tanquam
1087 2926 1236 2995 pellis
1309 2927 1563 2980 hirsutus.
1633 2926 2031 2997 Cognominttvit

2143 459 2254 510 luto
2287 471 2475 527 puteos
2505 475 2673 516 meos.
2711 461 2843 516 Nam
2875 463 3059 532 utique
3099 464 3144 516 si
3197 462 3573 531 permitterent
3619 461 3708 514 isti

2140 547 2468 614 Philisthini,
2509 561 2563 604 et
2603 565 2702 620 ego
2745 552 2989 605 volebam
3027 553 3284 606 accedere
3325 551 3389 603 ad
3419 546 3707 601 Dominum

2142 657 2315 696 meum
2332 642 2781 710 patientissimum
2807 643 3012 706 Jesum,
3035 644 3125 713 qui
3145 641 3489 710 dicit",quia
3515 656 3607 709 ego
3629 655 3713 694 ve-

2141 736 2363 787 nientem
2384 735 2451 787 ar!
2471 751 2550 788 me
2571 752 2676 788 non
2709 734 2935 800 repello:
2951 734 3194 789 volebam
3217 734 3502 796 accedere,
3525 742 3578 784 et
3599 731 3710 784 sic-

2141 837 2200 878 ut
2221 827 2474 880 dixerunt
2500 827 2549 880 ei
2573 827 2882 894 discipuli"
2911 825 3179 890 :Domine,
3213 825 3329 894 quis
3360 822 3708 892 peccavit,ltic

2140 934 2207 970 an
2234 928 2472 986 parentes
2499 919 2637 987 ejus,
2660 928 2712 971 ut
2744 934 2913 971 cwcus
2966 919 3312 971 nasceretur?
3344 915 3408 969 Et
3426 930 3524 985 ego
3561 915 3708 969 vole-

2141 1005 2264 1060 bam
2304 1009 2642 1076 interrogare
2675 1023 2798 1061 eum
2821 1018 2875 1062 et
2907 1008 3085 1062 dicere
3117 1024 3130 1060 :
3165 1008 3411 1070 Domine,
3447 1005 3567 1071 quis
3583 1021 3712 1072 pec-

2141 1101 2302 1164 cavit,
2329 1101 2416 1155 hic
2447 1102 2690 1168 Esau,an
2720 1109 2973 1169 parentes
3000 1099 3212 1169 ejus,ut
3241 1099 3312 1152 sit
3341 1107 3481 1151 totus
3521 1099 3710 1152 hirsu-

2142 1201 2246 1254 tus,
2265 1200 2318 1245 et
2333 1193 2585 1246 horridus
2600 1201 2933 1255 nasceretur,
2951 1199 3002 1245 ut
3027 1191 3078 1244 in
3098 1199 3250 1244 utero
3272 1190 3710 1258 supplantaretur

2140 1299 2167 1336 a
2195 1284 2363 1338 fratre
2387 1285 2410 1338 ?
2439 1283 2542 1339 Sed
2575 1286 2618 1339 si
2650 1285 2872 1341 voluero
2905 1284 3241 1352 interrogare
3269 1281 3336 1335 de
3378 1281 3462 1335 his
3483 1280 3705 1335 verbum

2142 1375 2258 1441 Dei,
2277 1385 2329 1430 et
2357 1376 2653 1445 inquirere,
2685 1377 2863 1430 statim
2891 1376 3022 1429 mihi
3056 1376 3175 1430 lites
3205 1373 3512 1428 Philisthini
3531 1383 3582 1426 et
3611 1387 3706 1426 ca-

2139 1467 2372 1525 lumnias
2408 1469 2724 1524 ﬂlOVClll.El
2761 1470 2880 1523 ideo
2901 1484 3001 1522 nos
3033 1468 3400 1538 relinquentes
3435 1467 3576 1520 hunc
3607 1481 3708 1533 pu-

2143 1573 2283 1619 teum
2310 1571 2364 1617 et
2397 1571 2654 1616 vocantes
2675 1577 2798 1615 eum
2825 1560 3136 1614 inimicitias
3159 1599 3172 1623 ,
3205 1558 3368 1611 alium
3414 1557 3702 1611 fodiamus.

2211 1654 2264 1711 5.
2311 1653 2436 1706 Post
2480 1653 2613 1716 lucc,
2654 1651 2822 1720 inquit
2848 1651 2914 1716 ⁸ο,
2951 1651 3220 1704 seminavit
3247 1652 3402 1702 Isaac
3430 1649 3704 1712 hordeum,

2141 1759 2187 1800 et
2217 1747 2405 1801 inrenit
2428 1745 2742 1814 centuplum.
2763 1743 3033 1797 Benedixit
3057 1753 3233 1795 autem
3250 1740 3398 1794 illum
3427 1741 3704 1804 Dominus,

2141 1847 2188 1888 et
2219 1835 2584 1903 magniﬁcatus
2615 1843 2688 1886 est
2739 1833 2892 1885 homo
2938 1843 2984 1885 et
3031 1847 3276 1898 processu
3329 1831 3495 1898 major
3521 1830 3705 1897 ﬁebat,

2137 1928 2474 1996 quoadusque
2509 1941 2727 1994 magnus
2760 1923 2930 1992 factus
2977 1932 3051 1976 est
3089 1923 3257 1975 valde.
3282 1922 3417 1988 Quid
3443 1929 3519 1975 est
3561 1921 3706 1989 quod

2137 2017 2288 2072 lsaac
2319 2019 2576 2072 hordeum
2599 2016 2904 2079 seminavit,
2935 2026 2988 2068 et
3022 2028 3128 2067 non
3159 2012 3507 2075 frumentum,
3539 2022 3592 2064 et
3611 2012 3708 2064 he-

2139 2110 2404 2163 ncdicitur
2429 2109 2482 2162 in
2507 2124 2571 2162 eo
2612 2108 2756 2176 quod
2783 2107 3042 2160 hordeum
3077 2105 3328 2167 seminat,
3365 2115 3419 2158 et
3459 2101 3708 2172 magniﬁ-

2137 2212 2291 2254 catur
2332 2216 2611 2270 quousque
2656 2214 2880 2268 magnus
2930 2198 3065 2251 ﬁat?
3105 2200 3345 2266 Apparet
3377 2209 3536 2263 ergo,
3573 2195 3702 2264 quia

2140 2295 2375 2345 nondum
2429 2308 2652 2362 magnus
2701 2301 2818 2344 erat
2847 2309 2860 2356 ;
2888 2291 2982 2344 sed
3015 2301 3364 2358 posteaquam
3417 2288 3704 2341 seminavit

2140 2385 2397 2437 hordeum
2433 2395 2487 2437 et
2517 2385 2733 2448 collegit
2757 2381 3084 2449 centuplum,
3124 2391 3253 2434 tunc
3281 2383 3452 2434 factus
3477 2388 3556 2433 est
3585 2396 3702 2433 ma-

2137 2492 2272 2544 gnus
2315 2475 2492 2528 valde.
2557 2475 2828 2529 llordeum
2870 2475 3232 2541 jutncntorum
3283 2475 3514 2528 maxime
3553 2473 3704 2527 cibus

2136 2579 2237 2630 est,
2284 2576 2376 2619 aut
2435 2582 2716 2620 servorum
2773 2566 3120 2619 rusticorum.
3179 2564 3273 2617 Est
3319 2564 3460 2618 enim
3497 2567 3704 2633 species

2136 2658 2398 2726 asperior,
2472 2665 2526 2710 et
2595 2671 2714 2725 qua:
2775 2655 2922 2708 velut
2991 2654 3328 2707 acuminibus
3383 2653 3698 2722 quibusdam

2136 2748 2539 2816 Contingentem
2616 2746 2900 2800 stimulare
2976 2745 3240 2798 videatur.
3306 2742 3459 2797 Isaac
3524 2757 3702 2796 sermo

2137 2838 2227 2890 Dei
2267 2849 2371 2899 est,
2440 2837 2530 2904 qui
2589 2852 2768 2889 sermo
2834 2837 2884 2889 in
2955 2836 3068 2904 lege
3125 2837 3385 2890 hordeum
3446 2838 3701 2900 seminat,

2135 2942 2190 2985 ct
2234 2933 2284 2984 in
2326 2929 2632 3000 Evangeliis
2671 2929 2930 2984 triticum.
2961 2929 3112 2982 lllutn
3157 2929 3300 2982 enim
3346 2927 3522 2980 cibum
3579 2944 3704 2996 pcr-

461 3031 636 3074 autem
687 3037 869 3073 nomen
914 3020 1059 3072 illius
1118 3018 1282 3072 Esau.
1350 3019 1415 3072 Et
1467 3028 1648 3086 postea
1689 3022 1818 3073 exiit
1865 3021 2033 3089 frater
2061 3049 2105 3108 C
2139 3022 2452 3077 fectioribus
2499 3032 2550 3076 et
2585 3020 2954 3090 spiritalibus,
2994 3021 3136 3074 hunc
3194 3019 3616 3086 imperitioribus
3649 3029 3704 3071 et

460 3113 599 3182 ejus,
648 3121 694 3166 et
735 3129 920 3164 manus
961 3114 1074 3179 ejus
1124 3112 1350 3178 implexa
1395 3123 1505 3164 erat
1552 3111 1804 3165 calcaneo
1855 3110 2026 3178 Esau,

459 3217 506 3258 et
539 3204 808 3272 appellavit
848 3221 1032 3256 nomen
1069 3202 1212 3255 illius
1252 3201 1442 3255 Iacob.
1478 3203 1666 3256 Refert
1703 3205 1768 3258 de
1812 3205 1894 3257 his
1924 3205 2031 3260 alia

459 3297 749 3364 scriptura,
800 3293 942 3363 quod
986 3294 1156 3348 Jacob
1197 3295 1566 3363 supplantavit
1608 3297 1660 3349 in
1695 3309 1885 3352 ventre
1917 3298 2028 3351 fra-

463 3398 601 3442 trem
675 3402 872 3452 suum,
945 3396 1000 3440 et
1047 3388 1206 3454 hujus
1265 3387 1342 3440 rei
1419 3388 1675 3440 indicium
1736 3389 1830 3452 sit,
1887 3391 2030 3458 quod

463 3491 653 3533 manus
681 3477 799 3548 ejus
834 3476 1064 3545 implexa
1095 3485 1210 3530 erat
1243 3477 1504 3530 calcaneo
1538 3475 1724 3530 fratris
1753 3478 1834 3530 sui
1871 3479 2028 3532 Esau.

461 3570 564 3637 Qui
613 3571 754 3625 Esau
791 3571 856 3624 de
887 3578 1040 3624 utero
1085 3569 1276 3622 matris
1318 3584 1427 3622 sua:
1477 3569 1746 3638 processit
1787 3569 2032 3624 hirsutus

462 3672 610 3719 totus
647 3674 898 3731 tanquam
933 3662 1108 3732 pellis,
1165 3659 1336 3714 Jacob
1389 3670 1566 3714 autem
1614 3661 1748 3714 levis
1800 3671 1853 3715 et
1903 3661 2036 3715 sim-

463 3759 608 3828 plex.
664 3755 817 3812 Unde
875 3765 930 3808 et
971 3753 1142 3810 Jacob
1192 3769 1221 3806 a
1264 3752 1519 3806 luctando
1551 3767 1746 3807 nomen
1791 3754 2032 3823 acccepit

464 3850 626 3923 (80).
686 3849 827 3902 Esau
875 3863 1043 3912 vero,
1096 3855 1155 3898 ut
1209 3844 1359 3898 aiunt
1405 3844 1496 3911 qui
1543 3843 1762 3896 Hebraea
1814 3843 2031 3896 nomina

462 3941 906 4010 interpretantur,
979 3938 1064 3992 vel
1135 3952 1165 3990 a
1247 3937 1484 4000 rubore,
1559 3933 1644 3989 vel
1723 3951 1752 3988 a
1838 3947 2029 4000 terra,

458 4033 565 4102 93
593 4033 644 4087 id
689 4042 772 4088 est
799 4031 1011 4097 rubrus,
1047 4029 1128 4084 vel
1175 4039 1444 4091 terrenus,
1481 4029 1586 4093 vel,
1619 4036 1679 4080 ut
1707 4027 1825 4082 aliis
1860 4030 2031 4082 visum

459 4134 542 4178 est
569 4165 584 4188 ,
617 4124 822 4178 factura
859 4124 1034 4176 dictus
1065 4123 1296 4175 videtur.
1329 4122 1528 4176 Verum
1573 4137 1693 4188 quae
1721 4121 1829 4174 sint
1880 4121 2035 4174 istius

459 4216 756 4270 nativitatis
789 4214 1091 4285 privilegia,
1119 4228 1214 4266 cur
1255 4223 1434 4266 autem
1480 4211 1568 4266 ille
1602 4213 2037 4280 supplantaverit

455 4308 699 4376 fratrem,
733 4319 783 4362 et
816 4308 949 4362 levis
995 4322 1059 4360 ac
1089 4305 1314 4373 simplex
1347 4315 1501 4358 natus
1529 4307 1619 4372 sit,
1663 4321 1784 4358 cum
1825 4307 2033 4373 utique,

2140 3117 2460 3170 animalibus
2495 3124 2645 3184 parat
2673 3131 2686 3167 :
2721 3114 2842 3182 quia
2875 3114 3134 3180 scriptum
3162 3114 3304 3166 est"1
3333 3112 3617 3166 :llomines
3656 3123 3702 3166 et

2129 3207 2373 3275 juntenta
2413 3205 2585 3257 salvos
2632 3204 2815 3271 facies,
2862 3202 3104 3256 Domine.
3166 3203 3318 3256 Isaac
3361 3216 3541 3256 sermo
3571 3202 3704 3270 legis

2139 3297 2399 3350 hordeum
2429 3295 2752 3355 seminat,et
2793 3301 2972 3346 tamen
3007 3293 3057 3345 in
3096 3294 3210 3362 ipso
3251 3294 3454 3347 hordeo
3503 3293 3707 3347 invenit

2139 3390 2492 3443 centesimum
2527 3388 2780 3440 fructum.
2818 3385 3032 3440 Iuvenis
3077 3387 3218 3440 enim
3243 3395 3296 3439 et
3327 3387 3377 3438 in
3412 3386 3526 3453 lege
3561 3401 3707 3438 mar-

2142 3493 2305 3553 tyres,
2331 3497 2558 3550 quorum
2583 3490 2669 3534 est
2695 3480 3018 3534 centesimus
3049 3479 3279 3533 fructus.
3302 3479 3404 3533 Sed
3438 3488 3492 3532 et
3519 3479 3708 3533 Domi--

2143 3588 2246 3627 nus
2270 3582 2453 3625 noster
2487 3572 2539 3624 in
2574 3571 2880 3640 Evangeliis
2926 3568 3096 3634 Isaac,
3132 3570 3452 3638 perfectiora
3477 3584 3705 3638 quaeque

2140 3664 2422 3732 apostolis,
2447 3664 2618 3716 turbis
2649 3672 2828 3716 autem
2862 3661 3067 3731 plebeia
3098 3670 3150 3714 et
3180 3662 3486 3714 conununia
3518 3662 3705 3730 loque-

2141 3759 2321 3812 batur.
2352 3755 2446 3808 V'is
2481 3765 2658 3808 autem
2697 3756 2900 3814 videre,
2926 3753 3067 3820 quod
3106 3753 3266 3805 etiam
3313 3752 3479 3822 ipsius
3518 3752 3705 3806 hordei

2141 3851 2291 3904 cibos
2323 3847 2699 3915 incipientibus
2722 3845 3010 3900 exhibuit?
3033 3845 3304 3912 Scriptum
3337 3854 3418 3898 est
3455 3846 3505 3897 in
3534 3845 3705 3898 Evan-

2141 3939 2346 4010 geliis“
2369 3938 2543 4007 .quod
2567 3936 2805 3990 secundo
2835 3937 3044 4004 paverit
3069 3935 3272 3988 turbas.
3302 3935 3404 3990 Sed
3433 3935 3550 3990 illos
3573 3952 3708 4006 quos

2143 4033 2317 4101 primo
2364 4031 2555 4098 pascit,
2589 4029 2640 4082 id
2684 4037 2765 4082 cst
2806 4027 3125 4095 incipientes
3150 4066 3164 4090 ,
3192 4026 3508 4081 hordeaceis
3557 4029 3709 4095 pani-

2143 4125 2240 4175 bus
2296 4122 2488 4190 pascit.
2529 4118 2715 4172 l’ostea
2761 4131 2911 4179 vero,
2941 4132 3062 4169 cum
3110 4116 3220 4186 jam
3273 4116 3628 4185 profecissent
3653 4119 3708 4171 in

2143 4209 2306 4263 verbo
2339 4219 2392 4260 et
2422 4207 2686 4267 doctrina,
2735 4203 2976 4256 triticeos
3003 4203 3082 4256 eis
3123 4205 3412 4257 exhibebat
3456 4218 3620 4270 panes
3636 4204 3701 4258 ⁸³.

2147 4303 2250 4357 Sed
2280 4310 2401 4368 post
2443 4301 2542 4352 hoc
2577 4297 2859 4359 Dominus,
2910 4296 3106 4364 inquit.
3140 4294 3412 4349 benedixit
3446 4295 3616 4360 Isaac,
3650 4305 3709 4351 et

456 4401 598 4456 sicut
649 4401 780 4456 dicit
826 4398 1114 4468 Apostolus
1144 4398 1212 4461 '",
1251 4412 1316 4449 ex
1355 4412 1462 4451 uno
1495 4397 1652 4449 fuerit
1686 4397 1835 4450 Isaac
1877 4406 2032 4466 patre
2067 4409 2111 4462 1)
2146 4409 2373 4462 magnus
2400 4393 2572 4446 factus
2602 4401 2684 4445 est
2717 4389 2888 4443 valde.
2918 4386 3123 4441 Parvus
3148 4398 3267 4441 erat
3301 4387 3449 4442 Isaac
3480 4389 3532 4440 in
3569 4388 3704 4458 lege,

455 4502 640 4544 nostro
697 4491 980 4558 utriusque
1026 4488 1116 4541 lilii
1166 4497 1487 4555 conceptus,
1518 4487 1603 4540 vel
1643 4502 1741 4540 cur
1775 4487 1864 4539 ille
1889 4496 2033 4542 totus

455 4579 698 4634 hirsutus
724 4589 780 4633 et
832 4578 1106 4641 horridus,
1151 4584 1226 4639 et,
1272 4585 1330 4630 ut
1365 4576 1440 4630 ita
1478 4576 1677 4640 dicam,
1725 4576 1932 4644 peccati
1979 4583 2034 4630 et

457 4671 710 4739 nequitia:
743 4671 996 4738 squalore
1023 4667 1389 4723 circumdatus
1416 4707 1430 4731 ,
1465 4682 1570 4721 non
1603 4677 1686 4720 est
1712 4683 1890 4721 meum
1920 4669 2031 4723 dis-

455 4772 658 4816 cutere.
706 4760 764 4816 Si
823 4762 967 4815 enim
1009 4760 1232 4814 voluero
1263 4760 1316 4813 in
1353 4759 1519 4812 altum
1555 4758 1756 4824 fodere,
1790 4768 1844 4814 et
1873 4775 2029 4829 aquae

454 4854 592 4908 vivae
615 4854 841 4908 latentes
873 4867 1040 4908 venas
1073 4853 1285 4922 aperire
1313 4852 1571 4906 continuo
1599 4851 1829 4905 aderunt
1858 4851 2028 4905 Phili-

455 4947 652 5012 sthini,
689 4955 742 5001 et
772 4946 1055 5014 litigabunt
1080 4960 1310 5012 mecum,
1332 4955 1388 4999 et
1409 4944 1556 4999 rixas
1589 4943 1716 4997 mihi
1747 4952 1798 4998 et
1823 4943 2030 4998 calum-

569 5085 615 5119 ’¹²
664 5083 856 5139 Matth.
908 5099 1000 5151 xv,
1042 5085 1141 5146 l9;
1201 5083 1318 5140 Gal.
1370 5099 1425 5148 v,
1474 5081 1565 5136 20.

453 5155 500 5186 ’⁸
539 5155 672 5209 ibid.
705 5156 776 5209 25
797 5167 852 5209 et
882 5149 994 5209 26a
1049 5157 1092 5186 "
1118 5155 1274 5208 Rom.
1324 5169 1400 5208 Ix.
1500 5153 1545 5184 ⁷⁸
1585 5149 1744 5206 Joan.
1773 5166 1850 5216 vt,
1873 5151 1961 5206 57.

451 5224 499 5257 ⁸⁸
532 5225 725 5280 Matth.
749 5241 858 5279 xiv.
933 5226 978 5256 ⁸³
1004 5226 1192 5281 Matth.
1232 5240 1320 5278 xv.

527 5386 719 5464 (εωΑ
761 5389 929 5476 γει·ρο
971 5401 1104 5476 spy,
1132 5387 1447 5476 Δεαζεαηριιηι
1495 5382 2028 5476 αρρᾼιῖςρςξξίξξιέϋεαέῖ

453 5453 628 5526 carica,
662 5462 928 5530 supposito
983 5453 1254 5513 luctatoris
1318 5459 1487 5510 instar
1518 5454 1920 5530 _pessuntdedit,
1970 5453 2032 5530 fit

456 5522 648 5586 nomen
695 5522 885 5595 Iacob,
937 5531 1077 5598 quod
1129 5531 1179 5583 in
1233 5537 1388 5598 partu
1449 5525 1655 5598 calcem
1702 5522 1888 5598 fratris
1941 5523 2026 5576 sui

458 5603 650 5666 tenuit,
685 5602 841 5670 quasi
873 5593 1055 5670 ipsum
1099 5601 1151 5652 in
1195 5593 1623 5670 primogenitpra
1673 5593 2029 5662 supplantare

458 5665 661 5727 volens.
703 5665 843 5725 'Non
898 5665 1037 5724 male
1074 5665 1210 5741 ergo
1256 5665 1454 5724 asserit
1496 5665 1764 5734 Origenes
1811 5678 1939 5719 eum
1995 5677 2026 5716 a

1679 5081 1725 5111 ⁷³
1781 5079 1885 5136 lsa.
1933 5097 2083 5144 xxvr,
2137 5085 2223 5138 i8.
2337 5084 2384 5114 ⁷⁸
2434 5081 2491 5136 G:

1679 5167 1744 5206 in.
1773 5151 1961 5216 Vt,57.
2049 5156 2093 5186 7"
2114 5154 2274 5210 Joau.
2327 5169 2404 5219 tx,
2437 5152 2491 5205 2.

2137 4489 2232 4542 sed
2274 4500 2527 4555 processu
2558 4484 2814 4552 temporis
2849 4483 2907 4536 lit
2946 4496 3196 4547 magnus.
3225 4479 3311 4532 Fit
3333 4495 3556 4548 magnus
3579 4495 3707 4548 pro-

2135 4594 2292 4634 cessu
2321 4578 2578 4646 temporis
2608 4577 2659 4629 in
2693 4575 2991 4644 prophetis.
3025 4573 3158 4626 Nam
3187 4574 3238 4626 in
3280 4571 3391 4626 sola
3431 4573 3543 4641 lege
3569 4587 3700 4625 non-

2135 4676 2262 4728 dum
2301 4687 2525 4742 magnus
2555 4679 2655 4731 est,
2685 4671 2882 4738 quippe
2915 4682 3033 4735 qua:
3060 4675 3115 4720 et
3138 4664 3402 4718 velamine
3427 4672 3568 4718 tecta
3596 4672 3704 4728 est.

2133 4766 2342 4822 Crescit
2366 4763 2623 4832 ergojam
2651 4761 2701 4813 in
2735 4758 3034 4827 prophetis.
3057 4755 3194 4811 Cum
3229 4770 3357 4808 vero
3399 4754 3706 4823 pervenerit

2139 4857 2206 4910 ad
2234 4857 2334 4910 hoc
2369 4868 2556 4920 usque.
2593 4861 2651 4905 ut
2677 4859 2734 4903 et
2760 4849 3001 4901 velamen
3030 4845 3270 4914 abjiciat,
3295 4856 3422 4898 tunc
3450 4845 3556 4898 erit
3595 4859 3706 4897 ina-

2139 4961 2276 5017 gnus
2322 4945 2498 4999 valde.
2527 4945 2660 4998 Cum
2698 4941 2931 5011 crepet-it
2977 4939 3160 4993 littera
3194 4937 3327 5006 legis
3365 4936 3513 4990 velut
3551 4941 3704 5006 palea

3105 5075 3151 5105 ⁷⁵
3186 5072 3385 5128 Genes.
3447 5089 3572 5136 xxv,
3612 5071 3706 5125 24.

2337 5084 2384 5114 ⁷⁸
2434 5081 2611 5136 Galat.
2658 5095 2710 5142 ν,
2759 5077 2858 5139 22,
2897 5076 2991 5132 25.

3201 5144 3245 5175 ⁸⁸
3265 5143 3412 5200 Psal.
3446 5157 3611 5208 xxxv,
3651 5141 3704 5194 8.

2566 5151 2611 5182 ⁸ο
2639 5149 2836 5204 Genes.
2861 5162 3011 5214 xxvi,
3036 5145 3122 5200 12.

2140 5384 2394 5438 luctando
2425 5395 2618 5435 nomen
2653 5377 2952 5446 accepisse,
2989 5377 3084 5431 sed
3127 5375 3322 5430 miscet
3347 5373 3706 5446 etymologiae

2140 5457 2278 5509 Esau
2315 5465 2368 5509 et
2413 5453 2602 5505 Edom.
2643 5443 2962 5502 Esau—enim
3003 5463 3030 5499 a
3082 5448 3263 5501 radice
3288 5443 3438 5509 nunt,
3470 5443 3704 5512 factura,

2137 5527 2240 5579 dici
2275 5531 2472 5592 potest,
2502 5520 2668 5574 Edom
2695 5533 2822 5573 vero
2867 5519 2935 5570 ab
2983 5526 3104 5581 01R,
3150 5519 3324 5580 ruber,
3351 5517 3698 5580 rubicundus,

2138 5591 2358 5662 dicitur,
2398 5599 2490 5647 aut
2525 5591 2684 5645 homo
2715 5603 2745 5642 e
2783 5599 2925 5642 terra
2951 5597 3188 5642 creatus.
