4050 6142
341 272 436 328 929

1504 274 1572 329 ΙΝ
1607 273 1906 332 GENESIM
1947 275 2235 334 HOMILIA
2274 278 2413 336 XIII.

3489 293 3596 350 250

339 389 511 444 hordei
543 387 667 455 eius
717 391 973 456 secerni,
1012 401 1067 446 et
1105 391 1419 459 apparuerit
1457 395 1600 462 quod
1648 396 1912 464 spiritalis
1941 404 1988 456 Α
2015 397 2262 452 venimus
2318 398 2606 453 exercitia.
2664 399 2804 456 Ecce
2855 403 3022 470 enim,
3085 406 3251 462 refert
3285 405 3584 480 Scriptura.

337 491 414 535 est
445 479 548 543 lex,
586 489 718 535 tunc
763 481 918 536 Isaac
972 482 1428 552 magnilicabitur,
1459 497 1514 540 et
1546 486 1638 540 ﬁet
1681 503 1911 556 magnus

335 573 500 626 valde.
543 571 685 627 Vide
710 575 857 628 enim
889 575 1014 644 quia
1045 585 1100 628 et
1127 573 1387 630 Dominus
1429 578 1480 630 in
1525 577 1834 646 Evangeliis
1863 579 1910 612 “

337 675 524 732 paucos
552 676 726 729 panes
766 662 990 733 frangit,
1026 673 1078 716 et
1103 667 1249 733 quod
1283 665 1448 720 millia
1481 668 1658 721 reficit
1686 667 1910 737 populo-

338 772 465 821 rum,
501 766 556 809 et
581 756 772 826 quanti
803 758 1020 827 cophini
1059 759 1406 828 reliquiarum
1455 773 1765 830 supersunt.
1802 763 1906 816 Do-

340 859 428 898 nec
462 845 662 912 integri
693 857 821 900 sunt
851 861 1034 915 panes,
1069 861 1232 901 nemo
1259 858 1554 910 saturatur,
1588 865 1746 904 nemo
1781 851 1904 903 reli-

336 936 490 1001 citur,
529 951 632 990 nec
685 937 785 1005 ipsi
839 952 1005 1006 panes
1051 939 1305 992 videntur
1354 941 1562 1010 augeri.
1611 941 1904 996 Considera

334 1041 456 1094 ergo
481 1044 645 1090 nunc,
695 1030 967 1098 quomodo
1015 1045 1218 1099 paucos
1266 1048 1436 1101 panes
1483 1033 1810 1103 frangimus;
1839 1034 1905 1088 de

336 1119 628 1189 Scripturis
653 1121 852 1175 divinis
873 1138 1072 1190 paucos
1095 1138 1378 1178 sermones
1407 1127 1753 1191 assumimus,
1775 1136 1906 1195 quot

334 1211 490 1267 millia
518 1213 798 1266 hominum
819 1225 1156 1269 saturantur.
1204 1215 1307 1268 Sed
1346 1215 1451 1270 nisi
1507 1217 1659 1270 fracti
1704 1215 1907 1272 fuerint

331 1305 412 1360 isti
440 1319 634 1374 panes,
683 1304 784 1358 nisi
838 1305 888 1358 in
939 1317 1122 1372 partes
1168 1307 1484 1360 comminuti
1518 1323 1548 1360 a
1599 1308 1900 1377 discipulis,

329 1395 426 1448 hoc
451 1404 559 1460 est,
594 1394 698 1449 nisi
750 1395 1053 1448 minutatim
1103 1397 1281 1450 littera
1343 1394 1508 1450 fuerit
1559 1398 1803 1452 discussa
1851 1409 1904 1453 et

327 1488 516 1552 fracta,
551 1503 748 1543 sensus
769 1488 886 1555 ejus
917 1489 983 1542 ad
1015 1505 1203 1544 omnes
1227 1504 1332 1543 non
1375 1499 1548 1558 potest
1593 1491 1900 1561 pervenire.

324 1577 455 1632 Cum
481 1587 665 1631 autem
700 1586 1035 1648 pertractare
1071 1581 1400 1648 coeperimus
1428 1589 1482 1634 et
1521 1581 1731 1651 singula
1759 1597 1903 1651 qua:-

322 1690 425 1744 que
453 1676 751 1740 discutere,
788 1683 916 1729 tunc
968 1676 1137 1730 turbae
1179 1676 1395 1745 quidem
1438 1688 1698 1744 quantum
1755 1687 1902 1745 pote-

2013 487 2156 554 quod
2190 486 2358 552 Isaac,
2403 499 2686 558 postquam
2729 493 3012 550 benedixit
3041 496 3190 553 illum
3241 501 3499 558 Dominus
3531 517 3588 561 et

2012 579 2393 648 magnificatus
2422 590 2502 634 est
2528 581 2701 645 valde,
2730 599 3015 654 aggressus
3044 599 3127 643 est
3154 605 3288 660 opus
3312 608 3585 665 magnum.

2010 665 2281 736 Etcoepit,
2317 668 2508 737 inquit,
2542 669 2731 726 fodere
2779 685 2989 743 puteos,
3023 689 3213 747 puteos
3249 697 3383 751 quos
3433 682 3588 738 fode-

2013 770 2131 811 rant
2161 760 2312 828 pueri
2341 761 2458 830 ejus
2487 763 2537 815 in
2580 773 2819 832 tempore
2859 772 3028 837 patris
3057 773 3172 841 ejus
3212 775 3485 830 Abraham
3509 777 3584 842 ⁸⁷,

2010 850 2105 904 sed
2133 851 2508 918 oppilaverant
2532 869 2626 909 eos
2655 857 2963 915 Philisthini
2983 904 2998 927 ,
3029 875 3081 918 et
3109 865 3461 933 impleverant
3485 880 3589 924 ter-

2008 957 2064 994 ra
2095 940 2227 1011 (81).
2264 942 2446 998 Primo
2495 961 2624 1016 ergo
2659 949 2923 1004 habitavit
2969 957 3110 1022 apud
3146 965 3367 1023 puteum
3416 960 3583 1014 visio-

2005 1033 2116 1097 nis,
2143 1042 2198 1086 ct
2227 1034 2563 1091 illuminatus
2595 1053 2623 1092 a
2664 1049 2828 1108 puteo
2856 1043 3076 1099 visionis
3106 1049 3416 1116 aggreditur
3448 1051 3583 1108 alios

2006 1133 2196 1190 puteos
2231 1127 2468 1192 aperire.
2507 1128 2573 1182 Et
2614 1145 2718 1182 non
2753 1133 2987 1200 primum
3038 1151 3205 1192 novos
3237 1152 3450 1208 puteos,
3486 1147 3581 1199 sed

2007 1230 2141 1283 quos
2169 1217 2379 1270 foderat
2411 1230 2569 1287 pater
2622 1222 2736 1289 ejus
2764 1227 3061 1280 Abraham.
3100 1229 3166 1283 Et
3210 1247 3329 1284 cum
3360 1233 3583 1292 fodisset

2005 1306 2236 1374 primum
2260 1317 2503 1376 puteum,
2534 1312 2689 1365 zelati
2711 1328 2848 1376 sunt,
2874 1317 3070 1385 inquit,
3099 1337 3214 1374 eum
3240 1321 3571 1380 Pliilisthini.

2002 1396 2074 1448 At
2114 1396 2199 1449 ille
2221 1398 2337 1453 zelo
2367 1414 2553 1453 eorum
2580 1417 2689 1456 non
2722 1414 2804 1457 est
2843 1408 3157 1473 deterritus,
3185 1425 3285 1466 nec
3311 1415 3475 1468 cessit
3500 1416 3582 1468 in-

2003 1486 2160 1541 vidiae
2194 1490 2327 1542 :sed
2366 1491 2574 1555 iterum,
2612 1493 2784 1563 inquit
2807 1496 2884 1561 ⁸⁸,
2919 1499 3051 1565 [odit
3096 1512 3296 1568 puteos,
3330 1520 3460 1573 quos
3498 1505 3584 1573 fo-

2002 1577 2189 1631 derant
2232 1581 2381 1646 pueri
2427 1582 2692 1637 Abraham
2745 1590 2916 1654 patris
2955 1592 3088 1658 ejus,
3119 1601 3168 1646 et
3216 1595 3578 1662 appilaverant

2001 1687 2087 1724 eos
2117 1670 2422 1728 Pliilistltini
2449 1687 2563 1744 post
2607 1689 2825 1733 mortem
2862 1683 3085 1737 Abraltw
3115 1688 3280 1754 patris
3328 1696 3441 1757 ejus
3468 1707 3489 1756 ;
3526 1700 3576 1745 et

321 1775 447 1818 runt
471 1775 712 1818 sumant.
750 1765 901 1830 Quod
929 1777 1108 1818 autem
1139 1781 1243 1818 non
1301 1767 1597 1833 powerint,
1641 1766 1903 1835 colligcn-
1933 1753 1976 1811 Β
2003 1764 2175 1830 Posuit
2212 1764 2316 1817 illis
2344 1768 2582 1832 ηοηιὶηίι,
2612 1773 2898 1824 secundum
2932 1753 3150 1829 nomina
3178 1795 3294 1848 qua:
3330 1794 3576 1849 posuerat

322 1858 448 1910 dum
480 1863 566 1909 est
592 1863 649 1909 et
671 1856 1080 1919 reservandum,
1113 1870 1178 1908 ne
1214 1855 1344 1924 quid
1374 1866 1579 1924 pereat.
1605 1856 1896 1911 Servnmus

317 1953 520 2014 ergoet
550 1959 674 2007 nos,
709 1946 752 2000 si
798 1944 931 2013 quid
969 1947 1138 1999 turbae
1165 1961 1359 2014 capere
1408 1963 1512 2000 non
1569 1958 1814 2017 possunt,
1843 1959 1897 2002 et

317 2035 626 2106 colligimus
648 2035 704 2088 in
727 2035 972 2104 cophinis
995 2045 1049 2089 et
1073 2039 1293 2105 sportis.
1324 2036 1566 2106 Denique
1588 2055 1706 2092 cum
1733 2039 1894 2108 paulo

315 2138 436 2181 ante
473 2126 841 2197 fregissemus
883 2141 1071 2195 panem
1106 2128 1172 2182 de
1205 2127 1372 2182 Jacob
1399 2137 1453 2184 et
1483 2130 1648 2194 Esau,
1689 2141 1891 2200 quanta

311 2224 379 2276 de
408 2220 502 2274 illo
533 2233 679 2286 pane
721 2217 1026 2287 fragmenta
1073 2232 1466 2288 superaverunt
1495 2236 1616 2289 qua:
1648 2239 1743 2276 nos
1775 2223 1892 2278 dili-

311 2321 498 2383 genter
547 2311 934 2379 recollegimus
988 2325 1056 2364 ne
1107 2311 1368 2379 perirent,
1395 2322 1448 2366 et
1498 2330 1777 2368 servamus
1834 2317 1887 2370 in

309 2407 511 2474 sportis
561 2406 652 2460 vel
694 2407 963 2472 cophinis,
1005 2420 1286 2475 usquequo
1333 2406 1590 2462 Dominus
1639 2409 1705 2462 de
1755 2410 1888 2478 ipsis

306 2499 433 2567 quid
457 2498 625 2550 etiam
653 2498 766 2551 tieri
787 2495 998 2564 jubeat,
1017 2498 1315 2552 videamus.
1345 2496 1494 2552 Nunc
1519 2507 1698 2552 autem
1723 2516 1889 2568 quan-

309 2599 420 2642 tum
454 2589 719 2658 possibile
759 2599 864 2654 est,
899 2590 977 2643 vel
1008 2589 1074 2643 de
1116 2591 1346 2660 panibus
1381 2593 1762 2659 comedamus,
1801 2593 1884 2648 vel

305 2679 372 2731 de
395 2680 578 2748 puteis
613 2679 954 2734 bauriamus.
1003 2678 1294 2734 Tentenius
1331 2682 1509 2736 facere
1534 2683 1694 2735 etiam
1729 2683 1880 2748 illud,

303 2771 446 2841 quod
477 2771 750 2840 sapientia
774 2780 1096 2836 commonet,
1122 2773 1310 2826 dicens
1335 2772 1421 2826 ⁸⁸ς
1461 2772 1585 2826 Bibe
1625 2791 1787 2844 aquas
1818 2778 1882 2830 de

303 2866 404 2917 tuis
423 2863 688 2931 fontibus,
735 2875 780 2917 et
812 2865 875 2917 de
920 2865 1024 2918 tuis
1065 2866 1260 2933 puteis,
1305 2877 1351 2918 et
1379 2867 1448 2919 sit
1492 2868 1584 2920 tibi
1615 2869 1732 2937 fons
1759 2879 1878 2923 tuus

298 2956 569 3024 proprius.
605 2953 775 3008 Tenta
804 2970 931 3024 ergo
964 2967 1016 3009 et
1044 2965 1119 3023 tu,
1149 2971 1182 3010 ο
1229 2957 1464 3023 auditor,
1514 2957 1714 3014 habere
1752 2976 1878 3028 pro-

300 3051 476 3116 prium
511 3058 758 3117 puteum,
790 3057 839 3102 et
871 3049 1148 3118 proprium
1197 3049 1439 3117 fontem;
1478 3061 1535 3105 ut
1567 3061 1621 3106 et
1650 3063 1726 3118 tu,
1755 3069 1874 3123 cum

2004 1862 2154 1920 pater
2186 1855 2320 1923 ejus.
2352 1855 2659 1930 Foditergo
2697 1862 2817 1916 illos
2846 1874 3054 1932 puteos,
3090 1882 3229 1937 quos
3263 1881 3415 1938 pater
3445 1887 3575 1928 suus

2003 1941 2237 2008 foderat,
2275 1956 2328 1999 et
2379 1948 2468 2014 qui
2511 1963 2608 2017 per
2643 1951 2895 2006 malitiam
2935 1953 3392 2014 Philisthinorum
3430 1969 3574 2017 terra

2001 2035 2214 2090 fuerant
2244 2038 2452 2106 repleti.
2479 2040 2636 2094 Fodit
2663 2053 2716 2095 et
2745 2044 2879 2099 alios
2918 2062 3085 2102 novos
3131 2049 3182 2102 in
3221 2051 3358 2106 valle
3398 2053 3572 2107 Gera-

2001 2140 2182 2178 rarnm
2228 2126 2361 2198 (82),
2415 2148 2518 2184 non
2586 2133 2802 2200 quidem
2847 2136 2982 2204 ipse,
3026 2139 3116 2192 sed
3159 2141 3310 2208 pueri
3335 2141 3450 2211 ejus
3480 2165 3490 2198 :
3521 2153 3571 2197 et

1997 2219 2224 2283 invenit,
2256 2221 2430 2290 inquit
2454 2223 2522 2287 3’,
2556 2224 2627 2277 ibi
2653 2236 2868 2293 puteum
2897 2245 3048 2296 aqute
3097 2234 3240 2286 vince.
3274 2230 3376 2286 Sed
3407 2237 3570 2288 νίκηιὶ

1995 2319 2118 2361 sunt
2145 2323 2378 2378 pastores
2428 2313 2749 2369 Gerararum
2798 2333 2916 2371 cum
2947 2322 3244 2389 pastoribus
3279 2323 3452 2388 Isaac,
3483 2329 3565 2380 di-

1994 2407 2162 2451 centes
2189 2417 2337 2452 suam
2360 2419 2469 2456 esse
2491 2420 2701 2473 aquam,
2721 2416 2769 2459 et
2788 2408 3062 2474 appellavit
3087 2427 3268 2466 nomen
3293 2418 3432 2482 putei
3456 2414 3570 2470 Ini-

1991 2490 2188 2557 quitas.
2216 2491 2404 2560 Inique
2429 2497 2565 2547 enim
2597 2509 2864 2564 gesserunt
2892 2515 3009 2552 cum
3043 2518 3123 2554 eo.
3167 2502 3271 2557 Sed
3307 2505 3454 2561 Isaac
3483 2524 3568 2565 re—

1990 2580 2134 2634 cedit
2166 2598 2195 2634 a
2225 2584 2424 2638 malitia
2454 2601 2666 2653 eorum,
2709 2598 2756 2642 et
2790 2591 2925 2658 fodit
2956 2592 3147 2646 iterum
3195 2595 3417 2650 alterum
3469 2615 3567 2666 pu-

1991 2683 2152 2735 teum,
2183 2682 2231 2727 et
2257 2692 2349 2744 pro
2374 2677 2487 2742 ipso
2517 2677 2883 2745 nihilominus,
2916 2683 3111 2752 inquit,
3149 2687 3560 2754 altercabantur,

1987 2773 2035 2816 et
2064 2766 2341 2834 appellavit
2365 2771 2550 2822 numen
2572 2770 2684 2838 ejus
2714 2771 3079 2828 Inimicitiam.
3099 2773 3169 2829 Et
3189 2780 3396 2832 recessit
3418 2781 3558 2844 inde,

1986 2866 2033 2909 et
2060 2856 2190 2924 fodit
2218 2860 2407 2911 iterum
2429 2856 2640 2928 puteum
2668 2865 2852 2930 alium,
2870 2874 2919 2919 et
2944 2882 3044 2920 non
3072 2881 3190 2921 sunt
3213 2871 3455 2925 rixatia‘e
3476 2889 3556 2927 eo.

1985 2947 2114 3004 Ideo
2153 2961 2200 3003 et
2237 2952 2517 3019 appellavit
2572 2971 2756 3008 nomen
2783 2957 2901 3025 ejus
2959 2960 3294 3027 Amplitudo,
3352 2965 3553 3031 dicens,

1983 3041 2105 3109 quia
2132 3058 2268 3094 nunc
2295 3040 2533 3097 dilatavit
2564 3062 2656 3099 nos
2688 3047 2849 3112 Deus,
2873 3060 2919 3101 et
2953 3053 3101 3103 auxit
3131 3069 3227 3106 nos
3257 3071 3412 3122 super
3445 3067 3555 3110 ter-

303 3115 730 3209 apprehenderis
762 3115 958 3194 librum
989 3139 1416 3209 Scripturarum,
1455 3144 1683 3212 incipias
1713 3146 1875 3200 etiam

1984 3151 2114 3188 ram.
2142 3135 2354 3190 Benein
2386 3140 2622 3207 quodam
2662 3141 2781 3196 loco
2829 3153 3050 3199 sanctus
3085 3149 3391 3216 Apostolus,
3422 3165 3554 3206 con-

301 3245 366 3283 ex
395 3231 624 3299 proprio
667 3246 826 3284 sensu
876 3233 1119 3300 proferre
1167 3233 1400 3302 aliquem
1441 3235 1789 3299 intellectum,
1825 3244 1878 3290 et

300 3323 600 3375 secundum
649 3336 710 3374 ea
762 3337 882 3390 quae
910 3324 962 3376 in
993 3323 1230 3377 Ecclesia
1261 3325 1521 3390 didicisti,
1547 3336 1690 3382 tenta
1735 3338 1788 3382 et
1820 3339 1874 3383 tu

302 3413 486 3469 bibere
539 3411 607 3467 de
643 3413 792 3467 fonte
833 3414 1032 3483 ingenii
1091 3417 1186 3470 tui.
1229 3414 1326 3470 Est
1383 3417 1523 3470 intra
1579 3427 1628 3472 te
1679 3429 1872 3473 natura

304 3519 454 3573 aqua:
485 3505 641 3571 vivar,
667 3514 793 3558 sunt
823 3520 970 3559 venae
1008 3522 1297 3575 perennes,
1327 3517 1379 3561 et
1429 3509 1635 3577 irrigua
1673 3509 1869 3565 “liftllla

303 3597 644 3651 rationabilis
672 3611 881 3659 sensus,
909 3596 951 3649 si
990 3598 1146 3652 modo
1169 3612 1275 3651 non
1310 3599 1422 3652 sint
1457 3608 1598 3652 terra
1632 3609 1685 3652 et
1709 3601 1872 3656 rude-

304 3691 452 3746 ribus
482 3691 716 3760 upplcta.
757 3691 862 3744 Sed
895 3692 1027 3745 satis
1055 3707 1152 3760 age
1191 3691 1374 3747 fodere
1401 3702 1600 3746 terram
1624 3703 1792 3761 tuam,
1815 3703 1870 3748 et

305 3797 534 3852 purgare
585 3783 806 3848 sordes,
846 3786 897 3839 id
935 3795 1018 3839 est
1056 3785 1255 3852 ingenii
1300 3787 1374 3838 tui
1420 3799 1680 3840 amovere
1723 3787 1868 3840 desi-

302 3876 464 3935 diam,
497 3886 554 3929 et
582 3887 849 3945 torporem
876 3877 1055 3931 cordis
1077 3885 1356 3931 excutere.
1387 3878 1522 3932 Audi
1569 3879 1711 3932 enim
1738 3880 1866 3949 quid

297 3968 428 4021 dicit
468 3968 748 4036 Scriptura
777 3969 857 4023 ⁸ος
892 3969 1074 4040 Punge
1115 3973 1322 4026 oculum
1343 4014 1357 4038 ,
1384 3989 1430 4028 et
1459 3975 1653 4044 profert
1694 3976 1867 4046 lacry-

298 4076 435 4112 mam
459 4076 480 4125 ;
515 4078 683 4130 punge
709 4078 817 4126 cor,
845 4072 894 4116 et
941 4063 1136 4131 profert
1173 4081 1403 4118 sensum.
1454 4066 1626 4137 Pnrga
1655 4083 1782 4137 ergo
1810 4079 1864 4123 et

300 4163 352 4205 tu
388 4155 665 4224 ingenium
695 4165 870 4220 tuum,
905 4165 963 4209 nt
988 4156 1278 4224 aliquando
1304 4161 1466 4211 etiam
1500 4160 1566 4212 dc
1607 4161 1713 4215 tuis
1743 4160 1863 4214 fon-

298 4244 439 4298 tibus
470 4245 640 4309 bibas,
665 4255 720 4299 et
750 4245 817 4299 de
850 4246 953 4299 tuis
982 4247 1157 4316 puteis
1188 4247 1408 4303 haurias
1442 4264 1636 4317 aquam
1660 4252 1857 4304 vivam.

297 4333 350 4388 Si
372 4335 520 4389 enim
553 4336 837 4400 suscepisti
863 4335 915 4388 in
951 4345 1000 4390 te
1024 4335 1247 4390 verbum
1285 4337 1396 4404 Dei,
1429 4339 1473 4392 si
1506 4342 1760 4408 accepisti
1792 4340 1861 4396 ab

1979 3227 2225 3282 siderans
2277 3233 2656 3301 mysteriorum
2703 3238 3152 3306 magnitudinem,
3204 3242 3338 3296 dicit
3360 3244 3445 3300 oo:
3484 3245 3549 3300 Et

1976 3321 2045 3373 ad
2074 3321 2183 3375 haec
2207 3325 2322 3388 quis
2353 3325 2567 3378 idoneus
2595 3329 2619 3381 Ρ
2646 3327 2820 3381 Simili
2850 3331 3033 3396 modo,
3064 3332 3172 3385 imo
3210 3334 3365 3405 longe
3392 3337 3540 3394 dissi-

1976 3411 2108 3476 mili,
2137 3422 2338 3481 quanto
2371 3413 2461 3468 illo
2490 3414 2648 3485 longe
2676 3416 2965 3472 inferiores
3007 3436 3215 3487 sumus,
3249 3426 3414 3477 etiam
3450 3441 3549 3482 nos

1975 3507 2218 3562 videntes
2254 3516 2455 3560 tantam
2511 3508 2562 3561 in
2599 3511 2875 3580 mysteriis
2918 3510 3256 3568 altitudinem
3307 3515 3418 3585 (85)
3449 3532 3550 3586 pu-

1975 3605 2204 3661 teorum,
2253 3597 2484 3651 dicimus
2521 3614 2534 3649 :
2568 3598 2636 3651 Et
2673 3602 2740 3652 ad
2787 3601 2896 3654 lucc
2926 3602 3042 3670 quis
3094 3604 3364 3660 idoneus?
3415 3605 3547 3670 Quis

1971 3687 2114 3740 enim
2152 3687 2312 3755 digne
2355 3687 2531 3742 valeat
2576 3691 2883 3758 explicare,
2920 3691 3003 3746 vel
3048 3703 3328 3762 puteorum
3363 3712 3546 3751 sacra-

1969 3788 2148 3832 menta
2199 3787 2496 3843 tantorum,
2534 3780 2614 3832 vel
2664 3795 2850 3834 eorum
2886 3797 3005 3850 quae
3052 3790 3202 3851 gesta
3238 3798 3336 3851 pro
3363 3785 3539 3854 puteis

1968 3871 2297 3936 referuntur,
2338 3869 2440 3923 nisi
2473 3869 2792 3925 invocemus
2836 3871 3056 3925 Patrem
3088 3873 3245 3926 Verbi
3288 3875 3539 3940 viventis,

1965 3973 2017 4018 et
2058 3961 2250 4029 ipsein
2276 3975 2371 4014 ore
2406 3969 2596 4014 nostro
2631 3961 2861 4015 verbum
2907 3963 3036 4016 dare
3070 3963 3342 4031 dignetur,
3379 3975 3438 4019 ut
3465 3967 3538 4020 si-

1967 4056 2223 4110 tientibus
2255 4058 2406 4112 vobis
2453 4069 2725 4125 possnuus
2778 4052 3171 4122 aliquantulum
3203 4069 3355 4124 aqua:
3402 4057 3538 4111 vivae

1964 4151 2184 4206 haurire
2215 4165 2281 4204 ex
2314 4151 2400 4204 his
2427 4158 2534 4201 tam
2558 4146 2790 4214 copiosis
2816 4155 2870 4200 et
2893 4146 3280 4213 multiplicibus
3311 4150 3536 4216 puteis?

2027 4240 2084 4292 2.
2129 4239 2268 4293 Sunt
2305 4253 2435 4306 ergo
2477 4235 2647 4304 putei,
2678 4248 2817 4302 quos
2870 4232 3122 4286 foderunt
3170 4235 3320 4302 pueri
3360 4233 3536 4288 Abra-

1961 4333 2109 4394 ham,
2137 4332 2228 4386 sed
2257 4331 2353 4384 bos
2373 4327 2684 4383 Philislhini
2716 4325 3054 4394 repleverunt
3080 4332 3243 4382 terra.
3267 4324 3375 4380 Hos
3403 4340 3533 4394 ergo

294 4426 416 4482 Jesu
455 4440 648 4495 aquam
683 4428 858 4479 vivam
899 4436 954 4481 et
1001 4426 1233 4482 ﬁdeliter
1265 4429 1541 4498 accepisti,
1577 4432 1668 4484 tiet
1696 4431 1747 4483 in
1803 4442 1855 4487 te
1886 4453 1932 4509 ι)
1961 4427 2191 4495 primum
2220 4437 2453 4492 purgare
2473 4421 2782 4489 aggreditur
2809 4419 2981 4472 Isaac.
3017 4417 3328 4472 Philisthini
3360 4433 3530 4486 aquas

297 4521 412 4575 fons
446 4535 602 4590 aqua:
629 4519 873 4574 salientis
905 4518 955 4571 in
981 4518 1145 4570 vitam
1173 4531 1452 4583 aeternam,
1491 4519 1545 4573 in
1584 4521 1699 4589 ipso
1726 4519 1850 4576 Jesu

293 4614 510 4668 Christo
545 4611 770 4665 Domino
809 4619 1015 4674 nostro,
1041 4611 1124 4664 cui
1161 4621 1244 4665 est
1279 4609 1448 4680 gloria
1478 4620 1532 4664 et
1566 4613 1848 4682 imperium

296 4704 345 4758 in
378 4701 576 4757 saecula
609 4700 948 4757 saeculorum.
983 4701 1177 4754 Amen.

776 4813 888 4885 95.
924 4810 1205 4867 llOMILlA
1231 4809 1345 4867 xm

358 4908 438 4963 De
463 4908 632 4978 puteis
675 4925 806 4979 quos
846 4905 1213 4979 foditmlsaac,
1257 4916 1304 4960 et
1348 4907 1530 4977 repleti
1580 4917 1700 4962 sunt
1749 4925 1780 4962 a

891 4976 1241 5031 Philistltinis.

354 5072 407 5128 1.
449 5072 616 5127 Solita
639 5085 764 5142 erga
813 5079 1001 5140 puteos
1044 5085 1259 5140 semper
1291 5071 1718 5140 patriarcharum
1765 5073 1852 5126 iu-

383 5168 429 5200 “
461 5167 651 5220 Matth.
685 5180 798 5220 xuv.
874 5166 918 5197 ⁸⁵
949 5165 1107 5220 Prov.
1135 5180 1186 5231 v,
1211 5165 1404 5232 15,18.

289 5254 394 5309 seq.
471 5238 518 5269 '°
545 5231 586 5292 Il
620 5237 746 5291 Cor.
776 5252 835 5301 ll,
865 5236 952 5292 16.

1483 5167 1528 5198 ⁸⁸
1550 5167 1729 5222 Eccle.
1759 5167 2001 5232 “11,19.

1957 4518 2212 4579 oderunt,
2238 4523 2436 4568 terram
2468 4512 2722 4582 diligunt.
2749 4510 2900 4564 Isaac
2920 4525 3088 4577 aquas
3117 4510 3312 4580 diligit,
3339 4518 3528 4578 puteos

1957 4622 2173 4676 semper
2205 4604 2417 4674 quierit,
2442 4613 2651 4658 veteres
2673 4609 2890 4671 purgat,
2909 4615 3077 4654 novos
3105 4599 3528 4669 aperit.lntuere

1957 4710 2200 4756 nostrum
2254 4696 2429 4761 Isaac,
2469 4695 2559 4764 qui
2612 4709 2708 4763 pro
2746 4693 2904 4747 nobis
2933 4691 3150 4746 oblatus
3203 4700 3286 4746 est
3319 4691 3520 4757 hostia,

1944 4792 2261 4848 venientem
2313 4789 2366 4842 in
2415 4788 2610 4841 vallem
2649 4785 3001 4846 Gerararum,
3044 4798 3208 4852 quam
3261 4783 3528 4853 interpre-

1955 4890 2143 4937 tantur
2197 4878 2480 4933 maceriam
2519 4876 2654 4948 (84),
2697 4876 2811 4929 sive
2845 4888 3046 4942 sepem;
3088 4871 3414 4938 venientem,
3447 4875 3526 4927 in-

1954 4992 2137 5048 quam,
2165 4986 2223 5030 ut
2266 4977 2499 5030 medium
2535 4972 2794 5043 parietem
2825 4968 3042 5037 sepiens
3073 4965 3251 5020 solvat
3281 4966 3520 5022 inimici-

1957 5052 2058 5126 tias
2087 5071 2140 5124 in
2191 5082 2354 5122 carne
2404 5082 2520 5130 sua,
2557 5063 2862 5118 venientem
2909 5057 3100 5112 tollere
3127 5058 3440 5118 maceriam,
3467 5056 3516 5111 id

2102 5165 2145 5196 ⁸⁷
2178 5163 2376 5220 Cenes.
2399 5175 2552 5227 xxvr,
2582 5158 2668 5213 15.
2765 5155 2810 5187 ⁸⁸
2842 5154 2977 5210 ibid.
2997 5151 3083 5208 18.
3149 5152 3194 5184 ⁸⁹
3216 5152 3348 5208 ibid.
3375 5151 3442 5207 19
3464 5161 3518 5205 et

2019 5326 2130 5396 (84)
2170 5325 2346 5399 Locus
2380 5323 2432 5376 in
2477 5318 2635 5375 editis
2671 5328 2986 5399 corruptus,
3021 5318 3110 5373 ubi
3156 5319 3358 5387 legitur
3387 5333 3513 5399 Ima-

1944 5389 2170 5453 clunra'm
2194 5396 2296 5450 sive
2341 5408 2532 5460 sepem,
2571 5390 2852 5444 venientem
2880 5390 2934 5442 in
2960 5405 3173 5459 aquam,
3198 5399 3254 5442 ut
3280 5389 3510 5442 medium

1944 5471 2194 5535 parietem
2248 5464 2385 5538 scpis
2437 5464 2627 5538 solvat,
2665 5470 2713 5513 et
2750 5460 3055 5538 inimicitias
3087 5461 3140 5512 in
3179 5475 3338 5512 carne
3388 5475 3509 5538 sua,

1943 5531 2232 5590 uenientem
2254 5531 2432 5587 tollere
2466 5532 2804 5606 mgclmram,
2827 5531 2880 5606 id
2905 5539 2980 5581 est
3004 5539 3272 5594 peccatum
3297 5531 3506 5606 quo‘iu

1945 5619 2026 5660 ter
2064 5623 2156 5661 nos
2175 5613 2385 5673 separat
2420 5613 2468 5676 et
2500 5600 2692 5666 Deum,
2714 5599 3029 5652 maclta’ram
3056 5615 3170 5668 qua:
3197 5607 3273 5652 est
3310 5597 3505 5676 media,

1945 5687 2052 5733 etc.
2078 5678 2146 5731 At
2175 5691 2307 5731 mss.
2359 5683 2418 5728 ut
2445 5674 2497 5727 in
2535 5682 2720 5726 nostro
2765 5679 2934 5734 textu,
2965 5679 3020 5724 et
3062 5677 3206 5724 recte
3250 5674 3505 5730 omnlino;

351 5334 462 5404 (8|)
500 5333 664 5396 Editi,
685 5332 998 5402 foderunt...
1029 5331 1454 5400 oppilaverunt...
1475 5329 1838 5398 impleverunt,

288 5407 370 5461 sed
407 5421 534 5458 mss.
567 5414 628 5456 ut
657 5404 708 5455 in
736 5411 923 5454 nostro
957 5411 1124 5455 texui.

348 5473 458 5545 (8?)
496 5474 724 5542 Aliquot
748 5469 1384 5541 mss.‘,Geraris,quoties
1418 5468 1472 5522 in
1511 5468 1674 5523 editis
1713 5467 1842 5537 legi-

288 5543 734 5619 turgerararum.
871 5613 902 5619 η
934 5613 946 5619 _
1289 5618 1294 5619 γ
1555 5615 1565 5619 _
1633 5607 1668 5619 υ
1755 5605 1808 5619 Η

343 5615 449 5688 (85)
491 5614 586 5671 Sic
623 5627 789 5679 mss.,
819 5613 948 5668 editi
997 5626 1143 5680 vero,
1184 5618 1386 5666 tantum
1432 5607 1668 5678 mysterii
1711 5605 1838 5662 alti-

281 5689 518 5740 tudinem.
