4050 6142
461 262 560 317 231

1945 253 2266 310 ORIGENIS
3610 248 3716 302 2'52

461 391 548 437 est
578 386 886 452 peccatum,
919 375 1062 446 quod
1085 375 1228 428 inter
1259 386 1358 426 nos
1384 374 1613 441 separat“
1622 383 1677 428 et
1710 372 1897 434 Deum,
1928 387 2042 425 ma-
2071 383 2117 433 Α
2147 370 2301 424 Isaac
2347 377 2402 423 et
2453 382 2622 422 novos
2654 379 2864 439 puteos,
2917 369 3025 423 imo
3085 367 3235 439 pueri
3283 365 3432 421 Isaac
3478 365 3711 423 fodiunt.

463 472 689 534 ceriam,
727 482 848 537 qua:
875 477 957 520 est
988 468 1161 520 media
1196 467 1336 520 inter
1365 481 1463 519 nos
1510 477 1563 519 et
1589 465 1837 519 crelestes
1867 465 2034 517 virtu-

461 570 566 618 tes.
599 569 657 614 ιιι
701 559 872 612 faciat
897 568 1129 627 utraque
1158 573 1343 621 unum,
1375 565 1428 611 et
1471 572 1624 611 ovem
1657 571 1778 626 qua:
1814 571 2036 609 errave-

463 661 569 714 rat,
611 649 851 703 humeris
881 649 994 702 suis
1038 657 1277 714 reportet
1309 647 1374 700 ad
1411 658 1644 712 moates,
1687 657 1740 702 ct
1787 649 2040 702 restituat

464 743 531 797 ad
565 742 698 796 alias
732 743 1023 806 nonaginta
1060 754 1274 804 novem,
1305 753 1423 807 quae
1447 757 1550 794 non
1573 749 1913 794 erraverunt.
1940 740 2040 794 llic

463 848 592 901 ergo
618 831 770 885 Isaac
805 831 1059 885 Salvator
1097 841 1303 894 noster,
1353 847 1475 884 cum
1527 833 1760 886 venisset
1798 831 1846 884 in
1880 831 2036 884 istam

465 924 658 977 vallem
687 921 1037 984 Gerararum,
1065 921 1296 989 primum
1323 923 1561 976 omnium
1591 923 1708 977 illos
1730 933 1922 991 puteos
1957 925 2040 978 fo-

465 1015 594 1068 dere
643 1014 837 1076 voluit,
867 1029 1001 1082 quos
1055 1013 1304 1066 foderant
1355 1013 1506 1080 pueri
1546 1013 1725 1066 Patris
1760 1015 1871 1079 sui;
1909 1013 2039 1083 legis

462 1107 670 1161 scilicet
703 1117 757 1160 et
787 1107 1172 1176 prophetarum
1202 1104 1370 1157 voluit
1400 1115 1588 1172 puteos
1611 1104 1871 1159 innovare
1901 1106 2037 1175 (85),

462 1213 601 1267 quos
627 1196 933 1251 Pliilistliini
971 1207 1112 1251 terra
1139 1199 1498 1266 repleverant.
1525 1195 1625 1262 Qui
1657 1207 1784 1250 sunt
1809 1197 1922 1260 isti,
1946 1197 2036 1266 qui

464 1302 608 1345 terra
637 1303 828 1360 puteo;
864 1293 1111 1362 replent?
1134 1291 1210 1346 llli
1243 1293 1358 1345 sine
1395 1292 1558 1346 dubio
1581 1294 1671 1362 qui
1709 1293 1760 1346 iu
1786 1293 1902 1362 lege
1929 1305 2039 1345 ter-

463 1398 650 1436 renam
679 1391 733 1436 et
766 1383 1038 1436 carnalem
1082 1382 1490 1451 intelligentiam
1524 1392 1747 1449 ponunt,
1775 1393 1828 1436 et
1876 1384 2039 1452 spiri-

465 1475 624 1528 talem
662 1490 724 1528 ac
769 1475 1048 1543 mysticam
1081 1474 1362 1537 claudunt,
1399 1483 1458 1527 ut
1493 1490 1667 1543 neque
1695 1475 1796 1542 ipsi
1827 1475 2034 1538 bibant,

462 1578 638 1634 neque
677 1565 809 1618 alios
842 1566 1026 1618 bibere
1064 1565 1401 1631 permittant.
1441 1565 1581 1618 Audi
1642 1563 1815 1627 Isaae,
1854 1564 2036 1618 Domi-

461 1673 591 1709 num
630 1668 875 1710 nostrum
924 1657 1108 1711 .lesum
1154 1656 1431 1710 Christum
1475 1657 1586 1725 (86)
1624 1657 1675 1709 in
1734 1655 2038 1726 Evangeliis

2146 462 2305 517 Pueri
2361 470 2484 514 sunt
2547 461 2712 524 Isaac,
2776 461 3084 526 Matthzeus,
3138 459 3371 524 Marcus,
3422 458 3600 512 Lucas
3661 463 3718 510 et

2143 553 2401 608 Joannes.
2420 551 2578 606 Pueri
2614 553 2729 622 ejus
2751 563 2878 606 sunt
2923 551 3141 616 Petrus,
3170 551 3402 605 Jacobus
3431 559 3481 601 et
3507 547 3713 612 Judas;

2143 660 2279 712 puer
2313 643 2430 708 ejus
2451 652 2536 696 est
2570 653 2622 696 et
2648 644 2921 711 apostolus
2962 642 3181 706 Paulus,
3220 643 3312 710 qui
3353 655 3547 694 omnes
3573 637 3706 690 Novi

2147 737 2486 792 Testamenti
2504 746 2691 806 puteos
2705 735 2934 789 fodiunt.
2952 735 3056 788 Sed
3082 743 3134 787 et
3154 748 3250 802 pro
3277 733 3362 786 his
3382 732 3721 785 altercamur

2148 830 2220 883 illi
2255 832 2343 898 qui
2380 842 2593 884 terrena
2628 831 2867 899 sapiunt,
2903 845 3000 882 nec
3045 844 3182 882 nova
3223 828 3381 882 condi
3416 827 3716 894 patiuntur,

2146 940 2246 978 nec
2275 935 2458 979 vetera
2493 925 2734 994 purgari.
2756 921 3092 990 Evangelicis
3117 921 3291 990 puteis
3311 917 3715 978 contradicunt,

2147 1017 2452 1084 apostolicis
2475 1017 2849 1069 adversantur.
2883 1013 2944 1066 Et
2961 1014 3214 1082 quoniam
3238 1013 3288 1065 in
3305 1009 3562 1065 omnibus
3584 1022 3720 1062 con-

2146 1108 2438 1170 tradicunt,
2476 1106 2526 1159 in
2571 1105 2821 1158 omnibus
2858 1105 3094 1172 litigant,
3149 1105 3346 1157 dicitur
3379 1102 3445 1155 ad
3489 1115 3584 1153 eos
3610 1099 3656 1129 ⁹⁶
3701 1115 3714 1149 :

2147 1198 2410 1262 Quoniam
2441 1201 2687 1268 indignos
2717 1215 2807 1252 vos
2836 1197 3031 1266 fecistis
3056 1199 3232 1268 gratia
3267 1197 3383 1259 Dei,
3406 1211 3470 1247 ex
3484 1192 3718 1261 hocjam

2145 1294 2214 1346 ad
2237 1304 2410 1361 gentes
2441 1293 2651 1345 ibimus.

2216 1386 2269 1438 5.
2308 1385 2432 1438 Post
2467 1385 2583 1438 lucc
2619 1399 2749 1453 ergo
2796 1381 2928 1436 fodit
2963 1381 3179 1435 tertium
3217 1389 3436 1448 puteum
3467 1377 3635 1438 Isaac,
3668 1387 3718 1428 et

2145 1474 2423 1543 appellavit
2473 1489 2659 1526 nomen
2707 1473 2808 1524 loci
2848 1472 2990 1524 illius
3021 1469 3346 1538 Amplitudo,
3386 1471 3560 1521 dicens
3592 1469 3716 1538 quia

2146 1584 2283 1620 nunc
2310 1566 2552 1618 dilatavit
2583 1581 2674 1618 nos
2707 1563 2978 1626 Dominus,
3002 1573 3050 1616 et
3089 1563 3234 1614 auxit
3280 1577 3372 1613 nos
3421 1576 3577 1628 super
3616 1571 3721 1610 ter-

2145 1676 2258 1712 ram
2281 1660 2350 1712 97.
2389 1659 2527 1713 Vere
2557 1658 2700 1711 enim
2729 1659 2980 1710 dilatatus
3009 1664 3090 1709 est
3121 1653 3290 1719 Isaac,
3319 1662 3372 1706 et
3397 1664 3609 1706 auctum
3634 1661 3720 1704 est

461 1748 823 1802 dicentem“:
855 1747 946 1802 Va:
981 1749 1138 1809 vobis,
1176 1750 1376 1802 Scriba:
1415 1757 1463 1802 et
1495 1747 1759 1802 Pharisa’i
1799 1749 2038 1818 hypocri-
2073 1734 2114 1788 Β
2148 1765 2344 1802 nomen
2377 1747 2492 1815 ejus
2525 1762 2687 1815 super
2720 1756 2940 1807 terram,
2993 1759 3112 1797 cum
3145 1741 3461 1810 adimplevit
3485 1742 3536 1794 in
3562 1740 3718 1793 nobis

462 1847 550 1902 ιω,
569 1841 1032 1907 quoniamtalistis
1057 1843 1252 1894 clavem
1282 1842 1532 1903 scicntia},
1551 1851 1598 1892 et
1648 1857 1810 1909 neque
1841 1839 1939 1908 ipsi
1971 1841 2048 1894 in-

462 1931 660 1982 troistis
684 1970 699 1993 ,
735 1945 897 1996 neque
923 1931 1124 1982 intrare
1151 1930 1378 1982 volentes
1412 1930 1745 1996 permisistis.
1781 1929 1874 1983 Isti
1921 1941 2046 1984 sunt

463 2034 612 2088 ergo,
661 2022 750 2088 qui
788 2030 999 2088 puteos,
1041 2035 1176 2088 quos
1235 2019 1487 2074 foderant
1537 2021 1693 2089 pueri
1743 2021 2041 2085 Abraham,

464 2121 609 2166 terra
645 2113 1014 2180 repleverunt,
1053 2112 1143 2179 qui
1188 2109 1358 2176 legem
1401 2111 1697 2165 carnaliter
1744 2113 1959 2176 docent,
1991 2123 2045 2166 et

464 2219 635 2272 aquas
661 2204 832 2257 sancti
864 2203 1102 2271 Spiritus
1137 2202 1431 2257 maculant.
1461 2202 1563 2268 Qui
1619 2212 1810 2273 puteos
1851 2206 1916 2258 ad
1940 2205 2043 2260 hoc

464 2294 687 2357 habent,
713 2310 818 2348 non
849 2305 904 2347 ut
943 2309 1135 2363 aquam
1167 2293 1468 2361 proferant,
1501 2295 1592 2349 sed
1630 2304 1689 2349 ut
1726 2307 1925 2350 terram
1959 2312 2046 2365 po-

463 2395 618 2438 nant.
652 2383 760 2438 llos
807 2400 935 2454 ergo
965 2393 1151 2452 puteos
1185 2387 1500 2454 aggreditur
1542 2385 1723 2440 fodere
1772 2387 1936 2442 Isaae.
1980 2389 2044 2442 lit

462 2477 743 2553 videamus
773 2477 1042 2541 quomodo
1081 2491 1173 2530 eos
1213 2477 1365 2530 fodit.
1391 2477 1524 2531 Cum
1554 2480 1702 2546 pueri
1735 2480 1882 2534 Isaae
1907 2522 1922 2547 ,
1951 2483 2041 2550 qui

463 2577 590 2622 sunt
623 2568 850 2637 apostoli
899 2570 1106 2623 Domini
1144 2569 1312 2624 nostri
1346 2570 1662 2635 transirent,
1707 2571 1901 2641 inquit,
1949 2589 2046 2642 per

462 2668 672 2728 segetes
715 2659 954 2712 Sabbato
1007 2661 1276 2716 vellebant
1327 2662 1526 2729 spicas,
1569 2673 1624 2715 et
1678 2663 2044 2720 confricantes

463 2753 712 2805 manibus
737 2752 1150 2806 manducabant.
1167 2751 1320 2805 Tunc
1337 2769 1464 2822 ergo
1485 2755 1732 2808 dicebant
1751 2757 1798 2810 ei
1827 2757 1938 2823 isti,
1953 2758 2043 2826 qui

465 2853 610 2896 terra
634 2843 978 2910 repleverant
1003 2859 1192 2913 puteos
1217 2845 1396 2898 Patris
1419 2846 1539 2914 ejus
1563 2847 1630 2899 ηε
1654 2846 1788 2901 Ecce
1803 2849 2044 2916 discipuli

463 2936 540 2988 tui
569 2935 770 3003 faciunt
801 2935 1045 2990 Sabbatis
1075 2938 1212 3007 quod
1241 2954 1343 2990 non
1371 2937 1516 2991 licet.
1559 2939 1650 2993 Ille
1686 2949 1743 2992 nt
1773 2950 2045 2994 terrenum

464 3043 652 3080 eorum
712 3025 922 3082 foderet
982 3029 1315 3083 intellectum
1346 3071 1359 3094 ,
1395 3031 1528 3084 dicit
1569 3033 1634 3084 ad
1674 3046 1768 3085 eos
1794 3033 1839 3064 ”
1872 3050 1885 3086 :
1918 3031 2042 3087 Non

464 3115 665 3186 legistis
702 3120 827 3188 quid
868 3119 989 3186 fecit
1039 3120 1228 3185 David,
1263 3139 1381 3174 cum
1421 3124 1640 3175 esuriret
1684 3125 1816 3191 ipse,
1860 3135 1906 3178 et
1949 3127 2040 3196 qui

463 3222 582 3260 cunt
609 3209 721 3273 ipso
751 3220 920 3271 erant,
943 3213 1202 3276 quontodo
1235 3213 1447 3266 intrarit
1479 3213 1546 3266 ad
1573 3214 1828 3268 Abiatltar
1862 3232 2042 3269 sacer-

463 3301 660 3360 dotem,
705 3309 752 3351 et
806 3316 965 3367 panes
1019 3303 1390 3369 prepositionis
1444 3305 1782 3358 manducavit
1828 3307 1940 3376 ipse
1993 3319 2041 3361 et

463 3391 612 3458 pueri
639 3390 743 3454 sui,
773 3406 903 3457 quos
940 3408 1040 3443 non
1072 3392 1261 3444 licebat
1294 3396 1613 3447 manducare
1667 3398 1766 3448 nisi
1802 3399 1926 3451 solis
1954 3416 2044 3451 sa-

465 3479 760 3532 cerdotibus
792 3482 815 3532 ?
844 3480 906 3532 Et
942 3481 1024 3534 bis
1055 3483 1260 3536 addidit
1293 3501 1306 3535 :
1341 3484 1403 3537 Si
1442 3486 1643 3540 sciretis
1671 3488 1796 3553 quid
1827 3501 1923 3556 est,
1946 3492 2044 3542 mi-

464 3571 814 3624 sericordiam
849 3573 988 3636 volo,
1020 3585 1065 3626 ,ει
1109 3591 1213 3627 non
1254 3577 1600 3644 sacriﬁcium,
1640 3597 1906 3651 nunquam
1936 3585 2041 3635 uti-

463 3680 562 3734 que
593 3667 1033 3720 condemnassetis
1071 3669 1394 3725 innocentes.
1418 3671 1524 3724 Sed
1560 3672 1632 3724 illi
1666 3676 1731 3726 ad
1770 3675 1883 3727 lucc
1913 3676 2040 3744 quid

466 3754 750 3808 referunt?
773 3757 954 3810 ltixati
993 3767 1264 3810 suntcum
1298 3759 1480 3826 pueris
1519 3758 1656 3825 ejus,
1689 3770 1742 3814 et
1773 3761 2038 3817 dicunt“:

469 3841 597 3898 Non
628 3854 702 3898 est
728 3847 811 3899 hic
835 3848 988 3900 ltomo
1012 3867 1040 3899 a
1063 3848 1192 3913 Deo,
1210 3850 1297 3917 qui
1331 3847 1620 3902 Sabbatum
1658 3867 1759 3904 non
1789 3853 2039 3907 custodit.

470 3933 582 3988 Iloe
604 3935 854 4005 95ergo
879 3939 1036 3992 modo
1058 3938 1191 3992 fodit
1215 3951 1404 4007 puteos
1424 3941 1591 4007 Isaac,
1627 3959 1762 4012 quos
1795 3945 2041 3998 foderant

468 4027 620 4092 pueri
653 4029 822 4092 patris
874 4029 976 4082 sai.
1031 4030 1172 4084 Puer
1206 4033 1378 4099 patris
1406 4035 1485 4086 sui
1531 4045 1650 4088 erat
1684 4035 1916 4106 Moyses,
1947 4039 2040 4106 qui

467 4114 683 4170 foderat
708 4106 926 4188 puteum
964 4121 1116 4192 legis.
1172 4123 1328 4178 Pueri
1370 4127 1538 4194 patris
1568 4128 1649 4180 sui
1681 4138 1840 4182 erant
1877 4131 2039 4188 David

467 4218 526 4264 et
571 4210 848 4276 Salomon,
878 4222 932 4268 et
969 4216 1266 4285 prophetae,
1303 4229 1358 4272 et
1388 4218 1432 4272 si
1464 4222 1554 4289 qui
1599 4222 1689 4275 alii
1741 4233 1892 4285 sunt,
1944 4225 2038 4291 qui

469 4299 641 4356 libros
668 4305 1004 4373 scripserant
1029 4306 1239 4363 Veteris
1264 4309 1620 4378 Testamenti,
1653 4330 1787 4382 quos
1820 4324 2037 4371 terrena

469 4404 526 4449 et
554 4395 766 4449 sordida
796 4397 1096 4465 repleverat
1126 4401 1476 4472 intelligentia
1499 4405 1832 4461 Iudaeorum.
1862 4409 2032 4475 Quam

471 4500 596 4538 cum
622 4488 778 4541 vellet
799 4505 1028 4560 purgare
1053 4493 1223 4557 Isaac,
1252 4505 1306 4547 et
1328 4499 1614 4553 ostendere
1633 4502 1758 4569 quia
1781 4517 2039 4570 qutecun-

470 4590 578 4644 que
610 4576 695 4630 lex
744 4591 796 4632 et
835 4583 1110 4650 pr0pltetae
1143 4585 1420 4649 dixerunt,
1476 4587 1544 4641 de
1597 4590 1710 4657 ipso
1763 4592 2039 4656 dixerunt,

476 4666 637 4718 rixati
670 4677 796 4722 sunt
823 4684 944 4724 cum
971 4687 1036 4727 eo
1065 4673 1397 4728 Pliilistliini.
1436 4676 1538 4729 Sed
1569 4679 1798 4734 discedit
1837 4682 1904 4735 ab
1940 4683 2041 4736 eis.

473 4756 592 4812 Non
625 4760 768 4812 enim
801 4772 978 4829 potest
1017 4781 1138 4819 esse
1159 4780 1280 4819 cum
1306 4767 1412 4830 eis,
1439 4770 1531 4836 qui
1562 4771 1611 4822 in
1649 4774 1824 4841 puteis
1855 4777 2046 4831 nolunt

476 4863 671 4918 aquam
717 4853 943 4920 habere,
979 4859 1072 4911 sed
1115 4869 1338 4912 terram.
1371 4859 1437 4912 Et
1488 4862 1618 4916 dicit
1672 4865 1752 4918 eis
1779 4868 1824 4898 ³³
1859 4883 1872 4918 :
1908 4865 2044 4921 Ecce

478 4941 800 5011 relinquetur
841 4948 982 5002 vobis
1013 4951 1202 5004 domus
1246 4966 1418 5006 vestra
1451 4955 1677 5009 deserta.
1715 4957 1873 5010 Fodit
1915 4974 2046 5028 ergo

547 5093 594 5176 ’ξ
617 5098 746 5159 Luc.
783 5121 856 5168 ιι,
891 5107 978 5161 5'2.
1056 5111 1100 5150 9'
1136 5111 1321 5165 Matth.
1347 5130 1443 5176 xu,
1484 5115 1538 5168 2.
1614 5116 1658 5147 ⁹³
1686 5117 1814 5171 ibid.

480 5259 606 5307 xm,
635 5244 726 5298 52.

479 5387 585 5438 nisi
616 5384 754 5451 quod
786 5395 914 5448 ru,
934 5380 1154 5449 Gerara,
1180 5399 1284 5436 non
1314 5385 1583 5451 signiﬁcet
1615 5389 1919 5450 maceriam,
1953 5390 2046 5443 sed

481 5456 946 5521 peregrinationem
980 5470 1007 5506 a
1040 5459 1153 5523 πυ,
1184 5458 1547 5523 peregrinari,-
1591 5458 1674 5510 vel
1718 5457 2047 5520 conﬂictum,

482 5541 511 5576 a
538 5535 666 5582 m1.
699 5525 967 5594 conﬂixit;
998 5525 1078 5580 vel
1104 5526 1406 5588 sectionem,
1437 5539 1602 5591 a'm,
1627 5531 1928 5589 secuit."l't:t
1951 5545 2048 5580 au-

485 5605 589 5644 teni
618 5595 885 5662 signiﬁcat
927 5596 1228 5652 maceriam.
1279 5595 1551 5668 Origenes
1600 5597 1780 5667 itaque
1835 5599 2047 5667 legebat

481 5673 565 5724 ’ΠΣ
595 5675 806 5733 pro'm

547 5116 590 5136 "
619 5116 746 5159 Luc.
783 5121 856 5168 XI,
891 5116 978 5161 52.
1056 5116 1100 5150 9'
1136 5116 1321 5165 Matth.
1347 5130 1443 5176 xu.
1484 5116 1538 5168 2.
1614 5116 1658 5147 ⁹³
1686 5117 1814 5171 ibid.
1929 5119 2041 5174 “.lt

477 5174 525 5206 ’7
558 5173 752 5259 Cenes.
774 5191 923 5244 sxw,
949 5179 1037 5232 22.
1108 5182 1153 5213 ⁸⁸
1186 5181 1325 5236 Psal.
1353 5200 1511 5254 Lxxv,
1543 5187 1587 5240 1.
1667 5188 1711 5218 ⁹⁹
1751 5186 1893 5243 Psal.
1929 5206 2038 5245 xvii

2148 5161 2156 5174 .
2207 5136 2282 5182 Ix,
2316 5116 2400 5171 16.
2543 5117 2588 5148 ⁸⁸
2635 5116 2825 5170 Matth.
2857 5131 3014 5178 χχιιι,
3043 5116 3132 5168 58.
3243 5116 3288 5145 ’⁸
3321 5116 3359 5166 A

2148 5231 2160 5246 .
2240 5192 2255 5221 ³
2285 5189 2478 5243 Matth.
2512 5202 2704 5252 xxviii,
2741 5190 2823 5241 19.
2901 5189 2920 5216 ³
2944 5185 3086 5238 Psal.
3118 5199 3280 5247 uin,
3308 5185 3359 5238 1.

2145 1843 2427 1896 scientiam
2464 1840 2777 1895 Trinitatis.
2820 1838 2973 1892 'l‘unc
3012 1839 3154 1890 enim
3202 1845 3406 1888 tantum
3439 1835 3490 1887 in
3532 1834 3716 1887 Judtea

2149 1942 2309 1987 notus
2335 1941 2454 1986 erat
2507 1931 2672 1995 Deus,
2703 1941 2755 1984 et
2788 1933 2837 1984 in
2876 1929 3037 1984 Israel
3074 1943 3322 1996 magnum
3369 1941 3561 1980 nomen
3597 1925 3718 1993 ejus

2145 2027 2528 2080 nominabatur
2564 2023 2634 2089 ⁹⁸;
2670 2039 2812 2076 nunc
2845 2031 3022 2074 autem
3057 2023 3536 2072 inomnemtcrram
3559 2017 3717 2070 exivit

2146 2135 2305 2172 sonus
2327 2134 2529 2182 eorum,
2563 2127 2608 2169 et
2641 2118 2692 2169 in
2736 2117 2865 2182 fines
2897 2115 3036 2168 orbis
3069 2124 3222 2166 terra:
3249 2115 3401 2165 verba
3432 2128 3612 2164 eorum
3644 2110 3718 2160 ’9.

2147 2209 2350 2262 Euntes
2377 2210 2517 2262 enim
2547 2209 2696 2276 pueri
2731 2208 2876 2261 Isaac
2901 2223 2993 2275 per
3021 2205 3326 2259 universmn
3347 2205 3530 2256 orbein
3557 2211 3719 2254 terra:

2147 2302 2402 2355 foderunt
2433 2310 2641 2368 puteos,
2675 2310 2728 2352 et
2755 2313 2948 2366 aquam
2984 2299 3159 2350 vivam
3188 2296 3436 2350 omnibus
3464 2291 3720 2346 ostende-

2147 2404 2295 2455 runt,
2322 2393 2646 2459 baptizantes
2675 2407 2852 2443 omnes
2891 2404 3062 2458 gentes
3105 2393 3159 2441 in
3200 2389 3405 2440 nomine
3441 2385 3638 2448 Patris,
3665 2395 3717 2436 et

2149 2483 2300 2547 Filii,
2335 2493 2382 2536 et
2418 2483 2645 2552 Spiritus
2685 2485 2850 2536 sancti
2885 2483 2922 2534 ¹.
2964 2482 3170 2534 Domini
3201 2480 3343 2534 enim
3376 2488 3450 2532 est
3474 2489 3635 2542 terra,
3664 2483 3717 2528 ct

2145 2577 2415 2646 plenitudo
2445 2576 2558 2645 ejus
2587 2577 2627 2630 ².
2664 2575 2768 2630 Sed
2806 2585 2859 2626 et
2887 2574 3252 2642 unusquisque
3303 2578 3570 2633 nostrum,
3620 2567 3713 2635 qui

2148 2671 2370 2724 verbum
2403 2669 2499 2723 Dei
2533 2669 2829 2731 ministrat,
2865 2676 3086 2734 puteum
3130 2665 3282 2728 fodit,
3324 2672 3374 2718 et
3412 2678 3604 2733 aquam
3639 2661 3720 2713 vi-

2148 2776 2268 2814 vam
2300 2759 2513 2827 qumrit,
2549 2774 2613 2812 ex
2645 2773 2748 2827 qua
2782 2759 2988 2812 reliciat
3012 2759 3307 2810 auditores.
3334 2756 3389 2809 Si
3419 2771 3546 2824 ergo
3576 2755 3717 2806 int-i-

2148 2852 2470 2922 piametego
2495 2859 2734 2904 Veterum
2757 2849 2897 2903 dicta
2925 2851 3215 2910 discmere,
3239 2858 3292 2902 et
3315 2864 3530 2902 sensum
3558 2846 3610 2899 in
3635 2845 3716 2899 eis

2149 2957 2399 3011 quaerere
2428 2941 2750 3011 spiritalem,
2785 2941 2827 2994 si
2869 2950 3098 2994 conatus
3132 2939 3284 2993 fuero
3313 2939 3552 2992 velamen
3582 2937 3716 3004 legis

2153 3048 2424 3096 a'novere,
2475 3041 2528 3087 et
2569 3031 2856 3085 ostendere
2891 3030 3172 3096 allegorica
3211 3044 3329 3083 esse
3373 3044 3490 3096 quae
3514 3027 3714 3094 scripta

2148 3137 2296 3193 sunt,
2313 3125 2455 3179 fodio
2469 3124 2686 3192 quidem
2705 3134 2916 3191 puteos,
2941 3125 3033 3175 sed
3057 3123 3235 3176 statim
3267 3121 3396 3174 mihi
3427 3120 3718 3171 movebunt

2149 3218 2451 3271 calumnias
2486 3217 2646 3268 amici
2677 3217 2891 3278 litterae,
2915 3225 2970 3267 et
3004 3214 3407 3267 insidiabuntur
3431 3210 3584 3274 mihi,
3610 3209 3718 3261 ini-

2149 3309 2382 3363 niicitias
2415 3308 2669 3360 continuo
2701 3317 2756 3359 et
2803 3304 3204 3375 persecutiones
3240 3304 3525 3372 parabunt,
3570 3302 3716 3355 veri-

2151 3411 2312 3454 tatem
2351 3408 2613 3468 negantes
2651 3409 2798 3451 stare
2826 3412 2982 3464 posse
3017 3398 3124 3450 nisi
3153 3412 3313 3464 super
3338 3406 3558 3450 terram.
3605 3394 3712 3446 Sed

2148 3508 2248 3548 nos
2281 3493 2326 3546 si
2354 3492 2504 3545 Isaac
2536 3490 2688 3557 pueri
2714 3505 2921 3552 sumus,
2949 3498 3140 3559 puteos
3168 3503 3319 3557 aqua:
3356 3489 3488 3540 vim
3524 3486 3716 3554 diliga-

2150 3599 2267 3637 n.us
2301 3592 2356 3635 et
2395 3582 2591 3642 fontes,
2619 3597 2646 3632 a
2679 3579 2928 3646 litigiosis
2974 3589 3027 3632 et
3061 3578 3536 3632 calumniatoribus
3565 3591 3716 3630 rece-

2149 3675 2362 3736 damus,
2388 3681 2441 3726 ct
2467 3672 2836 3738 relinquamus
2874 3685 2966 3724 eos
2997 3671 3049 3723 in
3091 3680 3236 3722 terra
3270 3684 3429 3736 quam
3466 3667 3712 3736 diligunt.

2149 3764 2256 3820 Nos
2290 3780 2418 3817 vero
2450 3778 2724 3831 nunquam
2754 3776 3027 3816 cessemus
3062 3773 3255 3829 puteos
3287 3775 3441 3829 aqu-.e
3471 3761 3604 3812 viva:
3630 3758 3713 3812 fo-

2149 3858 2350 3912 diendo
2377 3874 2390 3909 :
2420 3867 2472 3911 et
2496 3870 2640 3909 nunc
2669 3855 2886 3924 quidem
2925 3863 3131 3916 vetera,
3180 3869 3320 3907 nunc
3366 3853 3528 3908 etiam
3577 3867 3712 3904 nova

2147 3948 2503 4009 discntiendo,
2525 3945 2816 4000 efﬁciamur
2838 3944 3042 3999 similes
3067 3946 3141 3998 illi
3157 3946 3467 4014 evangelico
3505 3946 3715 4007 scribas,

2147 4039 2213 4093 de
2241 4055 2345 4108 quo
2373 4039 2627 4092 Dominus
2652 4035 2789 4088 dixit
2814 4035 2855 4100 ³,
2882 4037 3006 4104 quia
3033 4036 3230 4104 profert
3256 4037 3319 4089 de
3342 4034 3587 4088 thesauro
3619 4052 3716 4088 suo

2148 4148 2276 4186 nova
2310 4141 2357 4184 et
2387 4139 2578 4183 vetera.
2609 4127 2716 4182 Sed
2751 4136 2807 4179 et
2837 4127 2880 4180 si
2905 4127 3026 4196 quis
3047 4141 3231 4180 eorum
3261 4142 3346 4182 me
3367 4143 3511 4181 nunc
3536 4128 3718 4181 audiat

2147 4225 2532 4291 disputantem.
2549 4221 2638 4290 qui
2653 4219 2866 4273 sazculat
2881 4233 2938 4272 es
2953 4218 3162 4273 litteras
3179 4219 3348 4283 novit,
3369 4219 3500 4272 dicit
3519 4219 3714 4272 fortas-

2149 4332 2228 4382 se,
2248 4316 2440 4369 Nostra
2461 4325 2586 4369 sunt
2601 4315 2698 4365 ista
2715 4327 2832 4381 qua:
2856 4311 3009 4375 dicis,
3029 4322 3082 4364 et
3107 4321 3303 4365 nostra:
3331 4313 3465 4364 artis
3482 4312 3717 4365 erud.tio

2148 4420 2251 4472 est;
2275 4410 2384 4461 haec
2404 4408 2514 4476 ipsa
2534 4421 2651 4475 qua:
2668 4407 2906 4474 disputas
2924 4412 2978 4457 et
3001 4404 3184 4468 doces,
3210 4413 3390 4456 nostra
3413 4402 3717 4470 eloquentia

2147 4509 2248 4553 est.
2283 4498 2347 4550 Et
2378 4505 2554 4548 movet
2602 4494 2728 4548 mihi
2772 4494 2891 4547 lites
2919 4494 3064 4546 velut
3095 4493 3448 4546 Philisthinus
3475 4494 3714 4560 quidam,

2150 4593 2352 4654 dicens,
2376 4590 2502 4656 quia
2529 4587 2580 4640 in
2615 4603 2734 4640 nico
2761 4585 2874 4640 Solo
2905 4584 3088 4638 fodisti
3121 4595 3356 4654 puteum,
3375 4593 3430 4639 et
3454 4583 3721 4637 videbitur

2152 4683 2252 4738 sibi
2285 4683 2481 4736 merito
2517 4681 2822 4742 vindicare,
2861 4693 2978 4750 quae
3007 4678 3237 4747 propriae
3265 4688 3419 4731 teme
3439 4686 3582 4730 sunt.
3614 4675 3720 4730 Ve—

2156 4792 2276 4829 rum
2318 4775 2383 4827 ad
2431 4775 2546 4826 haec
2583 4787 2682 4841 ego
2729 4771 3103 4840 respondebo,
3157 4769 3282 4840 quia
3334 4771 3492 4823 habet
3543 4768 3720 4820 omnis

2153 4877 2294 4921 terra
2345 4881 2547 4932 aquas,
2600 4865 2692 4918 sed
2728 4865 2817 4933 qui
2869 4863 3229 4917 Philisthinus
3259 4871 3365 4926 est,
3399 4871 3453 4914 et
3507 4869 3719 4913 terrena

2153 4957 2312 5026 sapit,
2351 4956 2524 5009 nescit
2557 4955 2610 5006 in
2650 4954 2799 5007 omni
2834 4963 2978 5006 terra
3009 4953 3255 5006 invenire
3286 4967 3506 5020 aquam,
3546 4953 3720 5004 nescit

3243 5113 3288 5145 ’⁸
3321 5113 3442 5168 Act.
3476 5131 3592 5176 xm,
3628 5115 3716 5170 46.

3473 5187 3493 5216 ³
3522 5187 3716 5242 Matth.

2543 5117 2588 5148 θδ
2635 5115 2825 5170 Matth.
2857 5131 3014 5178 xxnt,
3043 5114 3132 5168 '58.

2228 5389 2338 5462 (85)
2374 5391 2543 5454 Alias,
2571 5390 2678 5444 vult
2703 5407 2832 5461 quos
2878 5390 3301 5458 foderant...vutt
3348 5403 3530 5457 puteos
3562 5392 3718 5446 inno-

2153 5477 2297 5513 vare.
2337 5462 2442 5514 Sed
2479 5476 2610 5514 mss.
2642 5474 2701 5514 ut
2731 5463 2782 5514 in
2814 5472 3002 5514 nostro
3033 5473 3206 5516 testu.

2226 5531 2339 5598 (86)
2387 5530 2493 5583 Vox
2521 5530 2790 5583 Christum
2821 5531 2970 5583 deest
3003 5533 3054 5583 in
3100 5546 3256 5586 antea
3285 5534 3466 5595 editis,
3497 5533 3588 5588 sed
3630 5549 3717 5586 re-

2151 5602 2358 5674 peritur
2394 5601 2444 5652 itt
2482 5615 2611 5652 mss.
2640 5599 2782 5652 Infra
2799 5615 2981 5674 Atlt_ss_.,_
3001 5613 3048 5652 et
3076 5619 3237 5672 aquas
3264 5605 3434 5658 δαηςεί
3463 5603 3718 5674 Spiritus.

2149 5669 2320 5734 Alias,
2351 5677 2400 5724 et
2427 5684 2618 5744 aquam
2644 5670 2810 5727 sancti
2839 5669 3090 5738 Spiritus.
