4050 6142
650 105 674 140 ν

256 217 360 275 253

1444 211 1512 267 IN
1540 208 1837 267 GENESIM
1879 206 2164 265 IIOMILIA
2197 206 2337 263 XIII.

3394 215 3496 271 938

268 337 320 389 in
340 329 482 386 omni
502 330 686 384 anima
712 329 950 386 inveniri
975 328 1353 384 rationabilem
1383 343 1606 384 sensum
1626 336 1682 383 et
1701 327 1836 381 ima-
1863 333 1909 389 Α
1939 324 2117 394 imago
2159 324 2252 379 Dei
2283 323 2477 386 latens,
2505 329 2557 376 et
2595 319 2742 377 bune
2768 330 2988 391 puteum
3017 319 3306 390 Philistini,
3338 327 3391 382 id
3415 342 3498 384 est

269 425 435 498 ginem
472 422 564 476 Dei
605 421 746 492 (87),
779 422 954 476 nescit
980 421 1161 486 tidem,
1199 421 1478 489 pietatem,
1516 419 1830 489 religionem

271 527 419 584 posse
453 512 505 565 in
531 512 787 567 omnibus
817 510 1073 566 inveniri.
1100 508 1238 577 Quid
1269 509 1362 564 tibi
1389 510 1606 580 prodest
1635 509 1834 563 habere

274 603 648 666 eruditionem,
680 611 736 656 et
767 603 984 658 nescire
1008 617 1070 656 ea
1090 603 1257 665 uti,et
1287 601 1486 656 habere
1507 615 1833 666 sermonem,

273 707 325 755 et
347 695 554 751 ηοευίτε
577 694 755 764 loqui?
788 694 936 750 Istud
959 709 1098 764 opus
1117 695 1338 764 proprie
1361 708 1654 762 puerorum
1688 693 1837 749 Isaac

276 798 370 855 est,
400 787 491 857 qui
525 787 576 840 in
619 787 766 842 omni
816 795 961 841 terra
998 785 1210 841 fodiunt
1262 797 1456 856 puteos
1495 800 1648 856 aqua}
1678 788 1834 851 vivae,

279 879 326 934 id
356 888 450 938 est.
484 877 632 932 omni
654 878 849 932 anima:
873 876 1096 931 verbum
1129 874 1222 928 Dei
1249 873 1568 943 loquuntur,
1598 883 1654 930 et
1679 875 1834 929 inve~

280 974 423 1026 niunt
442 968 699 1024 fructum.
721 968 966 1040 Denique
990 967 1070 1023 vis
1095 969 1306 1030 videre,
1334 983 1476 1021 unus
1505 981 1638 1036 puer
1665 967 1834 1034 Isaac,

281 1073 502 1135 quantos
529 1071 725 1132 puteos
760 1063 812 1116 in
839 1073 982 1128 terra
1013 1060 1434 1130 alienigenarum
1454 1057 1687 1114 foderit?
1708 1058 1840 1114 Vide

285 1155 521 1219 Paulum,
561 1156 652 1223 qui
705 1155 769 1208 ab
802 1153 1142 1210 Ilierusalem
1183 1155 1234 1207 in
1281 1154 1512 1208 circuitu
1548 1166 1719 1220 usque
1771 1150 1838 1204 ad

284 1248 542 1317 Illyricum
586 1246 812 1314 replevit
840 1245 1188 1316 Evangelium
1217 1245 1310 1300 Dei
1337 1245 1380 1299 ‘.
1409 1243 1515 1300 Sed
1538 1257 1635 1314 per
1655 1243 1840 1314 singu-

284 1341 357 1395 los
391 1341 526 1393 istos
549 1352 741 1409 puteos
761 1340 1170 1410 persecutiones
1200 1354 1394 1409 passus
1416 1349 1497 1395 est
1523 1338 1840 1393 Philistino-

281 1450 412 1488 rum.
446 1433 586 1487 Audi
627 1434 795 1503 ipsum
833 1433 1102 1488 dicentem
1130 1433 1194 1489 ἐ
1237 1433 1447 1500 Quanta
1487 1433 1614 1486 mihi
1633 1432 1840 1485 accide-

283 1535 399 1579 runt
456 1522 652 1590 Iconii,
702 1521 936 1594 Lyatris,
971 1534 1170 1593 quanta
1224 1524 1281 1577 in
1330 1523 1574 1592 Epheso!
1623 1521 1842 1588 Quoties

276 1631 447 1672 caesus
467 1625 524 1671 et
548 1619 765 1687 quoties
795 1617 1062 1687 lapidatus
1088 1616 1210 1671 est?
1237 1617 1453 1686 quoties
1485 1616 1745 1685 pugnavit
1772 1613 1839 1668 ad

1936 425 2234 486 potestates
2257 416 2516 479 adversae,
2546 413 2886 484 repleverunt
2915 422 3080 468 terra.
3128 415 3282 482 Quali
3315 427 3462 476 terra
3479 424 3500 475 ?

1937 506 2262 562 Carnalibus
2294 507 2566 573 sensibus,
2608 514 2662 560 et
2714 506 2943 561 terrenis
2975 507 3416 578 cogitationibus,
3446 519 3504 566 et

1937 610 2218 670 propterea
2247 600 2584 669 portavimus
2616 598 2906 670 imaginem
2946 599 3165 654 terreni.
3199 598 3351 657 Tunc
3370 616 3504 674 ergo

1937 708 2060 748 cum
2093 701 2434 763 portaremus
2458 692 2745 760 imaginem
2775 691 2996 757 terreni,
3026 691 3296 750 Philistini
3330 697 3506 767 reple-

1937 795 2130 840 verunt
2168 794 2312 840 terra
2344 793 2536 855 puteos
2565 796 2799 838 nostros.
2831 784 2934 839 Sed
2966 801 3108 840 nunc
3131 789 3386 857 quoniam
3414 804 3505 846 ve-

1941 879 2022 932 nit
2074 887 2265 933 noster
2297 878 2468 941 Isaac,
2520 878 2878 948 suscipiamus
2925 875 3041 944 ejus
3087 879 3400 947 adventum,
3449 893 3506 939 et

1938 971 2208 1027 Iodiamus
2238 981 2430 1039 puteos
2473 977 2709 1035 nostros,
2741 977 2794 1022 et
2838 967 3158 1036 abjiciamus
3185 973 3253 1028 ab
3283 975 3362 1029 eis
3390 984 3504 1030 ter-

1939 1079 2094 1129 ram;
2121 1077 2414 1134 purgemus
2436 1076 2532 1117 eos
2565 1063 2635 1121 ab
2659 1059 2911 1116 omnibus
2939 1061 3211 1128 sordibus,
3237 1072 3293 1120 et
3318 1080 3347 1120 a
3371 1082 3506 1122 cun-

1941 1157 2045 1210 ctis
2070 1155 2492 1227 cogitationibus
2520 1153 2683 1209 luteis
2711 1162 2767 1209 et
2796 1154 3046 1219 terrenis,
3079 1164 3133 1210 et
3167 1155 3508 1214 inveniemus

1941 1249 1996 1303 in
2024 1247 2103 1302 eis
2129 1261 2324 1316 aquam
2353 1248 2552 1312 vivam,
2592 1245 2760 1312 illam,
2789 1244 2859 1300 de
2885 1260 2989 1314 qua
3015 1247 3147 1301 dicit
3179 1248 3292 1319 (88)
3317 1249 3506 1304 Domi-

1942 1355 2043 1394 nus
2060 1339 2127 1390 “:
2147 1338 2248 1404 Qui
2275 1339 2438 1393 credit
2463 1339 2518 1392 in
2546 1354 2649 1401 me,
2680 1337 2901 1406 [Iumina
2921 1337 2985 1391 de
3007 1348 3182 1394 ventre
3207 1341 3321 1409 ejus
3345 1342 3509 1411 ﬂuent

1943 1444 2094 1499 aqua
2120 1429 2273 1483 vim.
2303 1427 2436 1484 \‘ide
2465 1437 2664 1496 quanta
2708 1427 2779 1481 sit
2805 1426 3101 1484 liberalitas
3138 1430 3372 1487 Domini.
3403 1431 3512 1489 Pu-

1946 1528 2060 1574 teos
2087 1520 2433 1591 repleverunt
2459 1519 2755 1584 Philistini,
2784 1527 2838 1573 et
2865 1534 3032 1575 venas
3069 1522 3228 1579 nobis
3245 1538 3508 1593 aquarum

1946 1611 2116 1668 exiles
2140 1620 2195 1666 et
2226 1621 2417 1666 tenues
2458 1611 2790 1680 inviderunt,
2815 1621 2874 1669 et
2896 1627 2994 1684 pro
3034 1613 3120 1670 his
3151 1615 3305 1672 nobis
3333 1615 3510 1675 fontes

279 1710 520 1764 bestias?
553 1682 648 1764 sed
682 1682 984 1780 permansit
1019 1682 1300 1782 usquequo
1346 1682 1521 1764 exiret
1554 1682 1620 1763 ad
1657 1706 1841 1762 latitu-
1871 1682 1914 1738 Β
1953 1703 2255 1758 redduntur
2289 1715 2344 1758 et
2369 1701 2608 1758 ﬂumina.

274 1803 484 1866 dinem,
517 1803 570 1857 id
618 1811 703 1858 est
740 1817 1021 1873 usquequo
1063 1805 1116 1857 in
1147 1805 1311 1858 totius
1355 1803 1507 1858 orbis
1538 1812 1696 1856 terrae
1724 1799 1845 1852 lati-

276 1897 464 1952 tudine
508 1895 782 1951 Ecclesias
825 1895 1135 1951 collocaret.
1188 1894 1280 1949 Sic
1309 1909 1440 1966 ergo
1497 1893 1665 1963 putei,
1707 1907 1846 1962 quos

271 1989 399 2042 fodit
418 1988 723 2053 Abraham,
739 1986 788 2042 id
815 1996 916 2051 est,
943 1985 1241 2055 Scriptura:
1258 1985 1471 2041 Veteris
1491 1983 1840 2047 Testamenti,

269 2081 462 2151 repleti
512 2090 640 2136 sunt
671 2089 814 2134 terra
845 2095 873 2132 a
908 2078 1237 2142 Philistinis,
1271 2076 1388 2132 sive
1410 2091 1438 2130 a
1471 2076 1627 2131 malis
1657 2076 1844 2130 docto-

272 2175 442 2236 ribus,
476 2171 690 2227 Scribis
718 2182 772 2227 et
803 2171 1116 2234 Pharisaeis,
1170 2170 1286 2225 sive
1320 2169 1485 2224 etiam
1515 2168 1847 2223 adversariis

267 2265 634 2335 potestatibus
669 2282 683 2318 :
707 2273 762 2318 et
788 2263 1057 2319 obturatas
1079 2271 1208 2318 sunt
1237 2275 1428 2316 eorum
1461 2274 1634 2325 venre,
1662 2274 1727 2314 ne
1754 2274 1847 2329 po-

268 2368 384 2411 tum
415 2358 702 2426 praebeant
730 2357 815 2411 his
844 2357 936 2426 qui
963 2371 1030 2410 ex
1064 2356 1340 2410 Abraham
1371 2361 1519 2409 sunt.
1557 2350 1674 2405 Non
1699 2353 1845 2406 enim

267 2447 514 2518 populus
559 2447 651 2502 ille
690 2446 877 2501 bibere
914 2454 1091 2516 potest
1116 2444 1182 2499 de
1208 2443 1528 2513 Scripturis,
1567 2442 1662 2497 sed
1702 2441 1846 2495 sitim

268 2539 483 2608 patitur
508 2539 666 2595 verbi
698 2539 795 2593 Dei
823 2538 995 2593 donec
1027 2537 1203 2600 veniat
1252 2535 1404 2591 Isaac
1433 2545 1488 2589 et
1513 2536 1723 2606 aperiat
1753 2551 1847 2587 cas

270 2642 331 2684 ut
358 2631 556 2687 bibant
592 2631 747 2700 pueri
781 2630 887 2686 sui.
925 2627 1114 2685 Gratia
1141 2643 1274 2700 ergo
1299 2628 1410 2684 lilio
1435 2628 1665 2684 Abrahae
1687 2628 1847 2684 Chri-

262 2733 379 2789 sto,
405 2723 476 2778 de
509 2737 620 2792 quo
651 2723 911 2791 scriptum
946 2730 1033 2776 est
1061 2721 1082 2752 ⁸
1110 2737 1127 2775 :
1159 2719 1316 2776 Liber
1341 2722 1692 2792 generationis
1720 2720 1848 2776 Jesu

266 2815 490 2881 Christi,
510 2815 612 2884 ﬁlii
631 2813 822 2879 David,
846 2814 1252 2883 ﬁliiAbraham,
1283 2816 1374 2884 qui
1393 2815 1539 2869 venit
1563 2829 1616 2869 et
1641 2815 1852 2886 aperuit

267 2907 433 2962 nobis
476 2916 692 2976 puteos.
717 2903 872 2977 Ipsos
909 2907 1053 2960 enim
1089 2905 1370 2976 aperiebat
1416 2906 1545 2976 illis,
1580 2908 1672 2976 qui
1698 2908 1850 2962 dice-

265 3000 434 3055 bant"
463 3021 477 3055 :
515 2997 708 3054 Nonne
728 3015 820 3054 cor
842 3007 1079 3052 nostrum
1105 3000 1297 3052 ardens
1323 3000 1507 3052 eratin
1533 3000 1701 3065 nobis,
1729 3016 1850 3053 cum
1877 3039 1924 3102 Ο

265 3091 501 3159 ἀρετὴ-ει
539 3091 688 3144 nobis
715 3088 1062 3159 Srripturas?
1085 3089 1310 3160 Aperuit
1345 3105 1474 3160 ergo
1503 3090 1603 3146 hos
1636 3099 1844 3160 puteos,

265 3193 322 3236 et
348 3182 553 3237 uocauit
589 3197 700 3245 eos,
725 3181 902 3251 inquit
922 3181 968 3246 ⁸,
999 3182 1132 3236 sicut
1165 3191 1435 3237 vocaverat
1460 3199 1546 3236 eos
1577 3183 1847 3236 Abraham

267 3285 423 3339 pater
441 3288 592 3328 suus.
617 3270 732 3326 Non
757 3271 901 3326 enim
922 3271 1230 3325 immutavit
1247 3272 1507 3326 vocabula
1537 3280 1843 3341 puteorum.

270 3363 342 3420 Et
361 3375 448 3421 est
479 3364 680 3419 mirum
709 3364 851 3434 quod
896 3362 1110 3433 Moyses
1139 3363 1305 3417 etiam
1335 3362 1478 3431 apud
1515 3378 1612 3418 nos
1639 3362 1849 3434 Moyses

272 3456 604 3526 appellatur,
657 3464 714 3511 et
768 3457 1044 3525 propheta:
1080 3453 1452 3524 unusquisque
1483 3469 1580 3509 suo
1631 3455 1849 3509 nomine

273 3549 640 3619 appellantur.
678 3546 796 3601 Non
829 3548 975 3603 enim
1006 3546 1257 3602 Christus
1289 3547 1340 3602 in
1368 3548 1449 3602 eis
1479 3548 1722 3615 nomina,
1750 3550 1845 3603 scd

278 3637 692 3708 intelligentiam
723 3635 1094 3692 commutavit.
1147 3633 1521 3689 Commutavit
1569 3643 1746 3688 autem
1793 3635 1845 3688 in

277 3743 364 3794 eo,
393 3739 452 3784 ut
491 3730 604 3800 jam
642 3727 783 3782 ultra
813 3742 923 3783 non
961 3726 1307 3782 attendamus
1333 3723 1574 3782 Judaicis
1627 3724 1846 3789 fabulis,

276 3833 335 3877 et
371 3820 977 3894 genealogiisinlinitis,
1021 3821 1150 3890 quia
1194 3837 1227 3874 a
1271 3820 1488 3874 veritate
1520 3820 1729 3890 quidem
1752 3836 1850 3872 au-

278 3916 448 3969 ditum
482 3922 747 3978 avertunt,
797 3913 868 3968 ad
924 3913 1134 3984 fabulas
1181 3923 1355 3967 autem
1406 3913 1844 3966 convertuntur’.

277 4009 510 4078 Aperuit
537 4022 669 4079 ergo
697 4016 910 4078 puteos,
962 4017 1019 4063 et
1065 4007 1251 4062 docuit
1287 4021 1407 4071 nos,
1434 4015 1492 4060 ut
1528 4021 1634 4062 non
1667 4005 1849 4075 aliquo

277 4100 395 4157 Ioco
449 4115 764 4171 quaeramus
809 4099 1001 4165 Deum,
1035 4103 1130 4156 sed
1178 4098 1418 4155 sciamus
1439 4100 1583 4169 quod
1621 4099 1674 4153 in
1701 4099 1848 4152 omni

278 4203 424 4246 terra
450 4191 676 4246 oﬂ'ertur
692 4190 1020 4246 sacriﬁcium
1039 4193 1247 4246 nomini
1283 4191 1400 4261 ejus
1426 4189 1492 4241 ¹⁸.
1519 4188 1674 4246 Nunc
1705 4189 1848 4244 enim

278 4285 409 4341 illud
444 4293 526 4338 est
560 4295 773 4352 tempus
805 4284 1026 4354 quando
1073 4285 1190 4339 veri
1244 4285 1558 4339 adoratores
1617 4284 1852 4338 adorant

277 4374 536 4438 Patrem,
587 4390 763 4444 neque
820 4375 874 4430 in
923 4375 1337 4446 Hierosolymis,
1396 4390 1569 4445 neque
1627 4376 1679 4428 in
1740 4374 1929 4464 960

281 4479 472 4525 monte
513 4467 778 4535 Garisim,
810 4466 904 4522 sed
947 4467 1000 4521 in
1054 4467 1248 4536 spiritu
1281 4477 1338 4521 et
1360 4467 1588 4521 veritate
1613 4467 1676 4520 “.
1729 4465 1844 4521 Non

279 4575 410 4632 ergo
441 4561 496 4614 in
552 4561 691 4625 Ioco,
741 4573 918 4630 neque
964 4559 1018 4613 in
1051 4568 1196 4615 terra
1235 4558 1446 4614 habitat
1483 4559 1644 4622 Deus,
1676 4558 1769 4612 sed
1796 4558 1848 4612 in

281 4653 444 4709 corde
472 4651 700 4707 habitat.
730 4649 800 4705 Et
826 4651 874 4706 si
903 4650 1079 4706 locum
1133 4651 1226 4706 Dei
1260 4650 1515 4719 requiris,
1542 4666 1642 4706 cor
1689 4667 1849 4704 mun-

283 4745 408 4800 dum
436 4755 522 4800 est
550 4745 702 4800 locus
745 4744 884 4814 ejus.
917 4743 976 4800 In
1010 4743 1116 4802 hoc
1143 4757 1380 4813 namque
1421 4742 1541 4799 loco
1576 4743 1851 4798 habitatu-

285 4853 400 4892 rum
428 4853 490 4893 se
520 4837 674 4901 dicit,
706 4851 830 4892 cum
863 4850 964 4906 per
998 4836 1322 4906 prophetam
1357 4835 1435 4889 ait
1461 4835 1502 4867 “
1539 4854 1554 4891 :
1584 4834 1850 4889 Habilabo

282 4931 338 4984 iu
356 4935 455 4996 eis,
489 4941 538 4984 et
571 4930 951 4997 inambulabo;
977 4940 1026 4985 et
1052 4929 1157 4998 ipsi
1192 4939 1346 4983 erunt
1376 4929 1503 4982 mihi
1531 4931 1773 4998 populus,
1801 4937 1850 4983 et

281 5041 371 5094 ego
409 5039 502 5078 ero
531 5023 642 5078 illis
692 5022 854 5091 Deus,
886 5022 1011 5076 dicit
1060 5021 1338 5075 Dominus.
1392 5021 1527 5076 Vide
1565 5035 1695 5089 ergo
1725 5020 1852 5090 quia

284 5115 422 5170 forte
449 5117 692 5170 etiamin
711 5115 1134 5184 uniuscujusque
1154 5123 1405 5168 nostrum
1433 5114 1614 5167 anima
1642 5123 1730 5168 est
1754 5129 1848 5182 pu-

286 5217 398 5262 teus
443 5221 600 5277 aquae
632 5206 790 5271 vivae,
818 5215 902 5261 est
949 5207 1170 5275 quidam
1222 5204 1466 5260 caelestis
1516 5219 1743 5269 sensus,
1794 5211 1850 5259 et

347 5326 372 5360 ⁸
395 5325 558 5382 Rom.
588 5340 683 5392 xv,
711 5325 800 5380 I9.
874 5327 896 5356 ⁸
927 5324 966 5377 ll
989 5324 1129 5380 Tim.
1159 5341 1240 5389 ιιι.
1274 5326 1366 5380 Η.
1401 5368 1407 5381 .
1447 5325 1468 5356 ⁸
1493 5324 1683 5380 Matth.
1709 5342 1752 5389 ι,

1843 5326 1867 5357 ⁷
1902 5323 2033 5381 Luc.
2063 5340 2212 5387 xxiv,
2246 5323 2334 5380 32.

2014 1793 2068 1848 4.
2118 1794 2174 1849 Si
2220 1809 2349 1864 ergo
2395 1804 2450 1850 et
2473 1810 2571 1850 vos
2611 1797 2772 1852 hodie
2811 1799 2929 1854 haec
2958 1799 3240 1858 audientes
3282 1803 3514 1862 ﬁdeliter

1945 1887 2266 1956 percipiatis
2320 1887 2593 1953 auditum,
2626 1900 2892 1958 operatur
2923 1900 2979 1947 et
3032 1893 3086 1948 in
3133 1895 3287 1951 vobis
3341 1896 3512 1965 Isaac,

1945 1989 2139 2052 purgat
2168 1979 2332 2036 corda
2363 1989 2545 2036 vestra
2569 1997 2600 2036 a
2631 1983 2866 2039 terrenis
2894 1986 3164 2053 sensibus,
3189 1996 3245 2043 et
3270 1988 3516 2047 videntes

1947 2073 2064 2127 haec
2095 2081 2244 2127 tanta
2275 2073 2527 2144 mysteria
2557 2073 2612 2127 in
2643 2071 2944 2143 Scripturis
2971 2076 3172 2135 divinis
3198 2095 3319 2137 esse
3343 2081 3516 2138 laten-

1948 2163 2044 2227 tia,
2063 2163 2358 2233 prolicietis
2383 2162 2438 2217 in
2461 2163 2736 2220 intellectu
2763 2164 2903 2238 (89),
2927 2176 2982 2223 et
3002 2168 3300 2238 prolicietis
3327 2171 3378 2226 in
3405 2174 3516 2242 spi-

1948 2254 2198 2310 ritalibus
2231 2254 2504 2310 sensibus.
2535 2254 2819 2324 lncipietis
2838 2259 3002 2312 etiam
3035 2258 3139 2328 ipsi
3177 2275 3299 2316 esse
3327 2261 3517 2318 docto-

1950 2361 2060 2412 res,
2111 2354 2168 2401 et
2218 2347 2516 2416 precedent
2564 2361 2630 2402 ex
2686 2348 2844 2404 vobis
2877 2349 3096 2404 ﬂumina
3149 2367 3304 2422 aqua
3359 2355 3516 2412 vivae.

1947 2437 2116 2494 Adest
2150 2439 2294 2493 enim
2329 2438 2560 2494 Verbum
2591 2439 2709 2503 Dei,
2736 2450 2792 2495 et
2819 2441 2932 2496 baze
2971 2458 3112 2498 nunc
3139 2444 3254 2515 ejus
3286 2455 3370 2502 est
3389 2463 3520 2518 ope-

1950 2529 2108 2593 ratio,
2140 2543 2198 2585 ut
2228 2530 2294 2585 de
2313 2530 2494 2584 anima
2519 2531 2946 2602 uniuscujusque
2969 2544 3214 2590 nostrum
3243 2550 3518 2594 removeat

1954 2632 2170 2688 terram,
2197 2631 2252 2678 et
2275 2624 2481 2694 aperiat
2505 2621 2707 2679 fontem
2737 2625 2938 2680 vivum.
2962 2624 3105 2681 Intra
3145 2637 3197 2682 te
3225 2630 3367 2685 enim
3401 2645 3516 2698 est,

1951 2722 2006 2768 et
2031 2729 2136 2769 non
2165 2715 2510 2771 extrinsecus
2541 2716 2708 2779 venit,
2739 2717 2884 2772 sicut
2911 2726 2966 2772 et
2991 2733 3220 2790 regnum
3257 2722 3352 2778 Dei
3373 2723 3515 2780 intra

1953 2817 2006 2862 te
2033 2815 2138 2862 est.
2164 2805 2230 2860 Et
2254 2806 2448 2863 mulier
2488 2806 2579 2862 illa
2610 2807 2678 2875 “,
2711 2823 2832 2875 quae
2851 2810 3159 2879 perdiderat
3179 2814 3520 2888 drachmam,

1952 2912 2056 2952 non
2091 2897 2237 2952 illam
2271 2897 2480 2953 invenit
2531 2900 2900 2968 extrinsecus,
2951 2903 3046 2958 sed
3098 2905 3152 2958 in
3204 2907 3364 2963 domo
3397 2925 3518 2975 sua,

1952 2999 2304 3060 posteaquam
2323 2991 2571 3046 accendit
2592 2991 2888 3060 lucernam,
2920 3001 2971 3048 et
2997 2996 3278 3052 mundavit
3303 2999 3518 3056 domum

1957 3082 2210 3140 sordibus
2233 3094 2288 3139 et
2312 3083 2698 3149 immunditiis,
2723 3099 2860 3154 quas
2900 3086 3047 3155 longi
3082 3092 3343 3160 temporis
3368 3093 3518 3163 igna-

1956 3176 2048 3230 via
2073 3185 2128 3232 et
2159 3177 2428 3232 hebetudo
2460 3186 2831 3244 congesserat,
2866 3187 2922 3232 et
2956 3178 3029 3232 ibi
3081 3179 3288 3237 invenit
3321 3185 3486 3242 drach
3506 3217 3521 3228 -

1954 3283 2124 3327 mam.
2158 3269 2224 3323 Et
2243 3279 2298 3324 tu
2329 3284 2457 3341 ergo
2481 3271 2525 3325 si
2550 3270 2818 3326 accendas
2848 3270 3150 3338 lucernam,
3180 3274 3225 3328 si
3261 3277 3523 3335 adhibeas

1959 3361 2053 3416 tibi
2087 3361 2543 3418 illuminationem
2575 3360 2813 3432 Spiritus
2842 3363 3036 3429 sancti,
3095 3373 3150 3418 et
3209 3365 3263 3420 in
3321 3366 3526 3426 lumine

1953 3449 2074 3520 ejus
2105 3450 2289 3507 videas
2316 3451 2534 3516 lumen,
2587 3451 2837 3507 invenies
2888 3452 3033 3506 intra
3081 3463 3133 3509 te
3181 3454 3521 3519 drachmam.

1954 3543 2101 3599 Intra
2141 3553 2192 3598 te
2211 3558 2451 3614 namque
2477 3552 2563 3598 est
2591 3543 2856 3600 collocata
2887 3544 3065 3613 imago
3092 3547 3238 3616 regis
3264 3550 3520 3609 caelestis.

1957 3637 2093 3692 Cum
2120 3637 2265 3693 enim
2296 3636 2501 3691 Iaceret
2532 3635 2809 3691 hominem
2831 3651 2898 3690 ex
2921 3636 3078 3692 initio
3100 3638 3261 3707 Deus,
3296 3643 3364 3697 ad
3386 3645 3523 3700 ima-

1955 3730 2136 3799 ginem
2179 3739 2235 3786 et
2261 3729 2678 3784 similitudinem
2729 3743 2884 3784 suam
2925 3728 3053 3783 fecit
3087 3745 3248 3800 eum;
3295 3744 3350 3790 et
3383 3738 3522 3795 banc

1956 3823 2246 3893 imaginem
2281 3837 2388 3877 non
2423 3820 2790 3886 extrinsecus,
2831 3821 2928 3876 sed
2957 3821 3098 3877 intra
3129 3839 3252 3881 eum
3280 3829 3521 3886 colloca~

1956 3916 2054 3970 vit.
2090 3915 2217 3970 Haec
2241 3915 2294 3970 in
2312 3895 2375 3970 Ite
2399 3915 2570 3970 videri
2595 3933 2701 3972 non
2733 3927 2967 3986 poterat,
3012 3919 3184 3976 donec
3215 3922 3406 3979 domus
3433 3935 3525 3980 tua

1955 4009 2174 4065 sordida
2199 4016 2341 4071 erat,
2367 4007 2727 4065 immunditiis
2754 4021 2810 4065 et
2843 4011 3129 4070 ruderibus
3164 4014 3392 4087 repleta.
3417 4015 3525 4072 Iste

1955 4101 2078 4157 fons
2109 4099 2352 4155 scientiae
2379 4098 2524 4152 intra
2581 4108 2634 4155 te
2675 4110 2794 4156 erat
2821 4103 2981 4172 situs,
3022 4107 3116 4162 sed
3159 4121 3265 4162 non
3309 4119 3524 4177 poterat

1955 4192 2142 4254 ﬂuere,
2173 4191 2298 4261 quia
2333 4189 2606 4244 Pbilistini
2632 4191 2974 4262 repleverant
3003 4211 3126 4251 eum
3156 4207 3322 4266 terra,
3360 4210 3414 4254 et
3447 4201 3526 4256 fe-

1955 4295 2144 4342 cerant
2175 4286 2228 4339 in
2262 4293 2312 4338 te
2342 4282 2630 4352 imaginem
2678 4289 2901 4342 terreni.
2931 4288 3039 4345 Sed
3077 4301 3130 4346 tu
3153 4296 3377 4364 portasti
3401 4299 3517 4365 qui-

1956 4379 2076 4432 dem
2107 4386 2233 4432 tunc
2269 4373 2558 4445 imaginem
2608 4381 2834 4447 terreni,
2875 4397 3020 4436 nunc
3050 4397 3184 4440 vero
3213 4385 3300 4441 his
3325 4388 3524 4443 auditis

1955 4471 2025 4524 ab
2051 4469 2142 4523 illa
2176 4470 2322 4524 omni
2376 4472 2517 4526 mole
2551 4479 2605 4526 et
2636 4472 2990 4541 oppressione
3033 4482 3247 4530 terrena
3274 4491 3372 4546 per
3399 4477 3528 4534 Ver-

1956 4561 2083 4616 bum
2110 4559 2203 4615 Dei
2239 4571 2530 4632 pnrgatus,
2563 4563 2860 4633 imaginem
2904 4563 3146 4620 caelestis
3182 4567 3236 4620 in
3266 4577 3318 4622 te
3347 4568 3526 4638 splen-

1957 4652 2180 4707 descere
2212 4653 2397 4709 facito.
2434 4653 2562 4708 Haec
2591 4668 2724 4723 ergo
2760 4654 2942 4724 imago
2971 4663 3054 4711 est
3077 4659 3144 4710 de
3168 4672 3272 4726 qua
3311 4658 3527 4714 dicebat

1957 4743 2119 4800 Pater
2137 4745 2202 4800 ad
2225 4745 2419 4801 Filium
2448 4745 2492 4778 ’⁵
2519 4764 2532 4799 :
2561 4743 2847 4799 Faciamus
2865 4747 3128 4802 hominem
3153 4749 3223 4802 ad
3247 4750 3526 4822 imaginem

1956 4844 2006 4888 et
2035 4834 2435 4890 similitudinem
2460 4844 2715 4890 nostram.
2745 4835 2912 4891 Filius
2940 4837 3030 4891 Dei
3059 4847 3142 4893 est
3163 4840 3339 4908 pietor
3365 4841 3527 4912 hujus

1958 4926 2229 4997 imaginis.
2264 4927 2328 4982 Et
2348 4928 2474 4998 quia
2513 4927 2634 4983 talis
2667 4943 2730 4982 ac
2763 4936 2948 4984 tantus
2980 4938 3065 4985 est
3105 4930 3313 4998 pictor,
3348 4931 3525 5005 imago

1958 5019 2076 5088 ejus
2103 5018 2380 5074 obscurari
2413 5033 2509 5088 per
2539 5019 2809 5074 incuriam
2842 5028 3052 5090 potest,
3085 5020 3252 5076 deleri
3280 5037 3378 5092 per
3404 5039 3522 5079 ma-

1956 5111 2131 5168 litiam
2157 5127 2265 5166 non
2295 5120 2499 5182 potest.
2529 5110 2710 5165 Manet
2741 5111 2886 5167 enim
2912 5127 3125 5182 seraper
3151 5115 3330 5187 imago
3347 5117 3440 5173 Dei
3465 5117 3521 5172 in

1957 5213 2032 5270 te,
2062 5204 2190 5259 licet
2223 5214 2278 5258 tu
2317 5205 2412 5258 tibi
2446 5204 2560 5274 ipse
2591 5206 2926 5274 superducas
2973 5207 3262 5274 imaginem
3299 5215 3520 5273 terreni.

2430 5323 2680 5399 f_Gen_es1
2712 5339 2862 5389 xxvi,
2892 5327 2980 5399 I8_.
3083 5330 3104 5360 '
3129 5329 3170 5384 ΙΙ
3198 5330 3336 5385 Tim.
3365 5347 3439 5399 tv,
3465 5335 3521 5388 4.

286 5400 329 5436 ⁸⁸
355 5397 582 5454 Malacb.
613 5411 652 5458 ι,
687 5395 778 5449 II.
848 5396 888 5426 “
921 5394 1077 5450 Joan.
1102 5413 1174 5463 tv,
1204 5397 1294 5461 εἰ,
1314 5397 1404 5451 25.
1480 5396 1702 5450 "Levit.
1725 5411 1847 5450 xxvi

1949 5396 1988 5449 ξ.
2071 5395 2283 5450 "Joan.
2301 5410 2395 5462 vn,
2421 5393 2510 5450 38.
2591 5395 2633 5426 ³⁸
2659 5394 2790 5450 Luc.
2823 5411 2912 5462 xv,
2942 5397 2996 5453 8.
3073 5399 3117 5431 "
3135 5399 3331 5457 Genes.
3362 5393 3522 5471 1,326.

350 5515 460 5588 (87)
484 5515 672 5588 _Alias_,
697 5515 928 5569 invenire
956 5517 1325 5571 rationabilem
1368 5533 1578 5571 sensum
1619 5516 1688 5568 ad
1715 5517 1849 5570 ima-

285 5585 448 5646 οἰήθηὶ
471 5586 592 5640 Dei.
624 5585 696 5638 At
727 5599 860 5638 mss.
890 5596 950 5639 ut
981 5588 1032 5640 in
1067 5597 1258 5643 nostro
1290 5596 1464 5643 textu.

315 5653 462 5734 .(88)
494 5656 668 5719 Alias,
713 5654 864 5708 illam
900 5671 1055 5725 quam
1091 5659 1253 5723 dicit;
1297 5673 1448 5727 mss.,
1484 5657 1628 5713 illam
1661 5655 1724 5713 de
1749 5673 1853 5728 qua

598 5748 875 5812 Panos.
921 5747 1037 5813 Gn.
1083 5749 1223 5814 XII.

1952 5516 2136 5659 digii)
2171 5585 2625 5659 Alias,gproﬁcitis
2647 5585 2703 5639 in
2717 5583 2982 5659 intellectu
3003 5597 3050 5642 et
3069 5589 3349 5658 pro/icitis,
3367 5603 3522 5657 mss.,

1956 5655 2243 5727 pro/Scietis
2265 5659 2321 5712 in
2348 5655 2609 5713 intellectu
2637 5667 2682 5710 et
2702 5655 3008 5725 proﬁciatis.

3138 5754 3178 5815 8
