4050 6142
533 204 618 263 ῐ35
1975 203 2297 260 ΟῐίΙΟΕΝΙΞ
3628 206 3754 262 9.56

505 335 680 392 'lstam
713 332 975 402 picturam
1013 338 1066 384 tu
1099 329 1192 383 tibi
1243 327 1358 398 ipse
1385 326 1650 397 depingis,
1680 342 1800 382 cum
1832 326 1972 382 enim
2016 338 2068 379 te
2098 330 2144 384 Α
2173 327 2326 380 nobis
2372 326 2598 384 sufﬁciat
2646 331 2872 386 scientia
2916 328 3344 399 Scripturarum,
3377 325 3471 381 sed
3499 335 3558 380 et
3600 328 3754 381 alios

517 426 684 482 libido
711 422 1022 483 fuscaverit,
1053 419 1307 474 induxisti
1341 434 1505 472 unum
1521 417 1752 472 colorem
1779 426 2072 471 terrenum.
2178 416 2490 484 doceamus,
2520 429 2576 473 et
2599 419 2733 474 alios
2771 421 3124 482 instruamus,
3161 426 3217 471 ut
3250 415 3439 471 bibant
3463 415 3751 481 homines,

520 520 575 574 Si
611 531 736 572 vero
759 526 812 570 et
839 514 1070 568 avaritia
1104 521 1302 566 aestuas
1331 511 1459 582 (90),
1494 510 1761 566 miscuisti
1792 518 1848 564 et
1884 510 2071 563 alium.
2176 505 2364 560 bibam
2400 518 2454 561 et
2490 524 2708 578 pecora.
2737 510 2972 564 Audiant
3001 509 3321 578 prudentes,
3365 507 3590 561 audiant
3615 509 3757 561 sim-

518 613 623 668 Sed
656 621 709 664 et
736 623 857 664 cum
887 617 936 661 te
961 607 1039 660 ira
1069 605 1420 676 sanguineum
1450 604 1598 669 facit,
1617 603 1771 658 addis
1803 603 2076 657 nihilomi-
2175 597 2344 666 plices
2377 600 2614 669 quique:
2648 602 2985 672 sapientibus
3031 611 3085 655 et
3117 599 3498 668 insipientibus
3523 598 3745 652 debitor

516 721 619 760 nus
649 715 703 759 et
736 702 952 757 tertium
978 701 1236 756 colorem.
1267 699 1541 768 Superbia:
1569 714 1782 769 qu0que
1805 699 1946 752 alius
1975 698 2073 750 ad-
2175 695 2258 741 est
2288 688 2475 741 doctor
2513 689 2789 760 Ecclesiae,
2822 702 3012 760 potare
3057 689 3332 755 homines,
3358 697 3547 758 potare
3581 687 3752 742 debet.

515 796 662 849 ditur
688 793 864 856 fucus,
895 801 950 845 et
983 789 1276 860 impietatis
1312 789 1465 843 alius.
1497 788 1561 844 Et
1589 788 1667 842 sic
1701 800 1796 855 per
1831 785 2074 855 singulas
2174 788 2229 834 et
2263 795 2458 849 pecora
2489 797 2502 830 :
2532 783 2656 850 quia
2699 791 2755 838 et
2801 781 3068 852 PrOpheta
3120 781 3256 835 dixit
3277 782 3322 812 “
3350 797 3362 833 :
3392 779 3641 834 Homines
3688 788 3746 834 et

513 901 761 956 quasque
797 883 1018 938 malitiae
1050 883 1275 950 species,
1323 881 1472 934 velut
1516 879 1746 935 diversis
1797 879 2072 934 coloribus
2165 871 2405 940 jumenta
2439 873 2606 927 salvos
2649 875 2830 942 facies,
2885 874 3128 938 Domine,
3157 872 3499 926 illuminante
3533 885 3651 936 nos,
3683 878 3745 924 et

514 980 881 1052 congregatis,
905 979 1044 1032 hanc
1079 976 1365 1046 imaginem
1413 973 1815 1043 terreni,quam
1847 973 1986 1026 Deus
2017 971 2070 1025 in
2173 972 2445 1033 purgante
2495 965 2656 1018 corda
2703 974 2887 1019 nostra
2930 966 3048 1033 ipso
3093 963 3321 1017 Domino
3362 961 3487 1017 Jesu
3516 960 3745 1017 Christo

515 1087 567 1129 te
595 1089 703 1128 non
740 1073 891 1135 fecit,
921 1084 973 1124 tu
1009 1069 1106 1124 tibi
1149 1069 1262 1136 ipse
1292 1065 1561 1135 depingis.
1604 1065 1894 1132 Propterea
1939 1078 2069 1134 ergo
2174 1055 2459 1110 Salvatore
2499 1064 2709 1119 nostro,
2762 1055 2852 1110 cui
2897 1064 2979 1108 est
3025 1053 3195 1124 gloria
3242 1062 3298 1108 et
3346 1053 3629 1123 imperium
3680 1055 3740 1108 in

513 1164 887 1237 deprccandus
917 1171 999 1216 est
1031 1159 1183 1214 nobis
1233 1157 1357 1222 ille,
1393 1157 1484 1226 qui
1525 1156 1657 1210 dicit
1705 1169 1798 1224 per
1831 1154 2070 1224 prophe—
2172 1147 2370 1202 saecula
2395 1146 2737 1202 saeculorum.
2768 1147 2960 1200 Amen.

517 1269 624 1313 tam
653 1258 696 1289 ιδ
719 1275 730 1309 :
757 1254 888 1307 Ecce
908 1268 998 1321 ego
1027 1249 1172 1303 deleo
1198 1249 1332 1302 sicut
1363 1246 1548 1300 nubem
1579 1245 1884 1314 iniquitates
1928 1254 2069 1307 tuas,
2723 1255 3002 1312 HOMILIA
3041 1256 3181 1310 χιγ,

513 1362 560 1404 et
588 1351 720 1405 sicut
745 1347 1016 1414 caliginem
1045 1352 1257 1406 peccatu
1286 1350 1398 1394 tua.
1439 1339 1506 1394 Et
1526 1354 1646 1393 cum
1672 1337 1929 1392 deleverit
1950 1352 2071 1392 om-
2171 1353 2246 1406 De
2273 1369 2332 1406 εο
2353 1351 2489 1420 quod
2516 1352 2760 1419 αρραηιίι
2790 1351 3040 1402 Dominus
3064 1348 3220 1401 Isaac
3237 1349 3306 1400 ad
3327 1356 3538 1415 puteum
3564 1346 3734 1414 jura-

513 1457 610 1497 nes
643 1441 774 1494 istos
804 1437 857 1490 in
895 1445 947 1489 te
977 1434 1207 1497 colores,
1241 1432 1332 1500 qui
1365 1446 1430 1484 ex
1466 1429 1604 1484 l‘ucis
1632 1429 1849 1482 malitiae
1871 1427 2069 1494 sumpti
2218 1418 2398 1487 menti,
2429 1434 2475 1475 et
2499 1422 2563 1475 de
2583 1418 2734 1490 pacto
2757 1425 2893 1489 quod
2919 1420 3205 1486 composuit
3231 1435 3348 1470 cum
3380 1418 3698 1471 Abimelech.

511 1544 656 1597 sunt,
688 1541 812 1586 tunc
854 1524 1217 1596 resplendebit
1248 1525 1299 1577 in
1336 1535 1385 1578 te
1419 1523 1596 1592 imago
1629 1522 1717 1575 illa
1741 1536 1860 1590 quae
1897 1535 1925 1573 a
1962 1518 2070 1572 Deo
2241 1515 2293 1567 1.
2327 1512 2605 1580 Scriptum
2635 1519 2719 1565 est
2756 1510 2810 1564 in
2850 1511 3110 1580 propheta
3151 1522 3216 1562 ex
3261 1523 3488 1577 persona
3518 1508 3731 1563 Domini

509 1637 688 1683 creata
728 1632 829 1680 est.
875 1622 1034 1675 Vides
1078 1633 1209 1684 ergo
1235 1616 1502 1686 quomodo
1548 1614 1746 1668 divinae
1776 1613 2068 1680 Scriptura:
2102 1672 2142 1686 ἢ
2173 1603 2404 1660 dicentis
2423 1602 2468 1632 "
2492 1619 2505 1655 :
2533 1600 2600 1654 Et
2624 1601 2678 1655 in
2723 1601 2962 1654 manibus
3000 1598 3373 1668 prophetarum
3405 1600 3731 1654 assimilatas

509 1719 711 1775 formas
743 1714 1003 1770 inducunt
1039 1720 1094 1766 et
1127 1709 1328 1780 ﬁguras
1353 1747 1367 1772 ,
1402 1707 1600 1776 quibus
1645 1705 1710 1758 ad
1745 1703 2069 1775 agnitionem
2101 1672 2144 1728 Β
2171 1715 2309 1752 sum.
2361 1697 2461 1764 Qui
2516 1712 2694 1752 sermo
2733 1695 2858 1749 illud
2916 1696 3139 1759 indicat,
3173 1694 3314 1763 quod
3337 1709 3458 1748 cum
3490 1709 3625 1747 unus
3657 1695 3735 1749 sit;

510 1810 596 1866 vel
625 1805 999 1879 purgationem
1028 1801 1108 1856 sui
1136 1799 1318 1852 anima
1355 1798 1633 1851 doceatur.
1670 1794 1764 1850 Vis
1816 1795 1995 1849 adhuc
2019 1804 2072 1849 et
2173 1789 2433 1843 Dominus
2492 1796 2674 1840 noster
2725 1783 2882 1841 Jesus
2922 1785 3175 1840 Christus
3220 1801 3317 1855 per
3368 1786 3732 1840 substantiam

509 1874 670 1958 aliam
699 1874 883 1952 videre
906 1893 1135 1948 formam
1161 1888 1321 1957 hujus
1352 1885 1642 1956 imaginis?
1669 1885 2069 1955 Suntquazdam
2172 1892 2346 1941 suam,
2377 1886 2430 1930 et
2455 1877 2584 1929 nihil
2617 1876 2760 1929 aliud
2801 1890 2960 1943 quam
3012 1874 3176 1928 Filius
3207 1874 3302 1928 Dei
3328 1876 3420 1939 sit,
3452 1875 3504 1928 in
3544 1875 3736 1944 liguris

509 1995 704 2050 littere
733 2002 870 2059 quas
899 1987 1037 2040 Deus
1064 1982 1272 2047 scribit,
1305 1980 1547 2050 quaedam
1576 1978 1768 2033 litterae
1812 1993 1948 2048 quas
1971 1994 2070 2033 nos
2175 1975 2348 2018 tamen
2386 1971 2439 2017 ct
2465 1961 2655 2016 formis
2699 1961 3125 2031 Scripturarum,
3162 1962 3346 2015 varius
3379 1979 3441 2016 ac
3484 1963 3735 2018 diversus

511 2085 818 2143 scribimus.
871 2078 1089 2136 Peccati
1143 2076 1356 2130 litteras
1414 2088 1510 2128 nos
1564 2072 1872 2128 scribimus,
1929 2071 2068 2127 Audi
2171 2058 2497 2114 ostenditur.
2532 2053 2690 2110 Verbi
2737 2055 3089 2126 gratia,sicut
3135 2056 3190 2109 in
3227 2056 3602 2122 superioribus
3633 2073 3736 2111 es-

509 2177 820 2248 Apostolum
845 2173 1108 2228 dicentem
1135 2185 1148 2222 :
1188 2168 1398 2232 Delens,
1429 2167 1605 2236 inquit
1637 2165 1700 2226 ¹⁷,
1727 2165 1866 2234 quod
1887 2165 2072 2219 adser-

2172 2150 2414 2220 posuisse
2471 2162 2571 2202 nos
2628 2147 2867 2211 memini,
2925 2145 3068 2215 quod
3124 2147 3238 2214 ipse
3287 2146 3477 2201 fuisset
3508 2149 3557 2200 in
3606 2157 3734 2217 typo

509 2286 624 2324 sum
670 2283 762 2320 nos
798 2271 908 2318 erat
955 2259 1363 2330 chirographum
1405 2257 1460 2310 in
1491 2257 1745 2319 decretis,
1787 2257 1926 2324 quod
1957 2268 2068 2310 erat
2172 2245 2343 2308 15³³0,
2374 2258 2495 2298 cum
2548 2239 2839 2296 οίΪεΠειυΓ
2889 2239 2956 2294 ad
3021 2240 3417 2303 llOlOCaUSlum.
3455 2240 3619 2310 ipSius
3649 2251 3736 2293 ta-

509 2359 831 2414 coutrarium
862 2354 1030 2418 nobis,
1084 2351 1203 2404 tulit
1233 2349 1368 2403 illud
1396 2350 1458 2402 de
1481 2349 1672 2411 medio,
1699 2349 1907 2418 aﬂigens
1936 2347 2068 2400 illud
2171 2351 2292 2391 men
2340 2345 2395 2390 el
2443 2336 2584 2388 aries
2623 2333 2848 2387 formam
2887 2341 3115 2385 lenerel-
3163 2331 3274 2400 Ego
3332 2332 3562 2399 amplius
3601 2332 3728 2384 dico

508 2453 650 2506 cruci
682 2464 812 2504 suae.
855 2445 1000 2500 Istud
1045 2442 1259 2511 quidem
1296 2441 1435 2510 quod
1462 2440 1591 2496 dicit
1623 2441 2066 2510 chirographum,
2171 2429 2311 2500 quod
2343 2429 2396 2482 in
2423 2428 2612 2497 angelo
2636 2427 2726 2495 qui
2765 2425 2976 2478 locutus
3000 2431 3084 2478 est
3113 2425 3178 2476 ad
3204 2423 3571 2488 Abraltam,et
3597 2423 3738 2478 dicit

509 2553 850 2616 peccatorum
904 2544 1214 2593 nostrorum
1273 2535 1451 2588 cautio
1500 2532 1622 2586 fuit.
1684 2532 2069 2602 Unusquisque
2169 2526 2216 2578 ci
2240 2525 2284 2555 "’
2310 2542 2322 2576 :
2348 2522 2651 2590 Neinjicias
2677 2528 3051 2572 manumtuam
3075 2519 3127 2570 in
3151 2533 3392 2586 puerum,
3417 2519 3527 2584 ipse
3549 2526 3739 2570 osten-

508 2605 708 2693 etenim
738 2642 1000 2694 nostrum,
1036 2629 1089 2682 in
1115 2627 1201 2681 his
1227 2643 1348 2696 quze
1371 2626 1632 2695 delinquit
1659 2623 1889 2680 eﬂicitur
1915 2626 2067 2680 debi-
2170 2617 2339 2678 ditur.
2368 2614 2460 2683 qui
2495 2613 2686 2667 iterum
2713 2611 2844 2665 dicit
2880 2609 2945 2662 ad
2976 2624 3096 2664 eum
3128 2626 3142 2662 :
3176 2605 3462 2676 Propterea
3485 2608 3622 2677 quod
3652 2608 3737 2676 [e—

507 2741 614 2794 tor,
653 2738 707 2783 et
735 2726 942 2798 peccati
967 2722 1047 2778 sui
1073 2721 1281 2774 litteras
1311 2719 1519 2775 scribit.
1550 2719 1682 2785 Quia
1709 2728 1763 2772 et
1797 2719 1849 2772 in
1869 2719 2068 2789 judicio
2170 2709 2288 2763 cisti
2317 2707 2523 2760 verbum
2553 2706 2670 2770 hoc,
2701 2702 3000 2757 benedicens
3040 2701 3342 2754 benedicam
3370 2713 3438 2753 te.
3468 2699 3619 2768 Ovis,
3645 2700 3736 2754 Vel

506 2823 625 2886 Dei,
652 2791 796 2890 quod
825 2814 1014 2871 Daniel
1041 2813 1356 2868 consedisse
1381 2809 1636 2866 describit
1662 2811 1725 2873 η,
1751 2810 1915 2865 libros
1937 2811 2068 2864 dicit
2169 2813 2340 2870 agnus
2383 2797 2474 2867 qui
2528 2795 2840 2850 immolatur
2895 2792 2946 2846 in
2988 2791 3216 2853 Pascha.
3253 2792 3366 2859 ipse
3420 2791 3637 2853 dicitur,
3676 2797 3738 2844 et

475 2880 745 2982 ,πρίει-ὡς,
783 2909 899 2963 sine
926 2905 1088 2961 dubio
1123 2904 1212 2973 qui
1244 2910 1464 2971 peccata
1508 2901 1788 2955 hominum
1821 2902 2067 2956 contine-
2169 2893 2352 2946 ovium
2386 2899 2572 2960 pastor
2612 2887 2726 2956 ipse
2761 2886 3040 2956 signatur;
3081 2892 3134 2938 et
3163 2882 3426 2952 pontifex,
3459 2883 3548 2950 qui
3575 2880 3737 2935 oii‘ert

479 2973 643 3059 ment.
691 3002 799 3056 Hos
839 3013 965 3068 ergo
990 2998 1087 3067 ipsi
1121 2995 1274 3050 nobis
1299 2994 1588 3048 scribimus
1612 3009 1707 3063 per
1730 3009 1793 3048 ea
1817 3009 1936 3062 quae
1970 2997 2063 3048 de-
2095 3014 2138 3072 ο
2171 2981 2536 3044 sacriﬁcium,
2587 2978 2939 3072 nihilominus
2994 2976 3108 3044 ipse
3157 2974 3502 3029 describitur.
3556 2973 3734 3040 Spon-

478 3090 819 3162 rlinquitnus.
847 3064 1181 3156 [iuius—enim
1222 3085 1296 3137 rei
1330 3091 1385 3136 et
1416 3082 1507 3137 illa
1534 3083 1707 3152 imago
1730 3092 1834 3147 est,
1862 3099 1982 3152 qua:
2011 3084 2062 3136 in
2102 3064 2138 3072 v
2171 3090 2262 3129 sus
2307 3082 2563 3142 tanquam
2613 3067 2847 3124 Verbum
2878 3067 2971 3121 Dei
3005 3069 3118 3136 ipse
3166 3064 3483 3136 appellatur,
3515 3073 3571 3120 et
3603 3076 3732 3118 tan-

510 3183 791 3254 Evangelio
822 3181 1015 3235 dicitur
1036 3180 1100 3234 de
1123 3175 1752 3246 villicoiniquitatis,qui
1775 3167 1848 3229 ad
1868 3191 2065 3229 unum-
2170 3182 2331 3237 quam
2359 3165 2626 3235 sapientia
2656 3165 2770 3234 ipse
2805 3178 2990 3216 rursus
3013 3175 3210 3229 sponsa
3244 3159 3553 3212 nominatur
3579 3175 3591 3210 :
3622 3158 3736 3210 sic-

481 3248 773 3349 -quemque
800 3272 1096 3327 debitorem
1117 3269 1248 3323 dicit
1278 3268 1319 3299 ¹⁰
1357 3285 1372 3321 :
1407 3267 1595 3334 Accipe
1621 3267 1821 3322 litteras
1848 3278 1987 3331 tuas,
2016 3278 2063 3322 et
2174 3269 2232 3314 ut
2265 3268 2320 3313 et
2346 3260 2602 3329 propheta
2643 3256 2774 3310 dicit
2804 3269 2870 3308 ex
2909 3266 3139 3323 persona
3167 3251 3336 3321 ipsius
3357 3250 3435 3302 '5:
3463 3248 3732 3317 Tanquam

505 3345 687 3425 sedens
717 3366 886 3422 scribe
924 3362 1209 3433 octoginta,
1256 3369 1308 3414 et
1337 3369 1530 3414 caztcra
1569 3375 1689 3429 quae
1739 3359 2062 3416 referuntur.
2169 3368 2357 3422 εροηεο
2383 3350 2556 3420 Ροδυίτ
2584 3347 2710 3401 mihi
2753 3348 2985 3410 ηιίιναηι,
3023 3353 3273 3412 tauquam
3309 3357 3548 3411 δΡοηδαηι
3581 3345 3733 3393 “dar-

501 3463 669 3518 .Vides
706 3474 860 3528 ergo,
887 3457 1010 3527 quia
1060 3455 1354 3524 unicuique
1381 3453 1598 3517 dicitur,
1641 3454 1815 3522 accipe
1864 3455 2065 3508 litteras
2171 3445 2311 3498 navit
2342 3460 2420 3496 me
2459 3450 2797 3503 ornamento;
2831 3449 2885 3493 et
2911 3436 3076 3491 multa
3117 3436 3245 3499 alia,
3269 3450 3388 3505 quae
3414 3449 3558 3488 nunc
3590 3434 3734 3488 inte-

507 3565 646 3606 ntas.
685 3548 834 3603 Unde
867 3552 1086 3602 constat
1112 3552 1329 3599 nostras
1361 3542 1568 3598 litteras
1592 3552 1835 3612 peccato,
1861 3543 2066 3610 litteras
2171 3537 2272 3590 ritu
2310 3535 2559 3606 persequi
2591 3535 2808 3602 longum
2841 3542 2945 3586 est.
2980 3530 3134 3584 Sicut
3160 3545 3288 3598 ergo
3325 3529 3442 3598 ipse
3469 3528 3729 3583 Dominus

507 3651 683 3696 autem
713 3641 807 3695 Dei
831 3639 1043 3708 iustitia
1064 3636 1224 3691 scribi
1251 3633 1382 3704 (91).
1441 3637 1520 3690 Ita
1543 3636 1684 3691 enim
1699 3636 2066 3706 dicitAposto-
2169 3651 2266 3708 pro
2294 3635 2412 3690 loco
2439 3641 2492 3687 et
2527 3641 2789 3698 tempore,
2821 3625 3055 3678 formam
3105 3621 3188 3677 sui
3231 3619 3459 3689 singulis
3499 3619 3730 3688 quibus-

491 3734 682 3789 -lus‘°:
712 3731 814 3786 Vos
841 3733 975 3786 enim
1003 3732 1124 3783 estis
1142 3726 1367 3798 epistola
1383 3729 1580 3797 scripta
1617 3745 1716 3782 non
1748 3739 2062 3795 atramento,
2170 3744 2274 3799 que
2295 3724 2672 3782 accommodat
2704 3719 2912 3782 causis;
2950 3718 3022 3770 ita
3055 3715 3218 3769 etiam
3250 3711 3446 3776 sancti,
3483 3711 3576 3780 qui
3608 3710 3728 3775 ejus

505 3827 596 3882 sed
622 3825 823 3895 Spiritu
851 3823 942 3876 Dei
971 3821 1089 3883 uiui,
1116 3821 1287 3874 nonin
1315 3819 1504 3874 tabulis
1529 3820 1768 3889 lapideis,
1793 3824 1880 3875 sed
1906 3825 1960 3876 in
1980 3833 2059 3877 ta-
2171 3832 2350 3890 typum
2385 3816 2664 3888 gerebant,
2695 3826 2792 3879 pro
2829 3807 2963 3862 locis
2989 3814 3043 3860 et
3079 3802 3410 3874 temporibus
3450 3812 3504 3856 et
3527 3801 3729 3867 causis,

501 3918 643 3972 bulis
666 3892 836 3970 cordis
855 3913 1173 3968 carnalibus.
1202 3912 1377 3967 Habes
1411 3927 1538 3981 ergo
1569 3912 1619 3966 in
1649 3923 1697 3966 te
1726 3913 1931 3968 litteras
1949 3915 2062 3983 Dei,
2169 3908 2549 3980 mysteriorum
2590 3904 2793 3972 ligni-as
2819 3899 2994 3968 egisse
3019 3894 3274 3950 credendi
3297 3901 3425 3948 sunt
3455 3912 3469 3947 :
3501 3892 3638 3947 sicut
3673 3900 3732 3944 et

503 4011 614 4082 97
639 4009 921 4064 etlitteras
939 4006 1172 4075 Spiritus
1196 4005 1452 4060 sancti.Si
1468 4020 1595 4060 vero
1617 4006 1924 4076 delinquas,
1950 4009 2065 4077 ipse
2169 4018 2310 4056 nunc
2340 4000 2456 4055 ﬁeri
2484 3999 2536 4052 in
2573 3997 2727 4050 Isaac
2767 3994 3036 4055 videmus,
3067 3989 3130 4041 de
3173 4001 3280 4056 quo
3322 3986 3608 4040 recitatum
3643 3993 3734 4037 est

508 4102 604 4156 tibi
655 4098 950 4153 conscribis
980 4073 1203 4167 peccati
1263 4097 1708 4166 chirographum.
1785 4073 2065 4153 Sedis-ide
2169 4094 2325 4148 nobis
2347 4088 2725 4149 “:Ascendit,
2780 4083 2974 4151 inquit,
3017 4080 3138 4133 inde
3193 4078 3261 4130 ad
3304 4089 3512 4145 puteum
3571 4073 3732 4128 λιιι-α·

507 4193 630 4263 quia
663 4206 782 4246 cum
823 4188 989 4244 semel
1024 4188 1302 4243 accessisti
1335 4190 1402 4243 ad
1437 4204 1655 4244 crucem
1680 4189 1880 4244 Christi
1911 4199 1966 4244 et
1996 4189 2063 4244 ad
2167 4187 2349 4253 menti,
2381 4195 2428 4239 et
2467 4182 2709 4253 apparuit
2758 4181 2804 4232 ei
2856 4176 3111 4230 Dominus
3139 4185 3284 4227 nocte
3330 4169 3448 4233 illa,
3485 4179 3532 4222 et
3555 4170 3684 4221 dixit
3709 4183 3730 4223 :

507 4288 738 4360 gratiam
757 4283 1033 4354 baptismi,
1054 4284 1468 4353 chirographum
1491 4292 1637 4337 tuum
1661 4285 1806 4338 cruci
1827 4283 2062 4348 allixum,
2171 4279 2283 4348 Ego
2316 4294 2431 4332 sum
2456 4276 2592 4329 Deus
2616 4271 2879 4325 Abraham
2905 4269 3070 4337 patris
3101 4267 3205 4330 tui,
3248 4264 3356 4316 noli
3383 4263 3585 4317 timere.
3623 4261 3723 4313 Te-

504 4391 561 4436 et
601 4381 655 4434 in
706 4377 856 4433 fonte
912 4375 1166 4444 baptismi
1206 4374 1438 4429 deletum
1483 4385 1587 4430 est.
1631 4375 1744 4430 Non
1789 4375 2062 4430 rescribas
2094 4386 2139 4441 ι)
2169 4387 2287 4425 cum
2317 4368 2454 4422 enim
2499 4381 2633 4428 sum,
2675 4370 2722 4415 et
2757 4359 3053 4413 benedicum
3084 4367 3152 4418 te,
3183 4363 3231 4408 et
3261 4354 3618 4422 multiplicabo
3646 4369 3724 4404 se-

507 4473 648 4525 ultra
693 4485 811 4540 qua:
857 4469 1034 4522 deleta
1085 4475 1228 4532 sunt,
1275 4481 1375 4521 nec
1418 4480 1637 4534 repares
1695 4481 1814 4535 quae
1860 4467 2062 4521 abolita
2168 4479 2285 4520 men
2327 4474 2494 4526 tuum,
2553 4466 2761 4528 prapter
2789 4452 3053 4506 Abraham
3100 4459 3298 4518 patrem
3345 4456 3514 4500 tuum.
3565 4444 3733 4512 llujus

507 4570 650 4626 stint,
675 4560 819 4616 solas
862 4560 914 4612 in
959 4567 1010 4612 te
1060 4571 1217 4611 serva
1247 4555 1455 4610 litteras
1485 4557 1597 4616 Dei.
1634 4558 1746 4611 sola
1778 4559 1830 4612 in
1863 4568 1914 4613 te
1939 4573 2061 4629 per-
2166 4560 2316 4613 Isaac
2357 4556 2490 4611 duas
2547 4549 2700 4605 nobis
2745 4546 2948 4616 ﬁguras
2988 4542 3238 4610 exposuit
3285 4538 3563 4608 apostolus
3594 4536 3737 4590 Pau-

506 4660 722 4707 inaneat
757 4650 1039 4719 Scriptura
1086 4648 1324 4716 Spiritus
1373 4649 1568 4702 sancti.
1621 4648 1725 4703 Sed
1779 4628 2067 4705 redeamus
2170 4653 2252 4705 lus
2272 4650 2312 4682 ’τ
2344 4692 2357 4704 .
2390 4659 2548 4700 unam
2593 4655 2700 4710 qua
2735 4638 2887 4698 dixit,
2915 4635 3058 4703 quod
3095 4632 3283 4686 lsmael
3326 4631 3542 4700 quidem
3590 4628 3730 4681 [ilius

507 4746 569 4797 ad
604 4743 776 4805 lsaac,
811 4749 864 4793 et
890 4739 1160 4794 fodiamus
1189 4753 1310 4791 cum
1336 4737 1450 4806 ipso
1488 4751 1678 4806 puteos
1706 4753 1858 4808 aqua:
1886 4741 2061 4796 vivae:
2167 4747 2332 4816 Agar,
2364 4737 2546 4812 populi
2582 4733 2880 4791 secundum
2912 4743 3163 4794 carnem,
3195 4726 3345 4779 Isaac
3380 4737 3508 4776 vero
3545 4719 3724 4790 populi

506 4835 720 4889 etiamsi
763 4833 1036 4887 obsistunt
1082 4830 1382 4892 Philislini,
1413 4831 1626 4884 etiamsi
1666 4832 1933 4898 rixantur,
1965 4847 2064 4887 nos
2174 4810 2264 4901 qui
2290 4810 2495 4885 ex'lide
2535 4833 2642 4888 est,
2663 4822 2893 4876 fortnam
2927 4826 3103 4881 tenet;
3131 4826 3182 4868 et
3210 4815 3371 4867 aliam
3403 4826 3513 4881 qua
3539 4810 3680 4865 ait”
3710 4827 3725 4860 :

507 4938 686 4982 tamen
721 4939 1126 4994 perseveremus
1160 4937 1281 4976 cum
1323 4923 1437 4990 ipso
1466 4932 1657 4990 puteos
1705 4923 1981 4990 fodiendo,
2007 4933 2065 4978 ut
2177 4898 2303 4978 Non
2333 4919 2469 4973 dixit
2503 4925 2551 4970 et
2583 4911 2886 4972 seminibus,
2917 4907 3068 4978 quasi
3110 4905 3167 4958 in
3199 4903 3402 4966 multis,
3433 4901 3520 4955 sed
3550 4898 3733 4952 semini

507 5029 559 5072 et
590 5017 742 5072 nobis
777 5017 986 5069 dicatur
1005 5015 1048 5044 ²¹
1075 5030 1090 5066 :
1122 5013 1252 5066 Bibe
1279 5028 1467 5081 aquam
1496 5013 1558 5067 de
1584 5015 1686 5068 tuis
1734 5014 1988 5083 fantibus,
2015 5027 2064 5070 et
2175 5025 2262 5068 tuo
2283 5007 2600 5082 tanquamin
2618 5020 2740 5067 uno,
2764 5001 2942 5071 quiest
2971 4998 3227 5052 Christus.
3249 4995 3418 5049 Tenet
3437 5008 3566 5060 ergo
3584 4990 3735 5045 Isaac

509 5112 570 5163 de
597 5110 699 5162 tuis
721 5109 913 5176 puteis,
937 5115 991 5160 et
1019 5105 1072 5159 in
1093 5115 1300 5160 tantttm
1325 5105 1611 5170 fodiamus,
1645 5115 1703 5158 ut
1733 5109 2066 5175 superahun—
2172 5104 2350 5176 populi
2375 5103 2688 5170 ﬁguram,et
2716 5093 2941 5147 Christi.
2969 5089 3241 5144 Christum
3267 5096 3444 5138 autem
3477 5093 3734 5150 tauquam

506 5205 639 5259 dent
675 5216 826 5268 aqum
867 5199 1010 5267 putei
1055 5198 1106 5251 in
1149 5197 1341 5266 plateis
1390 5197 1609 5260 nostris,
1649 5207 1706 5251 ut
1751 5214 1860 5252 non
1891 5199 2061 5254 solum
2172 5175 2405 5251 Verbum
2433 5190 2546 5250 Dei,
2573 5203 2678 5240 non
2704 5183 2950 5239 solumin
2975 5176 3581 5247 Evangeliisloqui,sed
3607 5175 3736 5227 etin

582 5299 626 5330 ¹⁶
654 5297 754 5349 lsa.
787 5311 927 5359 ntv,
953 5294 1041 5347 ΕΞ.
1122 5294 1162 5325 ¹¹¹
1196 5293 1402 5348 Coloss.
1428 5309 1484 5352 lt,
1510 5293 1594 5346 H.
1686 5295 1728 5325 ¹⁸
1758 5295 1890 5348 Dan.
1928 5311 2021 5349 vn.
2134 5298 2176 5328 ’°

2134 5298 2176 5328 ⁸³
2207 5293 2335 5346 an.
2371 5303 2480 5348 ιιι-ι,
2506 5285 2581 5359 ’7.Δ
2603 5283 2678 5359 Δ¹⁹
2701 5279 2895 5359 ligor.
2924 5293 3006 5340 ιιι,
3032 5276 3086 5339 2,
3114 5275 3167 5328 5.
3189 5344 3257 5359 υ
3281 5275 3527 5359 “nium...
3555 5288 3610 5359 Σ,
3641 5269 3732 5359 Ilii.

509 5372 553 5401 "
1087 5365 1132 5396 ³³
1552 5340 1594 5346 η
1624 5364 1668 5394 ’⁵
1688 5340 1890 5420 Cebes:
2068 5367 2154 5420 12.
2208 5340 2280 5395 ’δέ
2430 5340 2539 5422 Lit,
2563 5353 2648 5408 lO.
2719 5353 2764 5382 ’⁵
2786 5349 2980 5404 Cenes.
3010 5361 3158 5410 χχιι,
3189 5344 3281 5410 ‘25,
3315 5344 3405 5397 24:.
3483 5343 3527 5374 ⁸⁷
3557 5340 3734 5397 Galut.

512 5457 582 5493 tv.
659 5437 732 5469 ’³⁸
763 5436 939 5490 Galat.
970 5449 1056 5498 ιιι,
1085 5437 1169 5488 16.

583 5534 694 5605 (90)
721 5533 811 5605 Sic
846 5547 1000 5594 mss,
1036 5531 1186 5593 alias,
1220 5531 1454 5605 aunritiw
1482 5526 1874 5605 studeas.__lnfra
1911 5543 2063 5592 m5.s.,
2248 5522 2357 5596 (91)
2408 5522 2574 5604 alias,
2610 5526 2815 5605 no'stras
2843 5530 2959 5605 esse.
2983 5512 3201 5605 .litt‘eras
3245 5510 3482 5592 peccati,-
3531 5509 3734 5560 litteras

511 5580 601 5673 per3
620 5580 851 5673 singulas
883 5580 1112 5672 quasque
1406 5580 1598 5669 schtes
1622 5615 1638 5662 ,'
1663 5600 1812 5668 editi,
1841 5580 1932 5669 per
1957 5580 2066 5654 sin;
2174 5580 2352 5649 cuicui
2392 5580 2620 5664 justititc
2652 5587 2794 5641 Deus
2836 5586 3034 5640 scribit.
3067 5585 3136 5638 At
3179 5597 3308 5638 mss.
3352 5591 3409 5635 ut
3456 5580 3510 5634 in
3548 5587 3735 5632 nostro

505 5672 660 5743 ,μυίας
693 5672 920 5744 quasque
946 5672 1196 5726 malitias.
1227 5712 1234 5718 .
1973 5708 1978 5712 .
2178 5677 2323 5721 textu
