  <div class='ocr_page' id='page_1' title='image "/cluster/home/n/w/nwhite01/storage/ocr_20150623/12/mdp.39015028786690/128.png"; bbox 0 0 2025 3071; ppageno 0'>
   <div class='ocr_carea' id='block_1_1' title="bbox 146 125 197 152">
    <p class='ocr_par' dir='ltr' id='par_1_1' title="bbox 146 125 197 152">
     <span class='ocr_line' id='line_1_1' title="bbox 146 125 197 152; baseline -0.02 0"><span class='ocrx_word' id='word_1_1' title='bbox 146 125 197 152; x_wconf 71' lang='grc' dir='ltr'><strong>εδτ</strong></span> 
     </span>
    </p>
   </div>
   <div class='ocr_carea' id='block_1_2' title="bbox 751 119 1197 148">
    <p class='ocr_par' dir='ltr' id='par_1_2' title="bbox 751 119 1197 148">
     <span class='ocr_line' id='line_1_2' title="bbox 751 119 1197 148; baseline -0.004 0"><span class='ocrx_word' id='word_1_2' title='bbox 751 121 783 148; x_wconf 84' lang='grc' dir='ltr'><strong>ΙΝ</strong></span> <span class='ocrx_word' id='word_1_3' title='bbox 802 119 950 148; x_wconf 74' lang='lat' dir='ltr'><strong>GENESIM</strong></span> <span class='ocrx_word' id='word_1_4' title='bbox 970 119 1111 147; x_wconf 78' lang='lat' dir='ltr'><strong>liOMlLlA</strong></span> <span class='ocrx_word' id='word_1_5' title='bbox 1126 119 1197 147; x_wconf 77' lang='lat' dir='ltr'><strong>XIV.</strong></span> 
     </span>
    </p>
   </div>
   <div class='ocr_carea' id='block_1_3' title="bbox 1726 121 1779 150">
    <p class='ocr_par' dir='ltr' id='par_1_3' title="bbox 1726 121 1779 150">
     <span class='ocr_line' id='line_1_3' title="bbox 1726 121 1779 150; baseline -0.038 0"><span class='ocrx_word' id='word_1_6' title='bbox 1726 121 1779 150; x_wconf 63' lang='lat'><strong>3&#39;59</strong></span> 
     </span>
    </p>
   </div>
   <div class='ocr_carea' id='block_1_4' title="bbox 148 177 1778 216">
    <p class='ocr_par' dir='ltr' id='par_1_4' title="bbox 148 177 1778 216">
     <span class='ocr_line' id='line_1_4' title="bbox 148 177 1778 216; baseline -0.002 -7"><span class='ocrx_word' id='word_1_7' title='bbox 148 183 205 216; x_wconf 73' lang='lat' dir='ltr'><strong>lege</strong></span> <span class='ocrx_word' id='word_1_8' title='bbox 214 186 322 210; x_wconf 72' lang='lat' dir='ltr'><strong>certum</strong></span> <span class='ocrx_word' id='word_1_9' title='bbox 337 185 381 208; x_wconf 87' lang='lat' dir='ltr'><strong>est</strong></span> <span class='ocrx_word' id='word_1_10' title='bbox 394 180 580 216; x_wconf 85' lang='lat' dir='ltr'><strong>etprophetis.</strong></span> <span class='ocrx_word' id='word_1_11' title='bbox 593 180 693 208; x_wconf 76' lang='lat' dir='ltr'><strong>Verum</strong></span> <span class='ocrx_word' id='word_1_12' title='bbox 708 179 733 207; x_wconf 91' lang='lat' dir='ltr'><strong>in</strong></span> <span class='ocrx_word' id='word_1_13' title='bbox 743 180 801 215; x_wconf 73' lang='lat' dir='ltr'><strong>lege</strong></span> <span class='ocrx_word' id='word_1_14' title='bbox 811 179 940 214; x_wconf 81' lang='lat' dir='ltr'><strong>incipien-</strong></span> <span class='ocrx_word' id='word_1_15' title='bbox 956 182 979 209; x_wconf 80' lang='grc' dir='ltr'>Α</span> <span class='ocrx_word' id='word_1_16' title='bbox 994 178 1141 212; x_wconf 71' lang='lat' dir='ltr'><strong>creaverit,</strong></span> <span class='ocrx_word' id='word_1_17' title='bbox 1159 178 1293 206; x_wconf 86' lang='lat' dir='ltr'><strong>scribunt.</strong></span> <span class='ocrx_word' id='word_1_18' title='bbox 1319 178 1347 205; x_wconf 87' lang='lat' dir='ltr'><strong>In</strong></span> <span class='ocrx_word' id='word_1_19' title='bbox 1367 177 1418 205; x_wconf 92' lang='lat' dir='ltr'><strong>hoc</strong></span> <span class='ocrx_word' id='word_1_20' title='bbox 1443 178 1616 206; x_wconf 88' lang='lat' dir='ltr'><strong>consentiunt</strong></span> <span class='ocrx_word' id='word_1_21' title='bbox 1641 178 1693 215; x_wconf 75' lang='lat' dir='ltr'><strong>legi</strong></span> <span class='ocrx_word' id='word_1_22' title='bbox 1720 179 1778 207; x_wconf 89' lang='lat' dir='ltr'><strong>Dei.</strong></span> 
     </span>
    </p>
   </div>
   <div class='ocr_carea' id='block_1_5' title="bbox 149 224 942 261">
    <p class='ocr_par' dir='ltr' id='par_1_5' title="bbox 149 224 942 261">
     <span class='ocr_line' id='line_1_5' title="bbox 149 224 942 261; baseline -0.004 -6"><span class='ocrx_word' id='word_1_23' title='bbox 149 227 231 259; x_wconf 83' lang='lat' dir='ltr'><strong>tes.in</strong></span> <span class='ocrx_word' id='word_1_24' title='bbox 240 226 398 261; x_wconf 82' lang='lat' dir='ltr'><strong>Evangeliis</strong></span> <span class='ocrx_word' id='word_1_25' title='bbox 415 226 549 261; x_wconf 80' lang='lat' dir='ltr'><strong>perfectos</strong></span> <span class='ocrx_word' id='word_1_26' title='bbox 563 226 651 254; x_wconf 88' lang='lat' dir='ltr'><strong>docet.</strong></span> <span class='ocrx_word' id='word_1_27' title='bbox 669 225 701 252; x_wconf 87' lang='lat' dir='ltr'><strong>Et</strong></span> <span class='ocrx_word' id='word_1_28' title='bbox 720 225 794 252; x_wconf 84' lang='lat' dir='ltr'><strong>Isaac</strong></span> <span class='ocrx_word' id='word_1_29' title='bbox 809 232 873 260; x_wconf 83' lang='lat' dir='ltr'><strong>ergo</strong></span> <span class='ocrx_word' id='word_1_30' title='bbox 887 224 942 252; x_wconf 81' lang='lat' dir='ltr'><strong>for-</strong></span> 
     </span>
    </p>
   </div>
   <div class='ocr_carea' id='block_1_6' title="bbox 147 271 941 307">
    <p class='ocr_par' dir='ltr' id='par_1_6' title="bbox 147 271 941 307">
     <span class='ocr_line' id='line_1_6' title="bbox 147 271 941 307; baseline -0.005 -6"><span class='ocrx_word' id='word_1_31' title='bbox 147 281 217 302; x_wconf 71' lang='lat' dir='ltr'><strong>mam</strong></span> <span class='ocrx_word' id='word_1_32' title='bbox 230 281 302 300; x_wconf 88' lang='lat' dir='ltr'><strong>nunc</strong></span> <span class='ocrx_word' id='word_1_33' title='bbox 312 272 407 305; x_wconf 87' lang='lat' dir='ltr'><strong>Verbi,</strong></span> <span class='ocrx_word' id='word_1_34' title='bbox 416 272 488 307; x_wconf 88' lang='lat' dir='ltr'><strong>quod</strong></span> <span class='ocrx_word' id='word_1_35' title='bbox 502 272 528 299; x_wconf 93' lang='lat' dir='ltr'><strong>in</strong></span> <span class='ocrx_word' id='word_1_36' title='bbox 536 271 595 307; x_wconf 84' lang='lat' dir='ltr'><strong>lege</strong></span> <span class='ocrx_word' id='word_1_37' title='bbox 604 271 645 298; x_wconf 90' lang='lat' dir='ltr'><strong>vel</strong></span> <span class='ocrx_word' id='word_1_38' title='bbox 654 271 848 306; x_wconf 84' lang='lat' dir='ltr'><strong>prophetisest,</strong></span> <span class='ocrx_word' id='word_1_39' title='bbox 857 276 941 298; x_wconf 90' lang='lat' dir='ltr'><strong>tenet.</strong></span> 
     </span>
    </p>
   </div>
   <div class='ocr_carea' id='block_1_7' title="bbox 179 315 940 352">
    <p class='ocr_par' dir='ltr' id='par_1_7' title="bbox 179 315 940 352">
     <span class='ocr_line' id='line_1_7' title="bbox 179 315 940 352; baseline -0.003 -7"><span class='ocrx_word' id='word_1_40' title='bbox 179 318 207 346; x_wconf 71' lang='grc'><em>2.</em></span> <span class='ocrx_word' id='word_1_41' title='bbox 223 318 350 345; x_wconf 79' lang='lat' dir='ltr'><strong>Ascendit</strong></span> <span class='ocrx_word' id='word_1_42' title='bbox 382 318 466 352; x_wconf 84' lang='lat' dir='ltr'><strong>igitur</strong></span> <span class='ocrx_word' id='word_1_43' title='bbox 478 316 556 344; x_wconf 79' lang='lat' dir='ltr'><strong>Isaac</strong></span> <span class='ocrx_word' id='word_1_44' title='bbox 570 318 604 343; x_wconf 86' lang='lat' dir='ltr'><strong>ad</strong></span> <span class='ocrx_word' id='word_1_45' title='bbox 617 322 723 352; x_wconf 73' lang='lat' dir='ltr'><strong>puteum</strong></span> <span class='ocrx_word' id='word_1_46' title='bbox 737 315 901 349; x_wconf 82' lang='lat' dir='ltr'><strong>Juramenti,</strong></span> <span class='ocrx_word' id='word_1_47' title='bbox 915 321 940 343; x_wconf 85' lang='lat' dir='ltr'><strong>et</strong></span> 
     </span>
    </p>
   </div>
   <div class='ocr_carea' id='block_1_8' title="bbox 145 362 940 399">
    <p class='ocr_par' dir='ltr' id='par_1_8' title="bbox 145 362 940 399">
     <span class='ocr_line' id='line_1_8' title="bbox 145 362 940 399; baseline -0.001 -9"><span class='ocrx_word' id='word_1_48' title='bbox 145 364 267 399; x_wconf 66' lang='lat' dir='ltr'><strong>apparuit</strong></span> <span class='ocrx_word' id='word_1_49' title='bbox 293 364 335 391; x_wconf 79' lang='lat' dir='ltr'><strong>illi</strong></span> <span class='ocrx_word' id='word_1_50' title='bbox 356 363 496 390; x_wconf 86' lang='lat' dir='ltr'><strong>Dominus.</strong></span> <span class='ocrx_word' id='word_1_51' title='bbox 524 363 721 390; x_wconf 78' lang='lat' dir='ltr'><strong>Ascensionem</strong></span> <span class='ocrx_word' id='word_1_52' title='bbox 745 362 812 397; x_wconf 83' lang='lat' dir='ltr'><strong>legis</strong></span> <span class='ocrx_word' id='word_1_53' title='bbox 830 367 858 390; x_wconf 84' lang='lat' dir='ltr'><strong>et</strong></span> <span class='ocrx_word' id='word_1_54' title='bbox 877 367 940 390; x_wconf 88' lang='lat' dir='ltr'><strong>ante</strong></span> 
     </span>
    </p>
   </div>
   <div class='ocr_carea' id='block_1_9' title="bbox 142 408 940 445">
    <p class='ocr_par' dir='ltr' id='par_1_9' title="bbox 142 408 940 445">
     <span class='ocr_line' id='line_1_9' title="bbox 142 408 940 445; baseline -0.001 -8"><span class='ocrx_word' id='word_1_55' title='bbox 142 410 199 445; x_wconf 84' lang='lat' dir='ltr'><strong>jam</strong></span> <span class='ocrx_word' id='word_1_56' title='bbox 224 410 344 437; x_wconf 81' lang='lat' dir='ltr'><strong>diximus</strong></span> <span class='ocrx_word' id='word_1_57' title='bbox 369 415 498 437; x_wconf 88' lang='lat' dir='ltr'><strong>ornatum</strong></span> <span class='ocrx_word' id='word_1_58' title='bbox 521 408 614 444; x_wconf 89' lang='lat' dir='ltr'><strong>templi</strong></span> <span class='ocrx_word' id='word_1_59' title='bbox 634 415 706 442; x_wconf 81' lang='lat' dir='ltr'><strong>esse,</strong></span> <span class='ocrx_word' id='word_1_60' title='bbox 722 413 749 436; x_wconf 90' lang='lat' dir='ltr'><strong>et</strong></span> <span class='ocrx_word' id='word_1_61' title='bbox 764 416 859 436; x_wconf 89' lang='lat' dir='ltr'><strong>eorum</strong></span> <span class='ocrx_word' id='word_1_62' title='bbox 879 415 940 443; x_wconf 62' lang='lat' dir='ltr'><strong>qua:</strong></span> 
     </span>
    </p>
   </div>
   <div class='ocr_carea' id='block_1_10' title="bbox 145 455 941 491">
    <p class='ocr_par' dir='ltr' id='par_1_10' title="bbox 145 455 941 491">
     <span class='ocr_line' id='line_1_10' title="bbox 145 455 941 491; baseline -0.003 -8"><span class='ocrx_word' id='word_1_63' title='bbox 145 457 211 484; x_wconf 88' lang='lat' dir='ltr'><strong>inibi</strong></span> <span class='ocrx_word' id='word_1_64' title='bbox 225 456 317 483; x_wconf 73' lang='lat' dir='ltr'><strong>divina</strong></span> <span class='ocrx_word' id='word_1_65' title='bbox 330 456 499 491; x_wconf 76' lang='lat' dir='ltr'><strong>gerebantur</strong></span> <span class='ocrx_word' id='word_1_66' title='bbox 513 456 657 490; x_wconf 91' lang='lat' dir='ltr'><strong>obsequia.</strong></span> <span class='ocrx_word' id='word_1_67' title='bbox 669 455 763 483; x_wconf 84' lang='lat' dir='ltr'><strong>Potest</strong></span> <span class='ocrx_word' id='word_1_68' title='bbox 773 460 941 490; x_wconf 77' lang='lat' dir='ltr'><strong>etaugmen-</strong></span> 
     </span>
    </p>
   </div>
   <div class='ocr_carea' id='block_1_11' title="bbox 146 501 940 537">
    <p class='ocr_par' dir='ltr' id='par_1_11' title="bbox 146 501 940 537">
     <span class='ocr_line' id='line_1_11' title="bbox 146 501 940 537; baseline -0.001 -8"><span class='ocrx_word' id='word_1_69' title='bbox 146 508 201 530; x_wconf 82' lang='lat' dir='ltr'><strong>tum</strong></span> <span class='ocrx_word' id='word_1_70' title='bbox 219 503 416 537; x_wconf 88' lang='lat' dir='ltr'><strong>prophetarum</strong></span> <span class='ocrx_word' id='word_1_71' title='bbox 436 501 505 537; x_wconf 82' lang='lat' dir='ltr'><strong>legis</strong></span> <span class='ocrx_word' id='word_1_72' title='bbox 520 503 646 529; x_wconf 81' lang='lat' dir='ltr'><strong>ascensio</strong></span> <span class='ocrx_word' id='word_1_73' title='bbox 661 502 796 530; x_wconf 90' lang='lat' dir='ltr'><strong>nominari</strong></span> <span class='ocrx_word' id='word_1_74' title='bbox 810 510 818 528; x_wconf 89' lang='lat'>:</span> <span class='ocrx_word' id='word_1_75' title='bbox 833 506 861 529; x_wconf 91' lang='lat' dir='ltr'><strong>et</strong></span> <span class='ocrx_word' id='word_1_76' title='bbox 875 509 940 536; x_wconf 58' lang='lat' dir='ltr'><strong>pro.</strong></span> 
     </span>
    </p>
   </div>
   <div class='ocr_carea' id='block_1_12' title="bbox 147 547 938 584">
    <p class='ocr_par' dir='ltr' id='par_1_12' title="bbox 147 547 938 584">
     <span class='ocr_line' id='line_1_12' title="bbox 147 547 938 584; baseline -0.001 -9"><span class='ocrx_word' id='word_1_77' title='bbox 147 555 240 584; x_wconf 85' lang='lat' dir='ltr'><strong>pterea</strong></span> <span class='ocrx_word' id='word_1_78' title='bbox 258 548 332 576; x_wconf 74' lang='lat' dir='ltr'><strong>forte</strong></span> <span class='ocrx_word' id='word_1_79' title='bbox 350 549 383 575; x_wconf 90' lang='lat' dir='ltr'><strong>ad</strong></span> <span class='ocrx_word' id='word_1_80' title='bbox 405 553 518 584; x_wconf 90' lang='lat' dir='ltr'><strong>puteum</strong></span> <span class='ocrx_word' id='word_1_81' title='bbox 528 548 679 576; x_wconf 81' lang='lat' dir='ltr'><strong>Iluramcnti</strong></span> <span class='ocrx_word' id='word_1_82' title='bbox 696 548 858 575; x_wconf 82' lang='lat' dir='ltr'><strong>ascendisse</strong></span> <span class='ocrx_word' id='word_1_83' title='bbox 869 547 938 575; x_wconf 86' lang='lat' dir='ltr'><strong>dici-</strong></span> 
     </span>
    </p>
   </div>
   <div class='ocr_carea' id='block_1_13' title="bbox 145 593 935 630">
    <p class='ocr_par' dir='ltr' id='par_1_13' title="bbox 145 593 935 630">
     <span class='ocr_line' id='line_1_13' title="bbox 145 593 935 630; baseline 0 -9"><span class='ocrx_word' id='word_1_84' title='bbox 145 600 199 627; x_wconf 91' lang='lat' dir='ltr'><strong>tur,</strong></span> <span class='ocrx_word' id='word_1_85' title='bbox 227 599 254 622; x_wconf 88' lang='lat' dir='ltr'><strong>et</strong></span> <span class='ocrx_word' id='word_1_86' title='bbox 279 595 315 621; x_wconf 89' lang='lat' dir='ltr'><strong>ibi</strong></span> <span class='ocrx_word' id='word_1_87' title='bbox 343 595 502 630; x_wconf 80' lang='lat' dir='ltr'><strong>apparuisse</strong></span> <span class='ocrx_word' id='word_1_88' title='bbox 518 594 542 621; x_wconf 90' lang='lat' dir='ltr'><strong>ei</strong></span> <span class='ocrx_word' id='word_1_89' title='bbox 562 595 703 622; x_wconf 88' lang='lat' dir='ltr'><strong>Dominus.</strong></span> <span class='ocrx_word' id='word_1_90' title='bbox 722 593 790 621; x_wconf 84' lang='lat' dir='ltr'><strong>Nam</strong></span> <span class='ocrx_word' id='word_1_91' title='bbox 808 600 856 629; x_wconf 90' lang='lat' dir='ltr'><strong>per</strong></span> <span class='ocrx_word' id='word_1_92' title='bbox 873 600 935 628; x_wconf 90' lang='lat' dir='ltr'><strong>pro-</strong></span> 
     </span>
    </p>
   </div>
   <div class='ocr_carea' id='block_1_14' title="bbox 145 640 935 677">
    <p class='ocr_par' dir='ltr' id='par_1_14' title="bbox 145 640 935 677">
     <span class='ocr_line' id='line_1_14' title="bbox 145 640 935 677; baseline -0.001 -9"><span class='ocrx_word' id='word_1_93' title='bbox 145 642 242 677; x_wconf 86' lang='lat' dir='ltr'><strong>phetas</strong></span> <span class='ocrx_word' id='word_1_94' title='bbox 261 641 364 676; x_wconf 81' lang='lat' dir='ltr'><strong>juravit</strong></span> <span class='ocrx_word' id='word_1_95' title='bbox 385 641 516 669; x_wconf 80' lang='lat' dir='ltr'><strong>Dominus</strong></span> <span class='ocrx_word' id='word_1_96' title='bbox 527 641 560 673; x_wconf 79' lang='lat'><strong>&quot;,</strong></span> <span class='ocrx_word' id='word_1_97' title='bbox 577 646 605 668; x_wconf 92' lang='lat' dir='ltr'><strong>et</strong></span> <span class='ocrx_word' id='word_1_98' title='bbox 618 648 672 669; x_wconf 92' lang='lat' dir='ltr'><strong>non</strong></span> <span class='ocrx_word' id='word_1_99' title='bbox 689 641 843 676; x_wconf 75' lang='lat' dir='ltr'><strong>ptenitebit,</strong></span> <span class='ocrx_word' id='word_1_100' title='bbox 862 640 935 675; x_wconf 86' lang='lat' dir='ltr'><strong>quod</strong></span> 
     </span>
    </p>
   </div>
   <div class='ocr_carea' id='block_1_15' title="bbox 144 687 934 723">
    <p class='ocr_par' dir='ltr' id='par_1_15' title="bbox 144 687 934 723">
     <span class='ocr_line' id='line_1_15' title="bbox 144 687 934 723; baseline -0.003 -7"><span class='ocrx_word' id='word_1_101' title='bbox 144 689 201 723; x_wconf 77' lang='lat' dir='ltr'><strong>ipse</strong></span> <span class='ocrx_word' id='word_1_102' title='bbox 221 689 259 716; x_wconf 79' lang='lat' dir='ltr'><strong>sit</strong></span> <span class='ocrx_word' id='word_1_103' title='bbox 283 688 413 716; x_wconf 81' lang='lat' dir='ltr'><strong>sacerdos</strong></span> <span class='ocrx_word' id='word_1_104' title='bbox 432 689 460 715; x_wconf 93' lang='lat' dir='ltr'><strong>in</strong></span> <span class='ocrx_word' id='word_1_105' title='bbox 483 693 616 715; x_wconf 74' lang='lat' dir='ltr'><strong>aeternum</strong></span> <span class='ocrx_word' id='word_1_106' title='bbox 633 687 783 715; x_wconf 86' lang='lat' dir='ltr'><strong>secundum</strong></span> <span class='ocrx_word' id='word_1_107' title='bbox 809 688 934 715; x_wconf 87' lang='lat' dir='ltr'><strong>ordinem</strong></span> 
     </span>
    </p>
   </div>
   <div class='ocr_carea' id='block_1_16' title="bbox 143 733 936 769">
    <p class='ocr_par' dir='ltr' id='par_1_16' title="bbox 143 733 936 769">
     <span class='ocr_line' id='line_1_16' title="bbox 143 733 936 769; baseline -0.001 -7"><span class='ocrx_word' id='word_1_108' title='bbox 143 734 357 762; x_wconf 70' lang='lat' dir='ltr'><strong>Melchisedech.</strong></span> <span class='ocrx_word' id='word_1_109' title='bbox 368 734 411 761; x_wconf 73' lang='lat' dir='ltr'><strong>Ad</strong></span> <span class='ocrx_word' id='word_1_110' title='bbox 429 738 540 769; x_wconf 91' lang='lat' dir='ltr'><strong>puteum</strong></span> <span class='ocrx_word' id='word_1_111' title='bbox 553 741 618 769; x_wconf 84' lang='lat' dir='ltr'><strong>ergo</strong></span> <span class='ocrx_word' id='word_1_112' title='bbox 631 733 795 768; x_wconf 80' lang='lat' dir='ltr'><strong>Juramenti,</strong></span> <span class='ocrx_word' id='word_1_113' title='bbox 809 734 883 761; x_wconf 90' lang='lat' dir='ltr'><strong>visus</strong></span> <span class='ocrx_word' id='word_1_114' title='bbox 894 739 936 761; x_wconf 89' lang='lat' dir='ltr'><strong>est</strong></span> 
     </span>
    </p>
   </div>
   <div class='ocr_carea' id='block_1_17' title="bbox 143 778 936 815">
    <p class='ocr_par' dir='ltr' id='par_1_17' title="bbox 143 778 936 815">
     <span class='ocr_line' id='line_1_17' title="bbox 143 778 936 815; baseline -0.003 -8"><span class='ocrx_word' id='word_1_115' title='bbox 143 781 167 807; x_wconf 87' lang='lat' dir='ltr'><strong>ei</strong></span> <span class='ocrx_word' id='word_1_116' title='bbox 182 780 265 812; x_wconf 84' lang='lat' dir='ltr'><strong>Deus,</strong></span> <span class='ocrx_word' id='word_1_117' title='bbox 282 780 373 807; x_wconf 80' lang='lat' dir='ltr'><strong>futura</strong></span> <span class='ocrx_word' id='word_1_118' title='bbox 391 780 418 806; x_wconf 92' lang='lat' dir='ltr'><strong>in</strong></span> <span class='ocrx_word' id='word_1_119' title='bbox 434 787 468 807; x_wconf 88' lang='lat' dir='ltr'><strong>eo</strong></span> <span class='ocrx_word' id='word_1_120' title='bbox 482 780 613 815; x_wconf 88' lang='lat' dir='ltr'><strong>promissa</strong></span> <span class='ocrx_word' id='word_1_121' title='bbox 629 780 806 807; x_wconf 90' lang='lat' dir='ltr'><strong>conllrmans.</strong></span> <span class='ocrx_word' id='word_1_122' title='bbox 824 778 858 806; x_wconf 84' lang='lat' dir='ltr'><strong>Et</strong></span> <span class='ocrx_word' id='word_1_123' title='bbox 871 780 936 806; x_wconf 65' lang='lat' dir='ltr'><strong>ardi-</strong></span> 
     </span>
    </p>
   </div>
   <div class='ocr_carea' id='block_1_18' title="bbox 143 825 934 860">
    <p class='ocr_par' dir='ltr' id='par_1_18' title="bbox 143 825 934 860">
     <span class='ocr_line' id='line_1_18' title="bbox 143 825 934 860; baseline 0.001 -8"><span class='ocrx_word' id='word_1_124' title='bbox 143 826 233 860; x_wconf 75' lang='lat' dir='ltr'><strong>ﬁcarit</strong></span> <span class='ocrx_word' id='word_1_125' title='bbox 246 826 283 852; x_wconf 85' lang='lat' dir='ltr'><strong>ibi</strong></span> <span class='ocrx_word' id='word_1_126' title='bbox 298 827 384 853; x_wconf 83' lang='lat' dir='ltr'><strong>altare</strong></span> <span class='ocrx_word' id='word_1_127' title='bbox 401 825 491 859; x_wconf 83' lang='lat' dir='ltr'><strong>Isaac,</strong></span> <span class='ocrx_word' id='word_1_128' title='bbox 507 830 530 853; x_wconf 84' lang='lat' dir='ltr'><strong>et</strong></span> <span class='ocrx_word' id='word_1_129' title='bbox 547 826 678 853; x_wconf 78' lang='lat' dir='ltr'><strong>invocavit</strong></span> <span class='ocrx_word' id='word_1_130' title='bbox 694 834 790 853; x_wconf 77' lang='lat' dir='ltr'><strong>nomen</strong></span> <span class='ocrx_word' id='word_1_131' title='bbox 816 826 934 858; x_wconf 83' lang='lat' dir='ltr'><strong>Domini,</strong></span> 
     </span>
    </p>
   </div>
   <div class='ocr_carea' id='block_1_19' title="bbox 140 872 933 908">
    <p class='ocr_par' dir='ltr' id='par_1_19' title="bbox 140 872 933 908">
     <span class='ocr_line' id='line_1_19' title="bbox 140 872 933 908; baseline -0.001 -7"><span class='ocrx_word' id='word_1_132' title='bbox 140 879 166 901; x_wconf 74' lang='lat' dir='ltr'><strong>et</strong></span> <span class='ocrx_word' id='word_1_133' title='bbox 177 875 236 908; x_wconf 81' lang='lat' dir='ltr'><strong>[iin</strong></span> <span class='ocrx_word' id='word_1_134' title='bbox 248 875 285 901; x_wconf 88' lang='lat' dir='ltr'><strong>ibi</strong></span> <span class='ocrx_word' id='word_1_135' title='bbox 301 874 501 901; x_wconf 80' lang='lat' dir='ltr'><strong>tabernaculum</strong></span> <span class='ocrx_word' id='word_1_136' title='bbox 529 882 617 901; x_wconf 86' lang='lat' dir='ltr'><strong>suum.</strong></span> <span class='ocrx_word' id='word_1_137' title='bbox 635 872 772 901; x_wconf 84' lang='lat' dir='ltr'><strong>Foderunt</strong></span> <span class='ocrx_word' id='word_1_138' title='bbox 794 878 881 901; x_wconf 87' lang='lat' dir='ltr'><strong>autem</strong></span> <span class='ocrx_word' id='word_1_139' title='bbox 898 874 933 901; x_wconf 85' lang='lat' dir='ltr'><strong>ibi</strong></span> 
     </span>
    </p>
   </div>
   <div class='ocr_carea' id='block_1_20' title="bbox 141 920 933 955">
    <p class='ocr_par' dir='ltr' id='par_1_20' title="bbox 141 920 933 955">
     <span class='ocr_line' id='line_1_20' title="bbox 141 920 933 955; baseline 0 -8"><span class='ocrx_word' id='word_1_140' title='bbox 141 923 215 955; x_wconf 83' lang='lat' dir='ltr'><strong>pueri</strong></span> <span class='ocrx_word' id='word_1_141' title='bbox 232 922 311 948; x_wconf 82' lang='lat' dir='ltr'><strong>Isaac</strong></span> <span class='ocrx_word' id='word_1_142' title='bbox 324 927 430 955; x_wconf 81' lang='lat' dir='ltr'><strong>puteum</strong></span> <span class='ocrx_word' id='word_1_143' title='bbox 445 921 479 948; x_wconf 83' lang='grc' dir='ltr'><strong>³ο.</strong></span> <span class='ocrx_word' id='word_1_144' title='bbox 494 920 623 947; x_wconf 74' lang='grc' dir='ltr'><strong>ᾸΞάὶῐῙετη</strong></span> <span class='ocrx_word' id='word_1_145' title='bbox 640 921 747 955; x_wconf 82' lang='lat' dir='ltr'><strong>quidem</strong></span> <span class='ocrx_word' id='word_1_146' title='bbox 766 921 839 948; x_wconf 84' lang='lat' dir='ltr'><strong>Isaac</strong></span> <span class='ocrx_word' id='word_1_147' title='bbox 851 922 933 948; x_wconf 87' lang='lat' dir='ltr'><strong>ctiam</strong></span> 
     </span>
    </p>
   </div>
   <div class='ocr_carea' id='block_1_21' title="bbox 141 967 934 1002">
    <p class='ocr_par' dir='ltr' id='par_1_21' title="bbox 141 967 934 1002">
     <span class='ocr_line' id='line_1_21' title="bbox 141 967 934 1002; baseline 0 -8"><span class='ocrx_word' id='word_1_148' title='bbox 141 968 229 994; x_wconf 81' lang='lat' dir='ltr'><strong>altare</strong></span> <span class='ocrx_word' id='word_1_149' title='bbox 242 969 269 994; x_wconf 89' lang='lat' dir='ltr'><strong>in</strong></span> <span class='ocrx_word' id='word_1_150' title='bbox 284 968 355 1002; x_wconf 69' lang='lat' dir='ltr'><strong>lege,</strong></span> <span class='ocrx_word' id='word_1_151' title='bbox 367 972 393 994; x_wconf 87' lang='lat' dir='ltr'><strong>et</strong></span> <span class='ocrx_word' id='word_1_152' title='bbox 408 968 464 1002; x_wconf 88' lang='lat' dir='ltr'><strong>ligit</strong></span> <span class='ocrx_word' id='word_1_153' title='bbox 480 967 686 994; x_wconf 89' lang='lat' dir='ltr'><strong>tabernaculum</strong></span> <span class='ocrx_word' id='word_1_154' title='bbox 699 975 787 994; x_wconf 91' lang='lat' dir='ltr'><strong>suum.</strong></span> <span class='ocrx_word' id='word_1_155' title='bbox 802 968 828 994; x_wconf 87' lang='lat' dir='ltr'><strong>in</strong></span> <span class='ocrx_word' id='word_1_156' title='bbox 846 968 934 994; x_wconf 76' lang='lat' dir='ltr'><strong>Evan—</strong></span> 
     </span>
    </p>
   </div>
   <div class='ocr_carea' id='block_1_22' title="bbox 140 1014 933 1047">
    <p class='ocr_par' dir='ltr' id='par_1_22' title="bbox 140 1014 933 1047">
     <span class='ocr_line' id='line_1_22' title="bbox 140 1014 933 1047; baseline 0 -6"><span class='ocrx_word' id='word_1_157' title='bbox 140 1015 218 1047; x_wconf 68' lang='lat' dir='ltr'><strong>geliis</strong></span> <span class='ocrx_word' id='word_1_158' title='bbox 242 1022 320 1046; x_wconf 87' lang='lat' dir='ltr'><strong>vero,</strong></span> <span class='ocrx_word' id='word_1_159' title='bbox 348 1023 401 1041; x_wconf 87' lang='lat' dir='ltr'><strong>non</strong></span> <span class='ocrx_word' id='word_1_160' title='bbox 427 1014 634 1041; x_wconf 77' lang='lat' dir='ltr'><strong>tabernaculum</strong></span> <span class='ocrx_word' id='word_1_161' title='bbox 657 1014 725 1047; x_wconf 76' lang='lat' dir='ltr'><strong>ﬁgit,</strong></span> <span class='ocrx_word' id='word_1_162' title='bbox 754 1015 800 1040; x_wconf 81' lang='lat' dir='ltr'><strong>scd</strong></span> <span class='ocrx_word' id='word_1_163' title='bbox 824 1014 933 1041; x_wconf 87' lang='lat' dir='ltr'><strong>doumm</strong></span> 
     </span>
    </p>
   </div>
   <div class='ocr_carea' id='block_1_23' title="bbox 141 1060 933 1091">
    <p class='ocr_par' dir='ltr' id='par_1_23' title="bbox 141 1060 933 1091">
     <span class='ocr_line' id='line_1_23' title="bbox 141 1060 933 1091; baseline -0.001 -4"><span class='ocrx_word' id='word_1_164' title='bbox 141 1061 279 1091; x_wconf 60' lang='lat' dir='ltr'><strong>aediﬁcat,</strong></span> <span class='ocrx_word' id='word_1_165' title='bbox 316 1065 341 1087; x_wconf 88' lang='lat' dir='ltr'><strong>et</strong></span> <span class='ocrx_word' id='word_1_166' title='bbox 370 1061 572 1087; x_wconf 77' lang='lat' dir='ltr'><strong>fundamentum</strong></span> <span class='ocrx_word' id='word_1_167' title='bbox 598 1060 725 1087; x_wconf 81' lang='lat' dir='ltr'><strong>collocat.</strong></span> <span class='ocrx_word' id='word_1_168' title='bbox 754 1060 823 1087; x_wconf 77' lang='lat' dir='ltr'><strong>Audi</strong></span> <span class='ocrx_word' id='word_1_169' title='bbox 861 1061 933 1086; x_wconf 90' lang='lat' dir='ltr'><strong>cnim</strong></span> 
     </span>
    </p>
   </div>
   <div class='ocr_carea' id='block_1_24' title="bbox 142 1106 934 1141">
    <p class='ocr_par' dir='ltr' id='par_1_24' title="bbox 142 1106 934 1141">
     <span class='ocr_line' id='line_1_24' title="bbox 142 1106 934 1141; baseline -0.003 -7"><span class='ocrx_word' id='word_1_170' title='bbox 142 1108 278 1134; x_wconf 79' lang='lat' dir='ltr'><strong>dicentem</strong></span> <span class='ocrx_word' id='word_1_171' title='bbox 301 1107 467 1141; x_wconf 71' lang='lat' dir='ltr'><strong>Sapientiam</strong></span> <span class='ocrx_word' id='word_1_172' title='bbox 497 1107 529 1133; x_wconf 86' lang='lat' dir='ltr'><strong>de</strong></span> <span class='ocrx_word' id='word_1_173' title='bbox 558 1106 869 1140; x_wconf 75' lang='lat' dir='ltr'><strong>EcclesiazSapientia,</strong></span> <span class='ocrx_word' id='word_1_174' title='bbox 892 1107 934 1133; x_wconf 89' lang='lat' dir='ltr'><strong>in-</strong></span> 
     </span>
    </p>
   </div>
   <div class='ocr_carea' id='block_1_25' title="bbox 141 1153 934 1187">
    <p class='ocr_par' dir='ltr' id='par_1_25' title="bbox 141 1153 934 1187">
     <span class='ocr_line' id='line_1_25' title="bbox 141 1153 934 1187; baseline 0 -8"><span class='ocrx_word' id='word_1_175' title='bbox 141 1153 243 1186; x_wconf 80' lang='lat' dir='ltr'><strong>quit&quot;,</strong></span> <span class='ocrx_word' id='word_1_176' title='bbox 262 1153 405 1186; x_wconf 78' lang='lat' dir='ltr'><strong>u&#39;tliﬁcavit</strong></span> <span class='ocrx_word' id='word_1_177' title='bbox 431 1153 480 1180; x_wconf 79' lang='lat' dir='ltr'><strong>sibi</strong></span> <span class='ocrx_word' id='word_1_178' title='bbox 497 1154 613 1185; x_wconf 86' lang='lat' dir='ltr'><strong>domum,</strong></span> <span class='ocrx_word' id='word_1_179' title='bbox 627 1159 649 1179; x_wconf 85' lang='lat' dir='ltr'><strong>et</strong></span> <span class='ocrx_word' id='word_1_180' title='bbox 677 1154 811 1187; x_wconf 83' lang='lat' dir='ltr'><strong>supposuit</strong></span> <span class='ocrx_word' id='word_1_181' title='bbox 838 1159 934 1186; x_wconf 82' lang='lat' dir='ltr'><strong>septem</strong></span> 
     </span>
    </p>
   </div>
   <div class='ocr_carea' id='block_1_26' title="bbox 142 1199 933 1228">
    <p class='ocr_par' dir='ltr' id='par_1_26' title="bbox 142 1199 933 1228">
     <span class='ocr_line' id='line_1_26' title="bbox 142 1199 933 1228; baseline 0.003 -3"><span class='ocrx_word' id='word_1_182' title='bbox 142 1199 290 1225; x_wconf 74' lang='lat' dir='ltr'><strong>columnas.</strong></span> <span class='ocrx_word' id='word_1_183' title='bbox 310 1199 376 1226; x_wconf 81' lang='lat' dir='ltr'><strong>Audi</strong></span> <span class='ocrx_word' id='word_1_184' title='bbox 392 1199 425 1226; x_wconf 86' lang='lat' dir='ltr'><strong>de</strong></span> <span class='ocrx_word' id='word_1_185' title='bbox 438 1200 489 1225; x_wconf 89' lang='lat' dir='ltr'><strong>hoc</strong></span> <span class='ocrx_word' id='word_1_186' title='bbox 509 1200 591 1225; x_wconf 88' lang='lat' dir='ltr'><strong>etiam</strong></span> <span class='ocrx_word' id='word_1_187' title='bbox 610 1199 725 1226; x_wconf 84' lang='lat' dir='ltr'><strong>Paulum</strong></span> <span class='ocrx_word' id='word_1_188' title='bbox 745 1200 878 1227; x_wconf 88' lang='lat' dir='ltr'><strong>dicentem</strong></span> <span class='ocrx_word' id='word_1_189' title='bbox 890 1201 933 1228; x_wconf 72' lang='grc' dir='ltr'><strong>³¹ί</strong></span> 
     </span>
    </p>
   </div>
   <div class='ocr_carea' id='block_1_27' title="bbox 142 1244 934 1280">
    <p class='ocr_par' dir='ltr' id='par_1_27' title="bbox 142 1244 934 1280">
     <span class='ocr_line' id='line_1_27' title="bbox 142 1244 934 1280; baseline 0.003 -10"><span class='ocrx_word' id='word_1_190' title='bbox 142 1244 358 1271; x_wconf 68' lang='lat' dir='ltr'><strong>Fundamenta»:</strong></span> <span class='ocrx_word' id='word_1_191' title='bbox 373 1246 443 1271; x_wconf 86' lang='lat' dir='ltr'><strong>enim</strong></span> <span class='ocrx_word' id='word_1_192' title='bbox 473 1253 546 1271; x_wconf 87' lang='lat' dir='ltr'><strong>nemo</strong></span> <span class='ocrx_word' id='word_1_193' title='bbox 569 1250 654 1278; x_wconf 73' lang='lat' dir='ltr'><strong>potest</strong></span> <span class='ocrx_word' id='word_1_194' title='bbox 672 1255 775 1279; x_wconf 75' lang='lat' dir='ltr'><strong>ponere,</strong></span> <span class='ocrx_word' id='word_1_195' title='bbox 796 1252 891 1280; x_wconf 71' lang='lat' dir='ltr'><strong>pn&#39;tctcr</strong></span> <span class='ocrx_word' id='word_1_196' title='bbox 908 1247 934 1273; x_wconf 83' lang='lat' dir='ltr'><strong>id</strong></span> 
     </span>
    </p>
   </div>
   <div class='ocr_carea' id='block_1_28' title="bbox 140 1291 935 1327">
    <p class='ocr_par' dir='ltr' id='par_1_28' title="bbox 140 1291 935 1327">
     <span class='ocr_line' id='line_1_28' title="bbox 140 1291 935 1327; baseline 0.004 -10"><span class='ocrx_word' id='word_1_197' title='bbox 140 1293 210 1326; x_wconf 79' lang='lat' dir='ltr'><strong>quod</strong></span> <span class='ocrx_word' id='word_1_198' title='bbox 231 1293 346 1326; x_wconf 77' lang='lat' dir='ltr'><strong>positum</strong></span> <span class='ocrx_word' id='word_1_199' title='bbox 363 1297 412 1323; x_wconf 83' lang='lat' dir='ltr'><strong>est,</strong></span> <span class='ocrx_word' id='word_1_200' title='bbox 429 1291 499 1324; x_wconf 85' lang='lat' dir='ltr'><strong>quod</strong></span> <span class='ocrx_word' id='word_1_201' title='bbox 515 1297 552 1318; x_wconf 83' lang='lat' dir='ltr'><strong>est</strong></span> <span class='ocrx_word' id='word_1_202' title='bbox 568 1291 647 1318; x_wconf 84' lang='lat' dir='ltr'><strong>Jesus</strong></span> <span class='ocrx_word' id='word_1_203' title='bbox 658 1292 786 1319; x_wconf 73' lang='lat' dir='ltr'><strong>Christus.</strong></span> <span class='ocrx_word' id='word_1_204' title='bbox 802 1293 847 1319; x_wconf 71' lang='lat' dir='ltr'><strong>L&#39;bi</strong></span> <span class='ocrx_word' id='word_1_205' title='bbox 870 1300 935 1327; x_wconf 81' lang='lat' dir='ltr'><strong>etgo</strong></span> 
     </span>
    </p>
   </div>
   <div class='ocr_carea' id='block_1_29' title="bbox 143 1338 935 1373">
    <p class='ocr_par' dir='ltr' id='par_1_29' title="bbox 143 1338 935 1373">
     <span class='ocr_line' id='line_1_29' title="bbox 143 1338 935 1373; baseline 0.003 -9"><span class='ocrx_word' id='word_1_206' title='bbox 143 1338 352 1365; x_wconf 86' lang='lat' dir='ltr'><strong>tabernaculum</strong></span> <span class='ocrx_word' id='word_1_207' title='bbox 376 1344 430 1369; x_wconf 85' lang='lat' dir='ltr'><strong>est,</strong></span> <span class='ocrx_word' id='word_1_208' title='bbox 448 1339 553 1365; x_wconf 81' lang='lat' dir='ltr'><strong>etiamsi</strong></span> <span class='ocrx_word' id='word_1_209' title='bbox 582 1339 691 1373; x_wconf 81' lang='lat' dir='ltr'><strong>ligatur,</strong></span> <span class='ocrx_word' id='word_1_210' title='bbox 717 1339 775 1365; x_wconf 82' lang='lat' dir='ltr'><strong>sine</strong></span> <span class='ocrx_word' id='word_1_211' title='bbox 794 1340 874 1366; x_wconf 86' lang='lat' dir='ltr'><strong>dubio</strong></span> <span class='ocrx_word' id='word_1_212' title='bbox 893 1349 935 1367; x_wconf 88' lang='lat' dir='ltr'><strong>rc-</strong></span> 
     </span>
    </p>
   </div>
   <div class='ocr_carea' id='block_1_30' title="bbox 142 1383 934 1421">
    <p class='ocr_par' dir='ltr' id='par_1_30' title="bbox 142 1383 934 1421">
     <span class='ocr_line' id='line_1_30' title="bbox 142 1383 934 1421; baseline 0.003 -11"><span class='ocrx_word' id='word_1_213' title='bbox 142 1384 305 1410; x_wconf 85' lang='lat' dir='ltr'><strong>solvendum</strong></span> <span class='ocrx_word' id='word_1_214' title='bbox 320 1389 361 1411; x_wconf 89' lang='lat' dir='ltr'><strong>est</strong></span> <span class='ocrx_word' id='word_1_215' title='bbox 379 1392 385 1409; x_wconf 95' lang='lat'>:</span> <span class='ocrx_word' id='word_1_216' title='bbox 403 1384 447 1410; x_wconf 93' lang='lat' dir='ltr'><strong>ubi</strong></span> <span class='ocrx_word' id='word_1_217' title='bbox 459 1392 521 1410; x_wconf 86' lang='lat' dir='ltr'><strong>vero</strong></span> <span class='ocrx_word' id='word_1_218' title='bbox 530 1383 704 1410; x_wconf 81' lang='lat' dir='ltr'><strong>fundamenta</strong></span> <span class='ocrx_word' id='word_1_219' title='bbox 725 1390 797 1417; x_wconf 84' lang='lat' dir='ltr'><strong>sunt,</strong></span> <span class='ocrx_word' id='word_1_220' title='bbox 815 1390 842 1412; x_wconf 88' lang='lat' dir='ltr'><strong>et</strong></span> <span class='ocrx_word' id='word_1_221' title='bbox 854 1394 934 1421; x_wconf 82' lang='lat' dir='ltr'><strong>supra</strong></span> 
     </span>
    </p>
   </div>
   <div class='ocr_carea' id='block_1_31' title="bbox 140 1426 934 1460">
    <p class='ocr_par' dir='ltr' id='par_1_31' title="bbox 140 1426 934 1460">
     <span class='ocr_line' id='line_1_31' title="bbox 140 1426 934 1460; baseline 0.003 -8"><span class='ocrx_word' id='word_1_222' title='bbox 140 1432 248 1460; x_wconf 83' lang='lat' dir='ltr'><strong>petram</strong></span> <span class='ocrx_word' id='word_1_223' title='bbox 271 1426 425 1453; x_wconf 65' lang='lat' dir='ltr'><strong>azdilicatur</strong></span> <span class='ocrx_word' id='word_1_224' title='bbox 439 1426 544 1457; x_wconf 87' lang='lat' dir='ltr'><strong>domus,</strong></span> <span class='ocrx_word' id='word_1_225' title='bbox 561 1434 698 1460; x_wconf 84' lang='lat' dir='ltr'><strong>nunquam</strong></span> <span class='ocrx_word' id='word_1_226' title='bbox 721 1427 865 1454; x_wconf 79' lang='lat' dir='ltr'><strong>resolvitur</strong></span> <span class='ocrx_word' id='word_1_227' title='bbox 886 1429 934 1454; x_wconf 85' lang='lat' dir='ltr'><strong>do-</strong></span> 
     </span>
    </p>
   </div>
   <div class='ocr_carea' id='block_1_32' title="bbox 141 1472 936 1508">
    <p class='ocr_par' dir='ltr' id='par_1_32' title="bbox 141 1472 936 1508">
     <span class='ocr_line' id='line_1_32' title="bbox 141 1472 936 1508; baseline 0.003 -10"><span class='ocrx_word' id='word_1_228' title='bbox 141 1481 203 1499; x_wconf 86' lang='lat' dir='ltr'><strong>mus</strong></span> <span class='ocrx_word' id='word_1_229' title='bbox 219 1473 276 1499; x_wconf 81' lang='lat' dir='ltr'><strong>illa.</strong></span> <span class='ocrx_word' id='word_1_230' title='bbox 296 1472 420 1499; x_wconf 83' lang='lat' dir='ltr'><strong>anlata</strong></span> <span class='ocrx_word' id='word_1_231' title='bbox 434 1473 504 1499; x_wconf 90' lang='lat' dir='ltr'><strong>enim</strong></span> <span class='ocrx_word' id='word_1_232' title='bbox 521 1478 562 1499; x_wconf 83' lang='lat' dir='ltr'><strong>est</strong></span> <span class='ocrx_word' id='word_1_233' title='bbox 576 1481 654 1507; x_wconf 89' lang='lat' dir='ltr'><strong>supra</strong></span> <span class='ocrx_word' id='word_1_234' title='bbox 670 1478 785 1508; x_wconf 85' lang='lat' dir='ltr'><strong>petram.</strong></span> <span class='ocrx_word' id='word_1_235' title='bbox 803 1474 881 1500; x_wconf 86' lang='lat' dir='ltr'><strong>Fodit</strong></span> <span class='ocrx_word' id='word_1_236' title='bbox 894 1479 936 1501; x_wconf 82' lang='lat' dir='ltr'><strong>la-</strong></span> 
     </span>
    </p>
   </div>
   <div class='ocr_carea' id='block_1_33' title="bbox 141 1518 934 1555">
    <p class='ocr_par' dir='ltr' id='par_1_33' title="bbox 141 1518 934 1555">
     <span class='ocr_line' id='line_1_33' title="bbox 141 1518 934 1555; baseline 0.001 -10"><span class='ocrx_word' id='word_1_237' title='bbox 141 1527 204 1545; x_wconf 84' lang='lat' dir='ltr'><strong>men</strong></span> <span class='ocrx_word' id='word_1_238' title='bbox 223 1524 250 1545; x_wconf 84' lang='lat' dir='ltr'><strong>et</strong></span> <span class='ocrx_word' id='word_1_239' title='bbox 279 1519 314 1545; x_wconf 85' lang='lat' dir='ltr'><strong>ibi</strong></span> <span class='ocrx_word' id='word_1_240' title='bbox 340 1524 450 1552; x_wconf 81' lang='lat' dir='ltr'><strong>puteum</strong></span> <span class='ocrx_word' id='word_1_241' title='bbox 466 1518 553 1550; x_wconf 88' lang='lat' dir='ltr'><strong>lsaac,</strong></span> <span class='ocrx_word' id='word_1_242' title='bbox 573 1527 622 1546; x_wconf 87' lang='lat' dir='ltr'><strong>nec</strong></span> <span class='ocrx_word' id='word_1_243' title='bbox 645 1528 765 1554; x_wconf 79' lang='lat' dir='ltr'><strong>unquam</strong></span> <span class='ocrx_word' id='word_1_244' title='bbox 784 1525 872 1547; x_wconf 85' lang='lat' dir='ltr'><strong>cessat</strong></span> <span class='ocrx_word' id='word_1_245' title='bbox 887 1529 934 1555; x_wconf 79' lang='lat' dir='ltr'><strong>pu-</strong></span> 
     </span>
    </p>
   </div>
   <div class='ocr_carea' id='block_1_34' title="bbox 142 1564 931 1600">
    <p class='ocr_par' dir='ltr' id='par_1_34' title="bbox 142 1564 931 1600">
     <span class='ocr_line' id='line_1_34' title="bbox 142 1564 931 1600; baseline 0.004 -10"><span class='ocrx_word' id='word_1_246' title='bbox 142 1569 202 1590; x_wconf 84' lang='lat' dir='ltr'><strong>teos</strong></span> <span class='ocrx_word' id='word_1_247' title='bbox 220 1564 362 1595; x_wconf 67' lang='lat' dir='ltr'><strong>fodiendo,</strong></span> <span class='ocrx_word' id='word_1_248' title='bbox 378 1565 463 1590; x_wconf 81' lang='lat' dir='ltr'><strong>donec</strong></span> <span class='ocrx_word' id='word_1_249' title='bbox 482 1564 585 1590; x_wconf 81' lang='lat' dir='ltr'><strong>oriatur</strong></span> <span class='ocrx_word' id='word_1_250' title='bbox 604 1565 659 1599; x_wconf 73' lang='lat'><strong>(92)</strong></span> <span class='ocrx_word' id='word_1_251' title='bbox 676 1565 734 1592; x_wconf 80' lang='lat' dir='ltr'><strong>fons</strong></span> <span class='ocrx_word' id='word_1_252' title='bbox 752 1574 829 1600; x_wconf 70' lang='lat' dir='ltr'><strong>aqum</strong></span> <span class='ocrx_word' id='word_1_253' title='bbox 852 1567 931 1599; x_wconf 67' lang='grc' dir='ltr'><strong>γὶγιυ,</strong></span> 
     </span>
    </p>
   </div>
   <div class='ocr_carea' id='block_1_35' title="bbox 140 1610 830 1644">
    <p class='ocr_par' dir='ltr' id='par_1_35' title="bbox 140 1610 830 1644">
     <span class='ocr_line' id='line_1_35' title="bbox 140 1610 830 1644; baseline 0 -7"><span class='ocrx_word' id='word_1_254' title='bbox 140 1616 169 1637; x_wconf 78' lang='lat' dir='ltr'><strong>et</strong></span> <span class='ocrx_word' id='word_1_255' title='bbox 184 1610 304 1636; x_wconf 84' lang='lat' dir='ltr'><strong>ﬂuminis</strong></span> <span class='ocrx_word' id='word_1_256' title='bbox 324 1611 438 1644; x_wconf 88' lang='lat' dir='ltr'><strong>impetus</strong></span> <span class='ocrx_word' id='word_1_257' title='bbox 453 1610 570 1637; x_wconf 65' lang='lat' dir='ltr'><strong>lactiﬁeet</strong></span> <span class='ocrx_word' id='word_1_258' title='bbox 585 1611 723 1637; x_wconf 86' lang='lat' dir='ltr'><strong>civitatem</strong></span> <span class='ocrx_word' id='word_1_259' title='bbox 743 1611 789 1637; x_wconf 89' lang='lat' dir='ltr'><strong>Dei</strong></span> <span class='ocrx_word' id='word_1_260' title='bbox 799 1611 830 1637; x_wconf 80' lang='lat'><strong>&quot;.</strong></span> 
     </span>
    </p>
   </div>
   <div class='ocr_carea' id='block_1_36' title="bbox 179 1656 934 1690">
    <p class='ocr_par' dir='ltr' id='par_1_36' title="bbox 179 1656 934 1690">
     <span class='ocr_line' id='line_1_36' title="bbox 179 1656 934 1690; baseline 0 -7"><span class='ocrx_word' id='word_1_261' title='bbox 179 1656 205 1683; x_wconf 82' lang='grc'><em>3.</em></span> <span class='ocrx_word' id='word_1_262' title='bbox 228 1656 281 1683; x_wconf 85' lang='lat' dir='ltr'><strong>Sed</strong></span> <span class='ocrx_word' id='word_1_263' title='bbox 301 1662 325 1683; x_wconf 90' lang='lat' dir='ltr'><strong>el</strong></span> <span class='ocrx_word' id='word_1_264' title='bbox 342 1656 510 1688; x_wconf 78' lang='lat' dir='ltr'><strong>Abimelech,</strong></span> <span class='ocrx_word' id='word_1_265' title='bbox 533 1656 576 1683; x_wconf 90' lang='lat' dir='ltr'><strong>ille</strong></span> <span class='ocrx_word' id='word_1_266' title='bbox 603 1656 647 1690; x_wconf 93' lang='lat' dir='ltr'><strong>qui</strong></span> <span class='ocrx_word' id='word_1_267' title='bbox 668 1657 767 1682; x_wconf 87' lang='lat' dir='ltr'><strong>dudmn</strong></span> <span class='ocrx_word' id='word_1_268' title='bbox 785 1657 934 1684; x_wconf 78' lang='lat' dir='ltr'><strong>honorare-</strong></span> 
     </span>
    </p>
   </div>
   <div class='ocr_carea' id='block_1_37' title="bbox 143 1701 933 1736">
    <p class='ocr_par' dir='ltr' id='par_1_37' title="bbox 143 1701 933 1736">
     <span class='ocr_line' id='line_1_37' title="bbox 143 1701 933 1736; baseline 0.001 -8"><span class='ocrx_word' id='word_1_269' title='bbox 143 1706 188 1728; x_wconf 86' lang='lat' dir='ltr'><strong>rat</strong></span> <span class='ocrx_word' id='word_1_270' title='bbox 213 1701 364 1732; x_wconf 85' lang='lat' dir='ltr'><strong>Abraham,</strong></span> <span class='ocrx_word' id='word_1_271' title='bbox 384 1702 457 1728; x_wconf 82' lang='lat' dir='ltr'><strong>venit</strong></span> <span class='ocrx_word' id='word_1_272' title='bbox 478 1709 550 1728; x_wconf 83' lang='lat' dir='ltr'><strong>nunc</strong></span> <span class='ocrx_word' id='word_1_273' title='bbox 567 1710 628 1728; x_wconf 92' lang='lat' dir='ltr'><strong>cum</strong></span> <span class='ocrx_word' id='word_1_274' title='bbox 645 1702 740 1728; x_wconf 81' lang='lat' dir='ltr'><strong>amicis</strong></span> <span class='ocrx_word' id='word_1_275' title='bbox 755 1702 810 1736; x_wconf 79' lang='lat'><strong>98</strong></span> <span class='ocrx_word' id='word_1_276' title='bbox 828 1703 883 1729; x_wconf 85' lang='lat' dir='ltr'><strong>suis</strong></span> <span class='ocrx_word' id='word_1_277' title='bbox 902 1704 933 1730; x_wconf 83' lang='lat' dir='ltr'><strong>de</strong></span> 
     </span>
    </p>
   </div>
   <div class='ocr_carea' id='block_1_38' title="bbox 144 1747 931 1781">
    <p class='ocr_par' dir='ltr' id='par_1_38' title="bbox 144 1747 931 1781">
     <span class='ocr_line' id='line_1_38' title="bbox 144 1747 931 1781; baseline 0 -7"><span class='ocrx_word' id='word_1_278' title='bbox 144 1747 256 1775; x_wconf 76' lang='lat' dir='ltr'><strong>Geraris</strong></span> <span class='ocrx_word' id='word_1_279' title='bbox 272 1749 304 1774; x_wconf 89' lang='lat' dir='ltr'><strong>ad</strong></span> <span class='ocrx_word' id='word_1_280' title='bbox 327 1747 401 1774; x_wconf 85' lang='lat' dir='ltr'><strong>Isaac</strong></span> <span class='ocrx_word' id='word_1_281' title='bbox 411 1747 434 1762; x_wconf 70' lang='lat'><strong>“</strong></span> <span class='ocrx_word' id='word_1_282' title='bbox 447 1757 452 1774; x_wconf 93' lang='lat'>:</span> <span class='ocrx_word' id='word_1_283' title='bbox 467 1747 500 1773; x_wconf 81' lang='lat' dir='ltr'><strong>Et</strong></span> <span class='ocrx_word' id='word_1_284' title='bbox 526 1748 589 1773; x_wconf 83' lang='lat' dir='ltr'><strong>dicit</strong></span> <span class='ocrx_word' id='word_1_285' title='bbox 614 1747 666 1774; x_wconf 81' lang='lat' dir='ltr'><strong>illis</strong></span> <span class='ocrx_word' id='word_1_286' title='bbox 691 1747 790 1774; x_wconf 68' lang='lat' dir='ltr'><strong>Isaac:</strong></span> <span class='ocrx_word' id='word_1_287' title='bbox 806 1749 874 1781; x_wconf 79' lang='lat' dir='ltr'><strong>Quid</strong></span> <span class='ocrx_word' id='word_1_288' title='bbox 889 1757 931 1775; x_wconf 81' lang='lat' dir='ltr'><strong>ve—</strong></span> 
     </span>
    </p>
   </div>
   <div class='ocr_carea' id='block_1_39' title="bbox 144 1793 932 1828">
    <p class='ocr_par' dir='ltr' id='par_1_39' title="bbox 144 1793 932 1828">
     <span class='ocr_line' id='line_1_39' title="bbox 144 1793 932 1828; baseline 0 -7"><span class='ocrx_word' id='word_1_289' title='bbox 144 1794 220 1821; x_wconf 84' lang='lat' dir='ltr'><strong>nistis</strong></span> <span class='ocrx_word' id='word_1_290' title='bbox 237 1794 273 1820; x_wconf 83' lang='lat' dir='ltr'><strong>ad</strong></span> <span class='ocrx_word' id='word_1_291' title='bbox 289 1795 350 1821; x_wconf 79' lang='lat' dir='ltr'><strong>me?</strong></span> <span class='ocrx_word' id='word_1_292' title='bbox 377 1793 428 1820; x_wconf 84' lang='lat' dir='ltr'><strong>Vos</strong></span> <span class='ocrx_word' id='word_1_293' title='bbox 446 1795 514 1820; x_wconf 86' lang='lat' dir='ltr'><strong>enim</strong></span> <span class='ocrx_word' id='word_1_294' title='bbox 528 1795 619 1820; x_wconf 82' lang='lat' dir='ltr'><strong>odistis</strong></span> <span class='ocrx_word' id='word_1_295' title='bbox 635 1803 684 1826; x_wconf 81' lang='lat' dir='ltr'><strong>me,</strong></span> <span class='ocrx_word' id='word_1_296' title='bbox 700 1799 724 1820; x_wconf 88' lang='lat' dir='ltr'><strong>et</strong></span> <span class='ocrx_word' id='word_1_297' title='bbox 738 1794 850 1828; x_wconf 70' lang='lat' dir='ltr'><strong>ejecislis</strong></span> <span class='ocrx_word' id='word_1_298' title='bbox 863 1803 902 1821; x_wconf 85' lang='lat' dir='ltr'><strong>me</strong></span> <span class='ocrx_word' id='word_1_299' title='bbox 916 1803 932 1821; x_wconf 81' lang='grc' dir='ltr'><em>α</em></span> 
     </span>
    </p>
   </div>
   <div class='ocr_carea' id='block_1_40' title="bbox 146 1839 930 1874">
    <p class='ocr_par' dir='ltr' id='par_1_40' title="bbox 146 1839 930 1874">
     <span class='ocr_line' id='line_1_40' title="bbox 146 1839 930 1874; baseline -0.001 -7"><span class='ocrx_word' id='word_1_300' title='bbox 146 1841 227 1868; x_wconf 78' lang='lat' dir='ltr'><strong>tabis.</strong></span> <span class='ocrx_word' id='word_1_301' title='bbox 246 1841 287 1867; x_wconf 82' lang='lat' dir='ltr'><strong>Ad</strong></span> <span class='ocrx_word' id='word_1_302' title='bbox 303 1841 359 1867; x_wconf 64' lang='lat' dir='ltr'><strong>hau:</strong></span> <span class='ocrx_word' id='word_1_303' title='bbox 383 1841 423 1866; x_wconf 84' lang='lat' dir='ltr'><strong>illi</strong></span> <span class='ocrx_word' id='word_1_304' title='bbox 448 1841 624 1874; x_wconf 71' lang='lat' dir='ltr'><strong>respondent:</strong></span> <span class='ocrx_word' id='word_1_305' title='bbox 644 1839 778 1871; x_wconf 75' lang='lat' dir='ltr'><strong>Videules,</strong></span> <span class='ocrx_word' id='word_1_306' title='bbox 797 1841 930 1874; x_wconf 79' lang='lat' dir='ltr'><strong>inquiunt,</strong></span> 
     </span>
    </p>
   </div>
   <div class='ocr_carea' id='block_1_41' title="bbox 145 1886 961 1922">
    <p class='ocr_par' dir='ltr' id='par_1_41' title="bbox 145 1886 961 1922">
     <span class='ocr_line' id='line_1_41' title="bbox 145 1886 961 1922; baseline 0 -9"><span class='ocrx_word' id='word_1_307' title='bbox 145 1888 255 1914; x_wconf 66' lang='lat' dir='ltr'><strong>vidimus</strong></span> <span class='ocrx_word' id='word_1_308' title='bbox 267 1888 329 1922; x_wconf 84' lang='lat' dir='ltr'><strong>quia</strong></span> <span class='ocrx_word' id='word_1_309' title='bbox 347 1892 384 1914; x_wconf 86' lang='lat' dir='ltr'><strong>est</strong></span> <span class='ocrx_word' id='word_1_310' title='bbox 405 1886 535 1913; x_wconf 80' lang='lat' dir='ltr'><strong>Dominus</strong></span> <span class='ocrx_word' id='word_1_311' title='bbox 559 1892 654 1918; x_wconf 80' lang='lat' dir='ltr'><strong>tecum,</strong></span> <span class='ocrx_word' id='word_1_312' title='bbox 673 1893 697 1913; x_wconf 87' lang='lat' dir='ltr'><strong>et</strong></span> <span class='ocrx_word' id='word_1_313' title='bbox 720 1888 855 1914; x_wconf 68' lang='lat' dir='ltr'><strong>diximus:</strong></span> <span class='ocrx_word' id='word_1_314' title='bbox 872 1886 932 1913; x_wconf 82' lang='lat' dir='ltr'><strong>Fiat</strong></span> <span class='ocrx_word' id='word_1_315' title='bbox 957 1890 961 1892; x_wconf 89' lang='grc'><strong>’</strong></span> 
     </span>
    </p>
   </div>
   <div class='ocr_carea' id='block_1_42' title="bbox 145 1933 932 1967">
    <p class='ocr_par' dir='ltr' id='par_1_42' title="bbox 145 1933 932 1967">
     <span class='ocr_line' id='line_1_42' title="bbox 145 1933 932 1967; baseline 0 -8"><span class='ocrx_word' id='word_1_316' title='bbox 145 1933 294 1967; x_wconf 79' lang='lat' dir='ltr'><strong>conjuratio</strong></span> <span class='ocrx_word' id='word_1_317' title='bbox 307 1933 373 1959; x_wconf 86' lang='lat' dir='ltr'><strong>inter</strong></span> <span class='ocrx_word' id='word_1_318' title='bbox 386 1941 432 1959; x_wconf 83' lang='lat' dir='ltr'><strong>nos</strong></span> <span class='ocrx_word' id='word_1_319' title='bbox 443 1937 468 1959; x_wconf 86' lang='lat' dir='ltr'><strong>et</strong></span> <span class='ocrx_word' id='word_1_320' title='bbox 483 1939 517 1964; x_wconf 85' lang='lat' dir='ltr'><strong>te,</strong></span> <span class='ocrx_word' id='word_1_321' title='bbox 530 1938 552 1958; x_wconf 82' lang='lat' dir='ltr'><strong>et</strong></span> <span class='ocrx_word' id='word_1_322' title='bbox 575 1933 767 1959; x_wconf 71' lang='lat' dir='ltr'><strong>constituamus</strong></span> <span class='ocrx_word' id='word_1_323' title='bbox 788 1938 869 1958; x_wconf 79' lang='lat' dir='ltr'><strong>tecum</strong></span> <span class='ocrx_word' id='word_1_324' title='bbox 886 1942 932 1966; x_wconf 78' lang='lat' dir='ltr'><strong>pa-</strong></span> 
     </span>
    </p>
   </div>
   <div class='ocr_carea' id='block_1_43' title="bbox 144 1978 931 2012">
    <p class='ocr_par' dir='ltr' id='par_1_43' title="bbox 144 1978 931 2012">
     <span class='ocr_line' id='line_1_43' title="bbox 144 1978 931 2012; baseline 0 -8"><span class='ocrx_word' id='word_1_325' title='bbox 144 1984 225 2011; x_wconf 73' lang='lat' dir='ltr'><strong>ctum,</strong></span> <span class='ocrx_word' id='word_1_326' title='bbox 241 1987 272 2005; x_wconf 83' lang='lat' dir='ltr'><strong>ne</strong></span> <span class='ocrx_word' id='word_1_327' title='bbox 294 1979 377 2012; x_wconf 82' lang='lat' dir='ltr'><strong>facias</strong></span> <span class='ocrx_word' id='word_1_328' title='bbox 400 1978 533 2005; x_wconf 76' lang='lat' dir='ltr'><strong>nobiscum</strong></span> <span class='ocrx_word' id='word_1_329' title='bbox 550 1978 661 2010; x_wconf 86' lang='lat' dir='ltr'><strong>malum,</strong></span> <span class='ocrx_word' id='word_1_330' title='bbox 677 1983 729 2005; x_wconf 85' lang='lat' dir='ltr'><strong>etc.</strong></span> <span class='ocrx_word' id='word_1_331' title='bbox 756 1978 809 2005; x_wconf 83' lang='lat' dir='ltr'><strong>iste</strong></span> <span class='ocrx_word' id='word_1_332' title='bbox 824 1978 931 2004; x_wconf 80' lang='lat' dir='ltr'><strong>Abime—</strong></span> 
     </span>
    </p>
   </div>
   <div class='ocr_carea' id='block_1_44' title="bbox 144 2025 932 2059">
    <p class='ocr_par' dir='ltr' id='par_1_44' title="bbox 144 2025 932 2059">
     <span class='ocr_line' id='line_1_44' title="bbox 144 2025 932 2059; baseline -0.003 -7"><span class='ocrx_word' id='word_1_333' title='bbox 144 2025 216 2058; x_wconf 87' lang='lat' dir='ltr'><strong>lech,</strong></span> <span class='ocrx_word' id='word_1_334' title='bbox 233 2031 262 2051; x_wconf 91' lang='lat' dir='ltr'><strong>ut</strong></span> <span class='ocrx_word' id='word_1_335' title='bbox 280 2026 369 2057; x_wconf 83' lang='lat' dir='ltr'><strong>video,</strong></span> <span class='ocrx_word' id='word_1_336' title='bbox 388 2033 439 2052; x_wconf 90' lang='lat' dir='ltr'><strong>non</strong></span> <span class='ocrx_word' id='word_1_337' title='bbox 451 2033 661 2059; x_wconf 83' lang='lat' dir='ltr'><strong>semperpacem</strong></span> <span class='ocrx_word' id='word_1_338' title='bbox 679 2025 832 2051; x_wconf 80' lang='lat' dir='ltr'><strong>habetcum</strong></span> <span class='ocrx_word' id='word_1_339' title='bbox 847 2025 932 2056; x_wconf 70' lang='lat' dir='ltr'><strong>Isaac,</strong></span> 
     </span>
    </p>
   </div>
   <div class='ocr_carea' id='block_1_45' title="bbox 144 2071 930 2105">
    <p class='ocr_par' dir='ltr' id='par_1_45' title="bbox 144 2071 930 2105">
     <span class='ocr_line' id='line_1_45' title="bbox 144 2071 930 2105; baseline 0 -7"><span class='ocrx_word' id='word_1_340' title='bbox 144 2074 191 2099; x_wconf 88' lang='lat' dir='ltr'><strong>sed</strong></span> <span class='ocrx_word' id='word_1_341' title='bbox 211 2071 361 2105; x_wconf 85' lang='lat' dir='ltr'><strong>aliquando</strong></span> <span class='ocrx_word' id='word_1_342' title='bbox 377 2071 501 2101; x_wconf 83' lang='lat' dir='ltr'><strong>dissidet,</strong></span> <span class='ocrx_word' id='word_1_343' title='bbox 518 2071 664 2105; x_wconf 87' lang='lat' dir='ltr'><strong>aliquando</strong></span> <span class='ocrx_word' id='word_1_344' title='bbox 693 2078 787 2104; x_wconf 87' lang='lat' dir='ltr'><strong>pacem</strong></span> <span class='ocrx_word' id='word_1_345' title='bbox 808 2072 930 2105; x_wconf 80' lang='lat' dir='ltr'><strong>requirit.</strong></span> 
     </span>
    </p>
   </div>
   <div class='ocr_carea' id='block_1_46' title="bbox 146 2117 932 2152">
    <p class='ocr_par' dir='ltr' id='par_1_46' title="bbox 146 2117 932 2152">
     <span class='ocr_line' id='line_1_46' title="bbox 146 2117 932 2152; baseline -0.001 -8"><span class='ocrx_word' id='word_1_346' title='bbox 146 2117 174 2145; x_wconf 82' lang='lat' dir='ltr'><strong>Si</strong></span> <span class='ocrx_word' id='word_1_347' title='bbox 196 2118 360 2145; x_wconf 86' lang='lat' dir='ltr'><strong>meministis</strong></span> <span class='ocrx_word' id='word_1_348' title='bbox 375 2118 508 2152; x_wconf 86' lang='lat' dir='ltr'><strong>quomodo</strong></span> <span class='ocrx_word' id='word_1_349' title='bbox 524 2117 550 2143; x_wconf 92' lang='lat' dir='ltr'><strong>in</strong></span> <span class='ocrx_word' id='word_1_350' title='bbox 567 2117 754 2151; x_wconf 80' lang='lat' dir='ltr'><strong>superioribus</strong></span> <span class='ocrx_word' id='word_1_351' title='bbox 770 2117 886 2143; x_wconf 84' lang='lat' dir='ltr'><strong>diximus</strong></span> <span class='ocrx_word' id='word_1_352' title='bbox 900 2118 932 2144; x_wconf 88' lang='lat' dir='ltr'><strong>de</strong></span> 
     </span>
    </p>
   </div>
   <div class='ocr_carea' id='block_1_47' title="bbox 146 2163 932 2198">
    <p class='ocr_par' dir='ltr' id='par_1_47' title="bbox 146 2163 932 2198">
     <span class='ocr_line' id='line_1_47' title="bbox 146 2163 932 2198; baseline -0.003 -7"><span class='ocrx_word' id='word_1_353' title='bbox 146 2164 317 2195; x_wconf 81' lang='lat' dir='ltr'><strong>Abimelech,</strong></span> <span class='ocrx_word' id='word_1_354' title='bbox 332 2164 403 2198; x_wconf 86' lang='lat' dir='ltr'><strong>quod</strong></span> <span class='ocrx_word' id='word_1_355' title='bbox 425 2171 568 2197; x_wconf 83' lang='lat' dir='ltr'><strong>personam</strong></span> <span class='ocrx_word' id='word_1_356' title='bbox 586 2167 678 2190; x_wconf 73' lang='lat' dir='ltr'><strong>teneat</strong></span> <span class='ocrx_word' id='word_1_357' title='bbox 694 2163 880 2190; x_wconf 84' lang='lat' dir='ltr'><strong>studiosorum</strong></span> <span class='ocrx_word' id='word_1_358' title='bbox 905 2169 932 2189; x_wconf 86' lang='lat' dir='ltr'><strong>et</strong></span> 
     </span>
    </p>
   </div>
   <div class='ocr_carea' id='block_1_48' title="bbox 992 224 1780 259">
    <p class='ocr_par' dir='ltr' id='par_1_48' title="bbox 992 224 1780 259">
     <span class='ocr_line' id='line_1_48' title="bbox 992 224 1780 259; baseline 0.003 -8"><span class='ocrx_word' id='word_1_359' title='bbox 992 225 1131 259; x_wconf 83' lang='lat' dir='ltr'><strong>Aliquanti</strong></span> <span class='ocrx_word' id='word_1_360' title='bbox 1147 225 1229 252; x_wconf 90' lang='lat' dir='ltr'><strong>etiam</strong></span> <span class='ocrx_word' id='word_1_361' title='bbox 1246 225 1296 252; x_wconf 87' lang='lat' dir='ltr'><strong>hoc</strong></span> <span class='ocrx_word' id='word_1_362' title='bbox 1311 224 1487 257; x_wconf 83' lang='lat' dir='ltr'><strong>addiderunt,</strong></span> <span class='ocrx_word' id='word_1_363' title='bbox 1502 225 1573 259; x_wconf 89' lang='lat' dir='ltr'><strong>quod</strong></span> <span class='ocrx_word' id='word_1_364' title='bbox 1592 225 1663 252; x_wconf 89' lang='lat' dir='ltr'><strong>Dens</strong></span> <span class='ocrx_word' id='word_1_365' title='bbox 1681 232 1780 253; x_wconf 83' lang='lat' dir='ltr'><strong>cuncta</strong></span> 
     </span>
    </p>
   </div>
   <div class='ocr_carea' id='block_1_49' title="bbox 991 270 1779 307">
    <p class='ocr_par' dir='ltr' id='par_1_49' title="bbox 991 270 1779 307">
     <span class='ocr_line' id='line_1_49' title="bbox 991 270 1779 307; baseline 0.001 -8"><span class='ocrx_word' id='word_1_366' title='bbox 991 279 1041 305; x_wconf 88' lang='lat' dir='ltr'><strong>per</strong></span> <span class='ocrx_word' id='word_1_367' title='bbox 1052 271 1170 299; x_wconf 76' lang='lat' dir='ltr'><strong>Verbum</strong></span> <span class='ocrx_word' id='word_1_368' title='bbox 1193 279 1273 298; x_wconf 92' lang='lat' dir='ltr'><strong>suum</strong></span> <span class='ocrx_word' id='word_1_369' title='bbox 1296 276 1323 299; x_wconf 88' lang='lat' dir='ltr'><strong>et</strong></span> <span class='ocrx_word' id='word_1_370' title='bbox 1343 270 1451 304; x_wconf 80' lang='lat' dir='ltr'><strong>iecerit,</strong></span> <span class='ocrx_word' id='word_1_371' title='bbox 1468 276 1495 299; x_wconf 89' lang='lat' dir='ltr'><strong>et</strong></span> <span class='ocrx_word' id='word_1_372' title='bbox 1516 276 1601 307; x_wconf 75' lang='lat' dir='ltr'><strong>regat,</strong></span> <span class='ocrx_word' id='word_1_373' title='bbox 1619 277 1646 300; x_wconf 88' lang='lat' dir='ltr'><strong>et</strong></span> <span class='ocrx_word' id='word_1_374' title='bbox 1662 272 1779 300; x_wconf 86' lang='lat' dir='ltr'><strong>Verbum</strong></span> 
     </span>
    </p>
   </div>
   <div class='ocr_carea' id='block_1_50' title="bbox 992 318 1779 353">
    <p class='ocr_par' dir='ltr' id='par_1_50' title="bbox 992 318 1779 353">
     <span class='ocr_line' id='line_1_50' title="bbox 992 318 1779 353; baseline 0.003 -8"><span class='ocrx_word' id='word_1_375' title='bbox 992 318 1038 346; x_wconf 86' lang='lat' dir='ltr'><strong>Dei</strong></span> <span class='ocrx_word' id='word_1_376' title='bbox 1054 318 1100 350; x_wconf 86' lang='lat' dir='ltr'><strong>sit,</strong></span> <span class='ocrx_word' id='word_1_377' title='bbox 1115 325 1170 353; x_wconf 87' lang='lat' dir='ltr'><strong>quo</strong></span> <span class='ocrx_word' id='word_1_378' title='bbox 1191 322 1288 345; x_wconf 87' lang='lat' dir='ltr'><strong>cuneta</strong></span> <span class='ocrx_word' id='word_1_379' title='bbox 1303 319 1489 345; x_wconf 84' lang='lat' dir='ltr'><strong>moderentur.</strong></span> <span class='ocrx_word' id='word_1_380' title='bbox 1503 318 1531 345; x_wconf 93' lang='lat' dir='ltr'><strong>ln</strong></span> <span class='ocrx_word' id='word_1_381' title='bbox 1550 320 1601 346; x_wconf 89' lang='lat' dir='ltr'><strong>hoc</strong></span> <span class='ocrx_word' id='word_1_382' title='bbox 1619 327 1672 347; x_wconf 91' lang='lat' dir='ltr'><strong>non</strong></span> <span class='ocrx_word' id='word_1_383' title='bbox 1692 319 1779 347; x_wconf 85' lang='lat' dir='ltr'><strong>solum</strong></span> 
     </span>
    </p>
   </div>
   <div class='ocr_carea' id='block_1_51' title="bbox 991 364 1780 399">
    <p class='ocr_par' dir='ltr' id='par_1_51' title="bbox 991 364 1780 399">
     <span class='ocr_line' id='line_1_51' title="bbox 991 364 1780 399; baseline 0 -8"><span class='ocrx_word' id='word_1_384' title='bbox 991 364 1055 399; x_wconf 80' lang='lat' dir='ltr'><strong>legi,</strong></span> <span class='ocrx_word' id='word_1_385' title='bbox 1070 365 1116 392; x_wconf 89' lang='lat' dir='ltr'><strong>sed</strong></span> <span class='ocrx_word' id='word_1_386' title='bbox 1130 364 1214 391; x_wconf 90' lang='lat' dir='ltr'><strong>etiam</strong></span> <span class='ocrx_word' id='word_1_387' title='bbox 1229 364 1383 399; x_wconf 87' lang='lat' dir='ltr'><strong>Evangeliis</strong></span> <span class='ocrx_word' id='word_1_388' title='bbox 1403 371 1522 392; x_wconf 85' lang='lat' dir='ltr'><strong>consona</strong></span> <span class='ocrx_word' id='word_1_389' title='bbox 1535 365 1672 392; x_wconf 88' lang='lat' dir='ltr'><strong>scribunt.</strong></span> <span class='ocrx_word' id='word_1_390' title='bbox 1684 364 1780 392; x_wconf 77' lang='lat' dir='ltr'><strong>Mora—</strong></span> 
     </span>
    </p>
   </div>
   <div class='ocr_carea' id='block_1_52' title="bbox 991 409 1779 447">
    <p class='ocr_par' dir='ltr' id='par_1_52' title="bbox 991 409 1779 447">
     <span class='ocr_line' id='line_1_52' title="bbox 991 409 1779 447; baseline 0.004 -11"><span class='ocrx_word' id='word_1_391' title='bbox 991 409 1025 437; x_wconf 89' lang='lat' dir='ltr'><strong>lis</strong></span> <span class='ocrx_word' id='word_1_392' title='bbox 1042 417 1107 437; x_wconf 85' lang='lat' dir='ltr'><strong>vero</strong></span> <span class='ocrx_word' id='word_1_393' title='bbox 1123 414 1151 437; x_wconf 86' lang='lat' dir='ltr'><strong>et</strong></span> <span class='ocrx_word' id='word_1_394' title='bbox 1171 410 1296 445; x_wconf 86' lang='lat' dir='ltr'><strong>physica,</strong></span> <span class='ocrx_word' id='word_1_395' title='bbox 1311 418 1372 445; x_wconf 58' lang='lat' dir='ltr'><strong>quae</strong></span> <span class='ocrx_word' id='word_1_396' title='bbox 1399 411 1498 438; x_wconf 87' lang='lat' dir='ltr'><strong>dicitur</strong></span> <span class='ocrx_word' id='word_1_397' title='bbox 1511 411 1695 446; x_wconf 84' lang='lat' dir='ltr'><strong>philosophia,</strong></span> <span class='ocrx_word' id='word_1_398' title='bbox 1710 419 1779 447; x_wconf 87' lang='lat' dir='ltr'><strong>pene</strong></span> 
     </span>
    </p>
   </div>
   <div class='ocr_carea' id='block_1_53' title="bbox 990 456 1779 491">
    <p class='ocr_par' dir='ltr' id='par_1_53' title="bbox 990 456 1779 491">
     <span class='ocr_line' id='line_1_53' title="bbox 990 456 1779 491; baseline 0.004 -9"><span class='ocrx_word' id='word_1_399' title='bbox 990 456 1082 483; x_wconf 87' lang='lat' dir='ltr'><strong>omnia</strong></span> <span class='ocrx_word' id='word_1_400' title='bbox 1097 463 1158 491; x_wconf 68' lang='lat' dir='ltr'><strong>quae</strong></span> <span class='ocrx_word' id='word_1_401' title='bbox 1174 461 1267 484; x_wconf 91' lang='lat' dir='ltr'><strong>nostra</strong></span> <span class='ocrx_word' id='word_1_402' title='bbox 1287 462 1351 484; x_wconf 90' lang='lat' dir='ltr'><strong>sunt</strong></span> <span class='ocrx_word' id='word_1_403' title='bbox 1375 457 1505 485; x_wconf 84' lang='lat' dir='ltr'><strong>sentiunt.</strong></span> <span class='ocrx_word' id='word_1_404' title='bbox 1528 457 1666 485; x_wconf 90' lang='lat' dir='ltr'><strong>Dissident</strong></span> <span class='ocrx_word' id='word_1_405' title='bbox 1683 465 1749 486; x_wconf 92' lang='lat' dir='ltr'><strong>vero</strong></span> <span class='ocrx_word' id='word_1_406' title='bbox 1764 466 1779 485; x_wconf 92' lang='lat' dir='ltr'><strong>a</strong></span> 
     </span>
    </p>
   </div>
   <div class='ocr_carea' id='block_1_54' title="bbox 991 500 1776 535">
    <p class='ocr_par' dir='ltr' id='par_1_54' title="bbox 991 500 1776 535">
     <span class='ocr_line' id='line_1_54' title="bbox 991 500 1776 535; baseline 0.004 -7"><span class='ocrx_word' id='word_1_407' title='bbox 991 500 1080 535; x_wconf 91' lang='lat' dir='ltr'><strong>nobis,</strong></span> <span class='ocrx_word' id='word_1_408' title='bbox 1099 510 1160 529; x_wconf 90' lang='lat' dir='ltr'><strong>cum</strong></span> <span class='ocrx_word' id='word_1_409' title='bbox 1176 503 1231 529; x_wconf 91' lang='lat' dir='ltr'><strong>Deo</strong></span> <span class='ocrx_word' id='word_1_410' title='bbox 1252 502 1346 530; x_wconf 91' lang='lat' dir='ltr'><strong>dicunt</strong></span> <span class='ocrx_word' id='word_1_411' title='bbox 1360 511 1421 530; x_wconf 89' lang='lat' dir='ltr'><strong>esse</strong></span> <span class='ocrx_word' id='word_1_412' title='bbox 1441 504 1583 530; x_wconf 87' lang='lat' dir='ltr'><strong>materiam</strong></span> <span class='ocrx_word' id='word_1_413' title='bbox 1599 508 1776 533; x_wconf 76' lang='lat' dir='ltr'><strong>coteternam.</strong></span> 
     </span>
    </p>
   </div>
   <div class='ocr_carea' id='block_1_55' title="bbox 989 546 1778 583">
    <p class='ocr_par' dir='ltr' id='par_1_55' title="bbox 989 546 1778 583">
     <span class='ocr_line' id='line_1_55' title="bbox 989 546 1778 583; baseline 0.005 -9"><span class='ocrx_word' id='word_1_414' title='bbox 989 546 1137 580; x_wconf 87' lang='lat' dir='ltr'><strong>Dissident,</strong></span> <span class='ocrx_word' id='word_1_415' title='bbox 1153 555 1215 575; x_wconf 93' lang='lat' dir='ltr'><strong>cum</strong></span> <span class='ocrx_word' id='word_1_416' title='bbox 1230 553 1330 583; x_wconf 81' lang='lat' dir='ltr'><strong>negant</strong></span> <span class='ocrx_word' id='word_1_417' title='bbox 1343 549 1427 576; x_wconf 88' lang='lat' dir='ltr'><strong>Deum</strong></span> <span class='ocrx_word' id='word_1_418' title='bbox 1454 557 1551 576; x_wconf 84' lang='lat' dir='ltr'><strong>curare</strong></span> <span class='ocrx_word' id='word_1_419' title='bbox 1574 549 1713 583; x_wconf 80' lang='lat' dir='ltr'><strong>mortalia,</strong></span> <span class='ocrx_word' id='word_1_420' title='bbox 1729 552 1778 578; x_wconf 88' lang='lat' dir='ltr'><strong>sed</strong></span> 
     </span>
    </p>
   </div>
   <div class='ocr_carea' id='block_1_56' title="bbox 989 594 1779 631">
    <p class='ocr_par' dir='ltr' id='par_1_56' title="bbox 989 594 1779 631">
     <span class='ocr_line' id='line_1_56' title="bbox 989 594 1779 631; baseline 0.006 -11"><span class='ocrx_word' id='word_1_421' title='bbox 989 594 1187 628; x_wconf 87' lang='lat' dir='ltr'><strong>providentiam</strong></span> <span class='ocrx_word' id='word_1_422' title='bbox 1209 595 1270 630; x_wconf 87' lang='lat' dir='ltr'><strong>ejus</strong></span> <span class='ocrx_word' id='word_1_423' title='bbox 1288 603 1369 630; x_wconf 88' lang='lat' dir='ltr'><strong>supra</strong></span> <span class='ocrx_word' id='word_1_424' title='bbox 1386 596 1490 623; x_wconf 88' lang='lat' dir='ltr'><strong>lunaris</strong></span> <span class='ocrx_word' id='word_1_425' title='bbox 1505 596 1577 631; x_wconf 87' lang='lat' dir='ltr'><strong>globi</strong></span> <span class='ocrx_word' id='word_1_426' title='bbox 1594 597 1681 630; x_wconf 90' lang='lat' dir='ltr'><strong>spatia</strong></span> <span class='ocrx_word' id='word_1_427' title='bbox 1700 598 1779 625; x_wconf 88' lang='lat' dir='ltr'><strong>cohi-</strong></span> 
     </span>
    </p>
   </div>
   <div class='ocr_carea' id='block_1_57' title="bbox 988 640 1777 674">
    <p class='ocr_par' dir='ltr' id='par_1_57' title="bbox 988 640 1777 674">
     <span class='ocr_line' id='line_1_57' title="bbox 988 640 1777 674; baseline 0.005 -7"><span class='ocrx_word' id='word_1_428' title='bbox 988 640 1057 667; x_wconf 90' lang='lat' dir='ltr'><strong>beri.</strong></span> <span class='ocrx_word' id='word_1_429' title='bbox 1076 640 1212 668; x_wconf 87' lang='lat' dir='ltr'><strong>Dissident</strong></span> <span class='ocrx_word' id='word_1_430' title='bbox 1237 649 1251 669; x_wconf 92' lang='lat' dir='ltr'><strong>a</strong></span> <span class='ocrx_word' id='word_1_431' title='bbox 1280 641 1370 674; x_wconf 90' lang='lat' dir='ltr'><strong>nobis,</strong></span> <span class='ocrx_word' id='word_1_432' title='bbox 1385 650 1446 669; x_wconf 88' lang='lat' dir='ltr'><strong>cum</strong></span> <span class='ocrx_word' id='word_1_433' title='bbox 1469 642 1540 669; x_wconf 87' lang='lat' dir='ltr'><strong>vitas</strong></span> <span class='ocrx_word' id='word_1_434' title='bbox 1559 643 1727 670; x_wconf 84' lang='lat' dir='ltr'><strong>nascentium</strong></span> <span class='ocrx_word' id='word_1_435' title='bbox 1741 651 1777 672; x_wconf 80' lang='lat' dir='ltr'><strong>ex</strong></span> 
     </span>
    </p>
   </div>
   <div class='ocr_carea' id='block_1_58' title="bbox 988 686 1777 725">
    <p class='ocr_par' dir='ltr' id='par_1_58' title="bbox 988 686 1777 725">
     <span class='ocr_line' id='line_1_58' title="bbox 988 686 1777 725; baseline 0.005 -12"><span class='ocrx_word' id='word_1_436' title='bbox 988 686 1130 713; x_wconf 87' lang='lat' dir='ltr'><strong>stellarum</strong></span> <span class='ocrx_word' id='word_1_437' title='bbox 1144 687 1269 715; x_wconf 91' lang='lat' dir='ltr'><strong>cursibus</strong></span> <span class='ocrx_word' id='word_1_438' title='bbox 1289 688 1421 723; x_wconf 90' lang='lat' dir='ltr'><strong>pendunt.</strong></span> <span class='ocrx_word' id='word_1_439' title='bbox 1436 688 1586 721; x_wconf 88' lang='lat' dir='ltr'><strong>Dissident,</strong></span> <span class='ocrx_word' id='word_1_440' title='bbox 1601 697 1662 716; x_wconf 89' lang='lat' dir='ltr'><strong>cum</strong></span> <span class='ocrx_word' id='word_1_441' title='bbox 1674 691 1777 725; x_wconf 82' lang='lat' dir='ltr'><strong>sempi-</strong></span> 
     </span>
    </p>
   </div>
   <div class='ocr_carea' id='block_1_59' title="bbox 988 733 1778 767">
    <p class='ocr_par' dir='ltr' id='par_1_59' title="bbox 988 733 1778 767">
     <span class='ocr_line' id='line_1_59' title="bbox 988 733 1778 767; baseline 0.008 -9"><span class='ocrx_word' id='word_1_442' title='bbox 988 735 1094 759; x_wconf 87' lang='lat' dir='ltr'><strong>ternum</strong></span> <span class='ocrx_word' id='word_1_443' title='bbox 1113 733 1209 760; x_wconf 88' lang='lat' dir='ltr'><strong>dicunt</strong></span> <span class='ocrx_word' id='word_1_444' title='bbox 1230 733 1303 760; x_wconf 89' lang='lat' dir='ltr'><strong>hunc</strong></span> <span class='ocrx_word' id='word_1_445' title='bbox 1320 734 1463 767; x_wconf 90' lang='lat' dir='ltr'><strong>mundum,</strong></span> <span class='ocrx_word' id='word_1_446' title='bbox 1482 740 1510 762; x_wconf 87' lang='lat' dir='ltr'><strong>et</strong></span> <span class='ocrx_word' id='word_1_447' title='bbox 1532 735 1605 762; x_wconf 91' lang='lat' dir='ltr'><strong>nullo</strong></span> <span class='ocrx_word' id='word_1_448' title='bbox 1625 736 1679 763; x_wconf 86' lang='lat' dir='ltr'><strong>line</strong></span> <span class='ocrx_word' id='word_1_449' title='bbox 1701 737 1778 764; x_wconf 74' lang='lat' dir='ltr'><strong>elau~</strong></span> 
     </span>
    </p>
   </div>
   <div class='ocr_carea' id='block_1_60' title="bbox 987 777 1778 817">
    <p class='ocr_par' dir='ltr' id='par_1_60' title="bbox 987 777 1778 817">
     <span class='ocr_line' id='line_1_60' title="bbox 987 777 1778 817; baseline 0.008 -13"><span class='ocrx_word' id='word_1_450' title='bbox 987 777 1117 805; x_wconf 87' lang='lat' dir='ltr'><strong>dendum.</strong></span> <span class='ocrx_word' id='word_1_451' title='bbox 1136 777 1189 805; x_wconf 85' lang='lat' dir='ltr'><strong>Sed</strong></span> <span class='ocrx_word' id='word_1_452' title='bbox 1203 783 1231 806; x_wconf 91' lang='lat' dir='ltr'><strong>et</strong></span> <span class='ocrx_word' id='word_1_453' title='bbox 1249 779 1300 806; x_wconf 90' lang='lat' dir='ltr'><strong>alia</strong></span> <span class='ocrx_word' id='word_1_454' title='bbox 1324 779 1441 814; x_wconf 91' lang='lat' dir='ltr'><strong>plurima</strong></span> <span class='ocrx_word' id='word_1_455' title='bbox 1470 785 1543 814; x_wconf 85' lang='lat' dir='ltr'><strong>sunt,</strong></span> <span class='ocrx_word' id='word_1_456' title='bbox 1565 781 1591 808; x_wconf 95' lang='lat' dir='ltr'><strong>in</strong></span> <span class='ocrx_word' id='word_1_457' title='bbox 1605 783 1705 817; x_wconf 86' lang='lat' dir='ltr'><strong>quibus</strong></span> <span class='ocrx_word' id='word_1_458' title='bbox 1731 791 1778 811; x_wconf 71' lang='lat' dir='ltr'><strong>no-</strong></span> 
     </span>
    </p>
   </div>
   <div class='ocr_carea' id='block_1_61' title="bbox 987 823 1778 857">
    <p class='ocr_par' dir='ltr' id='par_1_61' title="bbox 987 823 1778 857">
     <span class='ocr_line' id='line_1_61' title="bbox 987 823 1778 857; baseline 0.008 -7"><span class='ocrx_word' id='word_1_459' title='bbox 987 823 1091 850; x_wconf 87' lang='lat' dir='ltr'><strong>biscum</strong></span> <span class='ocrx_word' id='word_1_460' title='bbox 1105 823 1148 851; x_wconf 91' lang='lat' dir='ltr'><strong>vel</strong></span> <span class='ocrx_word' id='word_1_461' title='bbox 1163 824 1308 857; x_wconf 85' lang='lat' dir='ltr'><strong>dissident,</strong></span> <span class='ocrx_word' id='word_1_462' title='bbox 1324 825 1365 852; x_wconf 86' lang='lat' dir='ltr'><strong>vel</strong></span> <span class='ocrx_word' id='word_1_463' title='bbox 1383 826 1565 854; x_wconf 85' lang='lat' dir='ltr'><strong>concordant.</strong></span> <span class='ocrx_word' id='word_1_464' title='bbox 1580 826 1614 854; x_wconf 86' lang='lat' dir='ltr'><strong>Et</strong></span> <span class='ocrx_word' id='word_1_465' title='bbox 1635 827 1697 855; x_wconf 88' lang='lat' dir='ltr'><strong>ideo</strong></span> <span class='ocrx_word' id='word_1_466' title='bbox 1715 829 1778 856; x_wconf 82' lang='lat' dir='ltr'><strong>Abi-</strong></span> 
     </span>
    </p>
   </div>
   <div class='ocr_carea' id='block_1_62' title="bbox 953 861 1778 908">
    <p class='ocr_par' dir='ltr' id='par_1_62' title="bbox 953 861 1778 908">
     <span class='ocr_line' id='line_1_62' title="bbox 953 861 1778 908; baseline 0.008 -14"><span class='ocrx_word' id='word_1_467' title='bbox 953 861 973 890; x_wconf 73' lang='grc' dir='ltr'><strong><em>Β</em></strong></span> <span class='ocrx_word' id='word_1_468' title='bbox 988 868 1106 902; x_wconf 87' lang='lat' dir='ltr'><strong>melech,</strong></span> <span class='ocrx_word' id='word_1_469' title='bbox 1122 869 1270 896; x_wconf 88' lang='lat' dir='ltr'><strong>secundum</strong></span> <span class='ocrx_word' id='word_1_470' title='bbox 1285 869 1356 897; x_wconf 90' lang='lat' dir='ltr'><strong>hanc</strong></span> <span class='ocrx_word' id='word_1_471' title='bbox 1370 870 1495 905; x_wconf 84' lang='lat' dir='ltr'><strong>lignram,</strong></span> <span class='ocrx_word' id='word_1_472' title='bbox 1509 870 1654 906; x_wconf 84' lang='lat' dir='ltr'><strong>aliquando</strong></span> <span class='ocrx_word' id='word_1_473' title='bbox 1669 873 1696 899; x_wconf 91' lang='lat' dir='ltr'><strong>in</strong></span> <span class='ocrx_word' id='word_1_474' title='bbox 1708 880 1778 908; x_wconf 85' lang='lat' dir='ltr'><strong>pace</strong></span> 
     </span>
    </p>
   </div>
   <div class='ocr_carea' id='block_1_63' title="bbox 986 913 1778 949">
    <p class='ocr_par' dir='ltr' id='par_1_63' title="bbox 986 913 1778 949">
     <span class='ocr_line' id='line_1_63' title="bbox 986 913 1778 949; baseline 0.006 -9"><span class='ocrx_word' id='word_1_475' title='bbox 986 920 1047 942; x_wconf 88' lang='lat' dir='ltr'><strong>esse</strong></span> <span class='ocrx_word' id='word_1_476' title='bbox 1059 921 1120 941; x_wconf 86' lang='lat' dir='ltr'><strong>cum</strong></span> <span class='ocrx_word' id='word_1_477' title='bbox 1136 913 1372 949; x_wconf 87' lang='lat' dir='ltr'><strong>lsaae,atiquando</strong></span> <span class='ocrx_word' id='word_1_478' title='bbox 1384 914 1515 943; x_wconf 89' lang='lat' dir='ltr'><strong>dissidere</strong></span> <span class='ocrx_word' id='word_1_479' title='bbox 1531 916 1705 945; x_wconf 86' lang='lat' dir='ltr'><strong>describitur.</strong></span> <span class='ocrx_word' id='word_1_480' title='bbox 1722 919 1778 946; x_wconf 88' lang='lat' dir='ltr'><strong>Sed</strong></span> 
     </span>
    </p>
   </div>
   <div class='ocr_carea' id='block_1_64' title="bbox 985 960 1776 1001">
    <p class='ocr_par' dir='ltr' id='par_1_64' title="bbox 985 960 1776 1001">
     <span class='ocr_line' id='line_1_64' title="bbox 985 960 1776 1001; baseline 0.008 -13"><span class='ocrx_word' id='word_1_481' title='bbox 985 960 1078 988; x_wconf 87' lang='lat' dir='ltr'><strong>ethoc</strong></span> <span class='ocrx_word' id='word_1_482' title='bbox 1103 968 1156 988; x_wconf 90' lang='lat' dir='ltr'><strong>non</strong></span> <span class='ocrx_word' id='word_1_483' title='bbox 1180 965 1247 996; x_wconf 90' lang='lat' dir='ltr'><strong>puto</strong></span> <span class='ocrx_word' id='word_1_484' title='bbox 1266 960 1336 996; x_wconf 90' lang='lat' dir='ltr'><strong>quod</strong></span> <span class='ocrx_word' id='word_1_485' title='bbox 1356 961 1443 989; x_wconf 86' lang='lat' dir='ltr'><strong>otiose</strong></span> <span class='ocrx_word' id='word_1_486' title='bbox 1458 961 1572 997; x_wconf 88' lang='lat' dir='ltr'><strong>Spiritui</strong></span> <span class='ocrx_word' id='word_1_487' title='bbox 1596 969 1706 998; x_wconf 80' lang='lat' dir='ltr'><strong>sancto,</strong></span> <span class='ocrx_word' id='word_1_488' title='bbox 1727 969 1776 1001; x_wconf 81' lang='lat' dir='ltr'><strong>qui</strong></span> 
     </span>
    </p>
   </div>
   <div class='ocr_carea' id='block_1_65' title="bbox 986 1007 1777 1046">
    <p class='ocr_par' dir='ltr' id='par_1_65' title="bbox 986 1007 1777 1046">
     <span class='ocr_line' id='line_1_65' title="bbox 986 1007 1777 1046; baseline 0.008 -12"><span class='ocrx_word' id='word_1_489' title='bbox 986 1007 1045 1034; x_wconf 60' lang='lat' dir='ltr'><strong>haec</strong></span> <span class='ocrx_word' id='word_1_490' title='bbox 1062 1007 1169 1040; x_wconf 84' lang='lat' dir='ltr'><strong>scribit,</strong></span> <span class='ocrx_word' id='word_1_491' title='bbox 1181 1015 1255 1035; x_wconf 71' lang='lat' dir='ltr'><strong>curae</strong></span> <span class='ocrx_word' id='word_1_492' title='bbox 1273 1007 1356 1035; x_wconf 79' lang='lat' dir='ltr'><strong>fuerit</strong></span> <span class='ocrx_word' id='word_1_493' title='bbox 1370 1010 1614 1043; x_wconf 81' lang='lat' dir='ltr'><strong>comprehendere,</strong></span> <span class='ocrx_word' id='word_1_494' title='bbox 1633 1013 1705 1046; x_wconf 92' lang='lat' dir='ltr'><strong>quod</strong></span> <span class='ocrx_word' id='word_1_495' title='bbox 1722 1013 1777 1041; x_wconf 89' lang='lat' dir='ltr'><strong>duo</strong></span> 
     </span>
    </p>
   </div>
   <div class='ocr_carea' id='block_1_66' title="bbox 985 1053 1778 1095">
    <p class='ocr_par' dir='ltr' id='par_1_66' title="bbox 985 1053 1778 1095">
     <span class='ocr_line' id='line_1_66' title="bbox 985 1053 1778 1095; baseline 0.009 -15"><span class='ocrx_word' id='word_1_496' title='bbox 985 1053 1030 1081; x_wconf 83' lang='lat' dir='ltr'><strong>alii</strong></span> <span class='ocrx_word' id='word_1_497' title='bbox 1048 1061 1110 1081; x_wconf 90' lang='lat' dir='ltr'><strong>cum</strong></span> <span class='ocrx_word' id='word_1_498' title='bbox 1130 1053 1289 1082; x_wconf 79' lang='lat' dir='ltr'><strong>Abimeleeh</strong></span> <span class='ocrx_word' id='word_1_499' title='bbox 1303 1054 1442 1088; x_wconf 82' lang='lat' dir='ltr'><strong>venerint,</strong></span> <span class='ocrx_word' id='word_1_500' title='bbox 1455 1055 1482 1083; x_wconf 90' lang='lat' dir='ltr'><strong>id</strong></span> <span class='ocrx_word' id='word_1_501' title='bbox 1505 1061 1549 1083; x_wconf 88' lang='lat' dir='ltr'><strong>est</strong></span> <span class='ocrx_word' id='word_1_502' title='bbox 1574 1056 1714 1086; x_wconf 82' lang='lat' dir='ltr'><strong>Oehozath</strong></span> <span class='ocrx_word' id='word_1_503' title='bbox 1731 1067 1778 1095; x_wconf 79' lang='lat' dir='ltr'><strong>ge-</strong></span> 
     </span>
    </p>
   </div>
   <div class='ocr_carea' id='block_1_67' title="bbox 985 1100 1776 1139">
    <p class='ocr_par' dir='ltr' id='par_1_67' title="bbox 985 1100 1776 1139">
     <span class='ocr_line' id='line_1_67' title="bbox 985 1100 1776 1139; baseline 0.008 -12"><span class='ocrx_word' id='word_1_504' title='bbox 985 1107 1035 1127; x_wconf 89' lang='lat' dir='ltr'><strong>ner</strong></span> <span class='ocrx_word' id='word_1_505' title='bbox 1048 1100 1117 1135; x_wconf 89' lang='lat' dir='ltr'><strong>ejus,</strong></span> <span class='ocrx_word' id='word_1_506' title='bbox 1132 1105 1160 1127; x_wconf 90' lang='lat' dir='ltr'><strong>et.</strong></span> <span class='ocrx_word' id='word_1_507' title='bbox 1178 1100 1270 1128; x_wconf 89' lang='lat' dir='ltr'><strong>Phicol</strong></span> <span class='ocrx_word' id='word_1_508' title='bbox 1290 1101 1344 1128; x_wconf 80' lang='lat' dir='ltr'><strong>dux</strong></span> <span class='ocrx_word' id='word_1_509' title='bbox 1360 1102 1498 1130; x_wconf 74' lang='lat' dir='ltr'><strong>exercitus</strong></span> <span class='ocrx_word' id='word_1_510' title='bbox 1523 1102 1590 1137; x_wconf 83' lang='lat' dir='ltr'><strong>ejus.</strong></span> <span class='ocrx_word' id='word_1_511' title='bbox 1610 1104 1776 1139; x_wconf 63' lang='lat' dir='ltr'><strong>Interpretao</strong></span> 
     </span>
    </p>
   </div>
   <div class='ocr_carea' id='block_1_68' title="bbox 985 1146 1776 1185">
    <p class='ocr_par' dir='ltr' id='par_1_68' title="bbox 985 1146 1776 1185">
     <span class='ocr_line' id='line_1_68' title="bbox 985 1146 1776 1185; baseline 0.008 -12"><span class='ocrx_word' id='word_1_512' title='bbox 985 1151 1031 1174; x_wconf 86' lang='lat' dir='ltr'><strong>tur</strong></span> <span class='ocrx_word' id='word_1_513' title='bbox 1046 1153 1135 1174; x_wconf 86' lang='lat' dir='ltr'><strong>autem</strong></span> <span class='ocrx_word' id='word_1_514' title='bbox 1151 1146 1293 1176; x_wconf 82' lang='lat' dir='ltr'><strong>Ochozath</strong></span> <span class='ocrx_word' id='word_1_515' title='bbox 1309 1148 1377 1185; x_wconf 78' lang='lat'><strong>(95),</strong></span> <span class='ocrx_word' id='word_1_516' title='bbox 1390 1154 1490 1182; x_wconf 79' lang='lat' dir='ltr'><strong>tenens,</strong></span> <span class='ocrx_word' id='word_1_517' title='bbox 1509 1155 1536 1177; x_wconf 89' lang='lat' dir='ltr'><strong>et</strong></span> <span class='ocrx_word' id='word_1_518' title='bbox 1551 1150 1643 1178; x_wconf 87' lang='lat' dir='ltr'><strong>Phicol</strong></span> <span class='ocrx_word' id='word_1_519' title='bbox 1664 1160 1693 1179; x_wconf 85' lang='lat' dir='ltr'><strong>os</strong></span> <span class='ocrx_word' id='word_1_520' title='bbox 1716 1161 1776 1179; x_wconf 84' lang='lat' dir='ltr'><strong>om-</strong></span> 
     </span>
    </p>
   </div>
   <div class='ocr_carea' id='block_1_69' title="bbox 985 1193 1773 1230">
    <p class='ocr_par' dir='ltr' id='par_1_69' title="bbox 985 1193 1773 1230">
     <span class='ocr_line' id='line_1_69' title="bbox 985 1193 1773 1230; baseline 0.008 -11"><span class='ocrx_word' id='word_1_521' title='bbox 985 1193 1071 1221; x_wconf 77' lang='lat' dir='ltr'><strong>nium.</strong></span> <span class='ocrx_word' id='word_1_522' title='bbox 1099 1193 1159 1228; x_wconf 89' lang='lat' dir='ltr'><strong>Ipse</strong></span> <span class='ocrx_word' id='word_1_523' title='bbox 1184 1199 1275 1221; x_wconf 90' lang='lat' dir='ltr'><strong>autem</strong></span> <span class='ocrx_word' id='word_1_524' title='bbox 1293 1194 1461 1226; x_wconf 79' lang='lat' dir='ltr'><strong>Abimelech,</strong></span> <span class='ocrx_word' id='word_1_525' title='bbox 1472 1201 1548 1230; x_wconf 80' lang='lat' dir='ltr'><strong>pater</strong></span> <span class='ocrx_word' id='word_1_526' title='bbox 1559 1205 1632 1224; x_wconf 85' lang='lat' dir='ltr'><strong>meus</strong></span> <span class='ocrx_word' id='word_1_527' title='bbox 1650 1206 1707 1225; x_wconf 71' lang='lat' dir='ltr'><strong>rex.</strong></span> <span class='ocrx_word' id='word_1_528' title='bbox 1722 1197 1773 1230; x_wconf 87' lang='lat' dir='ltr'><strong>Qui</strong></span> 
     </span>
    </p>
   </div>
   <div class='ocr_carea' id='block_1_70' title="bbox 986 1240 1775 1279">
    <p class='ocr_par' dir='ltr' id='par_1_70' title="bbox 986 1240 1775 1279">
     <span class='ocr_line' id='line_1_70' title="bbox 986 1240 1775 1279; baseline 0.009 -14"><span class='ocrx_word' id='word_1_529' title='bbox 986 1242 1055 1272; x_wconf 88' lang='lat' dir='ltr'><strong>tres,</strong></span> <span class='ocrx_word' id='word_1_530' title='bbox 1076 1243 1106 1266; x_wconf 92' lang='lat' dir='ltr'><strong>ut</strong></span> <span class='ocrx_word' id='word_1_531' title='bbox 1124 1247 1175 1273; x_wconf 80' lang='lat' dir='ltr'><strong>ego</strong></span> <span class='ocrx_word' id='word_1_532' title='bbox 1195 1240 1324 1271; x_wconf 86' lang='lat' dir='ltr'><strong>arbitror,</strong></span> <span class='ocrx_word' id='word_1_533' title='bbox 1338 1240 1481 1276; x_wconf 76' lang='lat' dir='ltr'><strong>imaginem</strong></span> <span class='ocrx_word' id='word_1_534' title='bbox 1503 1241 1585 1269; x_wconf 89' lang='lat' dir='ltr'><strong>totius</strong></span> <span class='ocrx_word' id='word_1_535' title='bbox 1598 1243 1775 1279; x_wconf 67' lang='lat' dir='ltr'><strong>philosophiae</strong></span> 
     </span>
    </p>
   </div>
   <div class='ocr_carea' id='block_1_71' title="bbox 987 1286 1776 1327">
    <p class='ocr_par' dir='ltr' id='par_1_71' title="bbox 987 1286 1776 1327">
     <span class='ocr_line' id='line_1_71' title="bbox 987 1286 1776 1327; baseline 0.008 -15"><span class='ocrx_word' id='word_1_536' title='bbox 987 1289 1089 1317; x_wconf 85' lang='lat' dir='ltr'><strong>tenent,</strong></span> <span class='ocrx_word' id='word_1_537' title='bbox 1109 1293 1170 1321; x_wconf 67' lang='lat' dir='ltr'><strong>quae</strong></span> <span class='ocrx_word' id='word_1_538' title='bbox 1181 1286 1250 1321; x_wconf 90' lang='lat' dir='ltr'><strong>apud</strong></span> <span class='ocrx_word' id='word_1_539' title='bbox 1265 1294 1312 1314; x_wconf 90' lang='lat' dir='ltr'><strong>eos</strong></span> <span class='ocrx_word' id='word_1_540' title='bbox 1329 1287 1356 1314; x_wconf 94' lang='lat' dir='ltr'><strong>in</strong></span> <span class='ocrx_word' id='word_1_541' title='bbox 1369 1292 1424 1316; x_wconf 86' lang='lat' dir='ltr'><strong>tres</strong></span> <span class='ocrx_word' id='word_1_542' title='bbox 1441 1292 1533 1322; x_wconf 88' lang='lat' dir='ltr'><strong>partes</strong></span> <span class='ocrx_word' id='word_1_543' title='bbox 1551 1288 1692 1324; x_wconf 87' lang='lat' dir='ltr'><strong>dividitur,</strong></span> <span class='ocrx_word' id='word_1_544' title='bbox 1707 1291 1776 1327; x_wconf 82' lang='lat' dir='ltr'><strong>logi-</strong></span> 
     </span>
    </p>
   </div>
   <div class='ocr_carea' id='block_1_72' title="bbox 987 1331 1774 1369">
    <p class='ocr_par' dir='ltr' id='par_1_72' title="bbox 987 1331 1774 1369">
     <span class='ocr_line' id='line_1_72' title="bbox 987 1331 1774 1369; baseline 0.006 -11"><span class='ocrx_word' id='word_1_545' title='bbox 987 1338 1057 1364; x_wconf 88' lang='lat' dir='ltr'><strong>cam,</strong></span> <span class='ocrx_word' id='word_1_546' title='bbox 1071 1331 1223 1367; x_wconf 85' lang='lat' dir='ltr'><strong>physicam,</strong></span> <span class='ocrx_word' id='word_1_547' title='bbox 1236 1332 1365 1365; x_wconf 90' lang='lat' dir='ltr'><strong>ethicam,</strong></span> <span class='ocrx_word' id='word_1_548' title='bbox 1382 1332 1408 1359; x_wconf 91' lang='lat' dir='ltr'><strong>id</strong></span> <span class='ocrx_word' id='word_1_549' title='bbox 1434 1338 1477 1361; x_wconf 86' lang='lat' dir='ltr'><strong>est</strong></span> <span class='ocrx_word' id='word_1_550' title='bbox 1502 1334 1671 1369; x_wconf 85' lang='lat' dir='ltr'><strong>rationalem,</strong></span> <span class='ocrx_word' id='word_1_551' title='bbox 1691 1341 1774 1364; x_wconf 90' lang='lat' dir='ltr'><strong>natu-</strong></span> 
     </span>
    </p>
   </div>
   <div class='ocr_carea' id='block_1_73' title="bbox 987 1377 1775 1418">
    <p class='ocr_par' dir='ltr' id='par_1_73' title="bbox 987 1377 1775 1418">
     <span class='ocr_line' id='line_1_73' title="bbox 987 1377 1775 1418; baseline 0.009 -15"><span class='ocrx_word' id='word_1_552' title='bbox 987 1377 1084 1410; x_wconf 80' lang='lat' dir='ltr'><strong>ralem,</strong></span> <span class='ocrx_word' id='word_1_553' title='bbox 1096 1378 1239 1407; x_wconf 89' lang='lat' dir='ltr'><strong>moralem.</strong></span> <span class='ocrx_word' id='word_1_554' title='bbox 1252 1378 1403 1407; x_wconf 78' lang='lat' dir='ltr'><strong>Ralionalis</strong></span> <span class='ocrx_word' id='word_1_555' title='bbox 1414 1383 1457 1406; x_wconf 87' lang='lat' dir='ltr'><strong>est</strong></span> <span class='ocrx_word' id='word_1_556' title='bbox 1474 1379 1532 1413; x_wconf 86' lang='lat' dir='ltr'><strong>illa,</strong></span> <span class='ocrx_word' id='word_1_557' title='bbox 1546 1388 1607 1415; x_wconf 67' lang='lat' dir='ltr'><strong>quae</strong></span> <span class='ocrx_word' id='word_1_558' title='bbox 1625 1382 1710 1410; x_wconf 88' lang='lat' dir='ltr'><strong>Deum</strong></span> <span class='ocrx_word' id='word_1_559' title='bbox 1725 1390 1775 1418; x_wconf 84' lang='lat' dir='ltr'><strong>pa-</strong></span> 
     </span>
    </p>
   </div>
   <div class='ocr_carea' id='block_1_74' title="bbox 988 1424 1774 1458">
    <p class='ocr_par' dir='ltr' id='par_1_74' title="bbox 988 1424 1774 1458">
     <span class='ocr_line' id='line_1_74' title="bbox 988 1424 1774 1458; baseline 0.008 -8"><span class='ocrx_word' id='word_1_560' title='bbox 988 1427 1056 1450; x_wconf 90' lang='lat' dir='ltr'><strong>trem</strong></span> <span class='ocrx_word' id='word_1_561' title='bbox 1078 1424 1199 1451; x_wconf 88' lang='lat' dir='ltr'><strong>omnium</strong></span> <span class='ocrx_word' id='word_1_562' title='bbox 1218 1424 1375 1458; x_wconf 87' lang='lat' dir='ltr'><strong>conliletur,</strong></span> <span class='ocrx_word' id='word_1_563' title='bbox 1398 1431 1428 1452; x_wconf 91' lang='lat' dir='ltr'><strong>ut</strong></span> <span class='ocrx_word' id='word_1_564' title='bbox 1442 1431 1485 1453; x_wconf 89' lang='lat' dir='ltr'><strong>est</strong></span> <span class='ocrx_word' id='word_1_565' title='bbox 1501 1427 1669 1455; x_wconf 82' lang='lat' dir='ltr'><strong>Abimeleeh.</strong></span> <span class='ocrx_word' id='word_1_566' title='bbox 1689 1428 1774 1456; x_wconf 87' lang='lat' dir='ltr'><strong>Natu-</strong></span> 
     </span>
    </p>
   </div>
   <div class='ocr_carea' id='block_1_75' title="bbox 987 1469 1773 1508">
    <p class='ocr_par' dir='ltr' id='par_1_75' title="bbox 987 1469 1773 1508">
     <span class='ocr_line' id='line_1_75' title="bbox 987 1469 1773 1508; baseline 0.008 -12"><span class='ocrx_word' id='word_1_567' title='bbox 987 1469 1054 1496; x_wconf 89' lang='lat' dir='ltr'><strong>ralis</strong></span> <span class='ocrx_word' id='word_1_568' title='bbox 1067 1469 1110 1496; x_wconf 91' lang='lat' dir='ltr'><strong>illa</strong></span> <span class='ocrx_word' id='word_1_569' title='bbox 1123 1474 1175 1502; x_wconf 80' lang='lat' dir='ltr'><strong>est,</strong></span> <span class='ocrx_word' id='word_1_570' title='bbox 1186 1478 1246 1504; x_wconf 72' lang='lat' dir='ltr'><strong>qua:</strong></span> <span class='ocrx_word' id='word_1_571' title='bbox 1262 1470 1315 1498; x_wconf 80' lang='lat' dir='ltr'><strong>lixa</strong></span> <span class='ocrx_word' id='word_1_572' title='bbox 1328 1476 1380 1505; x_wconf 91' lang='lat' dir='ltr'><strong>est,</strong></span> <span class='ocrx_word' id='word_1_573' title='bbox 1394 1476 1421 1499; x_wconf 92' lang='lat' dir='ltr'><strong>et</strong></span> <span class='ocrx_word' id='word_1_574' title='bbox 1434 1476 1508 1500; x_wconf 87' lang='lat' dir='ltr'><strong>tenet</strong></span> <span class='ocrx_word' id='word_1_575' title='bbox 1519 1473 1621 1508; x_wconf 82' lang='lat' dir='ltr'><strong>omnia,</strong></span> <span class='ocrx_word' id='word_1_576' title='bbox 1643 1474 1715 1502; x_wconf 79' lang='lat' dir='ltr'><strong>velut</strong></span> <span class='ocrx_word' id='word_1_577' title='bbox 1726 1483 1773 1502; x_wconf 85' lang='lat' dir='ltr'><strong>na-</strong></span> 
     </span>
    </p>
   </div>
   <div class='ocr_carea' id='block_1_76' title="bbox 989 1516 1774 1554">
    <p class='ocr_par' dir='ltr' id='par_1_76' title="bbox 989 1516 1774 1554">
     <span class='ocr_line' id='line_1_76' title="bbox 989 1516 1774 1554; baseline 0.01 -12"><span class='ocrx_word' id='word_1_578' title='bbox 989 1520 1057 1543; x_wconf 75' lang='lat' dir='ltr'><strong>turae</strong></span> <span class='ocrx_word' id='word_1_579' title='bbox 1078 1516 1163 1550; x_wconf 86' lang='lat' dir='ltr'><strong>ipsius</strong></span> <span class='ocrx_word' id='word_1_580' title='bbox 1187 1517 1291 1545; x_wconf 85' lang='lat' dir='ltr'><strong>viribus</strong></span> <span class='ocrx_word' id='word_1_581' title='bbox 1306 1518 1409 1551; x_wconf 88' lang='lat' dir='ltr'><strong>nitens,</strong></span> <span class='ocrx_word' id='word_1_582' title='bbox 1426 1526 1508 1554; x_wconf 88' lang='lat' dir='ltr'><strong>quam</strong></span> <span class='ocrx_word' id='word_1_583' title='bbox 1521 1520 1665 1554; x_wconf 82' lang='lat' dir='ltr'><strong>prolltelur</strong></span> <span class='ocrx_word' id='word_1_584' title='bbox 1682 1520 1774 1550; x_wconf 86' lang='lat' dir='ltr'><strong>Ocho-</strong></span> 
     </span>
    </p>
   </div>
   <div class='ocr_carea' id='block_1_77' title="bbox 986 1563 1773 1602">
    <p class='ocr_par' dir='ltr' id='par_1_77' title="bbox 986 1563 1773 1602">
     <span class='ocr_line' id='line_1_77' title="bbox 986 1563 1773 1602; baseline 0.01 -13"><span class='ocrx_word' id='word_1_585' title='bbox 986 1564 1063 1595; x_wconf 76' lang='lat' dir='ltr'><strong>:ath,</strong></span> <span class='ocrx_word' id='word_1_586' title='bbox 1078 1564 1125 1598; x_wconf 86' lang='lat' dir='ltr'><strong>qui</strong></span> <span class='ocrx_word' id='word_1_587' title='bbox 1149 1563 1249 1591; x_wconf 90' lang='lat' dir='ltr'><strong>dicitur</strong></span> <span class='ocrx_word' id='word_1_588' title='bbox 1276 1569 1377 1592; x_wconf 80' lang='lat' dir='ltr'><strong>tenens.</strong></span> <span class='ocrx_word' id='word_1_589' title='bbox 1406 1564 1514 1593; x_wconf 82' lang='lat' dir='ltr'><strong>Moralis</strong></span> <span class='ocrx_word' id='word_1_590' title='bbox 1533 1573 1584 1601; x_wconf 84' lang='lat' dir='ltr'><strong>est,</strong></span> <span class='ocrx_word' id='word_1_591' title='bbox 1606 1575 1669 1602; x_wconf 78' lang='lat' dir='ltr'><strong>qua:</strong></span> <span class='ocrx_word' id='word_1_592' title='bbox 1682 1569 1708 1596; x_wconf 91' lang='lat' dir='ltr'><strong>in</strong></span> <span class='ocrx_word' id='word_1_593' title='bbox 1721 1576 1773 1597; x_wconf 87' lang='lat' dir='ltr'><strong>ore</strong></span> 
     </span>
    </p>
   </div>
   <div class='ocr_carea' id='block_1_78' title="bbox 986 1609 1772 1648">
    <p class='ocr_par' dir='ltr' id='par_1_78' title="bbox 986 1609 1772 1648">
     <span class='ocr_line' id='line_1_78' title="bbox 986 1609 1772 1648; baseline 0.01 -13"><span class='ocrx_word' id='word_1_594' title='bbox 986 1613 1027 1636; x_wconf 82' lang='lat' dir='ltr'><strong>est</strong></span> <span class='ocrx_word' id='word_1_595' title='bbox 1044 1609 1178 1642; x_wconf 91' lang='lat' dir='ltr'><strong>omnium,</strong></span> <span class='ocrx_word' id='word_1_596' title='bbox 1197 1614 1225 1637; x_wconf 86' lang='lat' dir='ltr'><strong>ct</strong></span> <span class='ocrx_word' id='word_1_597' title='bbox 1240 1610 1273 1637; x_wconf 85' lang='lat' dir='ltr'><strong>ad</strong></span> <span class='ocrx_word' id='word_1_598' title='bbox 1295 1619 1390 1639; x_wconf 89' lang='lat' dir='ltr'><strong>omnes</strong></span> <span class='ocrx_word' id='word_1_599' title='bbox 1404 1613 1531 1646; x_wconf 75' lang='lat' dir='ltr'><strong>pertinet,</strong></span> <span class='ocrx_word' id='word_1_600' title='bbox 1546 1617 1574 1641; x_wconf 83' lang='lat' dir='ltr'><strong>et</strong></span> <span class='ocrx_word' id='word_1_601' title='bbox 1586 1621 1635 1648; x_wconf 82' lang='lat' dir='ltr'><strong>pro</strong></span> <span class='ocrx_word' id='word_1_602' title='bbox 1651 1622 1772 1643; x_wconf 82' lang='lat' dir='ltr'><strong>comnm-</strong></span> 
     </span>
    </p>
   </div>
   <div class='ocr_carea' id='block_1_79' title="bbox 986 1655 1768 1692">
    <p class='ocr_par' dir='ltr' id='par_1_79' title="bbox 986 1655 1768 1692">
     <span class='ocr_line' id='line_1_79' title="bbox 986 1655 1768 1692; baseline 0.013 -12"><span class='ocrx_word' id='word_1_603' title='bbox 986 1655 1011 1681; x_wconf 91' lang='lat' dir='ltr'><strong>ni</strong></span> <span class='ocrx_word' id='word_1_604' title='bbox 1024 1655 1201 1683; x_wconf 87' lang='lat' dir='ltr'><strong>similitudine</strong></span> <span class='ocrx_word' id='word_1_605' title='bbox 1213 1662 1421 1692; x_wconf 73' lang='lat' dir='ltr'><strong>praeceptorum,</strong></span> <span class='ocrx_word' id='word_1_606' title='bbox 1431 1659 1457 1685; x_wconf 95' lang='lat' dir='ltr'><strong>in</strong></span> <span class='ocrx_word' id='word_1_607' title='bbox 1469 1660 1588 1687; x_wconf 86' lang='lat' dir='ltr'><strong>omnium</strong></span> <span class='ocrx_word' id='word_1_608' title='bbox 1608 1668 1656 1689; x_wconf 87' lang='lat' dir='ltr'><strong>ore</strong></span> <span class='ocrx_word' id='word_1_609' title='bbox 1673 1669 1768 1690; x_wconf 82' lang='lat' dir='ltr'><strong>versa-</strong></span> 
     </span>
    </p>
   </div>
   <div class='ocr_carea' id='block_1_80' title="bbox 986 1701 1772 1740">
    <p class='ocr_par' dir='ltr' id='par_1_80' title="bbox 986 1701 1772 1740">
     <span class='ocr_line' id='line_1_80' title="bbox 986 1701 1772 1740; baseline 0.01 -14"><span class='ocrx_word' id='word_1_610' title='bbox 986 1705 1040 1733; x_wconf 84' lang='lat' dir='ltr'><strong>tur,</strong></span> <span class='ocrx_word' id='word_1_611' title='bbox 1057 1708 1138 1735; x_wconf 89' lang='lat' dir='ltr'><strong>quam</strong></span> <span class='ocrx_word' id='word_1_612' title='bbox 1157 1701 1285 1737; x_wconf 78' lang='lat' dir='ltr'><strong>designat</strong></span> <span class='ocrx_word' id='word_1_613' title='bbox 1307 1703 1357 1731; x_wconf 75' lang='lat' dir='ltr'><strong>iste</strong></span> <span class='ocrx_word' id='word_1_614' title='bbox 1383 1703 1489 1737; x_wconf 87' lang='lat' dir='ltr'><strong>Phicol,</strong></span> <span class='ocrx_word' id='word_1_615' title='bbox 1516 1705 1563 1740; x_wconf 89' lang='lat' dir='ltr'><strong>qui</strong></span> <span class='ocrx_word' id='word_1_616' title='bbox 1591 1714 1620 1733; x_wconf 92' lang='lat' dir='ltr'><strong>os</strong></span> <span class='ocrx_word' id='word_1_617' title='bbox 1652 1708 1772 1734; x_wconf 84' lang='lat' dir='ltr'><strong>omnium</strong></span> 
     </span>
    </p>
   </div>
   <div class='ocr_carea' id='block_1_81' title="bbox 986 1745 1771 1786">
    <p class='ocr_par' dir='ltr' id='par_1_81' title="bbox 986 1745 1771 1786">
     <span class='ocr_line' id='line_1_81' title="bbox 986 1745 1771 1786; baseline 0.011 -14"><span class='ocrx_word' id='word_1_618' title='bbox 986 1745 1192 1781; x_wconf 87' lang='lat' dir='ltr'><strong>interpretatur.</strong></span> <span class='ocrx_word' id='word_1_619' title='bbox 1215 1747 1246 1775; x_wconf 90' lang='lat' dir='ltr'><strong>Hi</strong></span> <span class='ocrx_word' id='word_1_620' title='bbox 1261 1756 1327 1784; x_wconf 85' lang='lat' dir='ltr'><strong>ergo</strong></span> <span class='ocrx_word' id='word_1_621' title='bbox 1348 1756 1443 1777; x_wconf 90' lang='lat' dir='ltr'><strong>omnes</strong></span> <span class='ocrx_word' id='word_1_622' title='bbox 1458 1750 1485 1777; x_wconf 92' lang='lat' dir='ltr'><strong>in</strong></span> <span class='ocrx_word' id='word_1_623' title='bbox 1506 1751 1692 1786; x_wconf 87' lang='lat' dir='ltr'><strong>hujuscemodi</strong></span> <span class='ocrx_word' id='word_1_624' title='bbox 1707 1761 1771 1781; x_wconf 77' lang='lat' dir='ltr'><strong>eru-</strong></span> 
     </span>
    </p>
   </div>
   <div class='ocr_carea' id='block_1_82' title="bbox 986 1792 1772 1834">
    <p class='ocr_par' dir='ltr' id='par_1_82' title="bbox 986 1792 1772 1834">
     <span class='ocr_line' id='line_1_82' title="bbox 986 1792 1772 1834; baseline 0.01 -15"><span class='ocrx_word' id='word_1_625' title='bbox 986 1792 1132 1821; x_wconf 88' lang='lat' dir='ltr'><strong>ditionibus</strong></span> <span class='ocrx_word' id='word_1_626' title='bbox 1151 1794 1278 1827; x_wconf 89' lang='lat' dir='ltr'><strong>instituti,</strong></span> <span class='ocrx_word' id='word_1_627' title='bbox 1295 1796 1406 1823; x_wconf 87' lang='lat' dir='ltr'><strong>veniunt</strong></span> <span class='ocrx_word' id='word_1_628' title='bbox 1427 1796 1461 1824; x_wconf 90' lang='lat' dir='ltr'><strong>ad</strong></span> <span class='ocrx_word' id='word_1_629' title='bbox 1483 1796 1571 1832; x_wconf 82' lang='lat' dir='ltr'><strong>legem</strong></span> <span class='ocrx_word' id='word_1_630' title='bbox 1590 1798 1649 1832; x_wconf 90' lang='lat' dir='ltr'><strong>Dei,</strong></span> <span class='ocrx_word' id='word_1_631' title='bbox 1678 1802 1711 1834; x_wconf 54' lang='grc' dir='ltr'><strong>χει</strong></span> <span class='ocrx_word' id='word_1_632' title='bbox 1730 1800 1772 1826; x_wconf 86' lang='lat' dir='ltr'><strong>di-</strong></span> 
     </span>
    </p>
   </div>
   <div class='ocr_carea' id='block_1_83' title="bbox 985 1840 1769 1880">
    <p class='ocr_par' dir='ltr' id='par_1_83' title="bbox 985 1840 1769 1880">
     <span class='ocr_line' id='line_1_83' title="bbox 985 1840 1769 1880; baseline 0.008 -13"><span class='ocrx_word' id='word_1_633' title='bbox 985 1846 1076 1868; x_wconf 84' lang='lat' dir='ltr'><strong>cunt:</strong></span> <span class='ocrx_word' id='word_1_634' title='bbox 1099 1840 1221 1869; x_wconf 78' lang='lat' dir='ltr'><strong>Videutes</strong></span> <span class='ocrx_word' id='word_1_635' title='bbox 1244 1842 1357 1869; x_wconf 75' lang='lat' dir='ltr'><strong>vidimus</strong></span> <span class='ocrx_word' id='word_1_636' title='bbox 1377 1844 1441 1878; x_wconf 85' lang='lat' dir='ltr'><strong>quia</strong></span> <span class='ocrx_word' id='word_1_637' title='bbox 1465 1849 1502 1871; x_wconf 85' lang='lat' dir='ltr'><strong>est</strong></span> <span class='ocrx_word' id='word_1_638' title='bbox 1526 1844 1656 1873; x_wconf 82' lang='lat' dir='ltr'><strong>Dominus</strong></span> <span class='ocrx_word' id='word_1_639' title='bbox 1672 1850 1769 1880; x_wconf 80' lang='lat' dir='ltr'><strong>tecum,</strong></span> 
     </span>
    </p>
   </div>
   <div class='ocr_carea' id='block_1_84' title="bbox 985 1888 1771 1927">
    <p class='ocr_par' dir='ltr' id='par_1_84' title="bbox 985 1888 1771 1927">
     <span class='ocr_line' id='line_1_84' title="bbox 985 1888 1771 1927; baseline 0.008 -13"><span class='ocrx_word' id='word_1_640' title='bbox 985 1893 1009 1915; x_wconf 83' lang='lat' dir='ltr'><strong>et</strong></span> <span class='ocrx_word' id='word_1_641' title='bbox 1027 1888 1240 1916; x_wconf 62' lang='lat' dir='ltr'><strong>dirimunFiat</strong></span> <span class='ocrx_word' id='word_1_642' title='bbox 1264 1890 1414 1925; x_wconf 83' lang='lat' dir='ltr'><strong>conjuratio</strong></span> <span class='ocrx_word' id='word_1_643' title='bbox 1441 1890 1510 1918; x_wconf 82' lang='lat' dir='ltr'><strong>inter</strong></span> <span class='ocrx_word' id='word_1_644' title='bbox 1534 1899 1581 1918; x_wconf 81' lang='lat' dir='ltr'><strong>nos</strong></span> <span class='ocrx_word' id='word_1_645' title='bbox 1605 1898 1629 1919; x_wconf 84' lang='lat' dir='ltr'><strong>et</strong></span> <span class='ocrx_word' id='word_1_646' title='bbox 1654 1893 1722 1920; x_wconf 78' lang='lat' dir='ltr'><strong>inter</strong></span> <span class='ocrx_word' id='word_1_647' title='bbox 1733 1898 1771 1927; x_wconf 72' lang='lat' dir='ltr'><strong>te,</strong></span> 
     </span>
    </p>
   </div>
   <div class='ocr_carea' id='block_1_85' title="bbox 985 1934 1769 1972">
    <p class='ocr_par' dir='ltr' id='par_1_85' title="bbox 985 1934 1769 1972">
     <span class='ocr_line' id='line_1_85' title="bbox 985 1934 1769 1972; baseline 0.009 -12"><span class='ocrx_word' id='word_1_648' title='bbox 985 1939 1009 1960; x_wconf 85' lang='lat' dir='ltr'><strong>et</strong></span> <span class='ocrx_word' id='word_1_649' title='bbox 1032 1934 1224 1962; x_wconf 76' lang='lat' dir='ltr'><strong>constituamus</strong></span> <span class='ocrx_word' id='word_1_650' title='bbox 1247 1941 1332 1962; x_wconf 84' lang='lat' dir='ltr'><strong>tecum</strong></span> <span class='ocrx_word' id='word_1_651' title='bbox 1355 1941 1473 1971; x_wconf 83' lang='lat' dir='ltr'><strong>paetum,</strong></span> <span class='ocrx_word' id='word_1_652' title='bbox 1489 1945 1521 1964; x_wconf 87' lang='lat' dir='ltr'><strong>ne</strong></span> <span class='ocrx_word' id='word_1_653' title='bbox 1534 1937 1620 1972; x_wconf 78' lang='lat' dir='ltr'><strong>facias</strong></span> <span class='ocrx_word' id='word_1_654' title='bbox 1634 1939 1769 1967; x_wconf 84' lang='lat' dir='ltr'><strong>nobiscum</strong></span> 
     </span>
    </p>
   </div>
   <div class='ocr_carea' id='block_1_86' title="bbox 984 1980 1772 2019">
    <p class='ocr_par' dir='ltr' id='par_1_86' title="bbox 984 1980 1772 2019">
     <span class='ocr_line' id='line_1_86' title="bbox 984 1980 1772 2019; baseline 0.008 -12"><span class='ocrx_word' id='word_1_655' title='bbox 984 1980 1067 2012; x_wconf 87' lang='lat' dir='ltr'><strong>mala,</strong></span> <span class='ocrx_word' id='word_1_656' title='bbox 1079 1980 1123 2007; x_wconf 87' lang='lat' dir='ltr'><strong>sed</strong></span> <span class='ocrx_word' id='word_1_657' title='bbox 1134 1981 1354 2016; x_wconf 85' lang='lat' dir='ltr'><strong>quemadmodum</strong></span> <span class='ocrx_word' id='word_1_658' title='bbox 1367 1990 1412 2008; x_wconf 78' lang='lat' dir='ltr'><strong>nos</strong></span> <span class='ocrx_word' id='word_1_659' title='bbox 1429 1988 1453 2009; x_wconf 87' lang='lat' dir='ltr'><strong>te</strong></span> <span class='ocrx_word' id='word_1_660' title='bbox 1467 1990 1517 2009; x_wconf 85' lang='lat' dir='ltr'><strong>non</strong></span> <span class='ocrx_word' id='word_1_661' title='bbox 1532 1992 1623 2012; x_wconf 83' lang='lat' dir='ltr'><strong>sumus</strong></span> <span class='ocrx_word' id='word_1_662' title='bbox 1633 1987 1772 2019; x_wconf 68' lang='lat' dir='ltr'><strong>exsecrati,</strong></span> 
     </span>
    </p>
   </div>
   <div class='ocr_carea' id='block_1_87' title="bbox 985 2026 1773 2064">
    <p class='ocr_par' dir='ltr' id='par_1_87' title="bbox 985 2026 1773 2064">
     <span class='ocr_line' id='line_1_87' title="bbox 985 2026 1773 2064; baseline 0.009 -12"><span class='ocrx_word' id='word_1_663' title='bbox 985 2026 1023 2053; x_wconf 86' lang='lat' dir='ltr'><strong>ita</strong></span> <span class='ocrx_word' id='word_1_664' title='bbox 1043 2030 1067 2052; x_wconf 89' lang='lat' dir='ltr'><strong>et</strong></span> <span class='ocrx_word' id='word_1_665' title='bbox 1094 2031 1122 2052; x_wconf 91' lang='lat' dir='ltr'><strong>tu</strong></span> <span class='ocrx_word' id='word_1_666' title='bbox 1140 2026 1288 2053; x_wconf 79' lang='lat' dir='ltr'><strong>benedictus</strong></span> <span class='ocrx_word' id='word_1_667' title='bbox 1311 2027 1432 2054; x_wconf 86' lang='lat' dir='ltr'><strong>Domino.</strong></span> <span class='ocrx_word' id='word_1_668' title='bbox 1450 2027 1567 2056; x_wconf 90' lang='lat' dir='ltr'><strong>Possunt</strong></span> <span class='ocrx_word' id='word_1_669' title='bbox 1589 2031 1698 2064; x_wconf 85' lang='lat' dir='ltr'><strong>quidem</strong></span> <span class='ocrx_word' id='word_1_670' title='bbox 1728 2032 1773 2059; x_wconf 87' lang='lat' dir='ltr'><strong>isti</strong></span> 
     </span>
    </p>
   </div>
   <div class='ocr_carea' id='block_1_88' title="bbox 986 2072 1772 2112">
    <p class='ocr_par' dir='ltr' id='par_1_88' title="bbox 986 2072 1772 2112">
     <span class='ocr_line' id='line_1_88' title="bbox 986 2072 1772 2112; baseline 0.009 -14"><span class='ocrx_word' id='word_1_671' title='bbox 986 2076 1055 2105; x_wconf 88' lang='lat' dir='ltr'><strong>tres,</strong></span> <span class='ocrx_word' id='word_1_672' title='bbox 1070 2072 1116 2106; x_wconf 90' lang='lat' dir='ltr'><strong>qui</strong></span> <span class='ocrx_word' id='word_1_673' title='bbox 1140 2079 1235 2107; x_wconf 86' lang='lat' dir='ltr'><strong>pacem</strong></span> <span class='ocrx_word' id='word_1_674' title='bbox 1254 2073 1400 2107; x_wconf 85' lang='lat' dir='ltr'><strong>requirunt</strong></span> <span class='ocrx_word' id='word_1_675' title='bbox 1412 2082 1426 2100; x_wconf 90' lang='lat' dir='ltr'><strong>a</strong></span> <span class='ocrx_word' id='word_1_676' title='bbox 1441 2073 1531 2102; x_wconf 81' lang='lat' dir='ltr'><strong>Verbo</strong></span> <span class='ocrx_word' id='word_1_677' title='bbox 1551 2075 1611 2108; x_wconf 88' lang='lat' dir='ltr'><strong>Dei,</strong></span> <span class='ocrx_word' id='word_1_678' title='bbox 1623 2080 1650 2103; x_wconf 85' lang='lat' dir='ltr'><strong>et</strong></span> <span class='ocrx_word' id='word_1_679' title='bbox 1667 2085 1772 2112; x_wconf 61' lang='lat' dir='ltr'><strong>prave-</strong></span> 
     </span>
    </p>
   </div>
   <div class='ocr_carea' id='block_1_89' title="bbox 986 2118 1774 2156">
    <p class='ocr_par' dir='ltr' id='par_1_89' title="bbox 986 2118 1774 2156">
     <span class='ocr_line' id='line_1_89' title="bbox 986 2118 1774 2156; baseline 0.008 -11"><span class='ocrx_word' id='word_1_680' title='bbox 986 2118 1046 2145; x_wconf 88' lang='lat' dir='ltr'><strong>nire</strong></span> <span class='ocrx_word' id='word_1_681' title='bbox 1060 2119 1174 2154; x_wconf 87' lang='lat' dir='ltr'><strong>cupiunt</strong></span> <span class='ocrx_word' id='word_1_682' title='bbox 1188 2124 1268 2154; x_wconf 89' lang='lat' dir='ltr'><strong>pacto</strong></span> <span class='ocrx_word' id='word_1_683' title='bbox 1287 2120 1446 2148; x_wconf 87' lang='lat' dir='ltr'><strong>societatem</strong></span> <span class='ocrx_word' id='word_1_684' title='bbox 1468 2120 1539 2156; x_wconf 78' lang='lat' dir='ltr'><strong>ejus,</strong></span> <span class='ocrx_word' id='word_1_685' title='bbox 1554 2122 1667 2155; x_wconf 75' lang='lat' dir='ltr'><strong>ﬁgurant</strong></span> <span class='ocrx_word' id='word_1_686' title='bbox 1681 2128 1774 2151; x_wconf 86' lang='lat' dir='ltr'><strong>tenere</strong></span> 
     </span>
    </p>
   </div>
   <div class='ocr_carea' id='block_1_90' title="bbox 988 2166 1773 2202">
    <p class='ocr_par' dir='ltr' id='par_1_90' title="bbox 988 2166 1773 2202">
     <span class='ocr_line' id='line_1_90' title="bbox 988 2166 1773 2202; baseline 0.008 -11"><span class='ocrx_word' id='word_1_687' title='bbox 988 2172 1141 2200; x_wconf 79' lang='lat' dir='ltr'><strong>magorum,</strong></span> <span class='ocrx_word' id='word_1_688' title='bbox 1158 2166 1204 2200; x_wconf 92' lang='lat' dir='ltr'><strong>qui</strong></span> <span class='ocrx_word' id='word_1_689' title='bbox 1220 2174 1254 2193; x_wconf 85' lang='lat' dir='ltr'><strong>ex</strong></span> <span class='ocrx_word' id='word_1_690' title='bbox 1268 2166 1388 2195; x_wconf 83' lang='lat' dir='ltr'><strong>Orientis</strong></span> <span class='ocrx_word' id='word_1_691' title='bbox 1408 2168 1530 2202; x_wconf 86' lang='lat' dir='ltr'><strong>partibus</strong></span> <span class='ocrx_word' id='word_1_692' title='bbox 1545 2169 1657 2196; x_wconf 80' lang='lat' dir='ltr'><strong>veniunt.</strong></span> <span class='ocrx_word' id='word_1_693' title='bbox 1672 2170 1773 2198; x_wconf 88' lang='lat' dir='ltr'><strong>eruditi</strong></span> 
     </span>
    </p>
   </div>
   <div class='ocr_carea' id='block_1_91' title="bbox 144 2208 1772 2249">
    <p class='ocr_par' dir='ltr' id='par_1_91' title="bbox 144 2208 1772 2249">
     <span class='ocr_line' id='line_1_91' title="bbox 144 2208 1772 2249; baseline 0.004 -12"><span class='ocrx_word' id='word_1_694' title='bbox 144 2210 308 2244; x_wconf 85' lang='lat' dir='ltr'><strong>sapientium</strong></span> <span class='ocrx_word' id='word_1_695' title='bbox 341 2209 443 2240; x_wconf 67' lang='lat' dir='ltr'><strong>saeculi,</strong></span> <span class='ocrx_word' id='word_1_696' title='bbox 458 2210 503 2243; x_wconf 88' lang='lat' dir='ltr'><strong>qui</strong></span> <span class='ocrx_word' id='word_1_697' title='bbox 536 2217 583 2242; x_wconf 86' lang='lat' dir='ltr'><strong>per</strong></span> <span class='ocrx_word' id='word_1_698' title='bbox 613 2208 794 2235; x_wconf 84' lang='lat' dir='ltr'><strong>ermlitionem</strong></span> <span class='ocrx_word' id='word_1_699' title='bbox 813 2209 932 2242; x_wconf 79' lang='lat' dir='ltr'><strong>philuso-</strong></span> <span class='ocrx_word' id='word_1_700' title='bbox 949 2220 971 2246; x_wconf 75' lang='grc' dir='ltr'><strong>ι)</strong></span> <span class='ocrx_word' id='word_1_701' title='bbox 987 2211 1109 2245; x_wconf 88' lang='lat' dir='ltr'><strong>paternis</strong></span> <span class='ocrx_word' id='word_1_702' title='bbox 1137 2212 1226 2244; x_wconf 87' lang='lat' dir='ltr'><strong>libris,</strong></span> <span class='ocrx_word' id='word_1_703' title='bbox 1242 2218 1270 2240; x_wconf 91' lang='lat' dir='ltr'><strong>et</strong></span> <span class='ocrx_word' id='word_1_704' title='bbox 1286 2213 1502 2242; x_wconf 88' lang='lat' dir='ltr'><strong>institutionibus</strong></span> <span class='ocrx_word' id='word_1_705' title='bbox 1526 2215 1670 2249; x_wconf 84' lang='lat' dir='ltr'><strong>majorum,</strong></span> <span class='ocrx_word' id='word_1_706' title='bbox 1691 2217 1772 2244; x_wconf 87' lang='lat' dir='ltr'><strong>etdi-</strong></span> 
     </span>
    </p>
   </div>
   <div class='ocr_carea' id='block_1_92' title="bbox 145 2254 929 2292">
    <p class='ocr_par' dir='ltr' id='par_1_92' title="bbox 145 2254 929 2292">
     <span class='ocr_line' id='line_1_92' title="bbox 145 2254 929 2292; baseline -0.005 -9"><span class='ocrx_word' id='word_1_707' title='bbox 145 2257 215 2292; x_wconf 65' lang='lat' dir='ltr'><strong>phiae</strong></span> <span class='ocrx_word' id='word_1_708' title='bbox 243 2256 328 2283; x_wconf 86' lang='lat' dir='ltr'><strong>multa</strong></span> <span class='ocrx_word' id='word_1_709' title='bbox 349 2257 431 2283; x_wconf 88' lang='lat' dir='ltr'><strong>etiam</strong></span> <span class='ocrx_word' id='word_1_710' title='bbox 451 2263 484 2282; x_wconf 77' lang='lat' dir='ltr'><strong>ex</strong></span> <span class='ocrx_word' id='word_1_711' title='bbox 501 2255 617 2282; x_wconf 84' lang='lat' dir='ltr'><strong>veritate</strong></span> <span class='ocrx_word' id='word_1_712' title='bbox 643 2254 929 2287; x_wconf 80' lang='lat' dir='ltr'><strong>comprchemlerunt;</strong></span> 
     </span>
    </p>
   </div>
   <div class='ocr_carea' id='block_1_93' title="bbox 147 2301 930 2337">
    <p class='ocr_par' dir='ltr' id='par_1_93' title="bbox 147 2301 930 2337">
     <span class='ocr_line' id='line_1_93' title="bbox 147 2301 930 2337; baseline -0.004 -8"><span class='ocrx_word' id='word_1_713' title='bbox 147 2302 298 2337; x_wconf 78' lang='lat' dir='ltr'><strong>intelligere</strong></span> <span class='ocrx_word' id='word_1_714' title='bbox 317 2302 430 2336; x_wconf 85' lang='lat' dir='ltr'><strong>potestis</strong></span> <span class='ocrx_word' id='word_1_715' title='bbox 454 2302 590 2336; x_wconf 85' lang='lat' dir='ltr'><strong>quomodo</strong></span> <span class='ocrx_word' id='word_1_716' title='bbox 618 2301 663 2327; x_wconf 88' lang='lat' dir='ltr'><strong>hic</strong></span> <span class='ocrx_word' id='word_1_717' title='bbox 692 2308 752 2327; x_wconf 90' lang='lat' dir='ltr'><strong>cum</strong></span> <span class='ocrx_word' id='word_1_718' title='bbox 783 2301 868 2330; x_wconf 82' lang='lat' dir='ltr'><strong>Isaae,</strong></span> <span class='ocrx_word' id='word_1_719' title='bbox 884 2301 930 2335; x_wconf 89' lang='lat' dir='ltr'><strong>qui</strong></span> 
     </span>
    </p>
   </div>
   <div class='ocr_carea' id='block_1_94' title="bbox 147 2346 932 2382">
    <p class='ocr_par' dir='ltr' id='par_1_94' title="bbox 147 2346 932 2382">
     <span class='ocr_line' id='line_1_94' title="bbox 147 2346 932 2382; baseline -0.003 -7"><span class='ocrx_word' id='word_1_720' title='bbox 147 2349 226 2375; x_wconf 76' lang='lat' dir='ltr'><strong>Verbi</strong></span> <span class='ocrx_word' id='word_1_721' title='bbox 247 2348 304 2380; x_wconf 88' lang='lat' dir='ltr'><strong>Dei,</strong></span> <span class='ocrx_word' id='word_1_722' title='bbox 325 2349 396 2382; x_wconf 91' lang='lat' dir='ltr'><strong>quod</strong></span> <span class='ocrx_word' id='word_1_723' title='bbox 415 2348 440 2374; x_wconf 92' lang='lat' dir='ltr'><strong>in</strong></span> <span class='ocrx_word' id='word_1_724' title='bbox 462 2347 520 2382; x_wconf 77' lang='lat' dir='ltr'><strong>lege</strong></span> <span class='ocrx_word' id='word_1_725' title='bbox 538 2352 589 2378; x_wconf 85' lang='lat' dir='ltr'><strong>est,</strong></span> <span class='ocrx_word' id='word_1_726' title='bbox 605 2351 678 2373; x_wconf 84' lang='lat' dir='ltr'><strong>leuet</strong></span> <span class='ocrx_word' id='word_1_727' title='bbox 703 2346 829 2380; x_wconf 82' lang='lat' dir='ltr'><strong>liguram,</strong></span> <span class='ocrx_word' id='word_1_728' title='bbox 846 2355 932 2380; x_wconf 83' lang='lat' dir='ltr'><strong>neque</strong></span> 
     </span>
    </p>
   </div>
   <div class='ocr_carea' id='block_1_95' title="bbox 146 2392 931 2427">
    <p class='ocr_par' dir='ltr' id='par_1_95' title="bbox 146 2392 931 2427">
     <span class='ocr_line' id='line_1_95' title="bbox 146 2392 931 2427; baseline -0.004 -7"><span class='ocrx_word' id='word_1_729' title='bbox 146 2395 172 2420; x_wconf 86' lang='lat' dir='ltr'><strong>in</strong></span> <span class='ocrx_word' id='word_1_730' title='bbox 183 2393 353 2421; x_wconf 79' lang='lat' dir='ltr'><strong>dissensione</strong></span> <span class='ocrx_word' id='word_1_731' title='bbox 369 2400 477 2427; x_wconf 85' lang='lat' dir='ltr'><strong>semper</strong></span> <span class='ocrx_word' id='word_1_732' title='bbox 491 2397 579 2426; x_wconf 82' lang='lat' dir='ltr'><strong>potest</strong></span> <span class='ocrx_word' id='word_1_733' title='bbox 597 2399 667 2423; x_wconf 88' lang='lat' dir='ltr'><strong>esse,</strong></span> <span class='ocrx_word' id='word_1_734' title='bbox 684 2399 771 2425; x_wconf 85' lang='lat' dir='ltr'><strong>neque</strong></span> <span class='ocrx_word' id='word_1_735' title='bbox 786 2399 892 2425; x_wconf 86' lang='lat' dir='ltr'><strong>semper</strong></span> <span class='ocrx_word' id='word_1_736' title='bbox 906 2392 931 2418; x_wconf 89' lang='lat' dir='ltr'><strong>in</strong></span> 
     </span>
    </p>
   </div>
   <div class='ocr_carea' id='block_1_96' title="bbox 146 2438 930 2475">
    <p class='ocr_par' dir='ltr' id='par_1_96' title="bbox 146 2438 930 2475">
     <span class='ocr_line' id='line_1_96' title="bbox 146 2438 930 2475; baseline -0.003 -8"><span class='ocrx_word' id='word_1_737' title='bbox 146 2447 220 2475; x_wconf 83' lang='lat' dir='ltr'><strong>pace.</strong></span> <span class='ocrx_word' id='word_1_738' title='bbox 242 2439 415 2473; x_wconf 79' lang='lat' dir='ltr'><strong>Philosophia</strong></span> <span class='ocrx_word' id='word_1_739' title='bbox 430 2439 503 2465; x_wconf 91' lang='lat' dir='ltr'><strong>enim</strong></span> <span class='ocrx_word' id='word_1_740' title='bbox 528 2445 616 2471; x_wconf 90' lang='lat' dir='ltr'><strong>neque</strong></span> <span class='ocrx_word' id='word_1_741' title='bbox 629 2438 654 2464; x_wconf 91' lang='lat' dir='ltr'><strong>in</strong></span> <span class='ocrx_word' id='word_1_742' title='bbox 670 2438 797 2464; x_wconf 88' lang='lat' dir='ltr'><strong>omnibus</strong></span> <span class='ocrx_word' id='word_1_743' title='bbox 813 2438 864 2472; x_wconf 71' lang='lat' dir='ltr'><strong>legi</strong></span> <span class='ocrx_word' id='word_1_744' title='bbox 884 2439 930 2465; x_wconf 90' lang='lat' dir='ltr'><strong>Dei</strong></span> 
     </span>
    </p>
   </div>
   <div class='ocr_carea' id='block_1_97' title="bbox 147 2484 932 2520">
    <p class='ocr_par' dir='ltr' id='par_1_97' title="bbox 147 2484 932 2520">
     <span class='ocr_line' id='line_1_97' title="bbox 147 2484 932 2520; baseline -0.005 -6"><span class='ocrx_word' id='word_1_745' title='bbox 147 2487 284 2514; x_wconf 88' lang='lat' dir='ltr'><strong>contraria</strong></span> <span class='ocrx_word' id='word_1_746' title='bbox 308 2492 358 2517; x_wconf 89' lang='lat' dir='ltr'><strong>est,</strong></span> <span class='ocrx_word' id='word_1_747' title='bbox 383 2493 471 2520; x_wconf 91' lang='lat' dir='ltr'><strong>neque</strong></span> <span class='ocrx_word' id='word_1_748' title='bbox 494 2486 520 2512; x_wconf 91' lang='lat' dir='ltr'><strong>in</strong></span> <span class='ocrx_word' id='word_1_749' title='bbox 543 2486 669 2512; x_wconf 87' lang='lat' dir='ltr'><strong>omnibus</strong></span> <span class='ocrx_word' id='word_1_750' title='bbox 698 2492 828 2511; x_wconf 87' lang='lat' dir='ltr'><strong>consona.</strong></span> <span class='ocrx_word' id='word_1_751' title='bbox 854 2484 932 2511; x_wconf 76' lang='lat' dir='ltr'><strong>illiilli</strong></span> 
     </span>
    </p>
   </div>
   <div class='ocr_carea' id='block_1_98' title="bbox 146 2530 931 2567">
    <p class='ocr_par' dir='ltr' id='par_1_98' title="bbox 146 2530 931 2567">
     <span class='ocr_line' id='line_1_98' title="bbox 146 2530 931 2567; baseline -0.003 -8"><span class='ocrx_word' id='word_1_752' title='bbox 146 2532 454 2567; x_wconf 22' lang='lat' dir='ltr'><strong>cuimtpbilosophorum</strong></span> <span class='ocrx_word' id='word_1_753' title='bbox 471 2539 555 2557; x_wconf 92' lang='lat' dir='ltr'><strong>unum</strong></span> <span class='ocrx_word' id='word_1_754' title='bbox 577 2537 637 2557; x_wconf 87' lang='lat' dir='ltr'><strong>esse</strong></span> <span class='ocrx_word' id='word_1_755' title='bbox 661 2530 758 2561; x_wconf 89' lang='lat' dir='ltr'><strong>Deum,</strong></span> <span class='ocrx_word' id='word_1_756' title='bbox 773 2531 818 2564; x_wconf 89' lang='lat' dir='ltr'><strong>qui</strong></span> <span class='ocrx_word' id='word_1_757' title='bbox 834 2536 931 2557; x_wconf 80' lang='lat' dir='ltr'><strong>cuncta</strong></span> 
     </span>
    </p>
   </div>
   <div class='ocr_carea' id='block_1_99' title="bbox 181 2586 707 2621">
    <p class='ocr_par' dir='ltr' id='par_1_99' title="bbox 181 2586 707 2621">
     <span class='ocr_line' id='line_1_99' title="bbox 181 2586 707 2621; baseline -0.006 -4"><span class='ocrx_word' id='word_1_758' title='bbox 181 2591 203 2606; x_wconf 83' lang='lat'>&quot;</span> <span class='ocrx_word' id='word_1_759' title='bbox 212 2589 283 2616; x_wconf 80' lang='lat' dir='ltr'><strong>Psal.</strong></span> <span class='ocrx_word' id='word_1_760' title='bbox 299 2597 344 2621; x_wconf 86' lang='lat' dir='ltr'><strong>cx,</strong></span> <span class='ocrx_word' id='word_1_761' title='bbox 358 2589 385 2615; x_wconf 70' lang='grc'><em>4.</em></span> <span class='ocrx_word' id='word_1_762' title='bbox 425 2588 447 2603; x_wconf 78' lang='grc'>³⁰</span> <span class='ocrx_word' id='word_1_763' title='bbox 462 2587 560 2614; x_wconf 87' lang='lat' dir='ltr'><strong>Geues.</strong></span> <span class='ocrx_word' id='word_1_764' title='bbox 574 2595 649 2617; x_wconf 73' lang='lat' dir='ltr'><strong>xxvi,</strong></span> <span class='ocrx_word' id='word_1_765' title='bbox 661 2586 707 2614; x_wconf 71' lang='lat'><strong>25.</strong></span> 
     </span>
    </p>
   </div>
   <div class='ocr_carea' id='block_1_100' title="bbox 146 2623 558 2659">
    <p class='ocr_par' dir='ltr' id='par_1_100' title="bbox 146 2623 558 2659">
     <span class='ocr_line' id='line_1_100' title="bbox 146 2623 558 2659; baseline -0.01 -7"><span class='ocrx_word' id='word_1_766' title='bbox 146 2625 189 2659; x_wconf 79' lang='grc'><strong>27,</strong></span> <span class='ocrx_word' id='word_1_767' title='bbox 204 2626 249 2657; x_wconf 75' lang='lat'><strong>‘28,</strong></span> <span class='ocrx_word' id='word_1_768' title='bbox 261 2625 306 2651; x_wconf 74' lang='grc'><strong>29.</strong></span> <span class='ocrx_word' id='word_1_769' title='bbox 346 2623 368 2639; x_wconf 80' lang='grc'><strong><em>⁸⁵</em></strong></span> <span class='ocrx_word' id='word_1_770' title='bbox 381 2623 474 2650; x_wconf 77' lang='lat' dir='ltr'><strong>Matth.</strong></span> <span class='ocrx_word' id='word_1_771' title='bbox 491 2623 558 2655; x_wconf 70' lang='lat'><strong>11,2.</strong></span> 
     </span>
    </p>
   </div>
   <div class='ocr_carea' id='block_1_101' title="bbox 180 2677 934 2717">
    <p class='ocr_par' dir='ltr' id='par_1_101' title="bbox 180 2677 934 2717">
     <span class='ocr_line' id='line_1_101' title="bbox 180 2677 934 2717; baseline -0.008 -7"><span class='ocrx_word' id='word_1_772' title='bbox 180 2683 237 2717; x_wconf 68' lang='lat'><strong>(92)</strong></span> <span class='ocrx_word' id='word_1_773' title='bbox 255 2682 334 2713; x_wconf 60' lang='grc' dir='ltr'><strong>Μέθη</strong></span> <span class='ocrx_word' id='word_1_774' title='bbox 349 2683 467 2713; x_wconf 83' lang='lat' dir='ltr'><strong>oriatur;</strong></span> <span class='ocrx_word' id='word_1_775' title='bbox 479 2680 557 2717; x_wconf 83' lang='lat' dir='ltr'><strong>editi,</strong></span> <span class='ocrx_word' id='word_1_776' title='bbox 576 2679 704 2717; x_wconf 76' lang='lat' dir='ltr'><strong>fodiatur.</strong></span> <span class='ocrx_word' id='word_1_777' title='bbox 717 2677 790 2717; x_wconf 82' lang='lat' dir='ltr'><strong>lul‘ra</strong></span> <span class='ocrx_word' id='word_1_778' title='bbox 805 2678 934 2717; x_wconf 47' lang='lat' dir='ltr'><strong>iussuri-</strong></span> 
     </span>
    </p>
   </div>
   <div class='ocr_carea' id='block_1_102' title="bbox 148 2713 935 2753">
    <p class='ocr_par' dir='ltr' id='par_1_102' title="bbox 148 2713 935 2753">
     <span class='ocr_line' id='line_1_102' title="bbox 148 2713 935 2753; baseline -0.01 -7"><span class='ocrx_word' id='word_1_779' title='bbox 148 2713 244 2749; x_wconf 73' lang='lat' dir='ltr'><strong>dentes,</strong></span> <span class='ocrx_word' id='word_1_780' title='bbox 266 2717 406 2753; x_wconf 79' lang='lat' dir='ltr'><strong>inquiunt,</strong></span> <span class='ocrx_word' id='word_1_781' title='bbox 431 2716 561 2753; x_wconf 76' lang='lat' dir='ltr'><strong>vidimus;</strong></span> <span class='ocrx_word' id='word_1_782' title='bbox 584 2715 654 2753; x_wconf 41' lang='lat' dir='ltr'><strong>edili‘</strong></span> <span class='ocrx_word' id='word_1_783' title='bbox 672 2722 719 2748; x_wconf 89' lang='lat' dir='ltr'><strong>pro</strong></span> <span class='ocrx_word' id='word_1_784' title='bbox 737 2713 872 2753; x_wconf 69' lang='lat' dir='ltr'><strong>inquiunt,</strong></span> <span class='ocrx_word' id='word_1_785' title='bbox 889 2713 935 2739; x_wconf 81' lang='lat' dir='ltr'><strong>lia-</strong></span> 
     </span>
    </p>
   </div>
   <div class='ocr_carea' id='block_1_103' title="bbox 149 2749 936 2788">
    <p class='ocr_par' dir='ltr' id='par_1_103' title="bbox 149 2749 936 2788">
     <span class='ocr_line' id='line_1_103' title="bbox 149 2749 936 2788; baseline -0.008 -8"><span class='ocrx_word' id='word_1_786' title='bbox 149 2756 208 2781; x_wconf 81' lang='lat' dir='ltr'><strong>heul</strong></span> <span class='ocrx_word' id='word_1_787' title='bbox 221 2749 318 2788; x_wconf 45' lang='lat' dir='ltr'><strong>inquit,</strong></span> <span class='ocrx_word' id='word_1_788' title='bbox 333 2757 362 2779; x_wconf 82' lang='lat' dir='ltr'><strong>et</strong></span> <span class='ocrx_word' id='word_1_789' title='bbox 376 2759 425 2786; x_wconf 89' lang='lat' dir='ltr'><strong>pro</strong></span> <span class='ocrx_word' id='word_1_790' title='bbox 442 2751 574 2778; x_wconf 83' lang='lat' dir='ltr'><strong>uobiscum</strong></span> <span class='ocrx_word' id='word_1_791' title='bbox 601 2749 713 2779; x_wconf 81' lang='lat' dir='ltr'><strong>malum,</strong></span> <span class='ocrx_word' id='word_1_792' title='bbox 727 2749 859 2775; x_wconf 70' lang='lat' dir='ltr'><strong>exhibent</strong></span> <span class='ocrx_word' id='word_1_793' title='bbox 887 2757 936 2774; x_wconf 83' lang='lat' dir='ltr'><strong>uo-</strong></span> 
     </span>
    </p>
   </div>
   <div class='ocr_carea' id='block_1_104' title="bbox 148 2789 898 2823">
    <p class='ocr_par' dir='ltr' id='par_1_104' title="bbox 148 2789 898 2823">
     <span class='ocr_line' id='line_1_104' title="bbox 148 2789 898 2823; baseline 0.001 -8"><span class='ocrx_word' id='word_1_794' title='bbox 148 2789 240 2816; x_wconf 74' lang='lat' dir='ltr'><strong>biscum</strong></span> <span class='ocrx_word' id='word_1_795' title='bbox 254 2789 328 2816; x_wconf 84' lang='lat' dir='ltr'><strong>mala</strong></span> <span class='ocrx_word' id='word_1_796' title='bbox 394 2822 398 2823; x_wconf 23' lang='grc' dir='ltr'><em>ν</em></span> <span class='ocrx_word' id='word_1_797' title='bbox 438 2822 442 2823; x_wconf 23' lang='grc' dir='ltr'><em>ν</em></span> <span class='ocrx_word' id='word_1_798' title='bbox 819 2819 824 2823; x_wconf 84' lang='lat'><strong><em>_</em></strong></span> <span class='ocrx_word' id='word_1_799' title='bbox 894 2819 898 2823; x_wconf 92' lang='lat'><em>_</em></span> 
     </span>
    </p>
   </div>
   <div class='ocr_carea' id='block_1_105' title="bbox 181 2819 935 2859">
    <p class='ocr_par' dir='ltr' id='par_1_105' title="bbox 181 2819 935 2859">
     <span class='ocr_line' id='line_1_105' title="bbox 181 2819 935 2859; baseline -0.011 -7"><span class='ocrx_word' id='word_1_800' title='bbox 181 2825 235 2859; x_wconf 79' lang='lat'><strong>(93)</strong></span> <span class='ocrx_word' id='word_1_801' title='bbox 267 2822 629 2859; x_wconf 29' lang='lat' dir='ltr'><strong>Ochozalh“interpretatur</strong></span> <span class='ocrx_word' id='word_1_802' title='bbox 659 2826 756 2859; x_wconf 68' lang='lat' dir='ltr'><strong>tenens,</strong></span> <span class='ocrx_word' id='word_1_803' title='bbox 784 2819 935 2859; x_wconf 69' lang='lat' dir='ltr'><strong>vcl_potius</strong></span> 
     </span>
    </p>
   </div>
   <div class='ocr_carea' id='block_1_106' title="bbox 144 2855 933 2895">
    <p class='ocr_par' dir='ltr' id='par_1_106' title="bbox 144 2855 933 2895">
     <span class='ocr_line' id='line_1_106' title="bbox 144 2855 933 2895; baseline -0.01 -7"><span class='ocrx_word' id='word_1_804' title='bbox 144 2855 278 2895; x_wconf 45' lang='lat' dir='ltr'><strong>poises’sio.</strong></span> <span class='ocrx_word' id='word_1_805' title='bbox 301 2858 391 2885; x_wconf 73' lang='lat' dir='ltr'><strong>Radix</strong></span> <span class='ocrx_word' id='word_1_806' title='bbox 409 2857 543 2884; x_wconf 81' lang='lat' dir='ltr'><strong>Hebraica</strong></span> <span class='ocrx_word' id='word_1_807' title='bbox 558 2861 598 2883; x_wconf 89' lang='lat' dir='ltr'><strong>est</strong></span> <span class='ocrx_word' id='word_1_808' title='bbox 612 2860 665 2885; x_wconf 53' lang='lat' dir='ltr'><strong>ann</strong></span> <span class='ocrx_word' id='word_1_809' title='bbox 681 2856 757 2889; x_wconf 73' lang='lat' dir='ltr'><strong>tepil,</strong></span> <span class='ocrx_word' id='word_1_810' title='bbox 782 2855 933 2889; x_wconf 74' lang='lat' dir='ltr'><strong>pre/tendit,</strong></span> 
     </span>
    </p>
   </div>
   <div class='ocr_carea' id='block_1_107' title="bbox 748 2586 965 2618">
    <p class='ocr_par' dir='ltr' id='par_1_107' title="bbox 748 2586 965 2618">
     <span class='ocr_line' id='line_1_107' title="bbox 748 2586 965 2618; baseline 0.014 -7"><span class='ocrx_word' id='word_1_811' title='bbox 748 2586 768 2601; x_wconf 66' lang='grc' dir='ltr'><strong>δι</strong></span> <span class='ocrx_word' id='word_1_812' title='bbox 784 2586 861 2613; x_wconf 86' lang='lat' dir='ltr'><strong>Prov.</strong></span> <span class='ocrx_word' id='word_1_813' title='bbox 880 2595 919 2618; x_wconf 70' lang='lat' dir='ltr'><strong>is,</strong></span> <span class='ocrx_word' id='word_1_814' title='bbox 941 2587 965 2615; x_wconf 71' lang='grc' dir='ltr'><em>ἔ.</em></span> 
     </span>
    </p>
   </div>
   <div class='ocr_carea' id='block_1_108' title="bbox 993 2258 1773 2298">
    <p class='ocr_par' dir='ltr' id='par_1_108' title="bbox 993 2258 1773 2298">
     <span class='ocr_line' id='line_1_108' title="bbox 993 2258 1773 2298; baseline 0.009 -15"><span class='ocrx_word' id='word_1_815' title='bbox 993 2262 1059 2284; x_wconf 92' lang='lat' dir='ltr'><strong>cunt</strong></span> <span class='ocrx_word' id='word_1_816' title='bbox 1070 2258 1111 2284; x_wconf 71' lang='grc' dir='ltr'><strong>πε</strong></span> <span class='ocrx_word' id='word_1_817' title='bbox 1125 2258 1193 2291; x_wconf 86' lang='lat' dir='ltr'><strong>Quia</strong></span> <span class='ocrx_word' id='word_1_818' title='bbox 1220 2259 1345 2289; x_wconf 85' lang='lat' dir='ltr'><strong>videntes</strong></span> <span class='ocrx_word' id='word_1_819' title='bbox 1370 2262 1486 2289; x_wconf 87' lang='lat' dir='ltr'><strong>vidimus</strong></span> <span class='ocrx_word' id='word_1_820' title='bbox 1509 2266 1601 2289; x_wconf 90' lang='lat' dir='ltr'><strong>nalum</strong></span> <span class='ocrx_word' id='word_1_821' title='bbox 1622 2270 1723 2298; x_wconf 86' lang='lat' dir='ltr'><strong>regem,</strong></span> <span class='ocrx_word' id='word_1_822' title='bbox 1745 2268 1773 2290; x_wconf 91' lang='lat' dir='ltr'><strong>et</strong></span> 
     </span>
    </p>
   </div>
   <div class='ocr_carea' id='block_1_109' title="bbox 985 2304 1773 2343">
    <p class='ocr_par' dir='ltr' id='par_1_109' title="bbox 985 2304 1773 2343">
     <span class='ocr_line' id='line_1_109' title="bbox 985 2304 1773 2343; baseline 0.009 -13"><span class='ocrx_word' id='word_1_823' title='bbox 985 2304 1104 2331; x_wconf 89' lang='lat' dir='ltr'><strong>vidimus</strong></span> <span class='ocrx_word' id='word_1_824' title='bbox 1120 2306 1182 2339; x_wconf 89' lang='lat' dir='ltr'><strong>quia</strong></span> <span class='ocrx_word' id='word_1_825' title='bbox 1198 2306 1268 2334; x_wconf 87' lang='lat' dir='ltr'><strong>Deus</strong></span> <span class='ocrx_word' id='word_1_826' title='bbox 1278 2312 1320 2335; x_wconf 89' lang='lat' dir='ltr'><strong>est</strong></span> <span class='ocrx_word' id='word_1_827' title='bbox 1332 2315 1393 2335; x_wconf 88' lang='lat' dir='ltr'><strong>eum</strong></span> <span class='ocrx_word' id='word_1_828' title='bbox 1405 2308 1473 2343; x_wconf 85' lang='lat' dir='ltr'><strong>ipso,</strong></span> <span class='ocrx_word' id='word_1_829' title='bbox 1485 2313 1513 2335; x_wconf 89' lang='lat' dir='ltr'><strong>et</strong></span> <span class='ocrx_word' id='word_1_830' title='bbox 1522 2309 1645 2336; x_wconf 89' lang='lat' dir='ltr'><strong>venimus</strong></span> <span class='ocrx_word' id='word_1_831' title='bbox 1658 2310 1773 2337; x_wconf 81' lang='lat' dir='ltr'><strong>adorare</strong></span> 
     </span>
    </p>
   </div>
   <div class='ocr_carea' id='block_1_110' title="bbox 987 2349 1773 2387">
    <p class='ocr_par' dir='ltr' id='par_1_110' title="bbox 987 2349 1773 2387">
     <span class='ocr_line' id='line_1_110' title="bbox 987 2349 1773 2387; baseline 0.009 -13"><span class='ocrx_word' id='word_1_832' title='bbox 987 2355 1060 2375; x_wconf 86' lang='lat' dir='ltr'><strong>eum.</strong></span> <span class='ocrx_word' id='word_1_833' title='bbox 1081 2349 1134 2377; x_wconf 89' lang='lat' dir='ltr'><strong>Sed</strong></span> <span class='ocrx_word' id='word_1_834' title='bbox 1150 2355 1179 2377; x_wconf 93' lang='lat' dir='ltr'><strong>et</strong></span> <span class='ocrx_word' id='word_1_835' title='bbox 1189 2351 1210 2378; x_wconf 82' lang='lat' dir='ltr'><strong>si</strong></span> <span class='ocrx_word' id='word_1_836' title='bbox 1223 2352 1284 2386; x_wconf 89' lang='lat' dir='ltr'><strong>quis</strong></span> <span class='ocrx_word' id='word_1_837' title='bbox 1300 2352 1345 2379; x_wconf 92' lang='lat' dir='ltr'><strong>ille</strong></span> <span class='ocrx_word' id='word_1_838' title='bbox 1359 2357 1402 2380; x_wconf 87' lang='lat' dir='ltr'><strong>est</strong></span> <span class='ocrx_word' id='word_1_839' title='bbox 1419 2352 1465 2387; x_wconf 90' lang='lat' dir='ltr'><strong>qui</strong></span> <span class='ocrx_word' id='word_1_840' title='bbox 1483 2352 1667 2387; x_wconf 85' lang='lat' dir='ltr'><strong>hujuscemodi</strong></span> <span class='ocrx_word' id='word_1_841' title='bbox 1682 2355 1773 2381; x_wconf 89' lang='lat' dir='ltr'><strong>erudi-</strong></span> 
     </span>
    </p>
   </div>
   <div class='ocr_carea' id='block_1_111' title="bbox 990 2393 1770 2433">
    <p class='ocr_par' dir='ltr' id='par_1_111' title="bbox 990 2393 1770 2433">
     <span class='ocr_line' id='line_1_111' title="bbox 990 2393 1770 2433; baseline 0.009 -13"><span class='ocrx_word' id='word_1_842' title='bbox 990 2393 1109 2422; x_wconf 90' lang='lat' dir='ltr'><strong>tionibus</strong></span> <span class='ocrx_word' id='word_1_843' title='bbox 1121 2394 1268 2430; x_wconf 89' lang='lat' dir='ltr'><strong>institutus,</strong></span> <span class='ocrx_word' id='word_1_844' title='bbox 1282 2398 1376 2425; x_wconf 87' lang='lat' dir='ltr'><strong>videns</strong></span> <span class='ocrx_word' id='word_1_845' title='bbox 1387 2398 1451 2433; x_wconf 86' lang='lat' dir='ltr'><strong>quia</strong></span> <span class='ocrx_word' id='word_1_846' title='bbox 1463 2398 1533 2426; x_wconf 87' lang='lat' dir='ltr'><strong>Deus</strong></span> <span class='ocrx_word' id='word_1_847' title='bbox 1544 2399 1634 2426; x_wconf 88' lang='lat' dir='ltr'><strong>eratin</strong></span> <span class='ocrx_word' id='word_1_848' title='bbox 1650 2399 1770 2431; x_wconf 87' lang='lat' dir='ltr'><strong>Christo,</strong></span> 
     </span>
    </p>
   </div>
   <div class='ocr_carea' id='block_1_112' title="bbox 987 2441 1773 2479">
    <p class='ocr_par' dir='ltr' id='par_1_112' title="bbox 987 2441 1773 2479">
     <span class='ocr_line' id='line_1_112' title="bbox 987 2441 1773 2479; baseline 0.008 -12"><span class='ocrx_word' id='word_1_849' title='bbox 987 2441 1117 2468; x_wconf 86' lang='lat' dir='ltr'><strong>mundum</strong></span> <span class='ocrx_word' id='word_1_850' title='bbox 1127 2443 1304 2471; x_wconf 89' lang='lat' dir='ltr'><strong>reconcilians</strong></span> <span class='ocrx_word' id='word_1_851' title='bbox 1317 2444 1377 2476; x_wconf 90' lang='lat' dir='ltr'><strong>sibi,</strong></span> <span class='ocrx_word' id='word_1_852' title='bbox 1391 2449 1418 2472; x_wconf 89' lang='lat' dir='ltr'><strong>et</strong></span> <span class='ocrx_word' id='word_1_853' title='bbox 1435 2444 1585 2472; x_wconf 87' lang='lat' dir='ltr'><strong>admiratus</strong></span> <span class='ocrx_word' id='word_1_854' title='bbox 1593 2452 1704 2479; x_wconf 90' lang='lat' dir='ltr'><strong>operum</strong></span> <span class='ocrx_word' id='word_1_855' title='bbox 1714 2446 1773 2479; x_wconf 79' lang='lat' dir='ltr'><strong>ejus</strong></span> 
     </span>
    </p>
   </div>
   <div class='ocr_carea' id='block_1_113' title="bbox 987 2487 1773 2525">
    <p class='ocr_par' dir='ltr' id='par_1_113' title="bbox 987 2487 1773 2525">
     <span class='ocr_line' id='line_1_113' title="bbox 987 2487 1773 2525; baseline 0.006 -12"><span class='ocrx_word' id='word_1_856' title='bbox 987 2487 1252 2522; x_wconf 84' lang='lat' dir='ltr'><strong>majestatem,dicat</strong></span> <span class='ocrx_word' id='word_1_857' title='bbox 1267 2501 1272 2517; x_wconf 91' lang='lat'>:</span> <span class='ocrx_word' id='word_1_858' title='bbox 1294 2490 1414 2518; x_wconf 85' lang='lat' dir='ltr'><strong>Videntes</strong></span> <span class='ocrx_word' id='word_1_859' title='bbox 1429 2491 1542 2518; x_wconf 80' lang='lat' dir='ltr'><strong>vidimus</strong></span> <span class='ocrx_word' id='word_1_860' title='bbox 1554 2492 1617 2525; x_wconf 85' lang='lat' dir='ltr'><strong>quia</strong></span> <span class='ocrx_word' id='word_1_861' title='bbox 1632 2497 1669 2518; x_wconf 89' lang='lat' dir='ltr'><strong>est</strong></span> <span class='ocrx_word' id='word_1_862' title='bbox 1682 2491 1773 2519; x_wconf 88' lang='lat' dir='ltr'><strong>Domi-</strong></span> 
     </span>
    </p>
   </div>
   <div class='ocr_carea' id='block_1_114' title="bbox 988 2536 1772 2572">
    <p class='ocr_par' dir='ltr' id='par_1_114' title="bbox 988 2536 1772 2572">
     <span class='ocr_line' id='line_1_114' title="bbox 988 2536 1772 2572; baseline 0.006 -12"><span class='ocrx_word' id='word_1_863' title='bbox 988 2542 1037 2561; x_wconf 81' lang='lat' dir='ltr'><strong>nus</strong></span> <span class='ocrx_word' id='word_1_864' title='bbox 1057 2539 1153 2566; x_wconf 82' lang='lat' dir='ltr'><strong>tecum.</strong></span> <span class='ocrx_word' id='word_1_865' title='bbox 1174 2542 1197 2562; x_wconf 85' lang='lat' dir='ltr'><strong>et</strong></span> <span class='ocrx_word' id='word_1_866' title='bbox 1216 2537 1354 2564; x_wconf 77' lang='lat' dir='ltr'><strong>diximus:</strong></span> <span class='ocrx_word' id='word_1_867' title='bbox 1369 2536 1432 2563; x_wconf 84' lang='lat' dir='ltr'><strong>Fiat</strong></span> <span class='ocrx_word' id='word_1_868' title='bbox 1455 2537 1605 2572; x_wconf 86' lang='lat' dir='ltr'><strong>conjuratiu</strong></span> <span class='ocrx_word' id='word_1_869' title='bbox 1630 2538 1699 2565; x_wconf 86' lang='lat' dir='ltr'><strong>inter</strong></span> <span class='ocrx_word' id='word_1_870' title='bbox 1714 2546 1772 2565; x_wconf 82' lang='lat' dir='ltr'><strong>nos.</strong></span> 
     </span>
    </p>
   </div>
   <div class='ocr_carea' id='block_1_115' title="bbox 1004 2589 1770 2628">
    <p class='ocr_par' dir='ltr' id='par_1_115' title="bbox 1004 2589 1770 2628">
     <span class='ocr_line' id='line_1_115' title="bbox 1004 2589 1770 2628; baseline 0.007 -12"><span class='ocrx_word' id='word_1_871' title='bbox 1004 2589 1026 2605; x_wconf 79' lang='grc'><em>³³</em></span> <span class='ocrx_word' id='word_1_872' title='bbox 1040 2590 1047 2616; x_wconf 98' lang='lat' dir='ltr'><strong>l</strong></span> <span class='ocrx_word' id='word_1_873' title='bbox 1063 2590 1125 2618; x_wconf 89' lang='lat' dir='ltr'><strong>Cor.</strong></span> <span class='ocrx_word' id='word_1_874' title='bbox 1139 2593 1237 2623; x_wconf 76' lang='lat'><strong>1&quot;,“.</strong></span> <span class='ocrx_word' id='word_1_875' title='bbox 1275 2592 1297 2608; x_wconf 81' lang='grc'><em>³³</em></span> <span class='ocrx_word' id='word_1_876' title='bbox 1312 2593 1384 2620; x_wconf 86' lang='lat' dir='ltr'><strong>Psal.</strong></span> <span class='ocrx_word' id='word_1_877' title='bbox 1400 2601 1463 2627; x_wconf 63' lang='grc' dir='ltr'><strong>λιν,</strong></span> <span class='ocrx_word' id='word_1_878' title='bbox 1481 2594 1507 2620; x_wconf 81' lang='grc'><em>5.</em></span> <span class='ocrx_word' id='word_1_879' title='bbox 1546 2594 1568 2609; x_wconf 74' lang='grc'>³³</span> <span class='ocrx_word' id='word_1_880' title='bbox 1580 2593 1678 2622; x_wconf 81' lang='lat' dir='ltr'><strong>Geues.</strong></span> <span class='ocrx_word' id='word_1_881' title='bbox 1693 2602 1770 2628; x_wconf 79' lang='lat' dir='ltr'><strong>xxvi,</strong></span> 
     </span>
    </p>
   </div>
   <div class='ocr_carea' id='block_1_116' title="bbox 991 2683 1773 2719">
    <p class='ocr_par' dir='ltr' id='par_1_116' title="bbox 991 2683 1773 2719">
     <span class='ocr_line' id='line_1_116' title="bbox 991 2683 1773 2719; baseline 0.005 -11"><span class='ocrx_word' id='word_1_882' title='bbox 991 2683 1088 2719; x_wconf 78' lang='lat' dir='ltr'><strong>tenuit,</strong></span> <span class='ocrx_word' id='word_1_883' title='bbox 1099 2690 1113 2709; x_wconf 88' lang='lat' dir='ltr'><strong>a</strong></span> <span class='ocrx_word' id='word_1_884' title='bbox 1126 2691 1178 2718; x_wconf 88' lang='lat' dir='ltr'><strong>qua</strong></span> <span class='ocrx_word' id='word_1_885' title='bbox 1196 2684 1225 2711; x_wconf 81' lang='lat' dir='ltr'><strong>ﬁt</strong></span> <span class='ocrx_word' id='word_1_886' title='bbox 1238 2689 1311 2715; x_wconf 72' lang='lat' dir='ltr'><strong>mm:</strong></span> <span class='ocrx_word' id='word_1_887' title='bbox 1329 2686 1469 2719; x_wconf 78' lang='lat' dir='ltr'><strong>possessio.</strong></span> <span class='ocrx_word' id='word_1_888' title='bbox 1484 2684 1591 2713; x_wconf 86' lang='lat' dir='ltr'><strong>Constr.</strong></span> <span class='ocrx_word' id='word_1_889' title='bbox 1602 2690 1684 2715; x_wconf 53' lang='lat' dir='ltr'><strong>nime.</strong></span> <span class='ocrx_word' id='word_1_890' title='bbox 1707 2684 1773 2712; x_wconf 87' lang='lat' dir='ltr'><strong>Phi-</strong></span> 
     </span>
    </p>
   </div>
   <div class='ocr_carea' id='block_1_117' title="bbox 991 2717 1774 2753">
    <p class='ocr_par' dir='ltr' id='par_1_117' title="bbox 991 2717 1774 2753">
     <span class='ocr_line' id='line_1_117' title="bbox 991 2717 1774 2753; baseline 0.005 -9"><span class='ocrx_word' id='word_1_891' title='bbox 991 2717 1033 2745; x_wconf 85' lang='lat' dir='ltr'><strong>col</strong></span> <span class='ocrx_word' id='word_1_892' title='bbox 1055 2717 1170 2746; x_wconf 78' lang='lat' dir='ltr'><strong>vertitur</strong></span> <span class='ocrx_word' id='word_1_893' title='bbox 1184 2728 1212 2747; x_wconf 85' lang='lat' dir='ltr'><strong>os</strong></span> <span class='ocrx_word' id='word_1_894' title='bbox 1228 2717 1362 2753; x_wconf 79' lang='lat' dir='ltr'><strong>omnium;</strong></span> <span class='ocrx_word' id='word_1_895' title='bbox 1374 2725 1416 2750; x_wconf 70' lang='lat' dir='ltr'><strong>nn</strong></span> <span class='ocrx_word' id='word_1_896' title='bbox 1430 2721 1503 2747; x_wconf 89' lang='lat' dir='ltr'><strong>enim</strong></span> <span class='ocrx_word' id='word_1_897' title='bbox 1521 2726 1709 2748; x_wconf 88' lang='lat' dir='ltr'><strong>constructum</strong></span> <span class='ocrx_word' id='word_1_898' title='bbox 1731 2726 1774 2748; x_wconf 80' lang='lat' dir='ltr'><strong>est</strong></span> 
     </span>
    </p>
   </div>
   <div class='ocr_carea' id='block_1_118' title="bbox 993 2758 1772 2799">
    <p class='ocr_par' dir='ltr' id='par_1_118' title="bbox 993 2758 1772 2799">
     <span class='ocr_line' id='line_1_118' title="bbox 993 2758 1772 2799; baseline 0.004 -9"><span class='ocrx_word' id='word_1_899' title='bbox 993 2766 1026 2794; x_wconf 66' lang='grc' dir='ltr'><strong>τε)</strong></span> <span class='ocrx_word' id='word_1_900' title='bbox 1042 2771 1081 2797; x_wconf 82' lang='lat' dir='ltr'><strong>os,</strong></span> <span class='ocrx_word' id='word_1_901' title='bbox 1101 2766 1165 2798; x_wconf 83' lang='lat' dir='ltr'><strong>oris,</strong></span> <span class='ocrx_word' id='word_1_902' title='bbox 1189 2765 1232 2793; x_wconf 88' lang='lat' dir='ltr'><strong>cui</strong></span> <span class='ocrx_word' id='word_1_903' title='bbox 1250 2765 1273 2793; x_wconf 85' lang='lat' dir='ltr'><strong>si</strong></span> <span class='ocrx_word' id='word_1_904' title='bbox 1291 2766 1373 2793; x_wconf 85' lang='lat' dir='ltr'><strong>addas</strong></span> <span class='ocrx_word' id='word_1_905' title='bbox 1395 2758 1427 2795; x_wconf 56' lang='grc' dir='ltr'><strong>ὃ)</strong></span> <span class='ocrx_word' id='word_1_906' title='bbox 1450 2767 1544 2799; x_wconf 82' lang='lat' dir='ltr'><strong>omnis,</strong></span> <span class='ocrx_word' id='word_1_907' title='bbox 1569 2774 1657 2799; x_wconf 75' lang='lat' dir='ltr'><strong>omtu,</strong></span> <span class='ocrx_word' id='word_1_908' title='bbox 1672 2775 1772 2799; x_wconf 65' lang='lat' dir='ltr'><strong>own&quot;,</strong></span> 
     </span>
    </p>
   </div>
   <div class='ocr_carea' id='block_1_119' title="bbox 989 2802 1583 2844">
    <p class='ocr_par' dir='ltr' id='par_1_119' title="bbox 989 2802 1583 2844">
     <span class='ocr_line' id='line_1_119' title="bbox 989 2802 1583 2844; baseline 0.01 -9"><span class='ocrx_word' id='word_1_909' title='bbox 989 2809 1088 2842; x_wconf 71' lang='lat' dir='ltr'><strong>omnia,</strong></span> <span class='ocrx_word' id='word_1_910' title='bbox 1103 2809 1213 2838; x_wconf 76' lang='lat' dir='ltr'><strong>habebis</strong></span> <span class='ocrx_word' id='word_1_911' title='bbox 1224 2802 1287 2844; x_wconf 65' lang='grc' dir='ltr'><strong>ιτῡέ</strong></span> <span class='ocrx_word' id='word_1_912' title='bbox 1304 2809 1394 2839; x_wconf 81' lang='lat' dir='ltr'><strong>Phicol</strong></span> <span class='ocrx_word' id='word_1_913' title='bbox 1413 2819 1443 2840; x_wconf 80' lang='lat' dir='ltr'><strong>os</strong></span> <span class='ocrx_word' id='word_1_914' title='bbox 1454 2812 1583 2841; x_wconf 73' lang='lat' dir='ltr'><strong>euntium.</strong></span> 
     </span>
    </p>
   </div>
  </div>
