4050 6142
506 261 639 316 ⁴ἓ59

1999 247 2317 304 ORIGENIS

3665 242 3800 298 230

535 385 815 441 Accedens
844 381 953 454 (9t)
977 378 1118 435 enim
1137 379 1204 433 ad
1229 376 1396 449 legem
1421 375 1514 431 Dei
1543 375 1854 431 necessario
1881 374 2101 430 dicit“:
2136 386 2177 435 Α
2213 373 2404 426 fuscati
2439 390 2451 424 :
2483 371 2576 426 sed
2608 369 2659 424 in
2714 366 3058 435 simplicitate
3081 371 3136 419 et
3169 363 3407 433 puritate
3433 363 3621 419 cordis
3657 378 3756 416 an:
3783 392 3800 403 ο

531 475 725 531 Juravi
746 484 792 528 et
825 473 986 527 statui
1013 478 1069 523 ut
1093 466 1387 522 custodiam
1416 466 1672 519 mandata
1704 473 1817 520 tua.

603 566 657 620 4.
690 564 794 620 Sed
843 563 970 632 quid
1021 558 1250 631 petunt?
1297 556 1380 611 Ne
1406 557 1575 626 facias
1620 557 1790 622 nobtb,
1834 556 2100 625 inquiunt,

530 659 714 722 mala;
753 657 844 709 sed
883 656 1018 710 sicut
1043 671 1135 708 nos
1166 664 1216 709 te
1244 651 1498 709 exsecrati
1522 666 1625 706 non
1655 666 1854 715 sumus,
1878 651 1954 702 ita
1978 661 2024 703 et
2046 661 2100 701 tu

533 749 834 803 benedictus
877 746 1123 804 Domino.
1170 746 1563 802 Remissionem
1614 756 1956 814 peccatorum
2007 758 2102 811 per

535 847 648 898 hzec
700 843 989 913 deposcere
1034 842 1165 897 mihi
1213 843 1488 904 videnlur,
1515 856 1584 895 ne
1636 838 1902 909 recipiant
1936 838 2098 891 mala.

532 936 974 991 Benedictionem
1013 936 1308 1006 postulant,
1340 950 1444 989 non
1478 933 1906 989 retributionem.
1942 929 2100 985 Deni-

530 1037 638 1094 que
669 1023 790 1078 vide
810 1023 938 1092 quid
971 1023 1236 1092 sequitur.
1266 1022 1336 1076 Et
1358 1023 1480 1092 fecit
1508 1022 1638 1087 illis,
1682 1021 1856 1091 inquit
1877 1022 1945 1086 ³⁷,
1971 1038 2100 1074 con-

533 1115 727 1170 nivium
756 1131 1004 1185 magnum
1048 1113 1218 1182 Isaac,
1254 1124 1302 1170 et
1353 1115 1830 1180 mahducaverunt,
1867 1125 1914 1170 et
1958 1115 2102 1169 bibe-

535 1215 678 1260 runt.
715 1205 933 1261 Certum
959 1216 1036 1261 est
1057 1205 1225 1270 enim,
1258 1207 1383 1275 quia
1415 1208 1507 1276 qui
1547 1207 1826 1262 ministrat
1852 1209 2100 1271 verbum,

535 1299 870 1367 sapientibus
921 1308 976 1352 et
1014 1298 1395 1367 insipientibus
1425 1300 1637 1355 debitor
1665 1308 1764 1355 est.
1806 1299 1941 1366 Quia
1973 1314 2103 1369 ergo

535 1391 844 1448 convivium
907 1389 1243 1454 sapientibus
1304 1391 1559 1460 exhibet,
1619 1393 1824 1449 idcirco
1881 1393 2096 1459 dicitur,

511 1482 664 1554 -quia
707 1496 816 1536 non
878 1495 1146 1551 parvum,
1208 1482 1300 1536 sed
1360 1498 1613 1553 magnum
1661 1484 1971 1538 convivium
2025 1483 2103 1540 fe-

513 1574 630 1628 -cit.
657 1573 723 1627 Et
755 1583 835 1637 tu,
874 1571 920 1626 si
961 1587 1068 1626 non
1106 1571 1190 1628 sis
1237 1573 1414 1628 adhuc
1458 1573 1713 1644 parvulus
1734 1585 1789 1630 et
1817 1575 1960 1631 lacte
1995 1591 2100 1631 non

533 1665 799 1733 indigeas,
831 1662 926 1717 sed
971 1663 1298 1718 exercitatos
1332 1663 1543 1719 deferas
1573 1681 1790 1730 sensus,
1818 1678 1873 1722 et
1915 1666 2101 1722 erudi-

537 1731 683 1810 tione
733 1753 966 1824 plurima
1017 1754 1324 1825 praemissa,
1363 1755 1430 1810 ad
1485 1756 1901 1828 intelligentiam
1946 1757 2100 1813 verbi
2133 1731 2175 1786 Β

534 1847 631 1902 Dei
678 1846 926 1917 capacior
972 1846 1179 1914 venias,
1227 1845 1288 1900 ﬁt
1318 1847 1482 1901 etiam
1521 1848 1615 1904 tibi
1649 1851 1958 1905 convivium
1987 1866 2103 1905 ma-

515 1937 855 2012 .gnum.Non
889 1938 984 1994 tibi
1018 1939 1166 1994 olera
1192 1939 1565 2011 languidorum
1589 1943 1875 2012 parabitur
1921 1944 2098 2009 cibus,

533 2047 637 2088 nec
687 2032 831 2090 lacte
874 2032 1160 2098 nutrieris,
1191 2047 1302 2102 quo
1317 2034 1528 2104 parvuli
1557 2035 1870 2090 nutriuntur
1899 2039 1993 2093 sed
2027 2039 2103 2092 fa-

521 2121 642 2178 ciet
673 2121 781 2177 tibi
823 2121 1071 2177 minister
1113 2121 1264 2178 verbi
1318 2124 1625 2178 convivium
1673 2141 1951 2195 magnum.
2001 2127 2108 2183 Lo-

518 2226 732 2287 tquetur
767 2215 865 2270 tibi
899 2216 1245 2285 sapientiam,
1275 2231 1395 2286 quae
1432 2219 1570 2272 inter
1595 2217 1870 2287 perfectos
1893 2221 2104 2289 profer-

535 2313 643 2371 tur,
688 2303 1010 2374 sapientiam
1045 2303 1138 2358 Dei
1172 2305 1226 2358 in
1274 2307 1536 2376 mysterio
1571 2309 1946 2364 absconditam
1973 2327 2103 2380 pro-

527 2395 672 2450 feret
701 2395 817 2460 tibi,
837 2411 1001 2464 quam
1038 2411 1198 2451 nemo
1229 2397 1535 2468 principum
1570 2399 1728 2470 hujus
1768 2402 1950 2457 saeculi
2008 2419 2105 2458 co-

533 2488 741 2560 gnovit.
767 2486 1053 2544 Revelabit
1077 2488 1461 2544 tibiChristum
1487 2491 1780 2546 secundum
1810 2494 1933 2561 hoc,
1961 2497 2103 2564 quod

531 2583 590 2636 in
616 2595 682 2636 eo
709 2593 898 2636 omnes
934 2581 1172 2638 thesauri
1207 2584 1486 2653 sapientia:
1516 2594 1571 2640 et
1597 2586 1844 2641 scientiae
1873 2587 2104 2644 abscon-

534 2675 632 2731 diti
658 2684 805 2731 sunt.
855 2675 1042 2731 Faciet
1091 2692 1222 2746 ergo
1255 2677 1351 2732 tibi
1405 2681 1712 2736 convivium
1745 2697 2020 2753 magnum,
2051 2693 2106 2739 et

534 2770 652 2839 ipse
683 2779 862 2826 tecum
899 2769 1228 2840 epulabitur,
1263 2772 1306 2826 si
1336 2781 1386 2826 te
1422 2789 1528 2827 non
1567 2775 1808 2830 inveniat
1841 2775 2024 2843 talem,
2049 2786 2106 2830 ut

535 2865 679 2920 dicat
697 2865 814 2928 tibi,
830 2864 953 2932 quia
973 2882 1075 2918 non
1097 2867 1245 2935 potui
1268 2869 1412 2922 vobis
1435 2869 1576 2937 loqui
1589 2869 1741 2938 quasi
1757 2868 2102 2937 spiritalibus,

537 2958 626 3012 sed
650 2958 803 3026 quasi
828 2957 1168 3022 carnalibus;
1195 2968 1442 3028 tanquam
1462 2960 1692 3029 parvulis
1716 2962 1768 3014 in
1800 2958 2006 3016 Christo
2023 2962 2104 3017 lac

535 3046 681 3101 vobis
719 3054 900 3116 potum
924 3048 1065 3111 dedi,
1096 3065 1198 3101 non
1229 3050 1480 3104 escam“.
1517 3050 1814 3107 Corinthiis
1836 3057 1938 3110 hoc
1954 3056 2104 3123 dicit,

537 3135 734 3206 quibus
752 3145 808 3191 et
827 3137 978 3191 addit
1004 3156 1017 3192 :
1038 3137 1167 3192 Cum
1195 3141 1333 3192 enim
1360 3142 1463 3195 sint
1490 3143 1626 3198 inter
1646 3164 1733 3201 vos
1753 3151 2107 3207 contentiones

538 3239 585 3282 et
610 3228 982 3294 dissensiones,
1017 3246 1186 3284 nonne
1209 3232 1450 3287 carnales
1490 3237 1612 3289 estis
1638 3249 1685 3291 et
1707 3243 1990 3296 secundum
2008 3245 2106 3296 ho-

536 3319 727 3373 minem
754 3317 1211 3375 ambulatisﬂstis
1233 3335 1338 3375 non
1357 3321 1488 3378 fecit
1525 3341 1778 3395 magnum
1800 3332 2106 3387 convivium

536 3409 758 3477 Paulus,
780 3411 832 3464 in
859 3419 1091 3477 tantum,
1122 3423 1181 3465 ut
1216 3429 1337 3467 cum
1369 3426 1511 3470 esset
1535 3419 1676 3486 apud
1693 3435 1802 3485 eos,
1831 3433 1885 3477 et
1903 3435 2106 3494 egeret,

539 3504 669 3558 nulli
715 3505 872 3559 oneri
910 3513 1075 3569 esset,
1094 3520 1194 3560 nec
1226 3520 1420 3575 panem
1443 3511 1614 3580 gratis
1649 3514 1718 3568 ab
1746 3514 1927 3584 aliquo
1950 3533 2107 3571 man-

537 3597 796 3663 ducaret;
829 3597 922 3651 sed
947 3595 1049 3650 sibi
1083 3595 1193 3668 99
1219 3608 1272 3654 et
1299 3603 1550 3659 omnibus
1585 3604 1675 3673 qui
1719 3621 1903 3662 secum
1928 3622 2107 3679 erant,

540 3698 698 3743 nocte
729 3697 787 3742 et
821 3686 907 3742 die
957 3687 1266 3743 laborantes
1310 3705 1502 3745 manus
1558 3708 1670 3749 sum
1716 3695 2104 3757 ministrarent.

542 3781 673 3836 Tam
704 3797 834 3853 ergo
865 3781 1022 3851 longe
1053 3784 1282 3839 aberant
1315 3783 1600 3852 Corinthii,
1629 3787 1825 3858 quibus
1854 3807 2104 3861 magnum

537 3875 842 3930 convivium
861 3875 1031 3943 ﬁeret,
1052 3888 1108 3931 ut
1128 3894 1194 3933 ne
1211 3879 1487 3933 minimum
1503 3882 1737 3950 quidem,
1757 3883 1838 3937 vel
1856 3885 2107 3955 exiguum

539 3968 678 4038 apud
695 3981 788 4023 eos
811 3970 1130 4036 praedicator
1148 3971 1294 4026 verbi
1314 3971 1408 4027 Dei
1432 3975 1670 4044 potuerit
1693 3977 1894 4034 habere
1919 3981 2106 4034 convi-

540 4061 708 4117 vium.
738 4059 834 4128 Qui
865 4076 992 4115 vero
1018 4063 1194 4118 sciunt
1225 4065 1419 4120 audire
1448 4068 1764 4138 perfectius,
1793 4076 1883 4142 qui
1917 4076 2102 4131 erudi-

542 4162 628 4208 tos
649 4162 704 4209 et
732 4155 1060 4210 exercitatos
1094 4158 1158 4210 ad
1194 4159 1521 4215 audiendum
1559 4165 1782 4220 verbum
1821 4168 1912 4222 Dei
1956 4170 2107 4225 defe-

541 4257 670 4303 runt
698 4259 908 4310 sensus,
939 4247 1056 4302 istis
1081 4249 1139 4302 fit
1171 4265 1421 4321 magnum
1458 4257 1799 4319 convivium;
1836 4275 1956 4314 cum
1988 4263 2106 4318 istis

538 4340 786 4410 epulatur
811 4339 983 4406 Isaac,
1011 4354 1065 4397 et
1093 4360 1196 4398 non
1229 4349 1402 4402 solum
1439 4351 1708 4419 epulatur,
1760 4356 1856 4410 sed
1885 4367 1938 4412 et
1975 4375 2102 4414 sur-

2205 465 2507 535 plectatnur
2539 461 2784 521 verbum,
2815 470 2869 513 et
2897 458 3096 513 divinae
3116 456 3396 524 sapientia:
3427 455 3718 510 famulemu
3733 472 3800 523 Γ,

2205 557 2294 622 qui
2330 565 2416 610 e»t
2442 553 2693 609 Christus
2719 549 2876 606 Jesus
2907 547 3168 603 Dominus
3193 555 3402 610 noster,
3434 546 3520 600 cui
3551 556 3634 600 est
3659 546 3800 617 glo-

2205 648 2284 702 ria
2317 655 2370 702 et
2402 644 2686 713 imperium
2713 642 2767 696 in
2797 641 2990 697 saecula
3025 638 3371 694 saeculorum.
3401 639 3596 695 Amen.

2780 732 3058 788 IiOMILIA
3091 729 3210 786 XV.

2209 827 2282 884 De
2307 847 2364 883 eo
2405 831 2545 899 quod
2576 829 2826 896 scriptum
2872 825 3041 899 est?”
3071 840 3089 877 :
3129 841 3150 875 ε
3212 821 3313 899 Et_
3328 824 3681 899 ascenderunt
3698 842 3801 899 ex

2276 893 2529 972 Egypto.
2583 910 2634 953 et
2680 893 2928 952 venerunt
2959 897 3013 947 in
3044 906 3241 972 terram
3275 893 3553 972 Chanaan,
3585 899 3654 950 ad
3682 897 3800 972 Ja-

2273 966 2371 1024 cob
2389 966 2592 1041 patrem
2626 986 2802 1041 suum.
2832 966 3276 1041 etnuntiaverunt
3308 966 3354 1041 ei
3379 968 3628 1041 dicentes,
3653 970 3797 1041 quin

2273 1035 2415 1112 filius
2455 1052 2573 1094 tuus
2616 1039 2811 1112 theph
2847 1039 2990 1112 vivit,
3027 1044 3073 1088 et
3131 1037 3240 1103 ipse
3269 1035 3626 1104 principatum
3665 1035 3801 1105 agit

2276 1109 2438 1166 totius
2461 1122 2614 1165 terra:
2638 1109 2876 1180 /Egypti.
2912 1128 2930 1161 s

2276 1211 2329 1265 1.
2360 1207 2772 1265 Observandum
2804 1214 2885 1260 est
2911 1205 3065 1260 nobis
3089 1203 3404 1274 Scripturas
3448 1213 3671 1256 sanelas
3699 1202 3793 1256 le-

2203 1301 2494 1372 gentibus,
2557 1299 2825 1368 qnomodo
2882 1299 2934 1351 in
2996 1297 3224 1366 singulis
3277 1296 3588 1366 quibusque
3643 1296 3796 1350 lovis

2204 1397 2499 1453 ascendere
2528 1404 2759 1464 ponatur
2790 1391 2900 1463 (95)
2926 1400 2979 1446 et
3012 1392 3360 1447 descendere.
3397 1391 3453 1446 Si
3478 1393 3622 1446 enim
3656 1389 3798 1446 dili-

2203 1488 2415 1556 gentius
2443 1486 2869 1548 consideremus,
2926 1483 3266 1538 inveniemus
3312 1483 3438 1552 quia
3491 1499 3785 1552 nunquam

2203 1578 2316 1634 fere
2349 1579 2403 1634 in
2447 1576 2694 1633 sanctum
2745 1575 2868 1645 quis
2902 1572 3079 1629 locum
3143 1574 3348 1629 dicitur
3404 1575 3791 1639 descendisse,

2203 1685 2378 1742 neque
2408 1672 2473 1725 ad
2528 1669 2940 1740 vituperabilem
2971 1667 3355 1723 conscendisse
3416 1679 3789 1723 memoratur.

2205 1762 2335 1831 Quae
2363 1764 2771 1819 observationes
2816 1758 3114 1815 ostendunt
3165 1761 3503 1829 Scripturam
3537 1759 3790 1815 divinam

2208 1873 2336 1922 non,
2369 1867 2426 1911 ut
2455 1856 2704 1927 plurimis
2753 1856 2989 1921 videtur,
3039 1853 3316 1908 inerudito
3361 1861 3416 1907 et
3441 1852 3639 1920 agresti
3666 1866 3792 1906 ser-

2208 1965 2368 2007 mone
2417 1947 2790 2018 compositam,
2840 1945 2936 2000 sed
2988 1944 3286 2001 secundum
3322 1945 3668 2014 disciplinam
3704 1943 3796 1997 di-

2204 2044 2344 2099 vinae
2373 2041 2693 2097 eruditionis
2744 2047 3008 2110 aptatam,
3048 2053 3223 2109 neque
3251 2049 3459 2092 tantum
3503 2038 3798 2093 historicis

2207 2135 2633 2200 narrationibus,
2663 2143 2925 2204 quantum
2971 2135 3136 2189 rebus
3170 2143 3225 2188 et
3248 2133 3503 2188 sensibus
3538 2133 3796 2203 mysticis

2207 2227 2552 2283 servientem.
2581 2227 2825 2282 Invenies
2856 2241 2987 2296 ergo
3020 2225 3279 2295 scriptum
3307 2239 3401 2279 eos
3425 2222 3562 2294 (96),
3587 2223 3676 2289 qui
3717 2236 3795 2275 ex

2207 2319 2416 2375 semine
2444 2317 2719 2372 Abraham
2775 2325 3094 2382 nascuntur,
3151 2315 3497 2370 descendisse
3526 2315 3577 2368 in
3608 2314 3790 2384 Egy-

2205 2423 2383 2483 ptum,
2416 2418 2472 2466 et
2513 2425 2727 2465 rursum
2755 2408 2895 2464 ﬁlios
2931 2407 3097 2464 Israel
3155 2407 3469 2462 ascendisse
3495 2409 3562 2461 de
3604 2405 3788 2477 Egy-

2205 2513 2315 2574 pto.
2376 2503 2618 2572 Denique
2665 2512 2716 2558 et
2759 2502 2826 2557 de
2856 2503 2974 2571 ipso
3028 2500 3303 2556 Abraham
3343 2501 3422 2555 sic
3451 2500 3652 2555 dicitur
3685 2500 3788 2554 “z

2205 2596 2454 2650 Ascendit
2493 2605 2667 2649 autem
2692 2595 2957 2648 Abraham
2985 2594 3048 2646 de
3079 2591 3334 2664 Ai'gypto,
3382 2594 3493 2662 ipse
3539 2602 3588 2646 et
3648 2609 3797 2647 uxor

2205 2693 2341 2761 ejus,
2361 2697 2413 2744 et
2438 2689 2612 2742 omnia
2639 2704 2754 2757 qute
2781 2687 2896 2756 ejus
2920 2695 3095 2749 erant,
3131 2699 3178 2739 et
3231 2684 3365 2738 Loth
3418 2703 3536 2740 cum
3583 2687 3699 2751 ipso
3733 2689 3795 2742 in

2204 2787 2491 2840 desertum.
2551 2781 2687 2835 Tum
2740 2778 2933 2834 deinde
2959 2788 3014 2833 et
3059 2779 3128 2833 de
3156 2779 3303 2832 Isaac
3334 2779 3532 2834 dicitur
3561 2779 3627 2844 δι,
3657 2783 3794 2848 quia

2205 2876 2448 2946 apparuit
2476 2875 2523 2927 ei
2550 2871 2830 2936 Dominus,
2855 2878 2906 2925 et
2931 2871 3064 2924 dixit
3087 2872 3134 2924 ei
3182 2886 3202 2925 :
3253 2869 3335 2924 Ne
3382 2873 3670 2926 descendas
3734 2874 3794 2925 iu

2205 2965 2516 3037 Egyptum.
2555 2963 2664 3018 Sed
2687 2970 2742 3017 et
2771 2961 3080 3025 lsmaelitae,
3126 2976 3216 3030 qui
3250 2962 3539 3029 portabant
3586 2961 3795 3032 θυμιά-

2213 3075 2379 3131 ματα,
2424 3064 2480 3112 et
2507 3057 2767 3121 resinam,
2820 3063 2875 3109 et
2939 3060 3168 3123 guttam,
3237 3063 3291 3108 et
3322 3054 3423 3123 ipsi
3455 3069 3522 3108 ex
3576 3055 3793 3108 semine

2215 3152 2487 3208 Abraham
2518 3159 2692 3213 erant,
2753 3149 2805 3203 in
2837 3147 3128 3219 Egyptum
3179 3148 3511 3202 descendere
3542 3150 3792 3204 referun-

2216 3253 2322 3308 tur,
2353 3258 2476 3298 cum
2501 3243 2698 3311 quibus
2726 3239 2925 3310 Ioseph
2956 3239 3306 3294 descendisse
3334 3239 3386 3292 in
3419 3239 3673 3311 Egytum
3703 3243 3794 3296 di-

2215 3335 2357 3390 citur
2379 3335 2444 3388 δ’.
2479 3334 2585 3391 Sed
2617 3345 2673 3388 et
2723 3341 2844 3403 post
2872 3333 2986 3386 haec
3017 3346 3032 3383 :
3075 3330 3290 3397 Videas,
3317 3333 3490 3402 inquit
3515 3333 3580 3398 “,
3614 3334 3793 3390 Iacob

2213 3431 2334 3499 quia
2364 3439 2438 3483 est
2480 3429 2844 3482 commercium
2872 3426 3121 3495 frumenti
3155 3427 3209 3478 in
3235 3425 3490 3495 ngypto,
3546 3429 3679 3482 dixit
3712 3432 3790 3484 ad

2215 3521 2354 3590 ﬁlios
2378 3537 2499 3574 suos
2531 3539 2549 3574 :
2585 3519 2787 3590 thuid
2846 3520 3052 3574 desides
3077 3521 3241 3574 estis?
3293 3521 3430 3575 Ecce
3465 3525 3625 3577 audio
3657 3527 3788 3595 quia

2214 3624 2287 3666 est
2320 3611 2637 3680 frumentum
2672 3615 2726 3666 in
2754 3611 3008 3682 Egypto,
3037 3613 3334 3668 descendite
3359 3613 3505 3679 illuc,
3557 3625 3606 3668 et
3628 3617 3790 3669 emite

2217 3705 2362 3759 nobis
2384 3720 2548 3770 escas,
2580 3715 2635 3757 ut
2661 3707 2912 3766 vivamus,
2965 3712 3016 3756 et
3062 3721 3164 3757 non
3191 3705 3501 3758 moriamur.
3527 3705 3594 3760 Et
3621 3705 3788 3775 paulo

2216 3809 2334 3870 post
2363 3818 2377 3854 :
2403 3799 2816 3862 Descenderunt,
2851 3799 3048 3866 inquit,
3071 3797 3261 3866 fratres
3295 3796 3493 3866 Joseph
3518 3799 3575 3852 in
3601 3798 3786 3869 Αἰθυ-

2213 3903 2358 3962 ptum
2399 3907 2702 3961 comparare
2747 3890 3092 3952 frumentum.
3143 3889 3289 3944 Sane
3339 3905 3462 3943 cum
3521 3892 3782 3946 detentus

2214 3986 2404 4042 fuisset
2459 3985 2679 4040 Simeon
2730 3986 2780 4038 in
2825 3983 3082 4054 Egypto,
3110 3993 3166 4037 et
3208 3998 3402 4038 novem
3434 3983 3633 4040 fratres
3664 3984 3788 4053 ejus

2213 4078 2420 4132 dimissi
2451 4084 2853 4132 reverterentur
2880 4077 2945 4130 ad
2974 4084 3204 4143 patrem,
3261 4090 3365 4128 non
3405 4084 3491 4130 est
3518 4077 3784 4146 scriptum

2213 4171 2338 4240 quia
2365 4171 2725 4224 ascenderunt
2751 4184 2821 4222 ex
2857 4166 3115 4238 Egypto,
3173 4164 3266 4219 sed
3307 4167 3658 4233 imponentes,
3700 4167 3788 4221 in-

2213 4264 2330 4332 quit
2358 4263 2428 4329 “,
2456 4263 2774 4332 frumentum
2797 4277 2953 4331 super
2979 4262 3157 4317 asinos
3185 4277 3308 4314 suos
3361 4262 3624 4315 abierunt.
3675 4261 3788 4316 Ne-

2211 4373 2314 4426 que
2341 4358 2485 4412 euim
2516 4356 2672 4426 digne
2696 4355 3009 4409 dicerentur
3037 4354 3333 4408 ascendere
3355 4392 3372 4417 ,
3415 4369 3646 4422 quorum
3680 4353 3786 4407 fra-
3812 4390 3817 4395 -

539 4447 671 4503 gens
699 4447 820 4486 cum
842 4431 1156 4501 iuramento
1183 4439 1263 4493 eis
1292 4456 1480 4510 pacem
1510 4443 1575 4496 de
1598 4445 1793 4502 futuris
1819 4454 2102 4518 promittit.
2142 4458 2182 4509 D
2215 4461 2294 4504 ter
2319 4450 2530 4503 vinctus
2563 4449 2845 4502 tenebatur
2877 4447 2928 4499 in
2972 4445 3229 4514 JEgypto,
3289 4459 3410 4498 cum
3445 4459 3552 4514 quo
3599 4453 3650 4497 et
3679 4445 3784 4513 ipsi

538 4526 770 4582 Oremus
799 4541 928 4597 ergo
952 4537 1008 4582 et
1033 4545 1132 4584 nos
1180 4532 1272 4584 tali
1337 4545 1538 4602 mente,
1577 4539 1668 4593 tali
1716 4540 1819 4595 tide
1849 4546 2109 4600 accedere

539 4621 612 4675 ad
645 4621 968 4676 audiendum
1006 4625 1230 4679 verbum
1257 4624 1375 4694 Dei,
1427 4637 1486 4683 ut
1512 4629 1693 4687 facere
1734 4636 1892 4690 nobis
1920 4636 2108 4705 digne-

544 4723 633 4765 tur
659 4711 964 4767 convivium
1000 4729 1273 4782 magnum.
1329 4716 1607 4786 Sapientia
1659 4724 1802 4777 enim
1840 4724 2107 4795 jugulavit

537 4802 742 4857 hostias
772 4820 918 4869 suas,
945 4805 1154 4858 miscuit
1182 4809 1237 4859 in
1267 4818 1468 4863 cratere
1493 4815 1666 4867 vinum
1717 4833 1894 4881 suum,
1927 4829 1975 4872 et
2006 4821 2109 4872 nti-

537 4896 606 4949 sit
630 4910 804 4949 servos
831 4911 954 4949 suos
986 4895 1052 4964 ”,
1100 4896 1192 4966 qui
1220 4911 1409 4954 omnes
1456 4913 1721 4973 quotquot
1777 4907 2105 4975 invenerint,

540 4989 840 5056 perducant
866 4988 931 5042 ad
957 4988 1261 5044 convivium
1315 5006 1495 5046 suum.
1528 4993 1758 5051 Tantum
1811 5009 1913 5066 est,
1962 5011 2020 5057 ut
2050 5000 2104 5058 et

541 5094 640 5135 nos
670 5080 897 5151 ingressi
925 5082 1230 5137 convivium
1279 5084 1570 5152 Sapientia:
1613 5106 1719 5146 non
1769 5109 1981 5150 rursum
2007 5113 2105 5152 no-

541 5171 748 5226 biscum
774 5172 1085 5228 indumenta
1113 5174 1435 5246 insipientia
1467 5179 1796 5250 deferamus,
1849 5203 1954 5243 non
1979 5190 2102 5244 infi-

540 5263 778 5322 delitatis
801 5273 950 5322 veste
971 5265 1313 5334 circumdati,
1364 5285 1472 5326 non
1495 5287 1844 5341 peccatorum
1879 5284 2103 5339 maculis

612 5357 656 5430 '3
677 5355 819 5413 Psal.
844 5356 1173 5430 «va06.
1246 5359 1288 5392 ³⁷
1311 5360 1509 5420 Cenes.
1544 5381 1688 5430 xxvi,
1727 5368 1816 5424 50.
1893 5372 1936 5405 ³⁸
1958 5375 1974 5426 l
1999 5376 2104 5429 Cor

539 5511 655 5552 nes.
696 5513 819 5563 xu,
843 5497 934 5554 25.
990 5558 992 5560 τ
1021 5499 1068 5532 ⁸⁸
1094 5500 1252 5566 ibid.,
1277 5501 1367 5560 26.

614 5590 726 5661 (9ι)
752 5589 922 5659 Alias,
956 5594 1264 5659 ascendens,
1293 5595 1385 5650 sed
1421 5611 1577 5661 mss.,
1613 5601 1885 5657 accedens.

613 5660 726 5732 (95)
755 5661 909 5729 Mss.,
946 5674 1204 5732 ponatur;
1232 5666 1362 5720 editi
1391 5660 1847 5723 commemoratur.

618 5731 729 5805 (96)
760 5733 851 5788 Sic
904 5731 1062 5804 mss.,
1117 5734 1273 5806 alias,
1334 5741 1631 5792 servientem
1663 5741 1907 5796 invenies.
1953 5740 2096 5814 Ergo

612 5377 656 5388 ’τ
681 5377 819 5413 rsat.
844 5377 1173 5422 cxvm,wo.
1246 5377 1284 5392 "
1311 5377 1509 5420 lienes.
1544 5381 1688 5430 XXVI,
1727 5377 1816 5424 δυ.
1893 5377 1936 5405 ³⁸
1958 5377 1974 5426 Ι
1999 5377 2104 5429 Cur

539 5425 588 5459 ‘°
616 5426 754 5481 Gen.
780 5444 901 5481 tun.
928 5431 980 5481 1.
1054 5428 1096 5460 ⁸⁸
1125 5428 1322 5481 Genes.
1352 5448 1496 5481 sxw-
1529 5436 1581 5481 Ξ,
1659 5439 1891 5481 διιζριιρα
1948 5460 2105 5481 ηπ...

2213 5397 2245 5438 I.
2274 5378 2325 5440 I,
2361 5378 2416 5439 ἓ,
2451 5378 2503 5430 5.
2582 5378 2626 5408 ³⁸
2658 5378 2814 5432 Prov.
2850 5377 3078 5440 tx,‘2,3.

2213 5453 2250 5481 tu
2348 5447 2587 5481 una...”
2645 5465 2750 5481 ν...
2799 5451 2818 5481 ι
2875 5449 2907 5481 θ
2960 5449 2992 5481 x
3046 5450 3076 5481 ι

665 5444 754 5483 en.
780 5431 980 5514 mihi.
1024 5428 1497 5514 ‘f‘._(iene§_.nxxvi,
1529 5436 1582 5493 ἓ.
1659 5428 1702 5470 δ’
1719 5440 1910 5499 Cenes.
1946 5428 2105 5501 suav:

2213 5428 2325 5503 is.”
2348 5428 2610 5504 “Vestes.
2642 5428 2784 5512 an;
2799 5428 2932 5512 es;
2950 5428 3014 5514 3',
3033 5428 3094 5500 *4.

2212 4548 2389 4592 mente
2417 4549 2472 4591 et
2505 4537 2688 4590 animo
2719 4537 2962 4601 solliciti,
3001 4537 3150 4590 velut
3179 4536 3506 4605 quibusdam
3533 4535 3783 4588 charita-

2215 4633 2284 4685 tis
2313 4629 2543 4684 vinculis
2569 4630 2961 4684 cruciabantur
3016 4628 3248 4684 astricti.
3306 4627 3437 4683 Cum
3471 4637 3649 4681 autem
3697 4641 3790 4682 re-

2211 4731 2365 4794 cepto
2399 4725 2566 4778 fratre
2590 4734 2644 4777 et
2679 4725 2862 4793 agnito
2885 4721 3103 4792 Joseph.
3135 4722 3230 4776 sed
3256 4731 3310 4775 et
3334 4719 3616 4790 Benjamin
3644 4735 3782 4774 ocu-

2213 4817 2280 4872 lis
2303 4815 2418 4885 ejus
2451 4815 2653 4882 oblato,
2687 4832 2808 4870 cum
2844 4815 3026 4870 laetitia
3057 4823 3428 4879 revertuntur,
3469 4823 3596 4866 tunc
3647 4813 3784 4867 dici-

2219 4921 2304 4964 tur
2337 4909 2382 4941 “
2416 4909 2540 4977 quia
2579 4909 2924 4962 ascenderunt
2980 4924 3044 4962 ea:
3083 4907 3305 4977 Egypto,
3346 4916 3396 4958 et
3449 4913 3694 4959 venerunt
3725 4903 3784 4958 in

2214 5023 2407 5067 terram
2431 5011 2682 5065 Chanaan
2707 5014 2776 5063 ad
2803 5009 2968 5065 Jacob
2993 5018 3193 5078 patrem
3217 5023 3390 5061 suum.
3414 5006 3568 5061 Tunc
3591 5007 3778 5068 etiam,

2211 5104 2426 5172 quando
2455 5102 2644 5158 dicunt
2664 5104 2731 5156 ad
2761 5113 2969 5173 patrem
2993 5103 3062 5168 ιθ,
3102 5101 3230 5170 quia
3258 5100 3449 5169 Ioseph
3480 5098 3622 5167 filius
3658 5109 3780 5150 tuus

2211 5196 2353 5260 vivit,
2381 5205 2429 5248 et
2477 5197 2585 5264 ipse
2626 5197 2978 5265 principatum
3046 5194 3156 5262 agit
3206 5193 3363 5246 totius
3410 5201 3566 5246 terrae
3609 5188 3777 5259 digg-

2208 5287 2440 5357 pti(97).
2471 5285 2788 5342 Necessario
2838 5288 2980 5341 enim
3014 5285 3082 5340 ab
3134 5284 3336 5338 inlimis
3369 5295 3426 5338 et
3480 5281 3780 5338 humilibus

3157 5377 3220 5407 ”‘
3249 5376 3384 5429 Gen.
3414 5390 3538 5440 xcv,
3563 5373 3653 5434 25,
3686 5371 3779 5429 26.

3185 5445 3405 5513 “ibid.,
3436 5446 3526 5500 es.
3602 5443 3780 5502 “Ge-

2205 5606 2455 5670 scriptum
2492 5615 2566 5657 est
2600 5622 2707 5659 eos.

2275 5674 2385 5799 (εἰη
2414 5675 2585 5798 ἱυίῗς,
2625 5677 2978 5745 principatum
3023 5688 3161 5735 tenet
3206 5687 3256 5734 et
3283 5680 3412 5751 agit.
3447 5675 3578 5734 Mss.
3625 5683 3686 5735 ut
3716 5677 3778 5738 in

2280 5763 2304 5799 s
2335 5761 2390 5799 ro
2441 5761 2504 5799 ex
2536 5761 2587 5799 υ.

2206 5761 2390 5800 ιιοδιιό
2419 5761 2587 5801 ιρκιυ.
