4050 6142
257 324 344 379 Nl
1444 321 1510 377 IN
1544 321 1810 377 GENESII

1913 321 2162 378 [OMILIA
2184 321 2301 378 XV.

3369 313 3477 368 242

260 441 494 495 dicuntur
519 435 587 490 ad
621 437 800 492 ardua
835 447 892 492 et
940 437 1153 494 excelsa
1184 439 1569 506 conscendere,
1603 441 1692 510 qui
1728 439 1820 495 Io-
1849 447 1893 501 Α
1923 440 2147 508 gratiam
2180 437 2527 494 merebantur
2549 436 2817 507 accipere,
2839 444 2891 490 et
2923 435 3184 490 dicentem
3209 431 3256 465 "
3283 447 3298 486 :
3348 431 3478 503 Spi-

260 532 377 598 seph
402 528 584 583 vivere
640 530 924 593 nuntiant,
961 540 1014 585 et
1050 531 1415 600 principatum
1448 533 1611 585 totius
1648 531 1815 605 Egy-

259 625 326 694 pti
354 635 560 692 gerere.
593 619 725 675 Ilaec
778 623 996 676 interim
1024 625 1090 675 ad
1141 638 1380 691 praesens
1430 624 1586 677 nobis
1632 639 1823 678 occur-

259 729 370 769 rere
409 713 476 767 de
505 713 830 767 aScensione
881 725 938 767 et
980 715 1337 769 descensione
1374 725 1663 784 potuerunt
1695 733 1709 771 :
1752 731 1820 772 ex

255 805 446 873 quibus
473 803 705 858 studiosi
745 804 950 872 quique
999 803 1319 859 occasiones
1340 804 1542 859 habere
1571 812 1819 874 possunt,

255 897 401 962 plura
433 897 501 948 de
561 894 865 964 Scripturis
892 897 1098 952 sanctis
1139 912 1238 965 pro
1279 898 1584 969 bujusmodi
1633 914 1818 954 asser-

256 987 396 1039 tione
422 987 788 1053 probamenta
816 987 1094 1057 colligere.

318 1078 373 1132 2.
401 1076 698 1133 Videamus
729 1095 864 1134 sane
919 1079 1186 1149 quomodo
1215 1081 1405 1136 audire
1437 1083 1728 1137 debeamus
1754 1082 1822 1138 de

253 1184 315 1222 eo
341 1169 485 1238 quod
519 1171 781 1238 scriptum
829 1180 933 1239 est,
958 1174 1085 1242 quia
1115 1172 1313 1240 Ioseph
1361 1173 1505 1242 ﬁlius
1534 1184 1654 1228 tuus
1675 1175 1816 1228 vivit.

256 1260 362 1328 Ego
390 1261 507 1314 haec
539 1275 645 1314 non
673 1264 1034 1318 communiter
1061 1264 1205 1320 dicta
1251 1266 1515 1337 suspicio.
1562 1267 1619 1323 Si
1652 1269 1818 1338 enim,

252 1351 396 1405 verbi
417 1365 888 1422 causa,ponamns
909 1357 1034 1425 quia
1059 1360 1320 1426 potuisset
1344 1359 1484 1414 vinci
1517 1374 1546 1413 a
1570 1359 1817 1428 libidine,

247 1453 300 1496 et
333 1451 620 1510 peccasset
641 1458 763 1498 cum
791 1460 960 1501 uxore
985 1446 1190 1502 domini
1221 1448 1330 1514 sui,
1384 1465 1491 1504 non
1518 1458 1646 1519 puto
1675 1451 1819 1520 quod

249 1533 347 1586 hoc
372 1547 406 1586 a
433 1534 760 1602 patriarchis
787 1535 853 1590 de
883 1552 948 1592 eo
978 1540 1280 1594 nuntiatum
1310 1539 1504 1597 fuisset
1527 1542 1666 1611 patri
1702 1543 1819 1611 ejus

245 1620 440 1685 Iacob,
480 1622 608 1690 quia
636 1622 780 1690 filius
800 1634 920 1680 tuus
942 1623 1139 1694 Ioseph
1163 1630 1305 1682 vivit.
1340 1628 1454 1685 Hoc
1485 1631 1624 1686 enim
1657 1631 1703 1687 si
1735 1630 1816 1687 fe-

246 1714 432 1776 cisset,
468 1715 590 1770 sine
617 1717 780 1771 dubio
810 1733 913 1773 non
940 1720 1148 1774 viveret
1170 1721 1306 1792 (98).
1333 1721 1523 1776 Anima
1547 1722 1682 1776 enim
1698 1739 1816 1794 qua:

246 1817 448 1871 peccat,
480 1807 596 1876 ipsa
629 1809 883 1862 morietur
912 1809 976 1863 ⁸⁷.
1007 1809 1111 1864 Sed
1140 1820 1193 1864 et
1219 1810 1467 1866 Susanna
1499 1815 1689 1867 eadem
1716 1814 1816 1868 do-

249 1909 356 1962 cet,
382 1916 506 1953 cum
537 1901 670 1955 dicit
693 1901 740 1933 ⁸⁸
769 1920 784 1956 :
820 1903 1088 1973 Angustiw
1129 1904 1260 1959 mihi
1299 1915 1418 1960 sunt
1465 1907 1714 1976 undique.
1752 1907 1816 1962 Si

249 1991 384 2042 enim
417 1991 513 2045 hoc
541 1991 730 2059 fecero,
759 1993 810 2048 id
835 2003 920 2049 est
946 1996 990 2049 si
1017 2010 1333 2064 peccavero,
1375 2013 1515 2052 mors
1545 1999 1673 2051 mihi
1701 2009 1814 2064 est;

249 2090 298 2134 et
319 2083 363 2135 si
391 2099 494 2136 non
523 2083 717 2152 fecero,
745 2095 847 2140 nbn
865 2087 1110 2157 effugiam
1154 2105 1342 2144 manus
1394 2099 1612 2145 vestras.
1649 2090 1814 2147 Vides

251 2187 375 2243 ergo
403 2184 461 2227 et
505 2175 678 2246 ipsam
731 2190 958 2234 mortem
986 2181 1039 2236 in
1082 2191 1304 2253 peccato
1327 2184 1592 2253 posuisse.
1629 2183 1734 2240 Sed
1761 2196 1815 2240 et

254 2261 314 2313 ad
343 2263 579 2331 primum
613 2267 886 2322 hominem
919 2284 948 2323 a
981 2271 1091 2326 Deo
1118 2273 1331 2341 prolata
1375 2276 1678 2342 sententia,
1720 2291 1813 2331 ea-

251 2354 362 2407 dem
392 2357 658 2423 continet,
687 2374 808 2413 cum
833 2360 962 2418 dicit
985 2361 1030 2395 ‘9
1059 2380 1074 2415 :
1102 2363 1218 2428 Qua
1243 2365 1328 2418 die
1371 2367 1811 2432 manducaveritis

249 2459 311 2496 ex
332 2460 412 2511 eo,
447 2454 619 2499 morte
646 2447 961 2504 moriemini.
992 2449 1184 2505 Statim
1213 2465 1445 2520 namque
1473 2462 1532 2506 ut
1556 2454 1815 2522 prtrvari-

248 2546 394 2591 catus
431 2547 517 2592 est
544 2541 880 2608 mandatum,
913 2551 1156 2597 mortuus
1180 2552 1282 2598 est.
1324 2542 1530 2598 Mortua
1561 2553 1645 2599 est
1664 2545 1808 2600 enim

247 2628 421 2682 anima
450 2646 574 2700 quae
601 2635 869 2702 peccavit,
905 2644 959 2688 et
991 2635 1240 2703 arguitur
1271 2650 1494 2706 serpens
1531 2635 1806 2705 fefellisse,

244 2720 331 2790 qui
359 2721 501 2775 dixit
530 2723 579 2755 ³⁸
634 2738 649 2776 :
697 2723 820 2779 Non
861 2735 1025 2780 morte
1068 2727 1381 2783 moriemini.
1419 2729 1485 2782 Et
1509 2729 1625 2786 haec
1656 2731 1721 2786 de
1744 2745 1810 2787 eo

243 2816 382 2880 quod
411 2815 625 2870 dictum
654 2826 740 2872 est
768 2833 796 2870 a
823 2817 945 2873 ﬁliis
973 2817 1137 2874 Israel
1176 2821 1242 2874 ad
1276 2819 1432 2891 100
1466 2820 1653 2887 Iacob,
1683 2823 1810 2893 quia

240 2901 433 2971 Ioseph
457 2904 604 2971 [ilius
636 2916 758 2960 tuus
789 2908 928 2961 vivit.
977 2909 1182 2974 Quibus
1212 2910 1406 2964 similia
1438 2911 1602 2965 etiam
1633 2912 1687 2966 in
1713 2928 1810 2983 po-

244 2995 562 3049 sterioribus
597 2995 927 3062 referuntur,
983 3013 1102 3052 cum
1148 2998 1346 3053 dicitur
1369 2999 1412 3032 ⁵¹
1445 3016 1460 3052 :
1495 2998 1562 3053 Et
1589 3003 1810 3056 resusci-

242 3093 382 3137 tatus
409 3097 486 3138 est
508 3095 725 3153 spiritus
751 3085 919 3141 Iacob
941 3089 1106 3156 patris
1123 3104 1301 3141 eorum
1335 3101 1354 3140 :
1376 3099 1423 3142 et
1441 3090 1571 3144 dixit
1595 3089 1804 3145 Israel:

245 3173 502 3244 Magnum
524 3177 651 3229 mihi
673 3189 770 3242 est,
798 3178 846 3230 si
871 3178 1040 3231 adhuc
1066 3176 1258 3248 Ioseph
1299 3179 1442 3248 ﬁlius
1491 3197 1636 3236 meus
1662 3183 1806 3237 vivit.

242 3267 396 3330 Quod
430 3266 485 3320 in
512 3267 704 3322 Latino
753 3269 992 3323 dicitur:
1025 3270 1382 3325 resuscitatus
1445 3280 1531 3326 est
1587 3273 1809 3341 spiritus

240 3364 380 3431 ejus,
409 3362 465 3416 in
491 3361 679 3418 Graeco
732 3358 1149 3431 ἀνεζωπύρησεν
1177 3361 1441 3430 scriptum
1497 3373 1600 3417 est.
1655 3363 1808 3430 Quod
1843 3385 1849 3390 ·

246 3470 354 3509 non
381 3465 489 3506 tam
521 3453 857 3514 resuscitari,
888 3467 1049 3520 quam
1078 3453 1381 3520 reaccendi,
1411 3461 1472 3507 ut
1499 3455 1572 3509 ita
1604 3456 1804 3526 dicam,

245 3545 533 3614 signiﬁcat,
581 3555 632 3600 et
695 3545 912 3614 reigniri
943 3543 1080 3615 (99).
1135 3544 1289 3611 Quod
1339 3545 1445 3600 dici
1497 3547 1804 3622 solet,.cum

245 3635 384 3692 forte
430 3639 483 3692 in
521 3636 702 3705 aliqua
745 3635 972 3689 materia
1025 3634 1164 3702 ignis
1193 3649 1258 3689 eo
1293 3649 1466 3704 usque
1513 3636 1716 3704 deﬁcit,
1749 3649 1808 3693 ut

245 3727 512 3797 exstingui
539 3727 807 3791 videatur,
830 3734 884 3780 et
912 3727 958 3780 si
990 3723 1131 3780 forte
1151 3724 1409 3781 fomentis
1432 3726 1690 3784 adhibitis
1720 3744 1806 3783 re-

251 3831 494 3888 paretur,
521 3831 850 3872 reaccensus
877 3817 1097 3872 dicitur.
1155 3819 1264 3873 Aut
1286 3820 1332 3874 si
1361 3819 1596 3877 lucernae
1624 3823 1804 3880 lumen

244 3928 309 3968 eo
339 3926 511 3983 usque
541 3912 841 3980 perveniat,
879 3921 938 3966 ut
971 3920 1190 3981 putetur
1229 3914 1525 3985 exstingui,
1575 3918 1621 3972 si
1663 3918 1806 3974 forte

243 4004 424 4058 infuso
449 4003 568 4058 oleo
590 4006 964 4071 resuscitetur,
1000 4005 1132 4060 licet
1179 4005 1358 4062 minus
1389 4007 1557 4077 polito
1594 4025 1806 4066 sermo—

245 4110 334 4159 ne,
369 4110 664 4150 reaccensa
695 4095 913 4151 lucerna
951 4097 1164 4153 dicitur.
1219 4096 1483 4154 Similiter
1507 4110 1560 4156 et
1582 4101 1647 4157 de
1675 4103 1806 4156 lam-

241 4187 396 4256 pade,
430 4187 515 4242 vel
536 4188 657 4241 aliis
683 4187 1050 4256 hujuscemodi
1077 4188 1374 4245 luminibus
1409 4192 1788 4262 appellabitur.

243 4278 370 4332 Tale
397 4293 529 4346 ergo
551 4279 753 4347 aliquid
779 4289 834 4332 et
867 4279 920 4332 in
943 4278 1110 4334 Iacob
1146 4280 1389 4335 indicare
1420 4282 1694 4337 videbitur
1715 4284 1803 4339 hic

240 4386 442 4436 sermo,
468 4375 618 4441 quod
647 4375 817 4429 donec
850 4373 1012 4445 longe
1028 4375 1128 4431 fuit
1156 4380 1224 4430 ab
1248 4373 1444 4446 Ioseph
1472 4385 1527 4430 et
1577 4394 1689 4434 non
1719 4388 1803 4434 est
1845 4366 1857 4386 ’

1924 529 2081 582 ritum
2111 528 2269 582 nolite
2295 528 2646 597 exstinguere.
2675 524 2950 595 Tanquam
2981 538 3110 595 ergo
3139 521 3244 578 tale
3277 522 3478 592 aliquid

1923 635 2114 690 passus
2139 620 2299 674 fuerit
2319 618 2506 682 Iacob,
2537 617 2694 687 quale
2715 616 2914 672 Paulus
2946 616 3199 687 prmcepit
3231 615 3342 670 ﬁeri
3371 629 3476 668 non

1921 711 2140 778 debere,
2191 721 2246 766 et
2292 709 2631 780 reparaverit
2655 723 2715 764 se
2742 723 2837 778 per
2870 723 2952 772 ea,
3005 724 3124 777 quae
3152 708 3198 760 ei
3234 707 3479 759 nuntiata

1921 803 2139 858 fuerant
2164 803 2229 857 de
2257 801 2365 854 vita
2393 799 2611 870 Ioseph,
2675 794 2870 855 dicitur
2901 801 2965 853 de
2999 815 3064 854 eo
3093 799 3140 831 ⁵⁵
3173 816 3186 852 :
3232 798 3299 851 Et
3334 814 3482 852 reac-

1921 893 2089 949 cendit
2110 893 2352 962 spiritum
2374 908 2526 945 suum
2546 889 2733 954 Iacob,
2761 900 2807 942 et
2827 889 2957 942 dixit
2985 887 3152 942 Israel
3179 904 3196 941 :
3225 887 3479 957 Magnum

1925 984 2052 1037 mihi
2072 991 2170 1048 est,
2185 982 2419 1052 siadhuc
2440 982 2579 1050 ﬁlius
2603 997 2746 1035 meus
2766 979 2958 1048 Ioseph
2983 980 3122 1033 vivit.
3149 977 3253 1032 Sed
3272 979 3372 1034 hoc
3383 979 3480 1034 ob—

1922 1076 2247 1130 servandum
2272 1084 2374 1140 est,
2400 1072 2527 1142 quia
2561 1071 2653 1142 qui
2688 1069 3270 1138 reaccenditspiritum
3303 1083 3479 1132 suum,

1921 1183 2042 1222 eum
2076 1165 2281 1222 scilicet
2306 1167 2398 1237 qui
2428 1179 2564 1236 pene
2617 1161 2898 1218 videbatur
2957 1165 3280 1224 exstinctus,
3309 1158 3481 1215 Iacob

1919 1257 2152 1324 dicitur;
2184 1257 2274 1312 ille
2303 1266 2482 1312 autem
2501 1255 2597 1326 qui
2625 1254 2794 1310 dicit:
2847 1252 3099 1324 Magnum
3137 1252 3265 1305 mihi
3291 1261 3390 1318 est,
3437 1250 3485 1305 si

1919 1351 2062 1420 ﬁlius
2087 1367 2232 1406 meus
2256 1348 2452 1420 Ioseph
2491 1350 2633 1414 vivit,
2663 1347 2814 1418 quasi
2864 1345 3170 1417 intelligens
3213 1353 3267 1400 et
3293 1345 3483 1401 videns

1921 1455 2170 1510 magnam
2195 1455 2316 1496 esse
2341 1440 2504 1494 vitam
2528 1455 2646 1510 quae
2666 1447 2751 1494 est
2772 1437 2825 1491 in
2849 1437 3068 1505 Ioseph,
3092 1435 3353 1506 spiritalis
3378 1436 3485 1490 iste

1917 1547 2028 1586 non
2051 1531 2164 1602 jam
2191 1531 2382 1596 Iacob,
2433 1529 2528 1584 sed
2573 1528 2742 1586 Israel
2770 1529 3042 1593 scribitur,
3094 1535 3349 1597 tanquam
3389 1521 3483 1595 qui

1918 1635 2098 1680 mente
2144 1625 2326 1680 videat
2379 1638 2563 1680 veram
2610 1623 2799 1686 vitam,
2845 1636 2964 1692 qua:
3012 1629 3096 1675 est
3144 1634 3306 1674 verus
3338 1619 3480 1674 Deus

1918 1716 2188 1774 Christus.
2215 1715 2330 1771 Non
2357 1715 2532 1770 solum
2562 1723 2742 1768 autem
2772 1713 2838 1767 de
2872 1713 2974 1767 hoc
3001 1719 3180 1766 motus
3203 1717 3306 1776 est,
3337 1709 3482 1779 quod

1917 1809 2145 1875 audivit,
2167 1809 2294 1878 quia
2319 1809 2511 1878 Ioseph
2534 1808 2676 1876 ﬁlius
2700 1817 2820 1860 tuus
2843 1806 2961 1860 vivit
2988 1804 3068 1870 ";
3102 1804 3196 1858 sed
3221 1812 3276 1858 et
3295 1802 3360 1857 de
3389 1801 3480 1857 illo

1920 1898 2180 1963 maxime,
2204 1899 2347 1970 quod
2373 1897 2745 1952 annuntiatum
2772 1905 2854 1950 est
2879 1896 2950 1961 ei,
2979 1897 3104 1966 quia
3150 1895 3264 1963 ipse
3292 1894 3362 1948 sit
3385 1896 3480 1962 qui

1918 1990 2281 2060 principatum
2309 1998 2497 2045 teneat
2549 1990 2710 2044 totius
2751 1986 2990 2058 Egypti.
3041 1985 3152 2040 lloc
3177 1987 3318 2040 enim
3353 1995 3482 2039 vere

1919 2099 2171 2154 magnum
2227 2092 2310 2139 est
2355 2082 2426 2150 ei,
2471 2083 2612 2154 quod
2656 2082 2710 2136 in
2762 2081 3021 2136 ditionem
3073 2093 3224 2134 suam
3273 2076 3478 2147 redegit

1917 2175 2228 2248 Egyptum.
2283 2172 2506 2229 Calcare
2557 2173 2704 2228 enim
2751 2171 3050 2237 libidinem,
3096 2167 3284 2241 fugere
3323 2168 3482 2223 luxu-

1917 2268 2079 2334 riam,
2124 2280 2419 2334 omnesque
2476 2266 2776 2336 voluptates
2830 2264 3072 2335 corporis
3129 2279 3374 2335 premere
3409 2279 3479 2320 ac

1918 2361 2155 2430 frenare,
2187 2360 2291 2417 hoc
2320 2368 2404 2416 est
2430 2360 2790 2430 principatum
2820 2373 3014 2429 gerere
3038 2359 3204 2415 totius
3231 2358 3474 2429 Egypti.

1919 2454 1984 2508 Et
2017 2456 2118 2511 hoc
2140 2463 2226 2511 est
2260 2456 2399 2524 quod
2424 2454 2560 2525 apud
2591 2452 2757 2507 Israel
2783 2468 3038 2524 maguum
3065 2453 3307 2520 ducitur,
3330 2461 3386 2507 et
3419 2453 3475 2508 in

1915 2547 2275 2604 admiratione
2302 2549 2549 2604 habetur.
2609 2548 2664 2602 Si
2692 2547 2812 2618 quis
2840 2562 2969 2601 vero
3009 2554 3112 2613 est,
3152 2547 3241 2615 qui
3296 2545 3476 2616 aliqua

1915 2638 2133 2708 quidem
2163 2639 2291 2693 vitia
2347 2639 2593 2708 corporis
2617 2637 2885 2707 subjuget,
2917 2637 3040 2692 aliis
3066 2652 3193 2693 vero
3239 2636 3397 2691 cedat
3423 2644 3478 2690 et
3535 2707 3539 2714 ι

1914 2731 2210 2802 subjaceat,
2233 2731 2300 2788 de
2336 2732 2440 2787 isto
2474 2747 2581 2787 non
2617 2732 2824 2801 integre
2855 2729 3050 2786 dicitur
3113 2730 3239 2800 quia
3270 2730 3476 2800 princi-

1913 2833 2100 2895 patum
2121 2825 2233 2897 agit
2263 2824 2426 2882 totius
2458 2835 2615 2880 terra:
2666 2823 2908 2896 IEgypti,
2942 2825 3054 2890 sed,
3090 2824 3238 2879 verbi
3289 2838 3473 2891 causa,

1915 2917 2072 2972 unius
2095 2916 2254 2984 forte,
2294 2927 2386 2973 aut
2413 2919 2660 2982 duarum,
2689 2917 2771 2972 vel
2798 2918 2961 2971 trium
3011 2917 3289 2971 civitatum
3325 2915 3477 2981 vide-

1913 3006 2061 3060 bitur
2116 3021 2304 3076 gerere
2351 3007 2738 3077 principatum.
2787 3007 2988 3078 Ioseph
3020 3023 3167 3073 vero,
3208 3007 3296 3062 cui
3327 3004 3472 3059 nulla

1913 3096 2156 3165 corporis
2202 3096 2367 3152 libido
2409 3097 2686 3153 dominata
2739 3109 2841 3165 est,
2887 3099 3053 3154 totius
3079 3095 3470 3167 Egyptiprin—

1911 3201 2035 3258 ceps
2062 3195 2116 3242 et
2165 3187 2416 3242 dominus
2469 3185 2590 3242 fuit.
2638 3188 2776 3244 Dicit
2824 3203 2956 3259 ergo
3008 3202 3113 3242 non
3141 3186 3252 3255 jam
3283 3183 3468 3247 Iacob,

1909 3283 2002 3338 sed
2051 3280 2213 3336 Israel
2254 3296 2548 3336 reaccenso
2578 3282 2770 3351 spiritu
2800 3299 2813 3334 :
2851 3280 3103 3352 Magnum
3135 3279 3262 3332 mihi
3295 3287 3393 3344 est,
3426 3280 3472 3332 si

1908 3374 2078 3425 adhuc
2100 3371 2289 3441 Ioseph
2317 3372 2458 3440 [ilius
2483 3388 2624 3427 meus
2647 3374 2786 3438 vivit,
2828 3374 2911 3427 ibo
2941 3381 2987 3426 et
3013 3370 3194 3426 videbo
3235 3387 3353 3426 eum
3375 3386 3472 3423 an-

1909 3471 2114 3534 tequam
2160 3466 2384 3520 moriar.
2429 3466 2536 3520 Sed
2591 3481 2660 3521 ne
2693 3466 2795 3520 hoc
2827 3465 3042 3535 quidem
3075 3464 3250 3518 otiose
3304 3461 3471 3517 relin-

1907 3557 2173 3625 quendum
2206 3565 2311 3623 est,
2342 3557 2486 3628 quod
2516 3573 2620 3614 non
2641 3559 2897 3622 animam,
2923 3557 3018 3612 sed
3050 3555 3322 3624 Spiritum,
3349 3563 3465 3608 tan~

1907 3662 2064 3716 quam
2097 3648 2377 3704 meliorem
2409 3649 2491 3702 sui
2544 3657 2776 3718 partem,
2833 3646 3239 3712 resuscitatum,
3267 3645 3353 3701 vel
3380 3661 3467 3700 re-

1909 3754 2196 3795 accensum
2223 3741 2375 3795 dicit.
2407 3739 2675 3809 Splendor
2706 3739 2906 3795 etenim
2955 3739 3115 3804 lucis,
3148 3739 3238 3808 qui
3267 3743 3384 3792 erat
3411 3739 3476 3792 in

1907 3844 1992 3895 eo,
2017 3831 2180 3885 etiam
2207 3831 2252 3885 si
2286 3831 2586 3886 exstinctus
2614 3832 2666 3884 iu
2698 3845 2762 3884 eo
2798 3831 3012 3898 penitus
3045 3845 3154 3884 non
3183 3837 3267 3884 est
3290 3869 3306 3896 ,
3339 3841 3468 3883 tunc

1906 3939 2028 3978 cum
2053 3924 2365 3978 obtulerunt
2393 3923 2483 3978 lilii
2516 3925 2632 3992 ejus
2665 3924 2904 3978 tunicam
2930 3922 3146 3989 Ioseph,
3173 3923 3314 3977 haedi
3341 3938 3467 3976 san-

1906 4013 2068 4083 guine
2099 4014 2442 4079 maculatam,
2488 4015 2582 4070 sed
2628 4013 2908 4070 mendacio
2949 4029 3135 4069 eorum
3165 4014 3337 4083 decipi
3369 4028 3466 4083 po-

1907 4106 2028 4168 tuit,
2060 4105 2132 4158 ita
2189 4113 2247 4158 ut
2295 4106 2567 4160 scinderet
2614 4106 2934 4161 vestimenta
2981 4121 3097 4172 sua,
3144 4115 3197 4159 et
3238 4115 3467 4175 poneret

1904 4209 2119 4248 saccum
2143 4211 2307 4264 super
2330 4195 2566 4250 lumbum
2590 4207 2838 4263 suum,et
2858 4197 3066 4267 lugeret
3085 4195 3257 4250 filium
3282 4211 3463 4262 suum,

1904 4301 2001 4340 nec
2030 4287 2194 4341 vellet
2221 4287 2441 4341 omnino
2473 4290 2762 4354 consolari,
2814 4289 2908 4343 sed
2951 4289 3187 4353 diceret,
3222 4287 3348 4358 quia
3373 4287 3465 4340 de‘

1903 4380 2088 4432 scendo
2121 4381 2188 4433 ad
2219 4379 2383 4450 filium
2413 4397 2582 4435 meum
2624 4381 2802 4451 lugens
2843 4381 2895 4434 in
2936 4379 3196 4449 infernum
3223 4378 3299 4445 ⁸⁶;
3335 4387 3463 4433 tunc

241 4469 289 4520 ei
311 4466 686 4520 attnuntiatum
714 4469 780 4522 de
826 4470 931 4522 vita
977 4467 1114 4537 ejus.
1148 4469 1314 4524 veluti
1353 4468 1621 4525 defecerat
1646 4471 1700 4525 in
1736 4487 1800 4526 eo
1832 4486 1876 4540 ι)
1904 4469 2063 4523 etiam
2095 4471 2161 4535 si,
2204 4479 2264 4523 ut
2293 4469 2550 4537 diximus,
2584 4485 2688 4524 non
2720 4477 2838 4523 erat
2877 4470 3094 4539 penitus
3136 4466 3460 4521 exstinctum

241 4559 462 4623 spiritus
486 4557 628 4625 ejus,
659 4569 713 4612 et
737 4559 913 4614 lumen
947 4563 1088 4630 quod
1117 4563 1168 4615 in
1218 4562 1335 4631 ipso
1367 4550 1496 4626 fuit,
1544 4562 1799 4618 fomentis

242 4650 745 4717 deﬁcientibusjam
776 4651 953 4705 fuerat
1000 4651 1368 4707 obscuratum.
1407 4652 1505 4708 Ubi
1537 4669 1666 4708 vero
1706 4669 1797 4708 ve-

243 4751 454 4804 nerunt,
485 4742 576 4810 qui
601 4742 648 4796 ei
678 4744 1060 4797 annuntiarent
1084 4744 1149 4797 de
1170 4746 1277 4797 vita
1310 4745 1448 4813 ejus,
1493 4745 1542 4799 id
1574 4754 1657 4798 est
1703 4750 1795 4814 qui

244 4833 504 4898 dicerent,
541 4834 665 4902 quia
688 4834 796 4888 vita
821 4844 932 4887 erat
957 4834 1049 4887 lua:
1069 4836 1338 4890 hominum
1362 4837 1431 4899 “,
1491 4839 1798 4890 reaccendit

243 4925 294 4977 in
314 4940 373 4980 se
404 4925 655 4994 spiritum
685 4941 865 4991 suum,
890 4936 946 4983 et
987 4937 1270 4998 reparatus
1292 4937 1375 4981 est
1404 4928 1454 4981 in
1505 4941 1570 4982 eo
1621 4925 1797 4998 fulgor

242 5015 459 5072 luminis
493 5017 623 5072 veri.

307 5109 360 5163 ὃ.
400 5109 556 5177 Quod
615 5122 797 5166 autem
848 5115 1019 5182 possit
1073 5114 1344 5168 interdum
1391 5114 1607 5170 divinus
1655 5115 1797 5185 ignis

240 5200 504 5271 exstingui
527 5202 694 5256 etiam
727 5205 779 5258 iu
812 5209 1014 5260 sanctis
1035 5212 1090 5258 et
1119 5205 1388 5268 ﬁdelibus,
1427 5207 1550 5259 audi
1583 5216 1796 5274 aposto-

243 5287 344 5343 lum
365 5291 589 5348 Paulum
617 5295 1012 5364 praecipientem
1037 5297 1144 5358 his.
1174 5297 1265 5366 qui
1310 5299 1448 5353 dona
1477 5299 1710 5368 Spiritus
1742 5307 1797 5353 et

1906 4561 1959 4612 in
1992 4575 2056 4614 eo
2083 4559 2282 4624 lumen,
2309 4562 2546 4614 maxima
2577 4571 2754 4615 tamen
2791 4576 2856 4616 ex
2881 4570 3036 4630 parte
3063 4559 3242 4612 fuerat
3263 4557 3458 4611 obscu-

1903 4659 2104 4715 ratum,
2141 4653 2282 4720 quod
2334 4653 2503 4720 decipi
2539 4653 2730 4720 potuit,
2779 4653 2922 4720 quod
2951 4652 3271 4706 vestimenta
3315 4649 3459 4704 scin-

1905 4745 2051 4808 dere,
2083 4743 2224 4812 quod
2275 4743 2410 4799 falso
2457 4743 2656 4812 lugere,
2718 4748 2858 4812 quod
2899 4726 3185 4813 implorare
3206 4752 3457 4805 mortem,

1905 4835 2046 4903 quod
2070 4835 2122 4888 in
2156 4833 2425 4888 infernum
2456 4845 2679 4905 cuperet
2702 4835 2929 4905 lugendo
2951 4834 3301 4889 descendere.
3322 4831 3458 4886 Proo-

1903 4934 2024 4995 pter
2049 4927 2163 4980 haec
2192 4939 2321 4994 ergo
2351 4941 2493 4980 nunc
2522 4928 2809 4982 resuscitat
2862 4935 2915 4980 et
2953 4924 3259 4980 reaccendit
3298 4923 3459 4992 spiri-

1906 5029 2016 5072 tum
2051 5032 2226 5085 suum,
2257 5019 2384 5089 quia
2425 5033 2765 5090 consequens
2793 5029 2935 5084 erat,
2975 5026 3033 5072 ut
3078 5017 3283 5082 lumen,
3314 5017 3458 5087 quod

1906 5113 1956 5165 in
1979 5126 2044 5165 eo
2075 5111 2457 5165 obscuraverat
2481 5113 2630 5166 fraus
2661 5112 2951 5176 mendacii,
2987 5109 3372 5166 reaccenderet
3401 5117 3457 5161 et

1903 5205 2169 5261 refoveret
2195 5207 2438 5261 veritatis
2463 5205 2696 5260 auditus.
3035 5207 3037 5209 ’

1971 5298 2022 5352 4.
2064 5297 2259 5353 Verum
2288 5289 2414 5368 quia
2443 5298 2696 5364 diximus,
2717 5297 2861 5366 quod
2888 5294 3053 5352 Iacob
3076 5303 3157 5350 est
3186 5293 3274 5364 qui
3303 5304 3453 5346 reac-

309 5451 350 5483 "
385 5449 584 5505 Ezech.
623 5467 780 5516 xvttt,
813 5451 868 5505 4.
939 5451 986 5485 ⁸⁸
1010 5453 1142 5507 Dan.
1169 5468 1287 5516 xm,
1343 5453 1433 5508 22.
1506 5451 1549 5484 ⁸³
1582 5451 1777 5506 Genes.

1921 5453 2006 5506 I7.
2081 5454 2125 5485 ⁵ο
2153 5451 2352 5508 Genes.
2385 5467 2467 5515 ιιι.
2491 5451 2546 5506 4.
2621 5451 2868 5506 “Genes.
2893 5466 3018 5516 λιν,
3049 5448 3142 5503 9.7.
3213 5445 3260 5479 ⁸³
3288 5441 3446 5499 Ioan.

243 5536 281 5588 ι,
314 5519 364 5573 ι.
436 5522 481 5554 ⁸⁸
528 5521 548 5575 ι
585 5522 781 5578 Thess.
809 5536 862 5585 v,
889 5522 975 5577 I9.
1049 5523 1096 5554 “
1141 5522 1336 5578 Genes.
1385 5538 1508 5588 XLV,
1552 5523 1644 5588 27,
1676 5520 1764 5575 28.

1918 5523 2082 5588 ibid...
2102 5523 2194 5581 26.
2268 5524 2313 5554 '°
2337 5523 2530 5578 Genes.
2563 5536 2770 5586 xum,
2799 5521 2888 5577 55.

329 5638 412 5699 98)
445 5639 598 5702 Mss.,
631 5639 849 5699 viveret,
880 5639 1031 5704 alias,
1055 5640 1268 5695 vivebat.

304 5638 410 5777 ἔξω)
435 5709 597 5773 Editi,
639 5709 952 5764 resuscitare
980 5726 1130 5777 quam
1172 5727 1268 5766 reae

325 5707 410 5780 99)
435 5709 597 5773 Editi,
639 5709 952 5764 resuscitare
980 5726 1130 5778 quam
1172 5712 1569 5768 reaccendere...
1600 5723 1645 5766 et
1681 5713 1919 5782 reignire.
1947 5710 2017 5766 At
2048 5725 2173 5767 mss.
2207 5719 2264 5766 ut
2290 5709 2342 5764 in
2378 5717 2561 5766 nostro
2593 5718 2769 5764 textu.
