4050 6142
509 363 616 419 243

2006 343 2327 403 ORIGENIS

3665 321 3783 378 Ξεὸ

506 480 693 539 eundi!
732 444 981 556 spiritum
1009 495 1203 544 suum;
1252 474 1423 533 Israel
1453 488 1584 531 vero
1628 480 1734 537 est,
1768 469 1861 542 qui
1902 465 2083 531 dicit;
2116 463 2164 520 Α
2192 460 2375 522 dabat,
2411 454 2575 512 Israel
2602 452 3001 556 appellabat-ur.
3029 449 3176 556 sane
3207 447 3355 556 quod
3382 445 3608 556 dicitur:
3634 447 3768 556 quia

511 573 675 642 Μῶφι
691 596 777 634 um
796 578 926 631 mihi
950 586 1049 642 est,
1072 575 1118 629 si
1143 573 1314 628 adhuc
1358 570 1500 624 filius
1528 585 1673 623 meus
1700 564 1897 634 Ioseph
1945 563 2091 626 uiuit,

511 674 667 736 Ροιθε
730 680 785 727 et
814 678 892 735 tu,
919 668 1011 739 qui
1065 668 1181 722 haec
1231 664 1407 727 audis,
1438 661 1705 731 incipiens
1745 658 1812 712 ab
1845 671 1910 711 eo
1948 655 2092 720 loco,

510 754 599 807 ubi
627 767 687 808 sc
702 761 902 829 riplum
924 767 1009 814 est
1038 759 1107 823 ⁵⁷,
1126 757 1249 827 quia
1283 755 1418 809 dixit
1453 754 1520 815 ei,
1549 751 1666 807 1am
1694 767 1796 805 non
1818 748 1983 804 Iacob
2006 764 2095 802 uo-

511 842 728 904 ϐαθεῖαν
766 865 956 903 nomen
1002 856 1170 909 tuum,
1203 845 1295 900 sed
1339 842 1530 906 Israel,
1555 841 1681 913 quia
1712 838 1987 894 iuvaluisti
2023 840 2093 891 ad

512 934 715 1008 Dwm,
744 953 793 997 et
833 958 954 996 cum
988 939 1281 994 hominibus
1319 946 1499 1006 potens
1539 935 1712 1004 {actus
1744 947 1830 997 es;
1875 946 2090 987 omnem

512 1027 858 1106 scripturam
896 1035 1215 1097 decurrens,
1247 1032 1495 1087 invenire
1521 1029 1681 1097 hujus
1708 1027 1955 1084 vocabuli
1989 1025 2094 1082 dil-

516 1124 832 1182 ferentiam.
863 1123 1023 1179 Verbi
1049 1137 1236 1189 causa,
1265 1137 1389 1177 cum
1420 1121 1552 1176 dicit
1579 1120 1626 1153 ⁸⁸
1649 1136 1663 1172 :
1701 1119 1969 1174 Aununtia
1992 1118 2062 1170 mi
2072 1146 2092 1158 -

516 1217 574 1271 hi
594 1233 781 1272 nomen
811 1225 980 1281 tuum,
1006 1216 1094 1271 hic
1118 1216 1165 1271 is
1191 1215 1281 1285 qui
1308 1214 1520 1283 ignorat
1552 1226 1773 1279 nomen,
1795 1226 1900 1265 non
1921 1209 2089 1265 Israel

517 1325 639 1365 esse
664 1309 885 1374 dicitur,
910 1308 1005 1363 sed
1026 1304 1216 1363 Jacob.
1245 1305 1347 1362 Ubi
1378 1320 1635 1360 veronon
1667 1305 1827 1359 edunt
1853 1318 2088 1367 nervum,

517 1403 612 1474 qui
637 1401 901 1471 obstupuit
958 1401 1017 1454 in
1065 1399 1343 1454 latitudine
1397 1398 1611 1467 femoris
1661 1396 1987 1468 patriarchas
2019 1395 2088 1463 ",

517 1510 629 1550 non
664 1493 762 1548 lilii
807 1492 999 1556 Jacob,
1047 1492 1144 1547 sed
1188 1489 1287 1544 ﬁlii
1318 1489 1484 1545 Israel
1528 1503 1650 1544 esse
1684 1488 1963 1542 dicuntur.
1994 1485 2090 1541 Ille

517 1595 647 1635 vero
671 1580 761 1648 qui
796 1579 1117 1649 respiciens,
1154 1576 1293 1632 vidit
1321 1577 1465 1632 Esau
1500 1577 1832 1640 venientem,
1883 1584 1937 1631 et
1961 1591 2087 1631 cum

518 1672 637 1741 ipso
662 1672 1087 1741 quadringentos
1118 1669 1290 1738 viros,
1326 1680 1379 1726 et
1404 1670 1655 1725 adoravit
1687 1670 1891 1739 septies
1912 1668 2089 1724 forni-

517 1776 783 1832 catorem,
833 1774 889 1822 et
941 1766 1252 1837 profanum,
1300 1774 1354 1821 et
1390 1778 1514 1819 eum
1549 1764 1644 1834 qui
1673 1778 1774 1834 pro
1824 1779 1929 1818 una
1961 1777 2086 1818 esca

516 1825 1168 1931 vendidit'prim'ogenita
1222 1825 1341 1921 sua.
1391 1872 1499 1912 non
1548 1825 1737 1916 Israel.
1791 1855 1886 1910 sed
1918 1853 2091 1910 Jacob
2122 1825 2167 1881 Β

516 1950 733 2004 dicitur.
786 1948 893 2005 Sed
935 1956 1138 2005 etcum
1172 1949 1221 2005 ei
1263 1946 1422 2003 oﬂ‘ert
1451 1948 1626 2013 dona,
1674 1946 1884 2002 etdicit
1911 1945 1955 1977 ⁸ο
1982 1963 1997 2000 :
2029 1943 2089 1999 Si

516 2043 697 2097 inueni
713 2044 938 2114 gratiam
966 2059 1139 2099 coram
1174 2053 1244 2107 te,
1272 2042 1473 2109 suscipe
1497 2040 1609 2094 luet:
1632 2054 1852 2094 munera
1877 2038 1942 2092 de
1970 2054 2087 2092 ma-

518 2135 672 2188 nibus
705 2135 849 2196 meis,
886 2144 1097 2205 propter
1122 2137 1261 2205 quod
1289 2132 1395 2186 vidi
1423 2131 1612 2201 [aciem
1634 2141 1802 2192 tuam.
1828 2131 1964 2185 sicut
1994 2134 2087 2203 qui

514 2225 653 2280 uidet
672 2225 863 2296 faciem
890 2227 1027 2291 Dei;
1063 2226 1153 2281 hic
1181 2241 1286 2281 non
1318 2237 1436 2283 erat
1464 2226 1652 2294 Israel,
1683 2230 1778 2286 sed
1807 2229 1998 2287 Jacob.
2021 2229 2090 2284 Et

516 2320 607 2374 ubi
633 2320 987 2389 audivitquia
1014 2320 1381 2377 contaminata
1421 2329 1507 2377 est
1539 2323 1674 2377 Dina
1713 2324 1824 2378 ﬁlia
1855 2323 1995 2394 ejus,
2031 2332 2089 2378 et

516 2411 685 2467 tacuit
732 2409 935 2477 J‘acob,
997 2414 1285 2483 usquequo
1352 2415 1710 2471 convenirent
1770 2415 1865 2472 ﬁlii
1927 2414 2084 2484 ejus;

514 2519 621 2558 non
677 2504 876 2560 dicitur
906 2504 1092 2562 Israel.
1123 2504 1231 2561 Sed
1286 2516 1342 2562 et
1369 2516 1451 2576 tu,
1513 2519 1572 2564 ut
1608 2509 1755 2575 dixi,
1811 2508 2010 2565 similia
2041 2509 2085 2565 si

515 2594 1114 2659 observes,’invenies.
1173 2595 1230 2652 In
1301 2601 1556 2667 praesenti
1612 2601 1776 2672 igitur
1827 2600 2085 2667 lectione,

514 2696 624 2735 non
676 2679 869 2748 Jacob,
923 2684 1019 2739 sed
1077 2685 1240 2741 Israel
1304 2688 1759 2770 dicitzM‘agnum
1812 2692 1943 2746 mihi
1986 2699 2084 2756 est,

514 2772 562 2825 si
606 2771 787 2827 adhuc
827 2774 969 2840 ﬁlius
1039 2794 1185 2835 meus
1235 2778 1431 2851 Ioseph
1485 2782 1632 2837 uiuit.
1685 2782 1794 2839 Sed
1853 2794 1909 2838 et
1958 2799 2085 2839 cum

519 2862 674 2935 101
706 2866 938 2924 venitad
972 2882 1196 2941 puteum
1230 2871 1555 2938 lui-amenti,
1586 2883 1644 2929 et
1682 2874 1842 2931 ollert
1867 2877 2075 2933 hostias

512 2952 629 3014 Deo
658 2955 830 3030 patris
858 2960 939 3014 sui
963 2958 1137 3026 Isaac,
1169 2976 1275 3015 non
1307 2958 1477 3017 Iacob
1512 2962 1731 3027 dicitur,
1764 2962 1859 3018 sed
1898 2962 2083 3019 Israel.

516 3049 719 3105 Verum
746 3051 792 3106 si
843 3051 1089 3121 requiras
1115 3092 1130 3119 ,
1162 3067 1265 3107 cur
1296 3052 1350 3107 in
1397 3051 1516 3108 visu
1564 3063 1723 3109 nocte
1753 3051 1982 3124 loquens
2017 3052 2085 3108 ad

515 3156 640 3241 eum
664 3141 952 3241 Deus,non
984 3142 1115 3197 dicit
1136 3141 1327 3241 Israel,
1352 3142 1447 3198 sed
1478 3142 1669 3208 Iacob,
1701 3142 1839 3198 forte
1867 3153 2089 3214 propter
2119 3178 2166 3241 c

519 3235 648 3293 hoc.
685 3234 811 3303 quia
836 3248 940 3287 nox
968 3242 1109 3298 erat,
1141 3242 1196 3288 et
1217 3234 1395 3289 adhuc
1416 3249 1513 3304 per
1542 3235 1740 3301 visum,
1768 3244 1824 3288 et
1854 3236 2091 3290 nondum

517 3325 694 3395 palam
718 3341 903 3382 vocem
930 3325 1020 3381 Dei
1045 3325 1235 3381 audire
1266 3325 1597 3381 merebatur.
1620 3325 1689 3380 Et
1707 3341 1831 3382 cum
1855 3326 2021 3381 intrat
2038 3327 2093 3381 iu

515 3418 832 3491 Egyptum,
865 3434 970 3473 non
1005 3418 1193 3486 Israel,
1217 3419 1312 3475 sed
1342 3417 1509 3474 Iacob
1531 3418 1751 3486 dicitur,
1783 3428 1837 3474 et
1860 3418 1953 3473 lilii
1977 3418 2092 3487 ejus

517 3529 642 3568 cum
674 3514 815 3583 ipso,
835 3522 892 3568 et
921 3526 1043 3567 cum
1067 3521 1174 3567 stat
1196 3520 1324 3567 ante
1349 3510 1714 3579 Pharaonem,
1732 3519 1792 3565 ut
1810 3511 2097 3566 benedicat

518 3621 669 3671 eum,
695 3620 803 3661 non
839 3604 1025 3673 Israel,
1055 3604 1152 3660 sed
1179 3603 1350 3660 Jacob
1381 3605 1715 3661 nominatur.
1740 3602 1924 3675 Neque
1946 3605 2090 3660 enim

516 3697 769 3768 capiebat
788 3697 1003 3753 Pharao
1019 3697 1232 3753 Israelis
1251 3696 1702 3753 benedictionem.
1716 3697 1783 3752 Et
1799 3695 1969 3753 Jacob
1986 3714 2097 3755 non

519 3789 683 3843 Israel
708 3799 817 3854 eat,
841 3789 931 3858 qui
981 3788 1115 3845 dicit
1147 3789 1215 3845 ad
1261 3787 1604 3844 Pharaonem
1630 3827 1646 3854 ,
1679 3790 1806 3858 quia
1836 3790 1989 3859 parvi
2037 3799 2094 3845 et

518 3881 740 3949 pessimi
761 3890 885 3937 sunt
910 3882 1023 3936 dies
1047 3881 1169 3938 vitae
1197 3897 1306 3937 sua:
1330 3882 1397 3935 σί.
1422 3880 1573 3950 Quod
1598 3881 1787 3951 utique
1816 3897 2089 3952 nunquam

519 3975 728 4030 diceret
758 3962 943 4030 Israel.
969 3973 1101 4032 Post
1133 3976 1247 4031 llaec
1279 3989 1435 4043 vero,
1464 3991 1571 4030 non
1598 3975 1666 4031 de
1690 3974 1879 4040 Jacob,
1905 3974 1998 4030 sed
2026 3976 2092 4029 de

517 4065 684 4122 Israel
715 4068 914 4123 dicitur
937 4067 1004 4133 “,
1033 4070 1159 4138 quia
1191 4071 1387 4124 uocauit
1412 4068 1583 4138 [ilium
1616 4085 1769 4124 suum
1796 4068 2013 4139 Ioseph,
2040 4077 2092 4122 et

515 4159 656 4215 dixit
683 4161 731 4215 ei
773 4173 790 4213 :
841 4159 902 4216 Si
931 4161 1103 4215 inueni
1135 4166 1359 4232 gratiam
1408 4163 1463 4216 in
1495 4173 1773 4231 conspectu
1816 4153 1931 4225 tuo,
1960 4177 2092 4231 pone

515 4267 735 4306 manum
780 4261 927 4306 tuam
955 4254 1051 4307 sub
1083 4253 1278 4321 femore
1310 4270 1446 4317 meo,
1491 4264 1541 4308 et
1592 4254 1753 4324 [acies
1797 4270 1955 4323 super
2010 4268 2090 4307 me

517 4346 934 4400 misericordiam
972 4354 1022 4399 et
1056 4346 1346 4401 ueritatem.
1410 4347 1480 4402 Et
1515 4350 1607 4418 qui
1630 4348 1879 4406 adoravit
1929 4362 2091 4416 super

517 4439 797 4509 fastigium
827 4441 993 4511 virgae
1019 4438 1242 4510 Joseph,
1270 4456 1378 4496 non
1410 4451 1533 4495 erat
1560 4440 1753 4505 Iacob,
1777 4443 1872 4497 sed
1900 4441 2084 4497 Israel.

2201 551 2531 623 sepelierunt
2556 547 2865 619 sepultores
2885 546 3100 617 Egypti
3123 559 3227 598 non
3250 540 3439 604 Iacob,
3462 539 3556 594 sed
3580 535 3775 602 Israel,

2200 646 2422 717 grandis
2454 644 2671 700 videtur
2691 641 2940 714 quaestio.
2972 640 3077 695 Sed
3108 653 3209 709 ego
3234 636 3492 695 arbitror,
3526 632 3668 703 quod
3695 631 3774 686 il-

2199 737 2377 793 lorum
2406 738 2459 792 in
2486 737 2592 792 hoc
2618 736 2806 790 vitium
2830 739 3152 803 exponatur,
3174 727 3394 799 quibus,
3420 738 3520 797 pro
3541 738 3605 779 eo
3621 720 3777 793 quod

2198 845 2398 887 exosus
2428 839 2515 885 est
2546 829 2725 883 omnis
2780 825 3087 881 intellectus
3122 823 3388 877 bonorum
3416 858 3438 884 ,
3481 825 3538 873 et
3586 816 3773 871 omnis

2198 925 2540 996 perspicacia
2567 921 2941 994 intelligentiae
2974 916 3230 977 caelestis,
3260 911 3428 968 Israel
3479 908 3550 965 ab
3571 908 3650 966 eis
3676 924 3775 964 se-

2197 1018 2355 1090 peliri
2386 1019 2635 1085 dicatur;
2665 1016 2792 1087 quia
2826 1013 2966 1085 apud
2994 1010 3187 1082 impios
3210 1007 3387 1064 sancti
3414 1002 3613 1060 mortui
3637 1011 3774 1058 sunt

2197 1123 2252 1170 et
2284 1112 2502 1183 sepulti.
2535 1111 2661 1165 Haec
2713 1110 2767 1163 in
2801 1114 3061 1178 quantum
3100 1104 3167 1156 ad
3198 1113 3440 1170 praesens
3468 1107 3774 1151 occurrere

2196 1205 2373 1274 potuit
2402 1204 2466 1259 de
2496 1200 2795 1259 differentia
2829 1197 2998 1255 Jacob
3029 1203 3086 1275 et
3108 1192 3299 1259 Israel,
3330 1201 3631 1247 memorata
3654 1189 3775 1244 sint

2196 1297 2374 1352 nobis.

2239 1388 2321 1442 '5.
2354 1387 2585 1459 Dignum
2609 1398 2740 1441 sane
2780 1391 2900 1455 post
2926 1383 3042 1438 haec
3074 1380 3290 1434 videtur
3317 1374 3518 1431 intueri
3546 1383 3602 1428 et
3634 1385 3770 1442 pro-

2196 1482 2433 1549 spicere,
2462 1493 2580 1548 qua
2609 1476 2677 1530 ad
2713 1477 2890 1545 ipsum
2933 1474 3076 1528 Deus
3098 1471 3377 1541 loquatur,
3411 1476 3466 1521 et
3492 1464 3775 1534 quomodo

2195 1585 2341 1635 eum,
2372 1569 2521 1628 velut
2550 1568 2617 1623 ad
2643 1565 2907 1637 quosdam
2950 1577 3154 1635 agones
3182 1558 3612 1632 proﬁciscentem
3640 1569 3772 1609 cor-

2197 1662 2468 1717 roborans
2518 1671 2572 1715 et
2616 1659 2933 1722 cohortans,
2967 1656 3148 1711 mittat
3195 1655 3263 1709 ad
3297 1651 3612 1722 Egyptum.
3674 1647 3773 1701 Ait

2195 1754 2342 1808 enim
2366 1752 2451 1807 “z
2485 1750 2615 1807 Noli
2642 1753 2822 1805 timere
2860 1749 3174 1803 descendere
3212 1746 3270 1799 in
3317 1740 3630 1813 Egyptum,
3659 1739 3766 1793 hoc

2195 1846 2533 1903 estdicere:
2574 1844 2974 1914 Congressurus
3028 1839 3291 1894 adversus
3342 1835 3680 1904 principatus
3711 1842 3772 1888 et

2196 1944 2515 2007 potestates,
2540 1943 2596 1989 et
2620 1936 2882 1988 adversus
2919 1927 3108 1984 mundi
3136 1924 3295 1996 hujus
3326 1923 3439 1992 (qui
3469 1919 3771 1991 ﬁguraliter

2196 2027 2467 2102 Egyptus
2493 2024 2842 2099 appellatur)
2874 2032 3114 2079 rectores
3165 2019 3512 2074 tenebrarum
3545 2014 3767 2077 barum,

2195 2124 2306 2179 noli
2339 2126 2553 2190 timere,
2589 2121 2693 2177 noli
2723 2120 3015 2191 trepidare.
3037 2114 3192 2183 Quod
3227 2113 3269 2169 si
3297 2120 3353 2168 et
3377 2124 3597 2166 causam
3622 2108 3770 2163 scire

2194 2218 2277 2272 vis
2313 2230 2415 2271 cur
2469 2215 2662 2270 timere
2716 2228 2822 2267 non
2875 2210 3116 2274 debeas,
3171 2206 3294 2261 audi
3344 2202 3763 2274 promissionem

2195 2328 2372 2367 meam
2411 2310 2455 2343 ⁸⁸
2487 2326 2503 2367 :
2535 2306 2603 2363 In
2646 2316 2851 2378 gentem
2881 2304 3023 2360 enim
3055 2315 3303 2372 magnam
3332 2296 3527 2367 faciam
3578 2306 3628 2349 te
3667 2293 3764 2359 ibi,

2193 2415 2242 2461 et
2275 2404 2590 2459 descendant
2620 2412 2787 2455 tecum
2826 2395 2885 2451 in
2905 2395 3197 2466 .Egyptum
3220 2433 3235 2459 ,
3288 2403 3334 2448 et
3374 2406 3466 2462 ego
3513 2398 3563 2442 te
3610 2401 3767 2441 revo-

2194 2498 2323 2551 cabo
2356 2498 2477 2551 inde
2505 2496 2560 2549 in
2596 2493 2780 2562 ﬁnem.
2831 2489 2947 2544 Non
2978 2502 3108 2556 ergo
3142 2489 3297 2540 timet
3329 2481 3659 2539 descendere
3707 2479 3762 2532 in

2193 2586 2489 2660 Egyptqu
2515 2627 2530 2655 ,
2564 2600 2673 2640 non
2704 2583 2859 2638 timet
2907 2594 3107 2650 agones
3139 2577 3296 2647 bujus
3337 2572 3523 2628 mundi
3558 2579 3611 2625 et
3663 2568 3766 2624 ob-

2194 2679 2501 2735 sistentium
2531 2677 2831 2732 daemonum
2859 2673 3044 2728 subire
3077 2667 3373 2725 certamina
3396 2706 3414 2731 ,
3471 2678 3595 2720 cum
3653 2674 3766 2729 quo

2194 2771 2479 2843 in‘agones
2523 2765 2865 2823 descenderit
2904 2763 3067 2817 Deus.
3098 2758 3341 2829 Denique
3384 2755 3509 2810 audi
3541 2761 3762 2822 aposto—

2193 2862 2304 2916 lum
2329 2859 2550 2917 Paulum
2574 2859 2843 2928 dicentem
2868 2872 2883 2909 :
2913 2853 3168 2922 Amplius,
3200 2850 3373 2921 inquit
3398 2846 3463 2914 “,
3486 2863 3576 2917 ego
3602 2860 3764 2915 quam

2193 2944 2371 3013 omnes
2396 2954 2477 3008 illi
2503 2952 2759 3016 laboravi,
2793 2966 2896 3004 non
2924 2958 3098 3001 autem
3149 2962 3241 3014 ego
3271 2985 3286 3009 ,
3318 2942 3410 2997 sed
3455 2940 3628 3010 gratia
3662 2938 3765 2991 Dei

2194 3030 2421 3107 mecum.
2453 3047 2561 3102 Sed
2606 3060 2729 3101 cum
2761 3039 3148 3112 Hierosolymis
3179 3038 3437 3092 adversus
3461 3048 3585 3088 eum
3612 3046 3765 3087 com-

2196 3151 2342 3198 mota
2379 3139 2574 3195 luisset
2602 3138 2841 3202 seditio,
2890 3144 2945 3190 et
2970 3145 3196 3203 agonem
3252 3126 3610 3184 clarissimum
3662 3138 3770 3194 pro

2195 3233 2364 3287 verbo
2391 3240 2446 3285 et
2472 3227 2860 3301 praedicatione
2901 3223 3113 3280 Domini
3141 3220 3446 3283 desudaret,
3487 3214 3660 3270 astitit
3709 3213 3765 3268 ei

2198 3321 2497 3385 Dominus,
2552 3329 2609 3375 et
2656 3318 2794 3373 dixit
2846 3317 3036 3372 eadem
3068 3328 3189 3382 quae
3224 3324 3367 3365 nunc
3393 3308 3646 3364 dicuntur
3694 3304 3769 3360 ad

2195 3412 2400 3467 Israel:
2436 3410 2589 3477 Noli,
2624 3408 2800 3480 inquit
2824 3407 2889 3471 ⁸⁷,
2919 3407 3118 3470 timere,
3153 3402 3343 3466 Paule,
3370 3401 3496 3470 quia
3523 3401 3655 3453 sicut
3690 3388 3770 3451 te-

2193 3508 2458 3579 stiﬁcatus
2504 3522 2557 3560 es
2588 3504 2654 3559 de
2695 3520 2777 3558 me
2818 3498 3198 3569 Hierosolymis
3222 3534 3237 3562 ,
3275 3496 3350 3548 ita
3403 3504 3452 3548 te
3490 3501 3686 3564 oportet
3710 3498 3765 3545 et

2194 3602 2373 3657 Roma:
2402 3597 2761 3653 testimonium
2802 3597 2950 3648 dare.
2973 3591 3174 3647 Verum
3198 3605 3299 3661 ego
3331 3588 3564 3667 amplius
3589 3586 3766 3639 adhuc

2193 3695 2397 3764 aliquid
2421 3695 2524 3749 hoc
2553 3693 2605 3746 in
2642 3691 2763 3746 loco
2796 3688 3033 3743 arbitror
3067 3686 3240 3742 latere
3285 3683 3554 3757 mysterii.
3587 3680 3770 3735 Movet

2192 3787 2339 3843 enim
2372 3799 2458 3840 me
2490 3784 2636 3854 quod
2662 3780 2805 3836 dixit
2835 3778 2880 3811 ⁸⁸
2906 3797 2921 3833 :
2950 3776 3019 3832 In
3052 3787 3255 3847 gentem
3285 3790 3529 3846 magnam
3569 3771 3766 3841 faciam

2192 3890 2241 3935 te
2271 3889 2320 3933 et
2350 3877 2667 3932 descendam
2709 3884 2877 3926 tecum
2916 3872 2972 3924 in
3003 3868 3315 3940 zEgyptum,
3362 3877 3411 3922 et
3449 3868 3569 3941 inde
3595 3875 3640 3918 te
3675 3880 3766 3917 re-

2192 3971 2387 4027 vocabo
2420 3970 2478 4022 in
2512 3968 2693 4037 tinem.
2731 3966 2866 4034 Quis
2918 3973 3003 4019 est
3053 3965 3191 4029 iste,
3248 3960 3341 4032 qui
3390 3960 3562 4014 factus
3590 3967 3674 4013 est
3710 3958 3764 4009 in

2191 4074 2407 4136 gentem
2465 4074 2719 4131 magnam
2752 4058 2804 4113 in
2834 4056 3064 4128 Egypto
3088 4095 3107 4120 ,
3142 4053 3280 4109 etin
3326 4054 3431 4107 ﬁne
3481 4058 3766 4105 revocatus

2190 4155 2314 4211 est?
2347 4152 2619 4220 Quantum
2653 4151 2723 4205 ad
2748 4147 2913 4205 Jacob
2951 4147 3080 4202 illud
3135 4154 3369 4215 spectat,
3397 4145 3465 4199 de
3494 4157 3602 4214 quo
3652 4141 3762 4195 dici

2192 4254 2437 4317 putatur,
2469 4259 2577 4300 non
2608 4242 2879 4297 videbitur
2901 4254 3021 4295 esse
3052 4253 3265 4296 verum.
3294 4237 3411 4293 Non
3436 4237 3578 4291 enim
3609 4250 3765 4289 revo-

2192 4348 2348 4397 catus
2381 4348 2465 4394 est
2493 4338 2545 4392 in
2572 4336 2732 4391 ﬁnem
2763 4335 2831 4389 de
2852 4332 3108 4403 Egypto,
3133 4332 3333 4402 quippe
3362 4330 3451 4400 qui
3477 4327 3765 4382 defunctus

2192 4433 2248 4486 in
2281 4431 2516 4501 Egypto
2547 4437 2655 4483 est.
2680 4425 2989 4482 Absurdum
3021 4432 3200 4477 autem
3224 4422 3347 4486 erit,
3382 4420 3429 4474 si
3462 4419 3582 4489 quis
3617 4419 3668 4472 in
3696 4431 3764 4470 eo

515 4528 654 4585 Tum
681 4531 874 4587 deinde
905 4547 1027 4587 cum
1058 4532 1328 4587 benedicit
1372 4531 1483 4587 ίὶιίη
1513 4531 1737 4604 Ioseph,
1765 4534 1928 4589 |sme|
1950 4534 2087 4589 dici-
2119 4519 2165 4574 D
2198 4532 2508 4578 revocatum
2535 4521 2669 4601 dicit
2707 4534 2737 4573 a
2768 4519 2878 4575 Deo
2909 4516 3097 4580 Iacob,
3130 4515 3257 4586 quia
3288 4529 3485 4584 corpus
3518 4512 3632 4580 ejus
3678 4527 3764 4566 re-

516 4632 628 4677 tur.
666 4622 736 4677 Et
765 4638 887 4678 cum
926 4633 1189 4680 convocat
1223 4623 1362 4681 ﬁlios
1405 4639 1532 4680 suos
1554 4669 1569 4693 ,
1602 4627 1735 4682 dicit
1769 4626 1813 4658 ⁸³
1841 4646 1854 4681 :
1885 4627 2087 4682 Conve-

516 4716 625 4768 nite
653 4721 712 4767 ut
740 4717 1046 4769 annuntiem
1080 4716 1225 4771 vobis
1263 4756 1278 4781 ,
1308 4733 1428 4787 qua:
1475 4718 1707 4774 evenient
1735 4719 1875 4773 vobis
1905 4721 1960 4772 in
1994 4736 2088 4773 no-

515 4807 743 4861 vissimis
768 4807 971 4863 diebus.
1015 4809 1439 4880 Congregamini,
1476 4810 1576 4879 ﬁlii
1608 4810 1796 4874 Iacob,
1827 4823 1874 4865 et
1906 4812 2086 4865 audite

517 4900 694 4955 Israel
716 4911 920 4969 patrem
950 4912 1201 4958 vestrum.
1228 4901 1335 4958 Sed
1363 4903 1595 4957 fortasse
1623 4902 1885 4972 requires,
1917 4919 2086 4973 quare

519 4993 614 5047 lilii
654 4992 823 5051 Iacob
868 4995 1144 5058 dicuntur,
1186 4995 1277 5064 qui
1331 4995 1701 5060 conveniunt;
1743 4994 1908 5050 Israel
1957 5011 2086 5049 vero

516 5084 737 5151 dicitur,
775 5085 864 5154 qui
897 5084 1173 5141 benedieit
1196 5100 1311 5140 eos.
1347 5083 1483 5141 Vide
1512 5099 1580 5139 ne
1618 5084 1758 5139 forte
1808 5085 1911 5139 hoc
1942 5085 2084 5140 indi-

518 5185 692 5243 cetur,
721 5179 863 5249 quod
887 5178 963 5233 illi
1010 5177 1248 5233 nondum
1274 5192 1339 5233 eo
1385 5193 1555 5247 usque
1589 5176 1935 5246 profecerant
1960 5216 1975 5241 ,
2030 5187 2089 5233 ut

517 5268 687 5326 Israel
740 5269 951 5325 meritis
980 5279 1345 5340 aequarentur.
1391 5270 1458 5324 Et
1486 5269 1610 5325 ideo
1640 5268 1717 5322 illi
1771 5269 1866 5323 lilii
1919 5268 2091 5325 .Iacob

451 5372 457 5383 '
518 5360 784 5417 dicuntur
823 5372 1081 5431 tanquam
1137 5360 1462 5425 inferiores,
1513 5360 1604 5416 ille
1655 5376 1790 5416 vero
1835 5361 1927 5430 qui
1976 5360 2087 5428 jam

519 5453 799 5523 perlectus
821 5464 965 5520 erat,
994 5463 1049 5510 et
1076 5455 1483 5511 benedictioues
1505 5454 1809 5510 futurorum
1834 5456 2094 5511 conscius

592 5572 637 5603 ³⁷
660 5570 859 5629 Genes.
898 5588 1070 5632 nm.
1119 5573 1212 5628 28.
1321 5573 1367 5605 ⁸⁸
1395 5573 1593 5629 Genes.
1622 5588 1771 5627 xxx"
1798 5572 1888 5626 ‘29.

521 5643 568 5674 θ’
612 5643 767 5707 ibid.,
799 5641 890 5696 29.
1003 5644 1047 5675 ⁸³
1081 5643 1277 5698 Gentes.
1306 5659 1457 5709 xux,
1490 5645 1543 5698 I.

519 5729 676 5780 xsut,
704 5715 792 5773 Il.
905 5713 948 5748 ⁸⁸
996 5712 1194 5771 Genes.
1219 5730 1364 5780 κινι,
1396 5715 1448 5769 5.

591 5808 665 5881 (l)
695 5808 845 5881 Mss,
879 5811 1025 5882 facti;
1051 5810 1201 5880 editi,
1229 5809 1449 5883 factum.

1560 5716 1605 5749 σο
1635 5714 1821 5771 Matth.
1854 5728 1984 5785 χιιι,
2024 5716 2114 5773 52.

2001 5574 2044 5606 ³³
2077 5574 2213 5635 ibid.
2242 5580 2332 5636 δε.

1659 5643 1704 5675 ⁸⁵
1732 5643 1929 5698 Genes.
1973 5660 2093 5698 xuvr
2121 5686 2136 5713 ,
2168 5650 2222 5707 5.

2194 4625 2465 4687 portatum
2495 4624 2599 4669 est.
2628 4612 2781 4681 Quod
2814 4614 2861 4666 si
2893 4611 3206 4678 recipiatur,
3252 4622 3357 4662 non
3397 4607 3503 4660 erit
3551 4622 3762 4670 verum,

2194 4709 2339 4776 quod
2376 4707 2519 4761 Deus
2550 4722 2654 4760 non
2684 4715 2760 4759 est
2793 4703 2930 4758 Deus
2960 4714 3290 4756 mortuorum
3321 4699 3410 4754 sed
3439 4700 3671 4752 uiuorum
3695 4696 3762 4749 θ’.

2193 4800 2312 4857 Non
2337 4815 2466 4870 ergo
2497 4799 2755 4854 convenit
2778 4798 2881 4852 hoc
2908 4799 2973 4851 de
3011 4809 3237 4864 corpore
3264 4801 3477 4863 mortuo
3514 4789 3761 4858 intelligi,

2196 4896 2295 4950 sed
2339 4908 2500 4962 super
2528 4892 2668 4948 vivis
2693 4904 2752 4947 et
2782 4892 3091 4964 vigentibus
3129 4890 3439 4961 approbari.
3470 4886 3766 4944 Videamus

2195 5003 2325 5057 ergo
2349 5027 2365 5052 ,
2396 5002 2466 5043 ne
2514 4986 2676 5053 forte,
2706 4986 2793 5043 vel
2827 4987 3039 5042 Domini
3086 4985 3477 5047 descendentis,
3515 4983 3571 5037 in
3618 4984 3763 5037 hunc

2196 5083 2452 5137 mundum
2478 5089 2534 5135 et
2560 5080 2611 5133 in
2647 5089 2859 5150 gentem
2889 5092 3163 5146 magnam,
3225 5077 3329 5132 hoc
3357 5085 3443 5131 est
3474 5076 3530 5130 in
3580 5074 3768 5130 Eccle-

2194 5175 2328 5231 siam
2351 5189 2417 5229 ex
2451 5173 2705 5243 gentibus
2734 5172 2861 5228 laeti
2890 5172 2988 5242 (l),
3044 5169 3546 5239 consummatisque
3589 5169 3767 5224 omni-

2164 5334 2167 5337 _
2196 5270 2297 5324 bus
2325 5269 2393 5323 ad
2420 5266 2638 5323 Patrem
2674 5267 2952 5336 regressi;
3003 5263 3090 5319 vel
3119 5264 3438 5333 protoplasti
3478 5264 3530 5317 in
3564 5262 3669 5316 hoc
3703 5262 3768 5315 li-

2196 5377 2337 5434 gura
2379 5361 2682 5427 formetur,
2733 5361 2826 5430 qui
2861 5360 2914 5414 in
2954 5373 3155 5429 agones
3194 5357 3480 5413 descendit
3512 5357 3565 5410 in
3594 5353 3769 5426 Egy-

2195 5466 2524 5526 ptumLcum
2554 5455 2621 5510 de
2666 5454 2903 5524 paradisi
2949 5453 3161 5532 deliciis
3212 5449 3422 5519 eiectus
3446 5490 3469 5518 ,_
3499 5449 3569 5505 ad
3607 5447 3767 5516 hujus

3195 5568 3238 5601 ⁶²
3268 5567 3466 5624 Genes.
3506 5581 3676 5630 sum,
3706 5566 3763 5622 9.

2443 5576 2488 5610 ⁸ο
2521 5575 2720 5630 Genes.
2753 5586 2947 5638 sunt,
2981 5571 3068 5625 ID.
3195 5571 3238 5601 ⁶²
3268 5571 3466 5624 Genes.
3506 5581 3676 5630 sum,
3706 5571 3763 5622 9.

2443 5649 2533 5693 vid-
2563 5687 2576 5693 -
2606 5647 2670 5693 3.
2713 5644 2767 5693 Δ».
2880 5644 2924 5675 ⁸⁸
2957 5642 2977 5693 I
3021 5641 3146 5693 Cor.
3182 5655 3251 5693 xv
3284 5681 3299 5693 .
3362 5638 3448 5693 10.
3559 5637 3603 5669 ⁸⁷
3637 5640 3763 5693 Act.

2335 5649 2534 5708 “ibid.
2562 5687 2577 5717 ,
2606 5647 2670 5711 5,
2713 5644 2767 5700 4.
2880 5644 2924 5675 ⁸⁵
2957 5642 2977 5697 l
3021 5641 3146 5698 Cor.
3182 5655 3251 5697 xv
3283 5681 3299 5707 ,
3362 5638 3448 5694 l0.
