4050 6142
274 317 365 372 145

1437 315 1502 371 IN
1542 313 1844 372 GENESIM
1884 311 2169 369 HOMlLlA
2207 313 2343 371 XVI.

3407 317 3510 372 2i?

278 434 443 492 mundi
482 433 706 490 labores
767 449 1156 506 azrumnasque
1200 435 1481 491 deducitur
1509 475 1524 501 ,
1569 434 1842 505 proposito
1871 438 1918 492 A
1949 431 2167 486 duceret
2196 430 2453 501 populum
2484 431 2711 486 adorare
2742 447 2852 499 eas,
2882 441 2933 488 et
2966 449 3060 504 per
3095 433 3198 489 hoc
3227 434 3372 490 velut
3403 435 3507 488 itu-

277 530 365 582 sibi
411 543 529 582 cum
580 538 850 597 serpente
881 528 1200 594 certamine,
1232 543 1354 582 cum
1393 527 1589 582 dicitur
1622 528 1706 581 7°:
1766 525 1843 580 Tu

274 620 408 672 illius
447 618 746 672 observabis
774 629 960 689 caput,
989 631 1036 674 et
1064 621 1172 687 ipse
1219 628 1366 672 tuum
1407 619 1696 672 observabit
1734 621 1844 670 cal-

274 727 482 765 “neum
508 727 528 774 ;
559 718 613 764 et
662 711 865 766 iterum
895 728 1018 766 cum
1051 712 1117 765 ad
1166 711 1451 765 mulierem
1503 711 1703 765 dicitur
1747 709 1792 740 '”
1826 727 1837 761 :

272 804 390 872 quia
412 819 608 870 ponam
639 803 954 858 inimicitias
983 805 1120 858 inter
1147 812 1196 857 te
1227 814 1274 857 et
1303 805 1494 871 ipsum,
1528 812 1576 856 et
1600 803 1736 857 inter
1763 818 1843 855 se-

271 907 381 944 men
415 901 564 946 tuum
598 904 647 948 et
705 911 881 948 semen
919 894 1085 950 illius.
1125 894 1234 950 Nec
1281 904 1462 948 tamen
1511 907 1605 948 eos
1654 894 1706 947 in
1739 893 1844 947 hoc

272 984 572 1040 certamine
607 985 815 1056 positos
851 987 1056 1042 deserit
1088 989 1231 1042 Deus
1263 1027 1278 1051 ,
1341 986 1433 1041 sed
1486 1000 1703 1055 semper
1759 993 1844 1040 est

268 1090 388 1131 cum
415 1077 572 1145 ipsis.
601 1078 916 1148 Complacet
951 1079 1004 1133 in
1032 1080 1191 1144 Abel,
1223 1079 1453 1147 corripit
1491 1077 1647 1136 Cain.
1679 1075 1840 1131 Invo-

269 1181 423 1225 catus
448 1173 606 1226 adest
641 1173 845 1227 Enocb.
903 1172 1015 1226 Noe
1059 1172 1282 1225 mandat
1335 1172 1386 1225 in
1423 1171 1622 1226 diluvio
1654 1185 1839 1224 arcam

267 1261 457 1316 salutis
487 1273 796 1319 exstruere.
828 1264 1104 1319 Abraham
1137 1263 1356 1318 deducit
1385 1263 1452 1317 de
1476 1263 1635 1318 domo
1671 1264 1842 1332 patris

264 1354 343 1406 sui
377 1365 432 1407 et
454 1355 527 1410 de
558 1355 881 1425 cognatione
929 1371 1048 1410 sua.
1086 1355 1236 1410 Isaac
1264 1362 1318 1409 et
1349 1354 1520 1411 Jacob
1547 1355 1839 1421 benedicit,

266 1446 406 1499 ﬁlios
431 1445 602 1500 Israel
627 1447 810 1500 educit
840 1461 906 1500 ex
932 1446 1168 1516 .IEgypto
1189 1449 1258 1499 ".
1283 1447 1388 1501 Per
1414 1446 1636 1518 Moysen
1667 1446 1838 1514 legem

264 1537 457 1594 litteris
484 1538 715 1603 scribit,
764 1555 857 1610 per
892 1540 1180 1609 prophetas
1212 1555 1331 1610 qua:
1358 1540 1580 1595 deerant
1611 1539 1838 1609 implet,

264 1630 366 1686 hoc
391 1639 476 1686 est
508 1646 629 1686 esse
655 1647 778 1686 cum
806 1632 886 1687 eis
915 1632 965 1685 in
1001 1631 1259 1703 Egypto.
1293 1631 1444 1698 Quod
1469 1643 1649 1687 autem
1673 1635 1836 1690 dicit:

264 1722 536 1777 Rewcabo
576 1735 626 1778 te
649 1725 774 1778 inde
804 1725 856 1778 in
888 1725 1047 1795 ﬁnem
1067 1767 1082 1791 ,
1112 1727 1215 1780 hoc
1242 1735 1345 1794 est,
1387 1727 1624 1783 arbitror
1644 1768 1660 1792 ,
1701 1728 1841 1782 sicut

1943 524 2135 592 positis
2159 525 2409 578 manibus
2426 525 2537 579 suis
2550 526 2841 580 cxcazcavit
2858 536 2911 581 et
2933 526 3124 581 clausit
3145 527 3330 582 oculos
3347 526 3510 582 Israel

1945 629 2015 668 ne
2041 614 2282 669 viderent
2313 614 2650 684 impietatem
2677 631 2848 683 suam,
2877 619 2943 673 de
2968 634 3077 686 quo
3105 619 3306 673 dictum
3335 630 3415 675 est
3438 622 3506 674 ἠε

1941 705 2170 774 PrOpter
2198 706 2512 774 impietatem
2534 707 2700 761 Jacob
2729 709 2840 763 lucc
2865 711 3060 777 omnia,
3083 721 3129 764 et
3162 723 3370 780 propter
3388 729 3511 781 pec-

1943 806 2116 849 catum
2145 796 2331 850 domus
2368 795 2552 850 Israel.
2611 797 2744 862 Quae
2791 809 2964 852 autem
3017 799 3258 867 impietas
3294 799 3510 855 Jacobi

1945 879 2136 935 Nonne
2169 881 2463 937 Samaria?
2489 883 2594 938 Sed
2628 885 2672 938 si
2702 887 2824 954 quis
2854 887 2995 941 forte
3021 898 3178 958 neget
3211 889 3402 946 debere
3445 905 3509 946 ea

1943 985 2063 1040 quae
2095 973 2198 1026 sub
2237 973 2419 1042 specie
2459 974 2676 1044 pietatis
2724 976 2906 1029 futura
2944 991 2972 1029 a
3010 977 3122 1031 Deo
3181 979 3324 1034 dicta
3361 989 3510 1045 sunt,

1943 1066 2009 1119 ad
2070 1077 2278 1134 partem
2333 1067 2744 1135 vituperabilem
2783 1066 2923 1123 flecti
2950 1110 2966 1135 ,
3013 1070 3253 1126 dicemus
3293 1074 3416 1142 quia
3458 1085 3515 1128 et

1940 1169 2102 1211 verus
2135 1154 2337 1225 Josepb
2389 1155 2648 1210 Dominus
2681 1166 2737 1210 et
2793 1156 3045 1211 Salvator
3083 1167 3269 1212 noster
3299 1197 3314 1223 ,
3371 1153 3546 1213 sicub

1942 1248 2282 1318 corporalem
2311 1263 2528 1303 manum
2561 1263 2716 1303 suam
2746 1249 2928 1318 posuit
2954 1263 3116 1318 super
3145 1248 3332 1304 oculos
3357 1249 3510 1312 caeci,

1941 1349 1996 1394 et
2057 1340 2290 1396 reddidit
2338 1341 2389 1396 ei
2458 1341 2632 1395 visum
2705 1355 2867 1410 quem
2929 1343 3242 1412 perdiderat
3276 1342 3370 1408 “°;
3438 1342 3512 1396 ita

1941 1432 2104 1486 etiam
2137 1431 2409 1501 spiritales
2440 1447 2634 1486 manus
2683 1446 2812 1486 suas
2874 1435 3056 1503 posuit
3105 1448 3268 1503 super
3324 1432 3514 1488 oculos

1941 1522 2077 1594 legis
2101 1525 2192 1593 qui
2210 1538 2306 1594 per
2323 1523 2657 1593 corporalem
2678 1523 3090 1595 intelligentiam
3120 1527 3434 1581 Scribarum
3455 1538 3511 1580 et

1940 1616 2336 1672 Pharismorum
2357 1617 2571 1672 fuerant
2587 1619 2863 1683 excaecati,
2885 1629 2940 1674 et
2957 1620 3188 1675 reddidit
3214 1623 3292 1676 eis
3308 1625 3508 1688 visum,

1944 1717 2005 1762 ut
2023 1709 2105 1763 his
2121 1709 2316 1778 quibus
2333 1707 2508 1777 aperit
2526 1709 2784 1764 Dominus
2803 1709 3134 1779 Scripturas,
3153 1712 3429 1782 Spiritales
3455 1715 3509 1768 in

262 1818 513 1881 superius
537 1816 792 1882 dicimus,
833 1821 976 1886 quod
1005 1819 1058 1872 in
1087 1819 1192 1872 fine
1225 1820 1546 1874 saeculorum
1583 1821 1832 1892 unigeni-

1941 1801 2057 1871 legc
2073 1803 2217 1856 visus
2232 1801 2609 1856 etintellectus
2629 1799 2960 1874 aperiat(2).
3003 1803 3180 1873 Atque
3213 1804 3421 1858 utinam
3455 1813 3510 1858 ct

262 1915 348 1961 tus
377 1905 551 1961 Filius
579 1908 698 1978 ejus
729 1923 830 1977 pro
870 1908 1046 1964 salute
1081 1911 1268 1964 mundi
1302 1927 1469 1980 usque
1511 1911 1574 1964 ad
1621 1910 1832 1967 inferna

262 1998 569 2063 descendit,
631 2006 686 2053 et
733 1999 858 2054 inde
891 2000 1284 2070 prot0plastum
1326 2005 1620 2058 revocavit.
1679 2003 1833 2070 Quod

260 2088 404 2144 enim
442 2091 584 2144 dixit
620 2091 688 2146 ad
741 2091 1011 2148 latronem
1044 2093 1129 2148 7’:
1186 2093 1356 2150 Hodie
1407 2112 1606 2150 mecum
1647 2097 1748 2152 eris
1778 2099 1834 2152 in

259 2183 551 2250 paradiso,
592 2183 697 2238 hoc
727 2199 834 2238 non
859 2185 934 2240 illi
982 2187 1080 2240 soli
1109 2185 1335 2253 dictum,
1365 2187 1458 2242 sed
1491 2197 1546 2242 et
1584 2189 1834 2245 omnibus

261 2276 470 2330 sanctis
503 2276 768 2346 intellige,
797 2293 895 2347 pro
921 2279 1116 2348 quibus
1140 2281 1190 2334 in
1225 2279 1434 2334 inferna
1460 2282 1831 2339 descenderat.

257 2365 312 2420 In
349 2367 454 2422 hoc
491 2384 621 2438 ergo
650 2370 831 2425 verius
865 2386 1024 2439 quam
1085 2372 1137 2425 in
1187 2370 1354 2426 Jacob
1408 2373 1830 2444 adimplebitur,

256 2459 397 2528 quod
432 2460 637 2514 dictum
668 2471 766 2524 est,
800 2464 924 2532 quia
962 2463 1210 2517 revocabo
1239 2472 1288 2517 te
1327 2465 1448 2519 inde
1480 2465 1533 2520 in
1567 2467 1744 2534 ﬁnem.

325 2549 379 2603 6.
414 2551 522 2605 Sed
563 2561 617 2606 et
651 2554 1024 2623 unusquisque
1085 2564 1329 2610 nostrum
1385 2557 1572 2610 eodem
1620 2557 1830 2627 ordine,

257 2653 422 2714 atque
457 2645 652 2699 eadem
687 2648 798 2713 via,
834 2647 1125 2717 .IEgyptum
1156 2656 1209 2702 et
1235 2663 1436 2719 agones
1475 2651 1629 2721 102
1656 2651 1834 2723 ingre-

255 2735 430 2798 ditur,
460 2745 515 2788 et
549 2737 594 2790 si
643 2747 918 2792 mereatur
949 2749 1007 2791 ut
1038 2739 1179 2794 Deus
1214 2755 1428 2811 semper
1456 2750 1675 2798 maneat
1707 2760 1832 2799 cum

252 2841 338 2892 eo,
399 2830 567 2883 faciet
599 2845 719 2884 eum
763 2833 818 2884 in
872 2841 1086 2902 gentem
1139 2848 1419 2903 magnam.
1468 2835 1660 2907 Magna
1687 2839 1832 2893 enim

252 2935 389 2990 gens
421 2932 510 2976 est
543 2921 803 2977 virtutum
834 2939 1090 2979 numerus
1119 2934 1172 2979 et
1192 2924 1416 2994 iustitiae
1443 2928 1752 2996 multitudo,
1781 2932 1832 2985 in

253 3029 360 3079 qua
394 3015 574 3068 sancti
603 3015 807 3084 quique
834 3015 1176 3084 multiplicari
1204 3017 1458 3073 dicuntur
1480 3029 1534 3074 et
1562 3036 1828 3078 crescere.

250 3106 575 3174 Completur
602 3106 654 3159 in
688 3123 752 3160 eo
793 3108 955 3161 etiam
990 3108 1115 3161 illud
1146 3111 1290 3178 quod
1321 3111 1521 3166 dictum
1564 3123 1665 3179 est,
1705 3115 1827 3184 quia
1857 3138 1904 3196 ε

252 3197 508 3251 remeabo
551 3206 597 3251 te
626 3197 748 3252 inde
776 3199 827 3252 in
860 3199 1038 3268 ﬁnem.
1075 3199 1224 3256 Finis
1279 3203 1424 3257 enim
1461 3204 1723 3274 perfectio
1750 3224 1834 3264 re-

250 3307 372 3345 rum
415 3302 471 3346 et
501 3291 767 3346 virtutum
802 3293 1194 3347 consummatio
1219 3295 1460 3362 ponitur.
1485 3294 1715 3366 Propter
1734 3298 1836 3353 hoc

249 3382 491 3450 denique
523 3391 580 3436 et
609 3381 749 3436 alius
776 3383 998 3452 quidam
1033 3393 1343 3438 sanctorum
1383 3385 1600 3442 dicebat
1630 3389 1676 3420 7"
1703 3406 1714 3440 :
1753 3388 1836 3445 Ne

251 3487 456 3527 mores
487 3490 570 3528 me
621 3475 674 3527 in
705 3474 924 3528 dimidio
974 3475 1176 3529 dierum
1216 3493 1470 3532 meorum.
1527 3478 1590 3533 Et
1635 3481 1832 3537 iterant

251 3580 453 3630 magno
474 3565 799 3635 patriarchae
843 3567 1115 3622 Abraham
1145 3568 1426 3638 Scriptura
1463 3572 1833 3629 testimonium

251 3657 505 3726 perhibet
535 3658 601 3719 ⁷⁸,
633 3659 888 3727 quoniam
915 3659 1202 3716 defunctus
1227 3673 1312 3716 est
1336 3663 1608 3718 Abraham
1645 3665 1834 3736 plenus

252 3749 490 3802 dierum.
529 3747 643 3802 Hoc
671 3759 754 3802 est
784 3764 915 3818 ergo
942 3750 987 3782 ⁷⁸
1009 3768 1024 3804 :
1047 3749 1315 3806 Revocabo
1347 3763 1395 3806 te
1424 3755 1544 3807 inde
1565 3756 1620 3808 in
1648 3756 1832 3824 ﬁnem;

251 3840 463 3894 velutsi
489 3840 694 3895 diceret
716 3861 729 3895 :
750 3839 1014 3907 Quoniam
1041 3853 1315 3898 certamen
1347 3843 1547 3898 bonum
1577 3851 1830 3914 certasti,

254 3929 418 3984 ﬁdem
458 3933 713 3996 servasti,
748 3947 967 3986 cursum
998 3937 1389 3990 consummasti
1414 3976 1430 4001 ,
1482 3940 1749 3992 revocabo
1780 3948 1833 3993 te

246 4020 358 4092 jam
407 4021 477 4076 de
512 4021 617 4078 hoc
659 4025 894 4085 mundo,
928 4024 992 4080 ad
1041 4025 1436 4082 beatitudinem
1468 4029 1730 4096 futuram,
1762 4031 1831 4086 ad

249 4111 646 4180 perfectionem
695 4114 819 4167 vita:
869 4123 1122 4182 aternaa,
1173 4117 1240 4170 ad
1266 4118 1490 4188 iustitia:
1532 4135 1829 4188 coronam,

252 4218 412 4273 quam
440 4205 630 4259 reddet
661 4205 918 4263 Dominus
945 4208 997 4262 in
1025 4207 1183 4263 tinem
1215 4209 1532 4266 saeculorum
1578 4214 1832 4270 omnibus

253 4298 343 4366 qui
375 4297 608 4366 diligunt
633 4311 778 4353 eum.
1537 4290 1543 4296 ’

322 4412 376 4466 7.
405 4410 702 4466 Videamus
733 4421 913 4465 autem
945 4412 1073 4480 quid
1109 4423 1274 4468 etlam
1312 4415 1442 4470 inde
1481 4416 1826 4470 sentiendum

1935 1895 2090 1949 nobis
2108 1894 2314 1964 injiciat
2331 1895 2587 1950 Dominus
2602 1894 2757 1949 Jesus
2774 1910 2966 1951 manus
2983 1911 3108 1952 suas
3125 1911 3286 1965 super
3300 1898 3508 1962 oculos,

1933 1998 1990 2043 ut
2008 1987 2325 2055 incipiamus
2341 1998 2394 2041 et
2411 2001 2506 2042 nos
2523 1990 2789 2059 respicere
2804 2003 2906 2044 non
2924 2004 2985 2044 ea
3003 2004 3121 2059 quae
3133 1991 3398 2060 videntur,
3415 1991 3510 2046 sed

1932 2097 2054 2152 quae
2076 2097 2182 2136 non
2199 2081 2489 2149 videntur;
2521 2091 2577 2137 et
2609 2084 2817 2153 aperiat
2849 2081 3005 2138 nobis
3035 2083 3158 2140 illos
3183 2083 3390 2148 oculos,
3415 2085 3516 2154 qui.

1933 2190 2040 2230 non
2095 2175 2374 2231 intuentur
2426 2178 2710 2246 praesentia
2737 2217 2753 2244 ,
2813 2179 2907 2233 sed
2941 2178 3122 2231 futura
3151 2215 3166 2240 ,
3217 2185 3271 2231 et
3307 2176 3520 2232 revelet.

1940 2268 2098 2323 nobis
2119 2268 2300 2323 cordis
2325 2277 2627 2338 aspectum,
2656 2285 2764 2340 quo
2793 2269 2936 2324 Deus
2964 2270 3180 2325 videtur
3209 2270 3262 2323 in
3287 2270 3507 2338 spiritu,

1935 2374 2033 2429 per
2074 2361 2251 2430 ipsum
2291 2361 2580 2415 Dominum
2611 2360 2798 2416 Jesum
2820 2360 3128 2425 Christum,
3167 2362 3253 2415 cui
3286 2372 3370 2415 est
3395 2360 3518 2431 διο--

1935 2454 2014 2508 ria
2046 2461 2102 2508 et
2133 2453 2416 2522 imperium
2451 2452 2528 2525 (5)
2556 2453 2609 2507 in
2641 2454 2835 2508 saecula
2870 2453 3212 2509 saeculorum.
3243 2453 3444 2507 Amen.

2497 2563 2779 2619 HOMILIA
2811 2565 2952 2621 XVI.

1933 2677 2011 2734 De
2039 2697 2097 2734 eo
2127 2681 2266 2748 quod
2311 2681 2562 2750 scriptum
2591 2689 2666 2733 est
2697 2679 2739 2710 ⁸⁸
2767 2696 2786 2733 :
2835 2677 2954 2750 t_Et
3005 2687 3279 2750 acquisivit
3311 2681 3505 2743 Joseplt'

2004 2747 2206 2806 omnem
2230 2747 2423 2804 terram
2440 2749 2812 2819 zEgyptiorum
2837 2747 3110 2819 Pharaoni
3127 2767 3145 2803 :
3169 2750 3507 2803 vendiderunt

2004 2823 2141 2876 enim
2170 2820 2408 2891 ngyptii
2438 2818 2633 2891 terram
2685 2835 2838 2872 suam
2881 2818 3166 2877 Pharaoni.
3220 2820 3341 2889 quia
3371 2819 3509 2872 obti-

2003 2892 2116 2945 nuit
2147 2909 2231 2945 eos
2262 2889 2460 2959 fames,
2503 2900 2550 2943 et
2587 2889 2730 2958 facta
2786 2900 2858 2942 est
2905 2899 3046 2942 terra
3103 2890 3424 2952 Pharaonis,
3455 2897 3506 2942 et

2003 2962 2253 3032 populum
2278 2962 2377 3015 sibi
2398 2961 2450 3012 in
2467 2962 2762 3032 servitutem
2786 2959 3002 3032 redegit,
3027 2977 3059 3032 ᾳ
3077 2961 3291 3014 summis
3310 2959 3505 3027 ﬁnibus

2005 3029 2248 3102 Egyptii
2286 3047 2447 3099 usque
2473 3031 2542 3083 ad
2573 3045 2802 3083 summos
2829 3029 2960 3098 ﬁnes
2989 3029 3127 3098 ejus.
3160 3048 3179 3082 ι

2008 3124 2060 3179 1.
2095 3124 2404 3178 Secundum
2445 3122 2742 3191 Scripturae
2791 3121 2950 3176 fidem
2997 3122 3174 3178 nullus
3224 3122 3508 3195 [Egyptius

1937 3217 2096 3271 liber.
2131 3215 2344 3272 Pharao
2379 3215 2522 3270 enim
2577 3212 2830 3284 populum
2863 3215 2965 3268 sibi
2995 3215 3047 3269 in
3075 3214 3392 3270 servitutem
3422 3231 3510 3269 re-

1936 3309 2102 3379 degit,
2131 3323 2232 3364 nec
2266 3308 2499 3376 aliquem
2535 3307 2678 3362 intra
2706 3306 3081 3379 Egyptiorum
3113 3306 3248 3363 fines
3275 3307 3508 3363 liberum

1936 3398 2244 3469 dereliquit,
2301 3399 2394 3456 sed
2437 3400 2488 3454 in
2534 3400 2680 3454 omni
2713 3411 2859 3454 terra
2894 3399 3112 3471 JEgypti
3149 3401 3403 3469 adempta
3439 3402 3508 3456 li-

1937 3495 2122 3550 bertas
2172 3502 2276 3547 est.
2308 3491 2371 3545 Et
2396 3503 2682 3562 propterea
2709 3493 2848 3548 forte
2878 3494 3140 3561 scriptum
3171 3505 3255 3548 est
3275 3494 3318 3525 ⁸³
3346 3512 3360 3548 :
3395 3492 3508 3563 Ego

1935 3603 2050 3640 sum
2075 3583 2333 3638 Dominus
2357 3583 2498 3638 Deus
2537 3595 2655 3638 tuus
2684 3585 2772 3654 qui
2805 3585 2968 3638 eduxi
2999 3594 3046 3638 te
3074 3585 3138 3639 de
3168 3595 3308 3640 terra
3337 3584 3508 3656 Egy-

1933 3681 2034 3750 pti,
2068 3681 2131 3733 de
2154 3679 2309 3732 domo
2334 3680 2612 3734 servitutis.
2643 3678 2806 3732 Facta
2841 3688 2925 3732 est
2957 3692 3087 3748 ergo
3109 3678 3376 3749 [Egyptus
3411 3681 3505 3734 do-

1936 3787 2056 3827 mus
2085 3771 2378 3834 servitutis,
2415 3779 2491 3836 et,
2521 3769 2664 3839 quod
2697 3777 2780 3823 est
2826 3768 3095 3824 infelicius
3121 3809 3136 3835 ,
3189 3770 3506 3824 voluntariae

1934 3863 2236 3928 servitutis,
2289 3877 2414 3916 nam
2454 3863 2519 3915 de
2548 3859 2793 3915 Hebraeis
2841 3861 3088 3928 quamvis
3128 3861 3394 3916 referatur
3424 3862 3500 3935 (l)

1934 3957 2075 4026 quod
2117 3957 2168 4010 in
2197 3954 2512 4010 servitutem
2541 3953 2740 4008 redacti
2772 3954 2904 4019 sint,
2930 3962 2985 4009 et
3023 3955 3164 4023 quod
3185 3955 3373 4025 jugum
3408 3957 3505 4008 do-

1934 4049 2248 4102 minatio-nis
2271 4055 2457 4116 erepta
2484 4045 2734 4100 libertate
2757 4046 3096 4114 pertulerint,
3131 4047 3394 4102 violenter
3421 4058 3503 4102 ta-

1934 4156 2056 4195 men
2093 4142 2158 4195 ad
2201 4142 2303 4195 hoc
2361 4147 2734 4193 memorantur
2782 4139 3019 4194 adducti.
3095 4140 3376 4211 Scriptum
3419 4150 3505 4196 est

1933 4231 2076 4283 enim
2109 4229 2176 4295 ⁸³,
2216 4228 2340 4298 quia
2393 4227 2632 4299 /Egyptii
2663 4227 3100 4283 abominabantur
3123 4231 3262 4300 [ilics
3303 4230 3498 4291 Israel.

1932 4333 1979 4376 et
2009 4337 2101 4392 per
2144 4323 2431 4392 potentiam
2475 4324 2829 4392 opprimebant
2873 4321 3112 4393 .Egyptii
3149 4324 3288 4392 ﬁlios
3329 4322 3500 4376 Israel

1933 4415 2216 4479 uiolenter,
2243 4425 2290 4468 et
2316 4415 2609 4485 aﬁligebant
2639 4417 2798 4469 vitam
2822 4433 3004 4471 eorum
3034 4419 3088 4468 in
3120 4417 3362 4484 operibus
3395 4419 3494 4469 du-

256 4503 492 4572 sitquod
525 4502 658 4558 dicit
685 4503 766 4557 "z
801 4503 871 4557 Et
892 4502 1091 4574 Joseph
1123 4515 1278 4574 ponet
1304 4521 1490 4559 manus
1519 4523 1642 4559 suas
1671 4525 1830 4577 super
1861 4485 1904 4539 Ῑ)
1934 4505 2026 4570 ris,
2060 4510 2170 4557 luto
2197 4514 2245 4558 et
2275 4509 2438 4559 latere
2463 4547 2476 4570 ,
2522 4517 2569 4558 et
2601 4509 2839 4562 omnibus
2904 4509 3144 4578 aperibus
3188 4524 3306 4577 qua:
3350 4517 3500 4562 erant

257 4599 432 4651 oculos
483 4607 625 4651 tuos.
679 4597 844 4651 Multa
878 4598 1094 4666 quidem
1157 4598 1300 4650 intra
1356 4597 1514 4665 hujus
1553 4603 1823 4656 sermonis

255 4689 500 4744 velamen
534 4703 748 4744 arcana:
790 4689 1156 4759 intelligentite
1188 4689 1401 4757 contegi
1445 4690 1684 4744 arbitror
1731 4708 1820 4746 sa-

257 4789 555 4843 cramenta,
592 4795 709 4848 qua:
737 4781 1050 4849 contingere
1077 4789 1130 4834 et
1158 4779 1375 4849 pulsare
1405 4780 1630 4836 alterius
1689 4791 1823 4836 tem-

260 4873 405 4941 poris
434 4883 536 4926 est.
571 4869 723 4926 Nunc
765 4871 979 4925 interim
1020 4886 1126 4924 non
1165 4871 1438 4926 videbitur
1490 4873 1692 4942 absque
1739 4889 1827 4928 ra-

255 4967 397 5020 tione
425 4965 558 5028 dici,
602 4965 744 5032 quod
780 4973 833 5017 et
866 4964 1138 5034 prioribus
1170 4964 1373 5018 nostris
1404 4965 1720 5033 quibusdam
1747 4968 1829 5020 vi-

255 5073 365 5110 sum
397 5064 504 5122 est,
538 5056 874 5125 prophetiam
917 5057 1209 5124 quamdam
1262 5056 1316 5109 in
1349 5056 1454 5111 hoc
1483 5057 1823 5128 designatam

255 5150 416 5203 videri
449 5165 462 5201 :
499 5148 755 5217 quoniam
808 5148 1026 5216 quidem
1081 5149 1146 5202 de
1183 5148 1328 5203 tribu
1362 5146 1562 5219 Ioseph
1601 5149 1702 5205 fuit
1733 5150 1825 5206 Je-

256 5243 472 5295 roboam
495 5240 564 5304 ⁷⁸,
601 5239 690 5293 ille
717 5241 804 5308 qui
847 5238 976 5294 fecit
1005 5240 1138 5295 duas
1171 5256 1366 5297 vaccas
1406 5255 1620 5308 aureas,
1657 5253 1824 5298 utse-

319 5401 366 5434 '°
396 5399 598 5458 Genes.
637 5417 722 5467 nt,
751 5403 838 5458 15.
945 5405 990 5439 ¹¹¹
1027 5405 1158 5461 ibid.
1271 5407 1317 5438 τ’
1349 5406 1518 5462 Exod.
1547 5424 1658 5462 xw.

257 5474 296 5547 if
323 5473 520 5547 genes.
550 5488 699 5547 χωρ,
732 5475 835 5547 4.--
861 5475 939 5547 _'"
967 5476 1095 5547 ibid.
1132 5545 1179 5547 __
1206 5475 1338 5547 "fill
1377 5479 1505 5547 lleg.
1548 5494 1636 5533 xn.

258 5545 298 5575 "
329 5545 496 5599 Exod.
529 5561 624 5608 xx,
648 5545 706 5597 2.
787 5537 836 5569 ⁸³
860 5541 1032 5598 Exod.
1059 5544 1310 5608 1,1244.

323 5637 396 5706 ξε)
427 5639 518 5711 Sic
565 5655 740 5711 mss.;
784 5639 939 5711 alias,
991 5643 1191 5707 aperuit
1223 5640 1478 5694 Dominus
1511 5640 1814 5711 Scripturas

265 5708 532 5782 spiritales,
585 5710 642 5762 in
677 5709 954 5782 lege_cisus
988 5721 1036 5764 et
1078 5712 1368 5764 intellectus
1405 5708 1671 5782 appareat.

324 5778 396 5850 (3)
426 5780 602 5847 Alias,
637 5781 722 5833 cui
754 5779 923 5850 gloria
957 5790 1030 5835 est
1070 5789 1119 5834 et
1145 5790 1388 5852 potestas.

1767 5407 1814 5479 ’(⁸
1842 5406 1976 5479 μω.
2013 5428 2171 5479 xxnt,
2201 5413 2292 5468 45.

1745 5477 1790 5509 ⁷³
1839 5477 2000 5537 Micb.
2042 5499 2081 5550 t,
2109 5477 2163 5538 5.

1931 4598 1987 4650 in
2021 4597 2238 4666 campis,
2266 4597 2316 4651 in
2345 4599 2541 4667 quibus
2562 4602 2817 4655 omnibus
2843 4602 2895 4655 in
2925 4597 3246 4656 servitutem
3277 4616 3371 4657 eos
3408 4617 3499 4655 re-

1932 4689 2189 4758 digebant
2230 4705 2350 4744 cum
2386 4691 2458 4744 vi.
2487 4690 2706 4749 Intende
2729 4710 2861 4765 ergo
2887 4694 3196 4764 diligentius
3226 4695 3498 4764 quomodo

1930 4777 2138 4833 Hebraei
2191 4783 2506 4836 scribuntur
2542 4781 2805 4839 violenter
2833 4785 2887 4839 in
2919 4786 3232 4840 servitutem
3269 4785 3493 4848 redacti,

1930 4870 2128 4937 quibus
2159 4873 2428 4930 naturalis
2457 4877 2635 4931 inerat
2662 4876 2905 4941 libertas,
2934 4892 3055 4946 qua:
3089 4891 3195 4930 non
3226 4877 3305 4932 eis
3337 4877 3496 4932 facile

1930 4961 2012 5014 vel
2041 4977 2139 5032 per
2165 4963 2538 5035 deceptionem
2570 4968 2829 5037 aliquam,
2855 4968 2948 5022 sed
2972 4984 3091 5022 cum
3121 4969 3171 5022 vi
3200 4978 3496 5036 extorque-

1929 5053 2108 5108 batur.
2140 5053 2354 5111 Pharao
2384 5073 2514 5114 vero
2536 5057 2848 5130 Egyptium
2879 5059 3134 5129 populum
3183 5059 3344 5115 facile
3390 5061 3493 5116 sibi

1929 5146 1982 5200 in
2036 5151 2348 5204 servitutem
2381 5152 2625 5222 redegit,
2682 5169 2779 5208 nec
2808 5153 3068 5208 scribitur
3097 5152 3240 5222 quod
3287 5169 3409 5208 cum
3440 5153 3491 5206 vi

1929 5240 2030 5296 hoc
2060 5240 2269 5298 fecerit.
2297 5242 2572 5300 Proclives
2597 5245 2741 5299 enim
2796 5255 2924 5299 sunt
2953 5241 3197 5315 .‘Egyptii
3229 5245 3296 5298 ad
3328 5244 3490 5314 dege-

2403 5415 2450 5448 "
2477 5415 2619 5470 Psal.
2666 5430 2741 5481 Cl,
2769 5416 2857 5472 25.
2970 5419 3016 5450 ⁷⁵
3043 5421 3240 5474 Genes.
3276 5432 3403 5478 xxv.
3431 5417 3486 5472 5.

2275 5485 2321 5516 ⁸⁸
2363 5482 2519 5541 Joan.
2555 5503 2630 5541 ιχ.
2741 5487 2784 5519 ⁸¹
2814 5488 3012 5545 Genes.
3039 5504 3206 5561 vatt,
3237 5489 3307 5544 20
3331 5531 3347 5556 ,
3395 5490 3488 5541 2t.

1977 5646 2083 5726 ’μὲ
2105 5647 2273 5726 Alias,
2302 5648 2525 5718 legatur.
2554 5649 2695 5726 Infra
2725 5666 2888 5726 mss...
2925 5663 3288 5711 memorantur
3317 5657 3492 5714 addin-

1918 5719 2007 5770 cti.
2043 5718 2230 5786 Editi.,
2251 5730 2605 5774 memorantur
2628 5723 2850 5776 addicti.
