4050 6142
513 264 622 371 ατ

1945 297 2263 359 ORIGENIS

3625 298 3746 354 2‘8

518 443 701 482 nerem
742 426 932 491 vitam,
962 433 1015 479 et
1068 423 1177 479 cito
1203 424 1268 477 ad
1300 436 1515 479 omnem
1552 420 1869 475 famulatum
1922 419 2072 473 dcci-
2103 421 2148 477 Α
2177 418 2230 472 1η
2255 434 2363 489 quo
2385 422 2572 491 utique
2600 437 2758 479 nemo
2791 422 2988 477 dixerit
3016 420 3238 476 Paulum
3261 420 3393 474 dure
3420 416 3612 485 egisse,
3637 417 3738 483 qui

519 522 657 574 dunt
682 517 958 573 vitiorum.
990 515 1221 585 Respice
1254 518 1319 570 ad
1348 517 1608 586 originem
1638 514 1876 585 generis,
1906 522 1958 567 et
1984 513 2070 566 in-

515 611 702 664 venies
730 608 871 677 quod
904 616 1058 676 pater
1078 621 1263 662 eorum
1287 606 1454 662 Cham
1482 649 1496 675 ,
1530 607 1619 675 qui
1670 606 1964 660 nuditatem
1993 606 2070 658 ri-

516 710 659 754 serat
692 700 863 767 patris
892 698 959 765 3‘,
992 699 1362 767 hujuscemodi
1396 700 1724 754 sententiam
1778 700 1971 753 meruit
2012 706 2071 752 ut

516 794 656 846 filius
684 794 800 863 ejus
823 795 1077 850 Chanaan
1102 808 1295 849 servus
1323 802 1467 848 esset
1494 793 1756 847 fratribus
1784 792 1917 854 suis,
1964 807 2071 861 quo

514 886 564 935 in
595 898 662 938 eo
698 884 991 954 nequitiam
1038 900 1253 939 morum
1290 892 1539 955 argueret
1567 885 1807 939 conditio
1834 884 2072 939 servitu-

514 978 600 1030 tis.
636 976 751 1032 Non
779 992 907 1048 ergo
936 977 1206 1032 immerito
1239 976 1629 1047 ignobilitatem
1656 977 1874 1045 generis
1906 977 2071 1030 deco-

514 1067 597 1120 IOr
628 1068 919 1137 posteritas
946 1068 1215 1123 imitatur.
1245 1067 1453 1123 Hebraei
1481 1083 1607 1122 vero
1632 1068 1845 1123 etiamsi
1878 1069 1929 1122 in
1957 1083 2072 1122 ser-

512 1157 739 1212 vitutem
765 1159 1102 1229 redigantur,
1122 1160 1330 1215 etiamsi
1351 1160 1689 1230 tyrannidem
1712 1160 1988 1230 patiantur
2004 1160 2072 1214 ab

514 1248 801 1319 Egyptiis,
842 1250 1103 1306 violenter
1124 1259 1178 1306 et
1205 1254 1522 1307 necessitate
1541 1252 1836 1322 patiuntur.
1860 1252 2073 1308 idcirco

513 1352 642 1407 ergo
672 1338 967 1395 liberantur
992 1342 1059 1396 de
1095 1341 1258 1398 domo
1314 1342 1625 1407 servitutis,
1661 1351 1713 1396 et
1758 1343 1824 1396 ad
1853 1343 2072 1397 liberta-

518 1436 622 1480 tem
654 1429 957 1498 pristinam,
993 1446 1156 1501 quam
1189 1431 1341 1486 inviti
1375 1433 1699 1499 amiserant,
1722 1444 2071 1489 revocantur.

515 1519 757 1590 Denique
778 1523 940 1577 etiam
964 1522 1161 1578 divinis
1182 1523 1389 1595 legibus
1417 1534 1643 1580 cavetur
1670 1526 1740 1592 ⁸⁸,
1772 1534 1830 1581 ut
1862 1526 1907 1581 si
1930 1526 2071 1582 forte

515 1613 713 1667 emerit
761 1613 885 1682 quis
910 1612 1194 1671 Hebraeum
1226 1630 1476 1686 puerum,
1510 1632 1613 1671 non
1645 1632 1767 1673 eum
1814 1627 2069 1688 perpetua

514 1702 771 1758 servitute
794 1705 1089 1773 possideat,
1116 1709 1208 1761 sed
1241 1722 1336 1763 sex
1378 1709 1536 1763 annis
1570 1710 1775 1765 serviat
1801 1711 1877 1775 ei,
1906 1714 2072 1781 septi-

2178 510 2443 564 homiuem
2475 512 2541 567 de
2562 511 2803 567 Ecclesia
2832 513 2991 581 ejecit
3017 524 3071 567 et
3110 511 3329 566 Satanae
3354 509 3592 564 tradidit.
3621 507 3736 562 Sed

2178 604 2229 656 in
2264 603 2410 657 illum
2434 604 2553 659 sine
2587 605 2751 659 dubio
2794 605 2951 674 culpa
2980 605 3237 670 refertur,
3270 603 3361 673 qui
3395 617 3494 673 pro
3517 601 3739 655 actibus

2176 697 2288 751 suis
2321 698 2520 751 meruit
2554 706 2611 752 ut
2645 712 2752 751 non
2789 697 2839 752 ei
2869 707 3012 753 esset
3043 698 3096 751 in
3129 696 3365 751 Ecclesia
3396 695 3575 757 locus,
3631 693 3738 747 sed

2177 788 2392 841 Satanae
2418 789 2690 843 consortio
2726 799 3030 842 mereretur
3076 788 3317 859 adjuugi.
3377 785 3452 840 Ita
3502 799 3634 854 ergo
3678 793 3742 840 et

2175 878 2396 950 Joseph.
2429 896 2549 934 cum
2590 881 2724 935 nihil
2754 881 2993 937 Hebraea:
3031 881 3328 945 libertatis,
3359 879 3492 934 nihil
3523 876 3740 934 Israeli-

2179 975 2295 1029 tica'
2320 976 2620 1030 nobilitatis
2658 976 2711 1030 in
2742 976 3011 1049 Egyptiis
3043 975 3395 1046 providisset,
3427 973 3582 1043 digna
3608 987 3737 1027 ser-

2176 1069 2306 1121 vitia
2343 1068 2506 1138 digno
2534 1070 2831 1124 dominatui
2877 1068 3123 1125 sociavit.
3166 1066 3277 1138 Ego
3299 1067 3463 1123 etiam
3500 1064 3738 1135 amplius

2176 1161 2376 1230 aliquid
2402 1162 2547 1216 dico.
2574 1161 2824 1217 Invenies
2850 1171 2904 1215 et
2932 1162 2987 1216 in
3013 1160 3210 1215 divinis
3240 1158 3736 1229 dispensationibus

2178 1253 2283 1307 tale
2318 1253 2520 1320 aliquid
2551 1264 2785 1323 gestum,
2830 1254 2887 1307 in
2931 1268 2997 1307 eo
3047 1252 3188 1321 quod
3227 1252 3355 1306 dicit
3393 1249 3604 1321 Moyses
3638 1250 3684 1281 ⁸⁸
3716 1261 3735 1301 :

2177 1344 2311 1398 Cum
2353 1342 2884 1399 divideretExcelsus
2914 1352 3091 1414 gentes
3140 1352 3190 1397 et
3217 1344 3555 1411 distingueret
3599 1342 3738 1408 fines

2176 1436 2428 1503 gentium,
2471 1434 2753 1488 secundum
2782 1449 3054 1487 numerum
3086 1431 3391 1501 angelorum
3435 1428 3532 1483 Dei
3558 1428 3739 1497 posuit

2176 1544 2286 1592 eas,
2324 1538 2373 1582 et
2402 1528 2544 1595 facta
2570 1536 2644 1580 est
2668 1543 2791 1593 pars
2825 1526 3033 1579 Domini
3058 1523 3244 1587 Iacob,
3274 1521 3543 1593 funiculus
3572 1521 3739 1576 ha’re-

2176 1619 2360 1672 ditatis
2382 1618 2497 1687 ejus
2524 1616 2714 1671 Israel.
2748 1616 2912 1671 Vides
2952 1630 3082 1686 ergo
3104 1614 3358 1684 quoniam
3386 1628 3483 1684 pro
3524 1611 3739 1666 meritis

2177 1710 2467 1777 unicuique
2508 1710 2653 1779 genti
2708 1710 3019 1776 angelorum
3061 1708 3322 1763 statuitur
3373 1706 3734 1776 principatus,

513 1808 601 1848 mo
636 1809 765 1850 vero
798 1771 951 1855 anno
1006 1771 1166 1854 exeat
1194 1799 1349 1854 liber.
1378 1801 1451 1855 De
1474 1800 1750 1873 Egyptiis
1801 1771 1930 1858 nihil
1967 1771 2070 1858 iale
2100 1771 2144 1831 Β
2175 1816 2301 1871 pars
2333 1771 2750 1855 autevaomini
2777 1771 2909 1868 gens
2935 1798 3163 1854 edicitur
3190 1797 3352 1853 Israel
3415 1797 3502 1868 8).

511 1892 786 1951 censetur,
816 1901 915 1942 nec
944 1903 1168 1958 usquam
1200 1891 1377 1944 divina
1406 1892 1491 1946 lex
1516 1907 1698 1947 curam
1726 1894 1866 1964 gerit
1908 1895 2070 1949 liber-

512 1978 640 2031 tatis
667 1976 1065 2049 Egyptiorum,
1101 1982 1254 2053 103
1285 1984 1410 2053 quia
1439 2000 1560 2039 eam
1592 1997 1785 2056 sponte
1814 1987 2065 2055 perdide-

514 2080 636 2125 runt
668 2071 770 2144 (5),
793 2076 898 2129 'sed
920 2083 1121 2131 aeterno
1149 2091 1244 2133 eos
1286 2078 1621 2135 conditionis
1644 2080 1776 2149 jugo
1802 2096 1866 2136 ac
1896 2082 2038 2135 servi

512 2165 612 2218 tuti
640 2177 906 2235 perpetuae
958 2168 1303 2239 derelinquit.

579 2262 633 2314 ‘2.
680 2259 805 2316 Haec
840 2277 968 2333 ergo
997 2264 1042 2318 si
1090 2260 1454 2335 intelligamus
1494 2266 1816 2336 spiritaliter
1841 2285 1960 2338 quae
1992 2270 2066 2325 sit

508 2351 884 2422 .Egyptiorum
935 2355 1215 2422 servitus,
1264 2360 1617 2427 agnoscimus
1673 2361 1801 2429 quia
1858 2362 2065 2416 servire

509 2442 777 2515 [Egyptiis
800 2461 905 2501 non
930 2446 1074 2501 aliud
1100 2456 1183 2503 est
1214 2463 1377 2518 quam
1413 2450 1704 2505 obnoxium
1732 2451 1845 2505 fieri
1873 2467 2068 2506 carna-

511 2534 651 2591 libus
674 2538 838 2604 vitiis,
863 2547 918 2592 et
939 2538 1268 2595 daemonibus
1300 2554 1421 2596 esse
1445 2541 1771 2610 subjectum.
1822 2543 1877 2597 In
1921 2545 2065 2615 quod

510 2626 694 2694 utique
724 2642 1157 2698 unumquemque
1198 2645 1303 2683 non
1333 2631 1674 2687 extrinsecus
1703 2633 1847 2688 illata
1880 2648 2067 2689 neces-

510 2719 641 2774 sitas
671 2720 836 2789 cogit,
860 2720 954 2774 sed
983 2720 1244 2790 segnities
1274 2724 1463 2791 animi,
1508 2734 1563 2780 et
1591 2726 1757 2780 libido
1791 2743 1853 2782 ac
1910 2729 2063 2782 volu-

508 2820 631 2879 ptas
659 2814 901 2880 corporis
925 2812 1162 2883 subigit,
1192 2815 1277 2869 cui
1307 2830 1364 2870 se
1393 2817 1605 2871 animus
1631 2832 1728 2886 per
1759 2821 2064 2875 socordiam

508 2906 686 2960 subdit
733 2904 831 2976 (6).
883 2906 983 2974 Qui
1028 2923 1158 2963 vero
1183 2908 1453 2965 libertatis
1477 2912 1669 2966 animae
1693 2927 1875 2967 curam
1906 2916 2064 2980 gerit,

507 3005 563 3048 et
587 2995 902 3065 dignitatem
944 3000 1142 3054 mentis
1180 2999 1387 3056 caelesti
1439 3003 1759 3072 cognatione
1793 3004 2063 3068 nobilitat,

2239 1894 2295 1949 5.
2358 1891 2486 1948 Post
2513 1892 2629 1946 hmc
2680 1892 2926 1959 sequitur
2958 1908 2972 1944 :
3007 1888 3404 1954 Vendideram,
3453 1890 3630 1960 inquit
3660 1888 3735 1952 ",

2170 1983 2412 2054 Egyptii
2456 1992 2647 2038 terram
2678 1998 2830 2037 suam
2866 1981 3169 2047 Pharaoni;
3204 1983 3425 2037 obtinuit
3456 1984 3592 2037 enim
3644 2000 3742 2037 eos

2170 2075 2356 2145 fames.
2385 2076 2717 2146 Vituperatio
2744 2076 2874 2131 mihi
2898 2077 3111 2132 videtur
3137 2087 3194 2133 et
3233 2079 3287 2131 in
3321 2079 3423 2131 hoc
3448 2076 3742 2147 Egyptio-

2167 2186 2286 2225 rum
2312 2170 2600 2224 contineri.
2624 2168 2740 2223 Non
2771 2172 2914 2224 enim
2939 2170 3095 2225 facile
3119 2172 3184 2222 de
3212 2167 3453 2223 Hebraeis
3470 2169 3740 2235 scriptum

2168 2265 2431 2333 invenies,
2490 2266 2616 2334 quia
2679 2265 2916 2319 obtinuit
2975 2278 3071 2318 eos
3122 2262 3313 2318 fames.
3382 2262 3540 2317 Licet
3585 2260 3737 2315 enim

2168 2357 2427 2427 scriptum
2468 2358 2560 2423 sit,
2620 2360 2764 2425 quod
2816 2355 3043 2410 invaluit
3087 2353 3259 2410 fames
3302 2369 3464 2423 super
3509 2363 3735 2417 terram,

2167 2468 2272 2506 non
2328 2460 2504 2506 tamen
2567 2452 2828 2520 scriptum
2884 2460 3007 2515 est,
3061 2450 3201 2519 quod
3256 2447 3491 2502 obtinuit
3558 2445 3738 2498 fames

2166 2542 2353 2610 Jacob,
2408 2554 2503 2597 aut
2528 2543 2670 2597 ﬁlios
2711 2542 2826 2612 ejus
2853 2583 2868 2607 ,
2904 2544 3047 2597 sicut
3088 2544 3155 2597 de
3201 2540 3477 2611 [Egyptiis
3527 2538 3739 2593 dicitur

2168 2639 2308 2706 quod
2360 2636 2595 2691 obtinuit
2638 2650 2733 2690 eos
2786 2633 2978 2689 fames.
3048 2632 3305 2700 Quamvis
3345 2632 3488 2687 enim
3551 2631 3734 2684 veniat

2166 2730 2329 2783 etiam
2379 2729 2444 2782 ad
2491 2726 2666 2795 justas
2710 2727 2919 2792 fames,
2978 2740 3083 2780 non
3124 2734 3302 2778 tamen
3353 2723 3560 2775 obtinet
3600 2735 3728 2783 eos;

2167 2831 2386 2891 propter
2406 2820 2547 2890 quod
2576 2830 2629 2874 et
2662 2820 2965 2889 gloriantur
2986 2820 3037 2873 in
3073 2832 3158 2883 ea,
3183 2816 3324 2870 sicut
3353 2814 3550 2869 Paulus
3578 2816 3733 2866 inve-

2169 2914 2319 2967 nitur
2346 2912 2578 2966 libenter
2615 2910 2835 2980 gloriari
2872 2910 2924 2963 in
2960 2907 3331 2976 hujuscemodi
3366 2905 3729 2974 passiouibus,

2168 3017 2290 3058 cum
2312 3002 2445 3057 dicit
2469 3002 2550 3055 9°:
2579 3001 2642 3054 In
2671 3001 2831 3070 fame,
2860 3010 2907 3053 et
2933 3001 3046 3067 siti,
3071 3010 3120 3053 et
3152 2999 3368 3069 frigore,
3392 3008 3437 3050 et
3464 2997 3723 3049 nuditate.

510 3089 611 3143 iste
639 3104 706 3143 ex
732 3090 856 3145 filiis
884 3090 1165 3148 Israelest.
1194 3091 1295 3160 Qui
1334 3095 1546 3149 etiamsi
1581 3096 1844 3151 violenter
1882 3098 2067 3165 oppri-
2092 3128 2134 3185 ο
2167 3095 2317 3162 Quod
2335 3093 2643 3163 ergojustis
2664 3091 2977 3147 exercitium
3008 3088 3224 3142 virtutis
3245 3099 3349 3151 est,
3379 3088 3481 3143 hoc
3511 3087 3730 3155 iniustis

510 3188 688 3233 matur
713 3182 779 3235 ad
810 3189 1039 3250 tempus,
1093 3198 1200 3237 non
1252 3192 1428 3239 tamen
1474 3184 1778 3239 libertatem
1824 3202 1977 3240 suam
2012 3188 2063 3240 in

507 3280 820 3340 perpetuum
852 3272 1058 3342 perdet.
1105 3272 1349 3343 Denique
1383 3284 1438 3329 et
1487 3275 1738 3331 Salvator
1784 3288 1969 3333 noster
1997 3282 2066 3334 de

508 3363 757 3418 libertate
796 3374 850 3417 et
889 3364 1153 3420 servitute
1198 3365 1252 3420 in
1314 3366 1607 3438 Evangelia
1651 3370 1944 3436 disserens,
1989 3372 2063 3425 ita

507 3453 788 3523 loquitur:
816 3452 1023 3521 Omnis,
1052 3455 1233 3524 inquit
1275 3456 1353 3521 ⁸⁸,
1392 3459 1482 3526 qui
1519 3468 1718 3527 peccat,
1771 3474 1949 3513 servus
1987 3468 2064 3512 est

504 3549 725 3614 peccati.
771 3547 838 3601 Et
877 3547 1072 3601 iterum
1123 3547 1303 3602 dicit:
1338 3547 1401 3603 Si
1464 3549 1759 3604 manseritis
1808 3551 1861 3604 in
1913 3553 2065 3604 verbo

504 3655 639 3705 meo,
672 3639 960 3708 agnoscetis
995 3639 1299 3705 veritatem,
1345 3651 1394 3694 et
1432 3642 1623 3696 veritas
1662 3643 1851 3698 liberos
1896 3645 2056 3713 faciet

503 3748 613 3785 vos.
652 3731 805 3795 Quod
835 3732 880 3786 si
912 3732 1034 3801 quis
1069 3732 1209 3787 forte
1241 3732 1389 3788 dicat
1420 3716 1905 3803 nobis,'Quomodo
1937 3755 2065 3810 ergo

506 3832 602 3885 per
650 3816 847 3890 Joseph
906 3821 1084 3877 omnis
1128 3834 1273 3878 terra
1319 3822 1371 3877 in
1406 3825 1806 3892 possessionem
1833 3830 2066 3884 traditur

505 3910 816 3967 Pharaoni?
858 3914 922 3968 Et
961 3916 1138 3970 omnis
1186 3916 1287 3969 ista
1329 3917 1567 3973 servitus
1606 3933 1765 3987 quam
1821 3922 2065 3989 superius

506 4006 878 4074 exposuimus,
919 4021 986 4061 ex
1035 4009 1239 4077 peccati
1282 4008 1593 4065 conditione
1624 4023 1892 4080 suscepta,
1925 4030 2063 4084 quo-

507 4092 667 4147 modo
695 4108 792 4163 per
826 4105 1070 4150 sanctum
1120 4096 1292 4151 virum
1341 4099 1644 4154 ministrata
1689 4102 1888 4157 dicitur
1920 4103 2064 4158 Pha-

505 4184 657 4238 raoni
710 4184 829 4255 (7)?
887 4183 1183 4241 Possumus
1236 4187 1303 4240 ad
1344 4188 1457 4244 haec
1502 4191 1868 4260 respondere,
1920 4197 2066 4264 quod

504 4275 622 4343 ipse
644 4270 937 4343 Scriptum
974 4289 1152 4329 sermo
1198 4286 1431 4332 excusat
1472 4281 1645 4336 sancti
1685 4282 1784 4335 viri
1817 4284 2067 4338 ministe-

506 4370 701 4435 rium,
756 4384 878 4422 cum
940 4367 1072 4423 dicit
1121 4370 1264 4439 quod
1324 4371 1644 4439 semetipsos
1705 4375 2067 4430 vendiderunt

2168 3200 2325 3255 poena
2349 3184 2555 3254 peccati
2592 3193 2693 3237 est.
2727 3182 2971 3251 Denique
3002 3182 3165 3235 etiam
3194 3181 3420 3234 Abrahze
3467 3179 3727 3247 ιθιιψοτίο

2168 3278 2269 3331 bus
2300 3277 2558 3344 scriptum
2602 3286 2686 3329 est
2728 3276 2797 3339 ⁹¹,
2840 3274 2985 3343 quod
3034 3275 3178 3343 facta
3228 3284 3303 3326 est
3356 3271 3522 3337 fames
3570 3285 3728 3338 super

2167 3387 2378 3435 terram,
2408 3380 2457 3424 et
2489 3368 2751 3423 descendit
2793 3368 3057 3421 Abraham
3088 3367 3142 3419 in
3172 3363 3457 3434 .Egyptum
3489 3362 3727 3415 habitare

2166 3468 2259 3530 ibi,
2322 3465 2566 3535 quoniam
2625 3462 2921 3517 inualuerat
2962 3462 3125 3531 fames
3179 3477 3335 3529 super
3384 3469 3597 3513 terram.
3659 3457 3727 3510 Et

2168 3558 2351 3624 utique
2391 3555 2457 3620 si,
2499 3564 2559 3607 ut
2600 3553 2818 3623 quidam
2854 3562 3063 3622 putant,
3116 3554 3326 3606 incaute
3368 3560 3423 3603 et
3476 3548 3724 3618 imperite

2167 3661 2309 3706 esset
2337 3664 2516 3705 sermo
2546 3648 2843 3717 Scriptum
2868 3646 3062 3700 divinte
3091 3644 3438 3712 compositus.
3476 3648 3725 3710 potuerat

2169 3746 2368 3808 dicere,
2401 3742 2542 3813 quod
2566 3741 2844 3797 descendit
2866 3737 3135 3792 Abraham
3166 3737 3219 3790 in
3254 3734 3544 3805 Egyptum
3570 3734 3723 3787 habi-

2168 3845 2285 3890 tare
2341 3836 2439 3897 ibi,
2492 3834 2618 3903 quia
2678 3831 2979 3885 invaluerat
3006 3844 3168 3898 super
3211 3843 3336 3883 eunt
3377 3828 3563 3880 fames.
3615 3824 3722 3878 Sed

2166 3926 2377 3981 intuere
2422 3933 2626 3994 quanta
2667 3922 3021 3977 distinctione
3049 3928 3229 3974 utatur
3266 3928 3444 3973 sermo
3486 3916 3720 3979 divinus,

2166 4026 2365 4087 quanta
2391 4015 2621 4070 cautela.
2649 4014 2781 4067 Cum
2809 4014 2878 4068 de
2908 4012 3117 4068 sanctis
3146 4008 3335 4073 refert,
3366 4009 3565 4063 famem
3594 4007 3724 4061 dicit

2168 4108 2457 4163 invaluisse
2481 4121 2644 4176 super
2692 4114 2937 4169 terram;
2993 4119 3113 4159 cum
3165 4103 3233 4156 de
3282 4101 3529 4170 injustis,
3574 4100 3723 4168 ipsos

2164 4202 2309 4257 fame
2353 4201 2490 4255 dixit
2521 4200 2789 4254 obtentos.
2840 4195 3024 4266 Neque
3061 4209 3191 4264 ergo
3222 4192 3515 4256 Abraham,
3546 4207 3724 4263 neque

2163 4292 2351 4355 Jacob,
2386 4306 2557 4361 neque
2582 4290 2715 4345 ﬁlios
2749 4303 2935 4344 eorum
2966 4286 3175 4341 obtinet
3215 4284 3408 4340 fames.
3456 4285 3559 4339 Sed
3590 4294 3645 4340 et
3673 4284 3718 4338 si

2168 4384 2488 4449 invalescat,
2545 4395 2705 4450 super
2754 4389 2952 4435 terram
3004 4376 3200 4431 dicitur
3249 4375 3604 4430 invalescere.
3657 4374 3722 4430 Et

503 4461 745 4532 Aegyptii
776 4470 829 4515 et
862 4461 1234 4523 possessiones
1261 4476 1409 4517 suas.
1442 4461 1557 4516 Non
1589 4480 1721 4535 ergo
1745 4468 1812 4520 ad
1842 4467 2060 4536 dispen-

2170 4476 2499 4546 tetnporibus
2527 4471 2672 4527 Isaac
2702 4470 3053 4525 nihilominus
3078 4467 3335 4537 scriptum
3380 4474 3461 4520 est
3497 4465 3565 4529 η,
3593 4464 3718 4535 quia

504 4564 715 4606 santem
739 4552 893 4620 culpa
927 4551 1240 4619 reflectitur.
1286 4552 1374 4607 ubi
1421 4553 1579 4622 digna
1624 4556 2058 4627 dispensatorum
2158 4570 2300 4638 facta
2349 4575 2425 4620 est
2459 4565 2622 4633 fames
2656 4579 2810 4630 super
2850 4571 3078 4623 terram,
3125 4570 3315 4629 printer
3351 4559 3494 4611 illam
3523 4559 3717 4627 fantem

503 4644 715 4699 meritis
747 4644 1120 4713 providentur.
1162 4642 1411 4701 Invenies
1451 4647 1593 4701 enim
1644 4648 1748 4703 tale
1774 4650 1974 4719 aliquid
2006 4662 2064 4706 et

504 4754 531 4788 ιι
563 4734 732 4790 Paulo
760 4737 876 4791 fieri
910 4737 979 4801 ⁸⁷,
1012 4752 1136 4792 cum
1167 4738 1234 4791 ab
1257 4751 1322 4791 eo
1351 4738 1419 4804 is,
1453 4739 1542 4807 qui
1575 4742 1925 4810 semetipsum
1969 4760 2066 4814 pro

501 4830 742 4885 foeditate
796 4838 1009 4886 actuum
1057 4832 1330 4886 consortio
1374 4838 1682 4886 sanctorum
1739 4834 1869 4889 fecit
1925 4837 2068 4893 indi-

501 4939 690 4991 gnum,
725 4924 956 4978 traditur
976 4923 1190 4978 Satanan
1211 4963 1227 4987 ,
1256 4933 1314 4977 ut
1337 4924 1508 4978 discat
1540 4940 1643 4981 non
1678 4924 2067 4996 blasphemare.

605 5065 651 5096 ⁸⁸
674 5063 869 5118 Cenes.
899 5079 972 5117 ix.
1084 5063 1129 5094 ⁸⁵
1148 5062 1317 5117 Exod.
1365 5078 1475 5117 ut.

1582 5063 1631 5139 ΡΖ
1658 5062 1839 5139 Joan,
1860 5083 1974 5134 vni,
2014 5072 2100 5139 ss,
2130 5074 2221 5139 δι,
2249 5071 2340 5125 '52.

499 5138 546 5170 δ’
583 5137 781 5191 Genes.
820 5131 1095 5200 vatt,20.
1144 5132 1215 5193 ,’°
1237 5130 1281 5186 11
1301 5132 1425 5187 Cor.
1458 5149 1532 5197 χι,
1564 5133 1653 5189 27.
1728 5136 1772 5167 ³⁸
1812 5130 2005 5195 Cenes.
2056 5161 2065 5197 1

2172 5130 2219 5207 1,,
2262 5142 2346 5207 10,

2162 4660 2387 4726 priorem
2410 4671 2527 4725 qua:
2551 4654 2694 4721 facta
2722 4660 2797 4705 est
2820 4650 3135 4719 temporibus
3164 4650 3406 4703 Abrahae.
3429 4648 3486 4702 In
3512 4659 3718 4703 tantum

2166 4759 2345 4804 autem
2379 4762 2483 4800 non
2521 4753 2696 4813 potest
2717 4744 2965 4797 obtinere
3001 4741 3173 4795 fames
3201 4740 3368 4803 Isaac,
3395 4740 3622 4793 utdicat
3653 4743 3720 4792 ad

2164 4856 2286 4897 ettm
2326 4840 2583 4894 Dominus
2615 4853 2629 4888 :
2660 4833 2784 4889 Noli
2826 4834 3137 4888 descendere
3175 4834 3229 4885 in
3274 4831 3590 4900 ngyptum,
3628 4832 3718 4885 sed

2169 4933 2348 4987 habita
2374 4931 2430 4983 in
2460 4941 2604 4982 terra
2631 4940 2991 4994 quamcunque
3023 4924 3292 4977 ostendero
3322 4922 3455 4989 tibi,
3487 4932 3535 4976 et
3567 4923 3621 4976 in
3659 4938 3721 4975 ea

2450 5067 2494 5097 ⁸⁷
2528 5063 2705 5118 ITim.
2757 5079 2795 5128 ι,
2826 5062 2913 5117 20.
3027 5062 3071 5093 ⁸⁸
3096 5062 3307 5115 Deuter.
3376 5076 3549 5124 xxxu,
3579 5060 3630 5125 8,
3662 5062 3712 5117 9.

2462 5138 2510 5169 "
2539 5135 2733 5191 Genes.
2767 5149 2913 5199 xxvu,
2957 5133 3012 5199 2,
3051 5132 3105 5185 '5.

571 5255 649 5330 (ὅ)
674 5254 767 5330 Sic
792 5270 960 5321 mss.;
987 5255 1117 5311 editi
1147 5269 1296 5320 vero,
1324 5254 1589 5326 Egyptia:
1613 5257 1700 5326 qui
1730 5274 1840 5311 eam
1873 5271 2053 5330 sponte
2149 5264 2281 5317 ritus
2301 5296 2319 5314 .
2340 5297 2355 5313 .
2454 5300 2467 5313 .
2495 5296 2509 5311 .
2537 5273 2600 5311 ea:
2628 5256 2824 5330 peccati
2848 5254 3142 5330 conditione
3166 5261 3425 5317 suscepta,
3454 5269 3544 5330 per
3582 5252 3720 5308 hanc

498 5327 857 5393 perdiderant.
1431 5357 1438 5365 σ

571 5393 678 5465 (6)
709 5395 858 5450 Alias
884 5395 1121 5464 subegit,
1150 5396 1236 5449 cui
1270 5411 1325 5449 se
1352 5396 1561 5449 animus
1597 5411 1689 5462 per
1710 5399 2053 5465 concordiam

502 5464 720 5535 subdit;
768 5474 823 5519 at
862 5479 992 5519 mss.
1044 5474 1103 5518 ut
1142 5465 1194 5518 in
1243 5477 1429 5520 nostro
1482 5474 1653 5520 textu.
1708 5464 1876 5521 Paulo
1934 5478 2058 5535 post

503 5534 655 5598 editi,
700 5535 900 5605 caalesti
969 5536 1282 5605 cogitatione
1338 5536 1619 5601 nobilitat;
1680 5552 1809 5592 mss.
1865 5534 2055 5591 calesti

500 5604 806 5673 cognatione
829 5604 1089 5660 nobilitat.

572 5672 651 5744 (Ἰ)
683 5673 760 5732 lta
807 5690 976 5743 mss.;
1021 5676 1153 5733 alias
1202 5692 1350 5746 vero,
1385 5686 1431 5733 et
1464 5692 1581 5732 cum
1609 5678 1778 5733 omnis
1808 5676 1910 5733 ista
1940 5693 2048 5734 ser-

2156 5329 2489 5399 temporalem
2548 5322 2866 5399 seruitutem
2896 5322 3242 5399 significatur,
3310 5324 3573 5399 quomodo
3614 5341 3719 5399 per

2157 5392 2394 5453 sanctum
2438 5400 2607 5451 virum
2642 5396 2698 5449 in
2736 5394 3030 5448 servitutem
3071 5392 3238 5445 omnis
3275 5399 3416 5443 terra
3448 5393 3720 5447 addicitur

2159 5470 2431 5524 Pharaoni
2450 5468 2473 5519 ?

2230 5545 2247 5605 (
2274 5539 2342 5608 8)
2378 5536 2610 5590 Consule
2639 5531 3022 5608 clarissimum
3059 5528 3309 5583 Huetium
3363 5529 3715 5598 Origeniano-

2295 5600 2432 5683 libro
2453 5605 2710 5683 secundo,
2728 5610 2920 5683 quaest.
2934 5600 3142 5683 quinta,
3162 5615 3310 5683 nunt.
3328 5615 3439 5683 sec.
3467 5611 3520 5653 et
3536 5617 3713 5683 seqq,

2154 5679 2243 5735 ubi
2260 5675 2544 5734 ventilatur
2555 5669 2799 5745 Origenis
2808 5672 3070 5728 sententia
3086 5672 3150 5727 de
3163 5670 3321 5726 tutela
3330 5669 3478 5726 ribus
3490 5673 3713 5744 angelis.
