4050 6142
277 322 370 380 219

1482 317 1544 371 ΙΝ
1582 313 1881 371 GENESIM
1922 310 2203 367 llOMlLlA
2235 306 2378 364 XVI.

3423 299 3530 354 250

275 440 459 501 habits,
490 445 538 490 et
581 451 683 504 ego
727 450 823 490 ero
863 443 1050 490 tecum.
1080 432 1388 491 Secundum
1418 433 1578 497 hanc,
1614 441 1676 486 ut
1701 433 1850 485 arhi-
1882 432 1930 490 Α
1957 428 2153 492 fames,
2180 439 2301 496 quae
2341 422 2644 477 iuvalescat
2689 433 2852 488 super
2887 413 3122 472 terram?
3152 413 3253 482 Qui
3281 415 3425 470 enim
3460 416 3530 470 de

275 542 399 597 tmr,
423 531 837 585 observantiam
857 527 1012 598 longe
1040 537 1163 598 post
1182 527 1284 582 ista
1309 536 1551 596 tempora
1578 524 1846 594 PrOpheta
1904 577 1907 580 .

274 622 481 678 dicebat
522 621 570 653 "
607 635 627 675 :
657 619 889 676 Iuvenis
933 620 1049 691 fui,
1093 621 1284 674 etenim
1316 619 1483 680 senui,
1530 629 1578 670 et
1615 634 1717 671 non
1745 617 1850 670 vidi

271 715 461 785 justum
502 712 844 777 derelictum,
872 727 964 766 nec
1011 727 1185 766 semen
1212 711 1328 778 eius
1359 726 1599 780 quterens
1627 725 1848 779 panem.

275 808 337 862 Et
361 806 490 860 alibi
520 806 602 861 “z
633 806 758 860 Non
788 806 986 860 occidet
1020 804 1275 858 Dominus
1299 803 1408 874 (9)
1447 804 1588 874 fame
1617 804 1849 856 animam

271 900 423 970 justi.
450 897 532 952 Ex
555 897 757 968 quibus
774 898 1028 953 omnibus
1055 896 1370 952 declaratur
1397 906 1597 950 terram
1633 895 1849 964 quidem

273 1007 436 1066 posse
459 992 578 1060 pati
613 991 841 1055 famem,
864 1001 921 1046 et
954 1006 1051 1046 eos
1079 991 1169 1060 qui
1196 1001 1411 1044 terrena
1436 989 1672 1057 sapiunt.
1707 987 1855 1055 Quo-

274 1100 388 1140 rum
435 1093 618 1139 autem
657 1084 764 1140 iste
808 1084 965 1139 cibus
1008 1091 1130 1146 est,
1173 1091 1235 1137 ut
1278 1081 1482 1138 faciant
1521 1082 1852 1138 voluntatem

272 1177 450 1232 Patris
486 1176 582 1246 qui
621 1177 676 1230 in
708 1175 866 1231 ctelis
898 1185 1019 1240 est,
1063 1185 1119 1230 et
1163 1190 1397 1244 quorttm
1430 1174 1669 1230 animam
1700 1175 1855 1244 panis

273 1267 360 1323 ille
391 1267 513 1332 alit,
547 1267 643 1337 qui
673 1267 742 1322 de
784 1267 928 1322 ctelo
961 1266 1241 1322 descendit
1261 1305 1276 1327 ,
1309 1280 1587 1335 nunquam
1626 1273 1855 1336 possunt

269 1357 432 1414 lamis
493 1356 681 1414 inedia
729 1355 1002 1412 laborare.
1045 1357 1254 1413 Idcirco
1315 1370 1446 1426 ergo
1497 1357 1856 1412 observanter

271 1450 570 1520 Scriptura
594 1450 780 1504 divina
803 1465 910 1504 non
935 1450 1070 1505 dicit
1091 1464 1189 1504 eos
1219 1448 1366 1503 fame
1393 1449 1628 1504 obtineri
1656 1449 1856 1518 quibus

272 1545 422 1601 novit
461 1557 586 1600 esse
628 1545 918 1616 scientiam
959 1543 1076 1608 Dei,
1119 1551 1175 1598 et
1214 1544 1395 1598 cibum
1433 1542 1667 1599 caelestis
1707 1559 1856 1614 prai-

270 1635 386 1692 beri
440 1636 750 1706 sapientiae.
803 1635 912 1691 Sed
960 1642 1016 1690 et
1071 1636 1126 1690 in
1172 1634 1335 1690 tertio
1368 1634 1679 1706 Regnorum
1719 1635 1856 1692 libro

270 1728 507 1784 similem
537 1729 608 1784 de
639 1729 907 1784 relatione
951 1727 1116 1784 famis
1164 1727 1410 1783 invenies
1451 1729 1692 1784 habitam
1729 1743 1856 1785 esse

270 1819 562 1887 cautelam,
591 1819 680 1874 ubi
714 1833 840 1874 cum
873 1818 1047 1873 fames
1078 1819 1400 1875 invaluisset
1429 1835 1594 1890 super
1626 1829 1848 1884 terram,

272 1913 544 1967 dicentem
585 1912 741 1966 audis
776 1911 946 1966 Etiam
977 1912 1043 1966 ad
1081 1911 1271 1968 Achab
1295 1913 1382 1967 "z
1419 1911 1553 1967 Vivit
1597 1913 1853 1968 Dominus

279 2003 414 2058 Deus
445 2005 726 2069 virtutum,
762 2002 906 2058 Deus
945 2002 1138 2069 Israel,
1181 2006 1237 2058 in
1266 2005 1417 2075 cujus
1443 2017 1719 2072 conspectu
1747 2015 1850 2070 sto,

273 2099 394 2152 siin
447 2098 535 2151 Itis
585 2098 742 2152 annis
794 2113 884 2151 ros
921 2096 997 2151 vel
1022 2097 1203 2163 pluvia
1242 2097 1402 2167 fuerit
1441 2114 1602 2166 super
1634 2111 1852 2162 terram,

273 2191 374 2243 nisi
403 2205 500 2258 per
527 2205 824 2244 sermonem
855 2189 962 2244 oris
991 2191 1114 2244 mei.
1154 2190 1217 2244 Et
1256 2200 1376 2259 post
1406 2190 1526 2245 haec
1565 2189 1856 2245 mandatur

273 2291 301 2329 a
347 2275 584 2330 Domino
637 2278 823 2331 corvis
881 2285 939 2330 ut
995 2286 1222 2346 pascant
1277 2279 1641 2347 prophetam,
1697 2288 1754 2334 et
1798 2287 1858 2334 ut

269 2384 468 2438 aquam
515 2368 669 2423 bibat
709 2369 776 2423 de
817 2367 974 2440 104
1023 2378 1263 2425 torrente
1309 2370 1541 2426 Corrath
1589 2369 1753 2444 (l0).
1791 2371 1859 2426 Et

268 2459 471 2513 iterum
539 2460 596 2513 in
672 2459 901 2528 Sarepta
971 2460 1210 2515 Sidoniae
1281 2461 1577 2517 mandatur
1640 2460 1856 2518 mulieri

276 2548 450 2602 sidus:
507 2561 739 2615 pascere
789 2549 1136 2618 prophetam,
1203 2559 1263 2605 ut
1322 2551 1407 2606 cui
1464 2567 1571 2607 non
1626 2553 1858 2623 amplius

264 2654 432 2710 quam
473 2641 636 2695 unius
678 2641 787 2695 diei
815 2652 1101 2708 supererat
1132 2642 1308 2698 victus
1332 2684 1348 2709 ,
1388 2643 1672 2714 largiendo
1704 2645 1860 2701 inde-

272 2735 468 2790 ﬁciens
502 2734 680 2799 fieret,
713 2741 773 2789 et
795 2733 1168 2803 multipliciter
1200 2735 1504 2790 abundaret
1530 2737 1857 2793 exhaustus.

265 2824 476 2896 llydria
537 2825 685 2879 enim
736 2826 927 2880 farinae
985 2834 1042 2880 et
1090 2841 1351 2896 capsaces
1400 2825 1505 2881 olei
1555 2829 1858 2883 secundum

263 2917 496 2971 verbum
541 2917 754 2973 Domini
797 2933 900 2971 non
944 2918 1147 2972 defecit
1204 2919 1477 2987 pascendo
1521 2919 1858 2988 prophetam.

268 3009 485 3064 Similia
510 3025 732 3079 quoque
759 3012 1000 3066 invenies
1024 3012 1191 3065 etiam
1220 3011 1271 3064 in
1301 3013 1636 3080 temporibus
1660 3011 1860 3098 Elistci,

1955 531 2101 577 terra
2153 527 2301 585 sunt,
2363 525 2419 571 et
2473 522 2687 569 terrena
2744 512 2981 580 sapiunt,
3030 516 3087 562 et
3134 523 3241 564 non
3305 517 3532 576 possunt

1950 614 2232 685 percipere
2265 624 2384 678 qua:
2416 616 2542 662 sunt
2584 605 2826 673 Spiritus
2852 602 2980 666 Dei,
3019 602 3215 656 famem
3243 600 3399 656 verbi
3435 599 3530 654 Dei

1951 705 2251 776 patiuntur,
2286 701 2415 771 legis
2448 701 2703 753 mandata
2737 711 2844 751 non
2881 694 3129 760 audiunt,
3161 693 3533 762 correptiones

1951 798 2333 869 prophetarum
2396 791 2688 854 nesciant,
2743 789 3074 860 apostolicas
3129 785 3533 842 consolationes

1953 893 2244 961 ignorant,
2289 902 2395 942 non
2438 885 2688 940 sentiunt
2731 880 3013 952 Evangelii
3069 879 3413 934 medicinam.
3468 877 3537 932 Et

1955 985 2076 1040 ideo
2121 985 2187 1038 de
2233 981 2323 1037 his
2373 979 2570 1034 merito
2617 975 2859 1041 dicitur,
2897 974 3041 1043 quod
3091 972 3322 1027 invaluit
3360 973 3534 1025 fames

1955 1091 2116 1146 super
2146 1088 2262 1129 eos.
2303 1071 2474 1126 Justis
2514 1076 2720 1131 autem,
2763 1076 2818 1122 et
2861 1067 2912 1122 in
2963 1065 3080 1135 lege
3113 1064 3329 1120 Domini
3363 1064 3534 1118 medi-

1957 1167 2197 1224 tantibus
2231 1165 2317 1220 die
2356 1179 2420 1218 ac
2451 1171 2635 1224 nocte,
2668 1159 2935 1232 sapientia
2970 1164 3240 1228 praeparat
3290 1169 3533 1210 mensam

1955 1277 2132 1326 suam,
2192 1259 2393 1315 occidit
2435 1259 2690 1313 victimas
2746 1268 2896 1317 suas,
2952 1252 3148 1306 miscet
3205 1249 3261 1304 in
3323 1255 3537 1302 cratere

1954 1355 2140 1409 vinum
2164 1369 2320 1408 suum
2352 1355 2420 1416 θ’,
2449 1360 2504 1406 et
2524 1364 2734 1406 summa
2767 1361 2899 1403 voce
2929 1345 3150 1410 clamat,
3184 1357 3293 1398 non
3323 1351 3382 1394 ut
3409 1356 3535 1394 om-

1956 1462 2056 1502 nes
2079 1446 2337 1505 veniant,
2378 1459 2484 1498 non
2539 1451 2596 1496 ut
2633 1440 3000 1503 abundantes,
3053 1451 3161 1491 non
3217 1443 3276 1490 ut
3317 1433 3534 1498 divites,
3583 1481 3586 1484 .

1957 1551 2136 1607 neque
2191 1544 2250 1590 ut
2286 1535 2564 1605 sapientes
2593 1532 2756 1602 huius
2789 1530 2978 1586 mundi
3027 1530 3300 1583 divertant
3346 1525 3412 1580 ad
3451 1539 3535 1587 se,

1958 1632 2052 1685 sed
2087 1629 2131 1684 si
2181 1628 2272 1698 qui
2319 1635 2468 1694 sunt,
2524 1626 2722 1695 inquit,
2759 1625 2948 1692 inopes
2989 1637 3176 1686 sensu,
3211 1620 3434 1674 veniant
3468 1619 3535 1672 ad

1959 1737 2070 1789 me,
2107 1721 2158 1775 id
2191 1729 2296 1785 est,
2333 1720 2380 1773 si
2404 1719 2496 1787 qui
2523 1714 2904 1772 suntlmmiles
2929 1715 3115 1773 corde.
3143 1713 3234 1782 qui
3266 1727 3298 1766 a
3319 1711 3538 1767 Christo

1885 1779 1928 1835 Β
1957 1779 2477 1864 άὲαἷοθτυιιιηιίιὲξι
2522 1820 2646 1861 esse
2698 1814 2754 1859 et
2794 1803 3029 1858 humiles
3073 1779 3244 1858 corde
3307 1802 3348 1868 ί,
3391 1801 3535 1870 quod

1952 1902 2078 1957 alibi
2115 1902 2312 1956 dicitur
2332 1901 2521 1970 spiritu
2558 1911 2856 1970 pauperes,
2902 1897 2998 1952 sed
3039 1895 3146 1951 ﬁde
3196 1895 3416 1959 divites,
3449 1894 3534 1948 isti

1953 1995 2283 2048 conveniant
2326 1993 2394 2048 ad
2439 1992 2628 2062 epulas
2669 1990 2989 2061 sapientiai,
3042 1997 3097 2044 et
3146 1987 3375 2057 dapibus
3423 1988 3539 2056 ejus

1956 2085 2139 2142 refecti
2170 2084 2440 2154 depellant
2485 2082 2683 2138 famem
2742 2097 2864 2152 qua:
2907 2080 3192 2136 invalescit
3219 2095 3385 2149 super
3430 2089 3540 2132 tero

1957 2193 2095 2232 ram.
2125 2175 2261 2232 Vide
2287 2192 2418 2248 ergo
2451 2192 2519 2232 ne
2552 2185 2607 2231 et
2644 2186 2699 2231 tn
2733 2175 2875 2232 forte
2907 2173 3202 2230 inveniaris
3225 2170 3538 2241 ngyptius,

1957 2277 2011 2324 et
2043 2269 2288 2325 obtineat
2313 2277 2364 2324 te
2398 2267 2568 2323 fames
2589 2308 2604 2334 ,
2642 2284 2709 2324 ne
2747 2267 2890 2322 forte
2929 2265 3112 2320 saeculi
3139 2265 3350 2318 actibus
3374 2279 3540 2317 oecu-

1957 2377 2118 2432 patus
2162 2372 2257 2416 aut
2299 2361 2551 2416 avaritim
2594 2360 2829 2416 vinculis
2873 2358 3122 2421 strictus,
3174 2365 3269 2409 aut
3310 2353 3539 2408 luxuriat

1957 2454 2220 2511 effusione
2264 2455 2572 2520 resolutus,
2650 2453 2863 2508 alienus
2909 2449 3162 2506 efﬁciaris
3191 2465 3221 2502 a
3263 2447 3540 2516 sapientiae

1959 2549 2121 2614 cibis,
2169 2549 2260 2617 qui
2308 2562 2522 2616 semper
2559 2546 2611 2600 in
2648 2544 2744 2600 Dei
2796 2543 3050 2602 ecclesiis
3093 2542 3444 2596 exlribentur.
3480 2537 3537 2593 Si

1960 2643 2107 2697 enim
2141 2648 2360 2695 avertas
2391 2638 2641 2692 auditum
2673 2639 2741 2692 ab
2781 2636 2892 2700 his,
2931 2650 3052 2705 qua:
3079 2634 3158 2689 vel
3206 2634 3455 2702 leguntur
3484 2633 3538 2686 in

1971 2732 2227 2794 ecclesia,
2250 2732 2335 2787 vel
2367 2731 2736 2801 disputantur,
2775 2729 2894 2784 sine
2938 2728 3104 2782 dubio
3152 2726 3354 2781 famem
3383 2726 3534 2780 verbi

1965 2825 2058 2879 Dei
2085 2824 2329 2894 patieris.
2356 2825 2412 2878 Si
2445 2837 2576 2877 vero
2604 2824 2670 2876 de
2700 2822 2978 2876 Abraham
3006 2822 3176 2889 stirpe
3211 2822 3540 2887 descendas,

1964 2929 2019 2972 et
2049 2917 2386 2972 nobilitatem
2420 2916 2702 2972 lsraelitici
2741 2914 2960 2986 generis
3001 2916 3276 2968 custodias
3303 2955 3318 2979 ,
3366 2915 3541 2983 pascit

1968 3020 2020 3063 te
2041 3025 2256 3078 semper
2284 3009 2393 3071 lex,
2433 3018 2665 3078 pascunt
2708 3008 3021 3078 prophetw,
3069 3006 3328 3061 exhibent
3357 3005 3450 3060 tibi
3485 3014 3540 3059 et

269 3119 392 3158 cum
437 3103 584 3158 ﬁlius
629 3104 774 3157 Ader
835 3101 986 3174 (ll)
1041 3117 1134 3157 rex
1175 3101 1348 3175 Syriae
1383 3105 1630 3159 ascendit
1671 3097 1932 3192 advehe
1966 3100 2196 3170 apostoli
2267 3100 2522 3169 epulante
2589 3100 2859 3153 convivia.
2936 3099 2994 3152 ln
3059 3097 3270 3152 sinibus
3321 3111 3540 3166 quoque

268 3211 389 3250 sum
445 3195 788 3259 Samariam,
843 3204 899 3250 et
955 3195 1165 3250 obsedit
1228 3210 1394 3249 eam:
1432 3195 1502 3248 Et
1560 3197 1703 3266 facta
1741 3209 1855 3264 est,

271 3289 447 3358 inquit
475 3290 545 3348 °‘,
577 3288 746 3356 {antes
775 3304 968 3356 magna
1004 3288 1059 3340 in
1098 3285 1348 3341 Samaria
1395 3305 1658 3358 usquequo
1689 3292 1856 3361 efﬁce-

273 3396 418 3437 retur
462 3393 623 3449 caput
669 3383 809 3435 asini
870 3382 1253 3452 quinquaginta
1299 3384 1444 3436 siclis
1481 3385 1759 3451 argenteis,
1809 3395 1856 3439 et

275 3476 607 3547 quartarium
666 3476 910 3529 stercoris
964 3475 1248 3528 columbini
1295 3475 1524 3544 quinque
1569 3482 1852 3547 argenteis.

279 3567 381 3622 Sed
407 3568 590 3622 subito
630 3583 727 3636 per
769 3568 994 3621 verbum
1035 3567 1314 3637 prophetat
1353 3566 1414 3620 fit
1453 3568 1588 3622 mira
1622 3584 1856 3625 conver-

279 3662 378 3724 sio,
427 3661 662 3716 dicentis
692 3659 737 3692 ³⁷
775 3677 790 3714 :
824 3660 968 3714 Audi
1015 3659 1224 3713 uerbum
1269 3657 1502 3713 Domini.
1551 3658 1681 3715 Haec
1727 3663 1856 3718 dicit

279 3749 534 3804 Dominus
593 3749 734 3805 Deus
771 3765 791 3803 :
821 3749 970 3807 Sicut
1011 3748 1112 3802 hac
1157 3749 1293 3802 liora
1332 3749 1564 3805 crastino
1611 3769 1857 3810 mensura

278 3842 592 3912 similaginis
623 3842 754 3897 siclo
795 3858 935 3906 uno,
963 3853 1014 3898 et
1049 3843 1168 3899 dua:
1204 3861 1464 3902 mensura:
1505 3847 1690 3900 hordei
1727 3846 1857 3902 siclo

279 3949 381 3986 uno
409 3932 467 3985 in
489 3934 658 3999 portis
684 3932 946 3988 Samaria
963 3944 1139 3990 erunt.
1178 3933 1341 3992 Vides
1368 3952 1498 4009 ergo
1524 3951 1592 3992 ex
1624 3939 1708 3994 his
1737 3953 1856 3994 om-

278 4026 439 4080 nibus
491 4025 625 4095 quid
685 4024 996 4095 colligatur,
1060 4025 1194 4095 quia
1241 4043 1362 4082 cum
1423 4038 1626 4084 terram
1681 4031 1856 4086 fames

276 4122 541 4184 obtineat,
570 4134 676 4174 non
705 4118 877 4173 solum
911 4132 1015 4173 non
1043 4119 1259 4173 obtinet
1283 4120 1486 4190 justos,
1521 4123 1618 4179 sed
1643 4123 1854 4179 medela

279 4216 457 4283 potius
487 4229 584 4283 per
610 4227 706 4267 eos
736 4213 1018 4266 intentatis
1040 4211 1179 4267 cladi
1218 4212 1488 4269 defertur.

345 4307 401 4360 4.
437 4305 576 4360 Cum
605 4318 735 4374 ergo
767 4303 954 4358 videas
998 4304 1306 4375 hujusmodi
1348 4307 1754 4363 observantiam
1800 4310 1852 4364 in

277 4399 528 4452 sumtibus
589 4411 729 4466 pene
787 4396 1087 4464 Scripturze
1155 4407 1360 4452 sancta;
1435 4398 1569 4454 locis
1638 4400 1854 4469 integre

1961 3194 2258 3259 Abraham,
2311 3201 2367 3248 et
2423 3194 2593 3256 Isaac,
2647 3203 2701 3248 et
2753 3191 2947 3257 Jacob,
3005 3194 3058 3245 in
3126 3205 3294 3260 regno
3360 3189 3539 3244 Patris

1961 3290 2285 3344 recumbere
2313 3297 2364 3342 te
2398 3286 2704 3340 invitabunt
2737 3285 3030 3355 Evangelia
3051 3327 3067 3352 ,
3114 3295 3172 3338 ut
3205 3285 3276 3339 ibi
3309 3283 3539 3338 mandu-

1959 3395 2052 3435 ces
2081 3379 2150 3434 de
2179 3378 2326 3446 ligno
2367 3379 2524 3441 vitat,
2551 3385 2605 3430 et
2641 3375 2794 3430 bibas
2828 3376 3012 3430 vinum
3044 3374 3110 3428 de
3130 3375 3239 3428 vite
3271 3386 3420 3436 vera,
3455 3371 3540 3424 vi-

1960 3485 2088 3524 num
2126 3484 2322 3524 novum
2355 3483 2476 3524 cum
2504 3466 2722 3522 Christo
2751 3466 2802 3519 in
2837 3481 3000 3535 regno
3038 3465 3218 3518 Patris
3260 3463 3401 3532 ejus.
3452 3463 3536 3516 Ab

1958 3562 2043 3616 his
2068 3562 2212 3617 enim
2245 3561 2380 3616 cibis
2411 3577 2516 3615 non
2535 3569 2761 3630 possunt
2777 3556 3045 3625 jejuuare,
3067 3572 3167 3612 nec
3199 3556 3392 3611 famem
3420 3555 3532 3626 pati

1959 3653 2051 3708 lilii
2094 3654 2299 3724 sponsi,
2347 3654 2519 3708 donec
2566 3667 2688 3706 cum
2720 3652 2852 3721 ipsis
2880 3661 2962 3705 est
2990 3665 3243 3719 sponsus.

2026 3744 2081 3798 5.
2109 3743 2361 3799 Refertur
2392 3757 2527 3798 sane
2560 3741 2613 3796 in
2650 3742 3117 3811 consequentibus
3139 3742 3182 3807 ²,
3210 3741 3356 3808 quod
3392 3748 3538 3792 terra

1959 3838 2304 3891 sacerdotum
2363 3833 2744 3904 Egyptiorum
2793 3846 2900 3887 non
2969 3833 3042 3887 sit
3105 3832 3158 3886 in
3216 3831 3535 3886 servitutem

1960 3927 2183 3982 redacta
2238 3925 2548 3991 Pharaoni,
2606 3939 2782 3994 neque
2833 3940 2955 3979 cum
3003 3924 3215 3979 caeteris
3265 3921 3538 3995 Egyptiis

1956 4020 2304 4075 vendiderint
2327 4019 2676 4089 semetipsos,
2708 4018 2798 4073 sed
2826 4021 2970 4088 quod
3005 4018 3345 4073 extrinsecus
3380 4033 3540 4072 acce-

1958 4115 2160 4183 perint,
2194 4113 2278 4167 vel
2318 4115 2613 4180 frumenta,
2663 4115 2746 4170 vel
2783 4131 3028 4182 munera,
3089 4131 3193 4170 non
3243 4131 3272 4169 a
3315 4113 3535 4185 Josepb,

1959 4207 2054 4260 sed
2103 4207 2173 4261 ab
2225 4208 2346 4276 ipso
2377 4207 2684 4270 Pharaone,
2741 4217 2797 4264 et
2849 4219 3077 4280 propter
3121 4210 3224 4264 hoc
3273 4217 3534 4278 tanquam

1957 4297 2341 4354 familiariores
2406 4301 2699 4364 caeteris,-
2753 4315 2859 4355 non
2920 4301 3271 4356 vendiderint
3332 4310 3535 4355 terram

1956 4406 2112 4447 suam
2142 4389 2450 4459 Pharaoni;
2488 4391 2582 4447 sed
2611 4407 2709 4463 per
2733 4393 2836 4447 hoc
2861 4391 3152 4461 nequiores
3174 4408 3295 4448 esse
3319 4393 3532 4448 caeteris

279 4490 578 4554 custodiri,
629 4499 888 4545 converte
934 4490 1052 4545 haec
1101 4491 1170 4545 ad
1214 4493 1482 4561 tropicum
1515 4502 1569 4548 et
1600 4493 1851 4564 allegori-
1881 4476 1928 4532 Ῑ)
1956 4473 2342 4554 ostenduntur,
2376 4485 2467 4555 qui
2493 4500 2592 4555 pro
2620 4486 2787 4540 nimia
2821 4485 3220 4551 familiaritate,
3266 4501 3387 4557 quae
3409 4495 3532 4542 erat

277 4595 397 4635 eum
428 4595 691 4644 sensum,
739 4595 900 4650 quem
947 4581 1189 4650 ipsorum
1235 4583 1584 4638 nihilominus
1619 4587 1853 4655 propheo

280 4681 452 4726 tarum
487 4672 836 4726 sermonibus
870 4671 1183 4728 edocemur.
1228 4671 1381 4728 Unus
1410 4677 1554 4728 enim
1601 4691 1667 4730 ex
1715 4678 1851 4734 duo-

277 4765 449 4820 decim
477 4763 762 4836 prophetis
798 4773 986 4834 aperte
1015 4773 1070 4818 et
1092 4765 1378 4820 evidenter
1410 4768 1706 4835 spiritalem
1743 4769 1849 4825 dici

279 4851 476 4911 famem
513 4855 662 4910 nudo
706 4869 958 4909 sermone
997 4857 1314 4924 pronuntiat
1364 4857 1552 4914 dicens
1590 4859 1638 4892 ⁸⁸
1673 4859 1851 4916 :Ecce

279 4949 383 5002 dies
409 4949 650 5013 veniunt,
690 4948 814 5001 dicit
841 4945 1128 5007 Dominus,
1151 4956 1198 5001 et
1223 4949 1458 5002 emittam
1481 4950 1674 5018 famem
1695 4967 1853 5020 super

279 5049 494 5103 terram,
542 5055 647 5093 non
693 5040 888 5108 fantem
931 5039 1112 5106 panis,
1147 5057 1314 5110 neque
1341 5042 1482 5095 sitim
1518 5059 1672 5112 aqua
1700 5083 1714 5107 ,
1757 5044 1850 5098 sed

279 5129 470 5199 (autem
523 5131 776 5184 audiendi
833 5131 1044 5186 verbum
1097 5131 1332 5187 Domini.
1395 5133 1559 5188 Vides
1607 5150 1728 5206 qua:
1778 5135 1849 5191 sit

278 5222 482 5289 fames,
555 5237 678 5291 quae
730 5224 939 5280 obtinet
999 5225 1350 5294 peccatores?
1399 5223 1564 5279 Vides
1614 5240 1734 5294 quae
1776 5225 1846 5280 sit

1956 4579 2038 4634 eis
2079 4594 2202 4634 cum
2262 4577 2570 4646 Pharaone,
2617 4579 2754 4633 nihil
2803 4579 3199 4633 immutationis
3241 4579 3534 4649 recipiunt,

1958 4669 2052 4724 sed
2095 4682 2420 4740 permanent
2454 4671 2508 4725 in
2550 4669 2691 4725 mala
2738 4670 3122 4740 possessione,
3167 4679 3223 4724 et
3269 4671 3406 4726 sicut
3446 4671 3533 4726 his

1955 4762 2049 4832 qui
2099 4762 2153 4816 in
2182 4762 2290 4818 fide
2319 4769 2376 4817 et
2423 4761 2714 4817 sanctitate
2757 4761 3140 4832 profecerant,
3181 4763 3316 4817 dicit
3343 4763 3531 4816 Domi-

1957 4870 2060 4910 nus
2088 4853 2110 4887 ⁸
2143 4867 2159 4908 :
2189 4854 2313 4908 1am
2355 4869 2459 4908 non
2499 4856 2618 4909 dico
2659 4873 2746 4912 eos
2791 4873 2988 4924 seruos,
3034 4859 3122 4912 sed
3170 4857 3398 4921 amicos,
3454 4857 3528 4909 ita

1958 4949 2095 5004 dicit
2151 4959 2208 5003 et
2258 4949 2381 5003 istis
2424 4949 2661 5017 Pharao,
2717 4959 2972 5020 tanquam
3016 4951 3110 5020 qui
3157 4950 3222 5004 ad
3259 4964 3529 5003 sumuunn

1956 5039 2178 5110 gradum
2198 5041 2448 5110 nequitia:
2463 5051 2518 5096 et
2535 5041 2603 5096 ad
2622 5042 2983 5096 sacerdotium
3003 5040 3320 5111 perditionis
3333 5054 3531 5095 ascen-

1955 5129 2311 5186 derintzlam
2347 5149 2452 5187 non
2479 5133 2598 5186 dico
2637 5149 2723 5187 vos
2759 5147 2955 5196 seruos,
2983 5139 3072 5185 sed
3101 5133 3319 5186 amicos.
3361 5130 3526 5186 Deni-

1951 5237 2057 5292 que
2080 5225 2162 5279 vis
2185 5225 2326 5280 scire
2348 5226 2478 5297 quid
2517 5227 2732 5283 intersit
2762 5230 2901 5284 inter
2956 5229 3271 5284 sacerdotes
3318 5226 3413 5282 Dei
3469 5235 3527 5280 et

345 5334 392 5368 ⁸³
423 5333 568 5416 Psal.
601 5334 894 5416 {xxv-{.25.
967 5335 1016 5368 "
1031 5335 1190 5416 Prov.
1224 5352 1281 5416 x_,
1323 5337 1380 5416 ὅτ
1426 5336 1500 5416 ,ξ’
1525 5335 1592 5416 ll_l
1625 5335 1854 5416 [legam

1955 5337 2022 5416 l_.A
2069 5338 2224 5416 "All:
2247 5341 2378 5411 Reg.
2398 5353 2474 5400 v1.
2493 5341 2584 5397 25.
2663 5343 2805 5416 l’:’_IV
2829 5345 2961 5416 Reg.
2991 5345 3173 5416 νιιηι.

3271 5343 3318 5375 ίθ
3355 5344 3526 5398 Amos

279 5419 396 5470 vtu,
441 5405 534 5460 ll.
608 5407 654 5439 ⁸⁸
729 5403 892 5461 Prov.
924 5421 1006 5474 ix,
1053 5406 1108 5471 2,
1146 5407 1198 5472 '5,
1235 5406 1288 5461 4.
1347 5407 1382 5442 -¹
1425 5405 1614 5460 Matth.
1671 5403 1729 5470 νζ
1776 5407 1854 5472 4;;

1958 5410 2052 5468 29.
2125 5411 2147 5442 ¹
2185 5403 2384 5470 Cenes.
2448 5428 2615 5480 xcvu,
2673 5413 2748 5468 22
2799 5403 2956 5486 seqq.
3033 5403 3247 5473 "Joan.
3308 5411 3522 5477 xv,15.

351 5639 498 5714 (l0)
536 5639 691 5714 lissi,
723 5640 971 5714 Cori-atii.
1002 5641 1185 5714 _Editi,_
1208 5639 1466 5714 Corrupit.
1505 5639 1669 5714 Paulo
1702 5641 1840 5714 infra

286 5710 436 5776 mss,
471 5710 749 5783 largiendo
800 5711 1104 5781 indeﬁciens
1148 5710 1315 5779 ﬁeret.
1367 5711 1535 5780 Alias,
1573 5713 1842 5783 largiendo

285 5795 344 5837 so
369 5783 675 5852 indeﬁciens
701 5781 870 5853 ﬁeret.

347 5571 460 5697 (93
514 5571 684 5642 Alias,
717 5571 895 5636 Deus;
920 5578 976 5625 at
1011 5584 1166 5654 mss...
1205 5569 1484 5624 Dominus.

351 5643 416 5714 tl
471 5643 498 5765 ἶ
536 5641 691 5726 Μξιη
723 5640 971 5724 Corrath.
1002 5641 1176 5724 .Edlll,
1208 5639 1466 5723 Corrupit.

347 5727 436 5765 ιε..
491 5714 749 5765 armentia
800 5711 1104 5765 indeﬁctens
1149 5710 1315 5765 ﬁeret.
1367 5711 1482 5765 Alta

2023 5570 2164 5644 (ll)
2217 5570 2392 5644 filius
2442 5572 2602 5644 Λάαν.
2659 5571 2734 5628 lla
2785 5590 2918 5630 mss.
2987 5589 3219 5644 quorum
3253 5571 3519 5644 Anonnulli

1950 5641 2156 5697 habent
2208 5641 2385 5697 Filius
2433 5643 2618 5700 Iader.
2686 5644 2914 5710 Vulgata
2977 5641 3189 5710 Latina,
3243 5642 3517 5700 Benadab.

1950 5710 2099 5770 Libri
2132 5713 2264 5769 editi
2291 5712 2563 5785 Origenis,
2593 5714 2737 5784 ﬁlius
2763 5716 3056 5771 Adadeser.
