  <div class='ocr_page' id='page_1' title='image "/cluster/home/n/w/nwhite01/storage/ocr_20150623/12/mdp.39015028786690/135.png"; bbox 0 0 4050 6142; ppageno 0'>
   <div class='ocr_carea' id='block_1_1' title="bbox 499 265 600 320">
    <p class='ocr_par' dir='ltr' id='par_1_1' title="bbox 499 265 600 320">
     <span class='ocr_line' id='line_1_1' title="bbox 499 265 600 320; baseline -0.01 0"><span class='ocrx_word' id='word_1_1' title='bbox 499 265 600 320; x_wconf 74' lang='grc'><strong>251</strong></span> 
     </span>
    </p>
   </div>
   <div class='ocr_carea' id='block_1_2' title="bbox 1970 258 2292 316">
    <p class='ocr_par' dir='ltr' id='par_1_2' title="bbox 1970 258 2292 316">
     <span class='ocr_line' id='line_1_2' title="bbox 1970 258 2292 316; baseline -0.006 0"><span class='ocrx_word' id='word_1_2' title='bbox 1970 258 2292 316; x_wconf 76' lang='lat' dir='ltr'><strong>ORIGENIS</strong></span> 
     </span>
    </p>
   </div>
   <div class='ocr_carea' id='block_1_3' title="bbox 3629 248 3762 304">
    <p class='ocr_par' dir='ltr' id='par_1_3' title="bbox 3629 248 3762 304">
     <span class='ocr_line' id='line_1_3' title="bbox 3629 248 3762 304; baseline 0.008 -1"><span class='ocrx_word' id='word_1_3' title='bbox 3629 248 3762 304; x_wconf 67' lang='lat'><strong>253</strong></span> 
     </span>
    </p>
   </div>
   <div class='ocr_carea' id='block_1_4' title="bbox 501 372 3756 449">
    <p class='ocr_par' dir='ltr' id='par_1_4' title="bbox 501 372 3756 449">
     <span class='ocr_line' id='line_1_4' title="bbox 501 372 3756 449; baseline -0.004 -11"><span class='ocrx_word' id='word_1_4' title='bbox 501 383 812 439; x_wconf 88' lang='lat' dir='ltr'><strong>sacerdotes</strong></span> <span class='ocrx_word' id='word_1_5' title='bbox 863 382 1202 436; x_wconf 78' lang='lat' dir='ltr'><strong>Pharaonis?</strong></span> <span class='ocrx_word' id='word_1_6' title='bbox 1268 383 1482 439; x_wconf 81' lang='lat' dir='ltr'><strong>Pharao</strong></span> <span class='ocrx_word' id='word_1_7' title='bbox 1571 392 1748 438; x_wconf 89' lang='lat' dir='ltr'><strong>terras</strong></span> <span class='ocrx_word' id='word_1_8' title='bbox 1823 385 2071 438; x_wconf 78' lang='lat' dir='ltr'><strong>concedit</strong></span> <span class='ocrx_word' id='word_1_9' title='bbox 2101 388 2148 442; x_wconf 84' lang='grc' dir='ltr'><strong>Α</strong></span> <span class='ocrx_word' id='word_1_10' title='bbox 2183 391 2289 434; x_wconf 90' lang='lat' dir='ltr'><strong>tur.</strong></span> <span class='ocrx_word' id='word_1_11' title='bbox 2317 382 2388 433; x_wconf 89' lang='lat' dir='ltr'><strong>At</strong></span> <span class='ocrx_word' id='word_1_12' title='bbox 2421 394 2551 434; x_wconf 87' lang='lat' dir='ltr'><strong>vero</strong></span> <span class='ocrx_word' id='word_1_13' title='bbox 2580 378 2911 434; x_wconf 81' lang='lat' dir='ltr'><strong>lsraeliticus</strong></span> <span class='ocrx_word' id='word_1_14' title='bbox 2958 375 3186 449; x_wconf 89' lang='lat' dir='ltr'><strong>populus</strong></span> <span class='ocrx_word' id='word_1_15' title='bbox 3227 374 3453 429; x_wconf 89' lang='lat' dir='ltr'><strong>honorat</strong></span> <span class='ocrx_word' id='word_1_16' title='bbox 3480 372 3756 427; x_wconf 87' lang='lat' dir='ltr'><strong>decadem</strong></span> 
     </span>
    </p>
   </div>
   <div class='ocr_carea' id='block_1_5' title="bbox 499 475 2066 538">
    <p class='ocr_par' dir='ltr' id='par_1_5' title="bbox 499 475 2066 538">
     <span class='ocr_line' id='line_1_5' title="bbox 499 475 2066 538; baseline -0.002 -8"><span class='ocrx_word' id='word_1_17' title='bbox 499 475 875 536; x_wconf 75' lang='lat' dir='ltr'><strong>sacerdotibus</strong></span> <span class='ocrx_word' id='word_1_18' title='bbox 897 475 1037 538; x_wconf 89' lang='lat' dir='ltr'><strong>suis,</strong></span> <span class='ocrx_word' id='word_1_19' title='bbox 1067 475 1327 528; x_wconf 86' lang='lat' dir='ltr'><strong>Dominus</strong></span> <span class='ocrx_word' id='word_1_20' title='bbox 1351 484 1532 530; x_wconf 90' lang='lat' dir='ltr'><strong>autem</strong></span> <span class='ocrx_word' id='word_1_21' title='bbox 1563 475 1937 530; x_wconf 73' lang='lat' dir='ltr'><strong>sacerdotibus</strong></span> <span class='ocrx_word' id='word_1_22' title='bbox 1954 475 2066 530; x_wconf 90' lang='lat' dir='ltr'><strong>suis</strong></span> 
     </span>
    </p>
   </div>
   <div class='ocr_carea' id='block_1_6' title="bbox 499 565 2065 638">
    <p class='ocr_par' dir='ltr' id='par_1_6' title="bbox 499 565 2065 638">
     <span class='ocr_line' id='line_1_6' title="bbox 499 565 2065 638; baseline 0.003 -19"><span class='ocrx_word' id='word_1_23' title='bbox 499 576 709 635; x_wconf 87' lang='lat' dir='ltr'><strong>partem</strong></span> <span class='ocrx_word' id='word_1_24' title='bbox 744 581 855 620; x_wconf 90' lang='lat' dir='ltr'><strong>non</strong></span> <span class='ocrx_word' id='word_1_25' title='bbox 886 565 1138 620; x_wconf 74' lang='lat' dir='ltr'><strong>concedit</strong></span> <span class='ocrx_word' id='word_1_26' title='bbox 1167 567 1217 620; x_wconf 92' lang='lat' dir='ltr'><strong>in</strong></span> <span class='ocrx_word' id='word_1_27' title='bbox 1262 578 1438 632; x_wconf 90' lang='lat' dir='ltr'><strong>terra,</strong></span> <span class='ocrx_word' id='word_1_28' title='bbox 1473 568 1566 622; x_wconf 87' lang='lat' dir='ltr'><strong>sed</strong></span> <span class='ocrx_word' id='word_1_29' title='bbox 1595 568 1726 622; x_wconf 90' lang='lat' dir='ltr'><strong>dicit</strong></span> <span class='ocrx_word' id='word_1_30' title='bbox 1746 569 1826 623; x_wconf 90' lang='lat' dir='ltr'><strong>eis</strong></span> <span class='ocrx_word' id='word_1_31' title='bbox 1852 569 1874 599; x_wconf 63' lang='grc' dir='ltr'>ι</span> <span class='ocrx_word' id='word_1_32' title='bbox 1903 585 1915 623; x_wconf 94' lang='lat'>:</span> <span class='ocrx_word' id='word_1_33' title='bbox 1952 569 2065 638; x_wconf 88' lang='lat' dir='ltr'><strong>Ego</strong></span> 
     </span>
    </p>
   </div>
   <div class='ocr_carea' id='block_1_7' title="bbox 492 655 2065 731">
    <p class='ocr_par' dir='ltr' id='par_1_7' title="bbox 492 655 2065 731">
     <span class='ocr_line' id='line_1_7' title="bbox 492 655 2065 731; baseline 0.001 -19"><span class='ocrx_word' id='word_1_34' title='bbox 492 672 613 712; x_wconf 79' lang='lat' dir='ltr'><strong>sum</strong></span> <span class='ocrx_word' id='word_1_35' title='bbox 647 673 772 723; x_wconf 88' lang='lat' dir='ltr'><strong>pars</strong></span> <span class='ocrx_word' id='word_1_36' title='bbox 801 664 992 711; x_wconf 81' lang='lat' dir='ltr'><strong>uestra.</strong></span> <span class='ocrx_word' id='word_1_37' title='bbox 1059 655 1357 712; x_wconf 87' lang='lat' dir='ltr'><strong>Observate</strong></span> <span class='ocrx_word' id='word_1_38' title='bbox 1400 672 1527 728; x_wconf 82' lang='lat' dir='ltr'><strong>ergo</strong></span> <span class='ocrx_word' id='word_1_39' title='bbox 1567 660 1657 728; x_wconf 90' lang='lat' dir='ltr'><strong>qui</strong></span> <span class='ocrx_word' id='word_1_40' title='bbox 1704 659 1818 715; x_wconf 62' lang='lat' dir='ltr'><strong>haec</strong></span> <span class='ocrx_word' id='word_1_41' title='bbox 1865 660 2065 731; x_wconf 71' lang='lat' dir='ltr'><strong>legitis,</strong></span> 
     </span>
    </p>
   </div>
   <div class='ocr_carea' id='block_1_8' title="bbox 496 748 2067 821">
    <p class='ocr_par' dir='ltr' id='par_1_8' title="bbox 496 748 2067 821">
     <span class='ocr_line' id='line_1_8' title="bbox 496 748 2067 821; baseline 0.003 -20"><span class='ocrx_word' id='word_1_42' title='bbox 496 761 688 802; x_wconf 89' lang='lat' dir='ltr'><strong>omnes</strong></span> <span class='ocrx_word' id='word_1_43' title='bbox 716 748 928 802; x_wconf 87' lang='lat' dir='ltr'><strong>Domini</strong></span> <span class='ocrx_word' id='word_1_44' title='bbox 965 749 1276 803; x_wconf 89' lang='lat' dir='ltr'><strong>sacerdotes</strong></span> <span class='ocrx_word' id='word_1_45' title='bbox 1296 789 1323 815; x_wconf 37' lang='lat'><strong>,,</strong></span> <span class='ocrx_word' id='word_1_46' title='bbox 1342 759 1398 804; x_wconf 90' lang='lat' dir='ltr'><strong>et</strong></span> <span class='ocrx_word' id='word_1_47' title='bbox 1432 751 1610 805; x_wconf 80' lang='lat' dir='ltr'><strong>videte</strong></span> <span class='ocrx_word' id='word_1_48' title='bbox 1653 767 1773 821; x_wconf 72' lang='lat' dir='ltr'><strong>qure</strong></span> <span class='ocrx_word' id='word_1_49' title='bbox 1805 752 1877 806; x_wconf 94' lang='lat' dir='ltr'><strong>sit</strong></span> <span class='ocrx_word' id='word_1_50' title='bbox 1913 752 2067 807; x_wconf 80' lang='lat' dir='ltr'><strong>diffe-</strong></span> 
     </span>
    </p>
   </div>
   <div class='ocr_carea' id='block_1_9' title="bbox 495 838 2063 910">
    <p class='ocr_par' dir='ltr' id='par_1_9' title="bbox 495 838 2063 910">
     <span class='ocr_line' id='line_1_9' title="bbox 495 838 2063 910; baseline 0.001 -16"><span class='ocrx_word' id='word_1_51' title='bbox 495 838 674 894; x_wconf 88' lang='lat' dir='ltr'><strong>rentia</strong></span> <span class='ocrx_word' id='word_1_52' title='bbox 708 839 1082 903; x_wconf 81' lang='lat' dir='ltr'><strong>sacerdotum,</strong></span> <span class='ocrx_word' id='word_1_53' title='bbox 1115 854 1181 892; x_wconf 92' lang='lat' dir='ltr'><strong>ne</strong></span> <span class='ocrx_word' id='word_1_54' title='bbox 1213 840 1353 893; x_wconf 88' lang='lat' dir='ltr'><strong>forte</strong></span> <span class='ocrx_word' id='word_1_55' title='bbox 1395 840 1488 910; x_wconf 89' lang='lat' dir='ltr'><strong>qui</strong></span> <span class='ocrx_word' id='word_1_56' title='bbox 1533 850 1738 909; x_wconf 88' lang='lat' dir='ltr'><strong>partem</strong></span> <span class='ocrx_word' id='word_1_57' title='bbox 1783 842 1982 898; x_wconf 87' lang='lat' dir='ltr'><strong>habent</strong></span> <span class='ocrx_word' id='word_1_58' title='bbox 2013 845 2063 897; x_wconf 92' lang='lat' dir='ltr'><strong>in</strong></span> 
     </span>
    </p>
   </div>
   <div class='ocr_carea' id='block_1_10' title="bbox 495 931 2062 1000">
    <p class='ocr_par' dir='ltr' id='par_1_10' title="bbox 495 931 2062 1000">
     <span class='ocr_line' id='line_1_10' title="bbox 495 931 2062 1000; baseline 0.004 -16"><span class='ocrx_word' id='word_1_59' title='bbox 495 939 639 985; x_wconf 90' lang='lat' dir='ltr'><strong>terra</strong></span> <span class='ocrx_word' id='word_1_60' title='bbox 717 941 773 985; x_wconf 90' lang='lat' dir='ltr'><strong>et</strong></span> <span class='ocrx_word' id='word_1_61' title='bbox 802 933 1034 985; x_wconf 88' lang='lat' dir='ltr'><strong>terrenis</strong></span> <span class='ocrx_word' id='word_1_62' title='bbox 1063 931 1301 986; x_wconf 87' lang='lat' dir='ltr'><strong>cultibus</strong></span> <span class='ocrx_word' id='word_1_63' title='bbox 1343 947 1406 987; x_wconf 93' lang='lat' dir='ltr'><strong>ac</strong></span> <span class='ocrx_word' id='word_1_64' title='bbox 1439 934 1634 988; x_wconf 89' lang='lat' dir='ltr'><strong>studiis</strong></span> <span class='ocrx_word' id='word_1_65' title='bbox 1680 945 1907 1000; x_wconf 89' lang='lat' dir='ltr'><strong>vacant,</strong></span> <span class='ocrx_word' id='word_1_66' title='bbox 1957 953 2062 992; x_wconf 91' lang='lat' dir='ltr'><strong>non</strong></span> 
     </span>
    </p>
   </div>
   <div class='ocr_carea' id='block_1_11' title="bbox 496 1021 2066 1092">
    <p class='ocr_par' dir='ltr' id='par_1_11' title="bbox 496 1021 2066 1092">
     <span class='ocr_line' id='line_1_11' title="bbox 496 1021 2066 1092; baseline 0.004 -16"><span class='ocrx_word' id='word_1_67' title='bbox 496 1029 608 1076; x_wconf 89' lang='lat' dir='ltr'><strong>tam</strong></span> <span class='ocrx_word' id='word_1_68' title='bbox 645 1021 859 1077; x_wconf 90' lang='lat' dir='ltr'><strong>Domini</strong></span> <span class='ocrx_word' id='word_1_69' title='bbox 905 1038 1070 1092; x_wconf 88' lang='lat' dir='ltr'><strong>quam</strong></span> <span class='ocrx_word' id='word_1_70' title='bbox 1122 1024 1426 1080; x_wconf 87' lang='lat' dir='ltr'><strong>Pharaonis</strong></span> <span class='ocrx_word' id='word_1_71' title='bbox 1475 1028 1782 1082; x_wconf 89' lang='lat' dir='ltr'><strong>sacerdotes</strong></span> <span class='ocrx_word' id='word_1_72' title='bbox 1823 1042 1942 1084; x_wconf 87' lang='lat' dir='ltr'><strong>esse</strong></span> <span class='ocrx_word' id='word_1_73' title='bbox 1984 1030 2066 1082; x_wconf 87' lang='lat' dir='ltr'><strong>vi-</strong></span> 
     </span>
    </p>
   </div>
   <div class='ocr_carea' id='block_1_12' title="bbox 500 1115 2064 1184">
    <p class='ocr_par' dir='ltr' id='par_1_12' title="bbox 500 1115 2064 1184">
     <span class='ocr_line' id='line_1_12' title="bbox 500 1115 2064 1184; baseline 0.006 -17"><span class='ocrx_word' id='word_1_74' title='bbox 500 1117 752 1170; x_wconf 74' lang='lat' dir='ltr'><strong>deantur.</strong></span> <span class='ocrx_word' id='word_1_75' title='bbox 812 1115 906 1169; x_wconf 86' lang='lat' dir='ltr'><strong>Ille</strong></span> <span class='ocrx_word' id='word_1_76' title='bbox 951 1125 1036 1170; x_wconf 88' lang='lat' dir='ltr'><strong>est</strong></span> <span class='ocrx_word' id='word_1_77' title='bbox 1091 1116 1234 1170; x_wconf 91' lang='lat' dir='ltr'><strong>enim</strong></span> <span class='ocrx_word' id='word_1_78' title='bbox 1263 1118 1353 1184; x_wconf 91' lang='lat' dir='ltr'><strong>qui</strong></span> <span class='ocrx_word' id='word_1_79' title='bbox 1405 1117 1519 1172; x_wconf 86' lang='lat' dir='ltr'><strong>vult</strong></span> <span class='ocrx_word' id='word_1_80' title='bbox 1573 1120 1885 1174; x_wconf 88' lang='lat' dir='ltr'><strong>sacerdotes</strong></span> <span class='ocrx_word' id='word_1_81' title='bbox 1937 1136 2064 1176; x_wconf 89' lang='lat' dir='ltr'><strong>suos</strong></span> 
     </span>
    </p>
   </div>
   <div class='ocr_carea' id='block_1_13' title="bbox 493 1206 2061 1280">
    <p class='ocr_par' dir='ltr' id='par_1_13' title="bbox 493 1206 2061 1280">
     <span class='ocr_line' id='line_1_13' title="bbox 493 1206 2061 1280; baseline 0.003 -20"><span class='ocrx_word' id='word_1_82' title='bbox 493 1206 699 1260; x_wconf 84' lang='lat' dir='ltr'><strong>habere</strong></span> <span class='ocrx_word' id='word_1_83' title='bbox 749 1207 1126 1274; x_wconf 88' lang='lat' dir='ltr'><strong>possessiones</strong></span> <span class='ocrx_word' id='word_1_84' title='bbox 1173 1216 1458 1274; x_wconf 90' lang='lat' dir='ltr'><strong>terrarum,</strong></span> <span class='ocrx_word' id='word_1_85' title='bbox 1521 1217 1576 1264; x_wconf 91' lang='lat' dir='ltr'><strong>et</strong></span> <span class='ocrx_word' id='word_1_86' title='bbox 1621 1223 1878 1264; x_wconf 76' lang='lat' dir='ltr'><strong>exercere</strong></span> <span class='ocrx_word' id='word_1_87' title='bbox 1924 1212 2061 1280; x_wconf 78' lang='lat' dir='ltr'><strong>agri,</strong></span> 
     </span>
    </p>
   </div>
   <div class='ocr_carea' id='block_1_14' title="bbox 495 1297 2062 1371">
    <p class='ocr_par' dir='ltr' id='par_1_14' title="bbox 495 1297 2062 1371">
     <span class='ocr_line' id='line_1_14' title="bbox 495 1297 2062 1371; baseline 0.004 -20"><span class='ocrx_word' id='word_1_88' title='bbox 495 1313 599 1351; x_wconf 90' lang='lat' dir='ltr'><strong>non</strong></span> <span class='ocrx_word' id='word_1_89' title='bbox 661 1297 860 1351; x_wconf 66' lang='lat' dir='ltr'><strong>anima:</strong></span> <span class='ocrx_word' id='word_1_90' title='bbox 916 1297 1209 1363; x_wconf 85' lang='lat' dir='ltr'><strong>culturam,</strong></span> <span class='ocrx_word' id='word_1_91' title='bbox 1258 1300 1373 1354; x_wconf 91' lang='lat' dir='ltr'><strong>ruri</strong></span> <span class='ocrx_word' id='word_1_92' title='bbox 1429 1309 1484 1354; x_wconf 90' lang='lat' dir='ltr'><strong>et</strong></span> <span class='ocrx_word' id='word_1_93' title='bbox 1527 1316 1633 1354; x_wconf 89' lang='lat' dir='ltr'><strong>non</strong></span> <span class='ocrx_word' id='word_1_94' title='bbox 1683 1300 1783 1371; x_wconf 85' lang='lat' dir='ltr'><strong>legi</strong></span> <span class='ocrx_word' id='word_1_95' title='bbox 1838 1316 2062 1371; x_wconf 87' lang='lat' dir='ltr'><strong>operam</strong></span> 
     </span>
    </p>
   </div>
   <div class='ocr_carea' id='block_1_15' title="bbox 491 1385 2062 1446">
    <p class='ocr_par' dir='ltr' id='par_1_15' title="bbox 491 1385 2062 1446">
     <span class='ocr_line' id='line_1_15' title="bbox 491 1385 2062 1446; baseline 0.005 -8"><span class='ocrx_word' id='word_1_96' title='bbox 491 1385 647 1445; x_wconf 86' lang='lat' dir='ltr'><strong>dare.</strong></span> <span class='ocrx_word' id='word_1_97' title='bbox 677 1386 929 1441; x_wconf 83' lang='lat' dir='ltr'><strong>Christus</strong></span> <span class='ocrx_word' id='word_1_98' title='bbox 954 1397 1133 1441; x_wconf 88' lang='lat' dir='ltr'><strong>autem</strong></span> <span class='ocrx_word' id='word_1_99' title='bbox 1168 1388 1426 1442; x_wconf 90' lang='lat' dir='ltr'><strong>Dominus</strong></span> <span class='ocrx_word' id='word_1_100' title='bbox 1456 1399 1644 1444; x_wconf 85' lang='lat' dir='ltr'><strong>noster</strong></span> <span class='ocrx_word' id='word_1_101' title='bbox 1683 1392 2062 1446; x_wconf 87' lang='lat' dir='ltr'><strong>sacerdotibus</strong></span> 
     </span>
    </p>
   </div>
   <div class='ocr_carea' id='block_1_16' title="bbox 492 1477 2061 1547">
    <p class='ocr_par' dir='ltr' id='par_1_16' title="bbox 492 1477 2061 1547">
     <span class='ocr_line' id='line_1_16' title="bbox 492 1477 2061 1547; baseline 0.004 -17"><span class='ocrx_word' id='word_1_102' title='bbox 492 1477 606 1531; x_wconf 86' lang='lat' dir='ltr'><strong>suis</strong></span> <span class='ocrx_word' id='word_1_103' title='bbox 656 1478 783 1547; x_wconf 92' lang='lat' dir='ltr'><strong>quid</strong></span> <span class='ocrx_word' id='word_1_104' title='bbox 814 1480 1074 1547; x_wconf 69' lang='lat' dir='ltr'><strong>praecepit</strong></span> <span class='ocrx_word' id='word_1_105' title='bbox 1109 1481 1414 1536; x_wconf 88' lang='lat' dir='ltr'><strong>audiamus.</strong></span> <span class='ocrx_word' id='word_1_106' title='bbox 1453 1480 1557 1546; x_wconf 82' lang='lat' dir='ltr'><strong>Qui</strong></span> <span class='ocrx_word' id='word_1_107' title='bbox 1597 1498 1700 1535; x_wconf 90' lang='lat' dir='ltr'><strong>non</strong></span> <span class='ocrx_word' id='word_1_108' title='bbox 1726 1483 2061 1536; x_wconf 84' lang='lat' dir='ltr'><strong>abrenuntia—</strong></span> 
     </span>
    </p>
   </div>
   <div class='ocr_carea' id='block_1_17' title="bbox 491 1570 2063 1644">
    <p class='ocr_par' dir='ltr' id='par_1_17' title="bbox 491 1570 2063 1644">
     <span class='ocr_line' id='line_1_17' title="bbox 491 1570 2063 1644; baseline 0.004 -22"><span class='ocrx_word' id='word_1_109' title='bbox 491 1571 645 1635; x_wconf 80' lang='lat' dir='ltr'><strong>uerit,</strong></span> <span class='ocrx_word' id='word_1_110' title='bbox 687 1572 864 1638; x_wconf 91' lang='lat' dir='ltr'><strong>inquit</strong></span> <span class='ocrx_word' id='word_1_111' title='bbox 906 1570 950 1631; x_wconf 77' lang='grc'>³,</span> <span class='ocrx_word' id='word_1_112' title='bbox 1010 1572 1248 1626; x_wconf 88' lang='lat' dir='ltr'><strong>omnibus</strong></span> <span class='ocrx_word' id='word_1_113' title='bbox 1289 1590 1407 1642; x_wconf 71' lang='lat' dir='ltr'><strong>quae</strong></span> <span class='ocrx_word' id='word_1_114' title='bbox 1446 1574 1706 1643; x_wconf 76' lang='lat' dir='ltr'><strong>possidet,</strong></span> <span class='ocrx_word' id='word_1_115' title='bbox 1753 1591 1858 1628; x_wconf 86' lang='lat' dir='ltr'><strong>non</strong></span> <span class='ocrx_word' id='word_1_116' title='bbox 1899 1585 2063 1644; x_wconf 79' lang='lat' dir='ltr'><strong>potest</strong></span> 
     </span>
    </p>
   </div>
   <div class='ocr_carea' id='block_1_18' title="bbox 491 1661 2064 1730">
    <p class='ocr_par' dir='ltr' id='par_1_18' title="bbox 491 1661 2064 1730">
     <span class='ocr_line' id='line_1_18' title="bbox 491 1661 2064 1730; baseline 0.004 -17"><span class='ocrx_word' id='word_1_117' title='bbox 491 1676 635 1714; x_wconf 87' lang='lat' dir='ltr'><strong>meus</strong></span> <span class='ocrx_word' id='word_1_118' title='bbox 670 1677 781 1714; x_wconf 85' lang='lat' dir='ltr'><strong>esse</strong></span> <span class='ocrx_word' id='word_1_119' title='bbox 807 1661 1120 1730; x_wconf 72' lang='lat' dir='ltr'><strong>discipulus.</strong></span> <span class='ocrx_word' id='word_1_120' title='bbox 1147 1661 1520 1718; x_wconf 89' lang='lat' dir='ltr'><strong>Contremisco</strong></span> <span class='ocrx_word' id='word_1_121' title='bbox 1544 1667 1657 1718; x_wconf 79' lang='lat' dir='ltr'><strong>haec</strong></span> <span class='ocrx_word' id='word_1_122' title='bbox 1683 1664 1888 1719; x_wconf 91' lang='lat' dir='ltr'><strong>dicens.</strong></span> <span class='ocrx_word' id='word_1_123' title='bbox 1917 1664 2064 1719; x_wconf 87' lang='lat' dir='ltr'><strong>Meus</strong></span> 
     </span>
    </p>
   </div>
   <div class='ocr_carea' id='block_1_19' title="bbox 2175 464 3760 540">
    <p class='ocr_par' dir='ltr' id='par_1_19' title="bbox 2175 464 3760 540">
     <span class='ocr_line' id='line_1_19' title="bbox 2175 464 3760 540; baseline -0.003 -15"><span class='ocrx_word' id='word_1_124' title='bbox 2175 471 2528 540; x_wconf 83' lang='lat' dir='ltr'><strong>perfectionis</strong></span> <span class='ocrx_word' id='word_1_125' title='bbox 2558 486 2867 525; x_wconf 89' lang='lat' dir='ltr'><strong>numerum.</strong></span> <span class='ocrx_word' id='word_1_126' title='bbox 2905 471 3100 526; x_wconf 89' lang='lat' dir='ltr'><strong>Decem</strong></span> <span class='ocrx_word' id='word_1_127' title='bbox 3128 468 3270 524; x_wconf 91' lang='lat' dir='ltr'><strong>enim</strong></span> <span class='ocrx_word' id='word_1_128' title='bbox 3300 466 3454 522; x_wconf 87' lang='lat' dir='ltr'><strong>verba</strong></span> <span class='ocrx_word' id='word_1_129' title='bbox 3491 464 3621 535; x_wconf 82' lang='lat' dir='ltr'><strong>legis</strong></span> <span class='ocrx_word' id='word_1_130' title='bbox 3648 480 3760 520; x_wconf 82' lang='lat' dir='ltr'><strong>ac-</strong></span> 
     </span>
    </p>
   </div>
   <div class='ocr_carea' id='block_1_20' title="bbox 2173 557 3758 630">
    <p class='ocr_par' dir='ltr' id='par_1_20' title="bbox 2173 557 3758 630">
     <span class='ocr_line' id='line_1_20' title="bbox 2173 557 3758 630; baseline -0.004 -14"><span class='ocrx_word' id='word_1_131' title='bbox 2173 562 2336 630; x_wconf 87' lang='lat' dir='ltr'><strong>cepit,</strong></span> <span class='ocrx_word' id='word_1_132' title='bbox 2376 570 2432 615; x_wconf 88' lang='lat' dir='ltr'><strong>et</strong></span> <span class='ocrx_word' id='word_1_133' title='bbox 2461 560 2713 629; x_wconf 80' lang='lat' dir='ltr'><strong>Decalogi</strong></span> <span class='ocrx_word' id='word_1_134' title='bbox 2743 561 2948 616; x_wconf 88' lang='lat' dir='ltr'><strong>virtute</strong></span> <span class='ocrx_word' id='word_1_135' title='bbox 2978 562 3274 616; x_wconf 87' lang='lat' dir='ltr'><strong>instructus</strong></span> <span class='ocrx_word' id='word_1_136' title='bbox 3320 559 3498 626; x_wconf 85' lang='lat' dir='ltr'><strong>ignota</strong></span> <span class='ocrx_word' id='word_1_137' title='bbox 3537 557 3758 610; x_wconf 90' lang='lat' dir='ltr'><strong>mundo</strong></span> 
     </span>
    </p>
   </div>
   <div class='ocr_carea' id='block_1_21' title="bbox 2173 645 3758 720">
    <p class='ocr_par' dir='ltr' id='par_1_21' title="bbox 2173 645 3758 720">
     <span class='ocr_line' id='line_1_21' title="bbox 2173 645 3758 720; baseline -0.004 -15"><span class='ocrx_word' id='word_1_138' title='bbox 2173 652 2303 706; x_wconf 90' lang='lat' dir='ltr'><strong>huic</strong></span> <span class='ocrx_word' id='word_1_139' title='bbox 2331 659 2671 706; x_wconf 87' lang='lat' dir='ltr'><strong>sacramenta</strong></span> <span class='ocrx_word' id='word_1_140' title='bbox 2702 651 2887 705; x_wconf 89' lang='lat' dir='ltr'><strong>divina</strong></span> <span class='ocrx_word' id='word_1_141' title='bbox 2936 651 3220 720; x_wconf 82' lang='lat' dir='ltr'><strong>largitione</strong></span> <span class='ocrx_word' id='word_1_142' title='bbox 3249 647 3508 716; x_wconf 85' lang='lat' dir='ltr'><strong>suscepit.</strong></span> <span class='ocrx_word' id='word_1_143' title='bbox 3541 645 3648 700; x_wconf 87' lang='lat' dir='ltr'><strong>Sed</strong></span> <span class='ocrx_word' id='word_1_144' title='bbox 3681 654 3758 699; x_wconf 85' lang='lat' dir='ltr'><strong>el.</strong></span> 
     </span>
    </p>
   </div>
   <div class='ocr_carea' id='block_1_22' title="bbox 2173 739 3755 803">
    <p class='ocr_par' dir='ltr' id='par_1_22' title="bbox 2173 739 3755 803">
     <span class='ocr_line' id='line_1_22' title="bbox 2173 739 3755 803; baseline -0.003 -6"><span class='ocrx_word' id='word_1_145' title='bbox 2173 743 2226 797; x_wconf 90' lang='lat' dir='ltr'><strong>in</strong></span> <span class='ocrx_word' id='word_1_146' title='bbox 2251 743 2400 798; x_wconf 88' lang='lat' dir='ltr'><strong>Novo</strong></span> <span class='ocrx_word' id='word_1_147' title='bbox 2427 743 2778 797; x_wconf 90' lang='lat' dir='ltr'><strong>Testamento</strong></span> <span class='ocrx_word' id='word_1_148' title='bbox 2813 743 3064 797; x_wconf 86' lang='lat' dir='ltr'><strong>similiter</strong></span> <span class='ocrx_word' id='word_1_149' title='bbox 3086 739 3412 794; x_wconf 80' lang='lat' dir='ltr'><strong>venerabilis</strong></span> <span class='ocrx_word' id='word_1_150' title='bbox 3439 747 3524 792; x_wconf 88' lang='lat' dir='ltr'><strong>est</strong></span> <span class='ocrx_word' id='word_1_151' title='bbox 3553 739 3755 803; x_wconf 76' lang='lat' dir='ltr'><strong>decus,</strong></span> 
     </span>
    </p>
   </div>
   <div class='ocr_carea' id='block_1_23' title="bbox 2171 828 3756 903">
    <p class='ocr_par' dir='ltr' id='par_1_23' title="bbox 2171 828 3756 903">
     <span class='ocr_line' id='line_1_23' title="bbox 2171 828 3756 903; baseline -0.006 -13"><span class='ocrx_word' id='word_1_152' title='bbox 2171 836 2313 890; x_wconf 88' lang='lat' dir='ltr'><strong>sicut</strong></span> <span class='ocrx_word' id='word_1_153' title='bbox 2353 843 2409 890; x_wconf 93' lang='lat' dir='ltr'><strong>et</strong></span> <span class='ocrx_word' id='word_1_154' title='bbox 2436 832 2648 889; x_wconf 87' lang='lat' dir='ltr'><strong>fructus</strong></span> <span class='ocrx_word' id='word_1_155' title='bbox 2671 834 2898 903; x_wconf 88' lang='lat' dir='ltr'><strong>spiritus</strong></span> <span class='ocrx_word' id='word_1_156' title='bbox 2937 833 3094 886; x_wconf 90' lang='lat' dir='ltr'><strong>denis</strong></span> <span class='ocrx_word' id='word_1_157' title='bbox 3121 829 3405 900; x_wconf 83' lang='lat' dir='ltr'><strong>exponitur</strong></span> <span class='ocrx_word' id='word_1_158' title='bbox 3428 828 3756 898; x_wconf 83' lang='lat' dir='ltr'><strong>germinare</strong></span> 
     </span>
    </p>
   </div>
   <div class='ocr_carea' id='block_1_24' title="bbox 2171 921 3752 994">
    <p class='ocr_par' dir='ltr' id='par_1_24' title="bbox 2171 921 3752 994">
     <span class='ocr_line' id='line_1_24' title="bbox 2171 921 3752 994; baseline -0.005 -13"><span class='ocrx_word' id='word_1_159' title='bbox 2171 928 2466 984; x_wconf 86' lang='lat' dir='ltr'><strong>virtutibus</strong></span> <span class='ocrx_word' id='word_1_160' title='bbox 2499 928 2545 983; x_wconf 81' lang='grc'>⁸.</span> <span class='ocrx_word' id='word_1_161' title='bbox 2574 928 2640 982; x_wconf 87' lang='lat' dir='ltr'><strong>Et</strong></span> <span class='ocrx_word' id='word_1_162' title='bbox 2669 940 2857 982; x_wconf 89' lang='lat' dir='ltr'><strong>servus</strong></span> <span class='ocrx_word' id='word_1_163' title='bbox 2897 925 3072 979; x_wconf 88' lang='lat' dir='ltr'><strong>ﬁdelis</strong></span> <span class='ocrx_word' id='word_1_164' title='bbox 3102 925 3168 978; x_wconf 91' lang='lat' dir='ltr'><strong>de</strong></span> <span class='ocrx_word' id='word_1_165' title='bbox 3210 921 3591 994; x_wconf 77' lang='lat' dir='ltr'><strong>negotiationis</strong></span> <span class='ocrx_word' id='word_1_166' title='bbox 3625 934 3752 974; x_wconf 69' lang='lat' dir='ltr'><strong>sua:</strong></span> 
     </span>
    </p>
   </div>
   <div class='ocr_carea' id='block_1_25' title="bbox 2171 1012 3751 1083">
    <p class='ocr_par' dir='ltr' id='par_1_25' title="bbox 2171 1012 3751 1083">
     <span class='ocr_line' id='line_1_25' title="bbox 2171 1012 3751 1083; baseline -0.006 -9"><span class='ocrx_word' id='word_1_167' title='bbox 2171 1019 2338 1074; x_wconf 90' lang='lat' dir='ltr'><strong>lucris</strong></span> <span class='ocrx_word' id='word_1_168' title='bbox 2365 1021 2552 1074; x_wconf 88' lang='lat' dir='ltr'><strong>decem</strong></span> <span class='ocrx_word' id='word_1_169' title='bbox 2587 1033 2741 1072; x_wconf 89' lang='lat' dir='ltr'><strong>mnas</strong></span> <span class='ocrx_word' id='word_1_170' title='bbox 2763 1016 2923 1070; x_wconf 74' lang='lat' dir='ltr'><strong>offert</strong></span> <span class='ocrx_word' id='word_1_171' title='bbox 2948 1017 3197 1083; x_wconf 92' lang='lat' dir='ltr'><strong>Domino,</strong></span> <span class='ocrx_word' id='word_1_172' title='bbox 3233 1025 3287 1069; x_wconf 90' lang='lat' dir='ltr'><strong>et</strong></span> <span class='ocrx_word' id='word_1_173' title='bbox 3325 1013 3507 1069; x_wconf 86' lang='lat' dir='ltr'><strong>decem</strong></span> <span class='ocrx_word' id='word_1_174' title='bbox 3543 1012 3751 1066; x_wconf 81' lang='lat' dir='ltr'><strong>civita-</strong></span> 
     </span>
    </p>
   </div>
   <div class='ocr_carea' id='block_1_26' title="bbox 2175 1107 3749 1180">
    <p class='ocr_par' dir='ltr' id='par_1_26' title="bbox 2175 1107 3749 1180">
     <span class='ocr_line' id='line_1_26' title="bbox 2175 1107 3749 1180; baseline -0.004 -18"><span class='ocrx_word' id='word_1_175' title='bbox 2175 1121 2290 1164; x_wconf 89' lang='lat' dir='ltr'><strong>tum</strong></span> <span class='ocrx_word' id='word_1_176' title='bbox 2336 1111 2536 1180; x_wconf 89' lang='lat' dir='ltr'><strong>accipit</strong></span> <span class='ocrx_word' id='word_1_177' title='bbox 2566 1117 2890 1179; x_wconf 78' lang='lat' dir='ltr'><strong>potestatem</strong></span> <span class='ocrx_word' id='word_1_178' title='bbox 2917 1109 2961 1160; x_wconf 80' lang='lat'><strong>’.</strong></span> <span class='ocrx_word' id='word_1_179' title='bbox 2996 1107 3193 1160; x_wconf 86' lang='lat' dir='ltr'><strong>Verum</strong></span> <span class='ocrx_word' id='word_1_180' title='bbox 3222 1107 3346 1174; x_wconf 89' lang='lat' dir='ltr'><strong>quia</strong></span> <span class='ocrx_word' id='word_1_181' title='bbox 3376 1120 3514 1159; x_wconf 91' lang='lat' dir='ltr'><strong>unus</strong></span> <span class='ocrx_word' id='word_1_182' title='bbox 3545 1113 3749 1156; x_wconf 80' lang='lat' dir='ltr'><strong>auctor</strong></span> 
     </span>
    </p>
   </div>
   <div class='ocr_carea' id='block_1_27' title="bbox 2170 1181 3744 1269">
    <p class='ocr_par' dir='ltr' id='par_1_27' title="bbox 2170 1181 3744 1269">
     <span class='ocr_line' id='line_1_27' title="bbox 2170 1181 3744 1269; baseline -0.006 -13"><span class='ocrx_word' id='word_1_183' title='bbox 2170 1212 2254 1258; x_wconf 89' lang='lat' dir='ltr'><strong>est</strong></span> <span class='ocrx_word' id='word_1_184' title='bbox 2277 1203 2543 1266; x_wconf 89' lang='lat' dir='ltr'><strong>omnium,</strong></span> <span class='ocrx_word' id='word_1_185' title='bbox 2579 1213 2635 1258; x_wconf 90' lang='lat' dir='ltr'><strong>et</strong></span> <span class='ocrx_word' id='word_1_186' title='bbox 2655 1181 2788 1256; x_wconf 45' lang='lat' dir='ltr'><strong>.ﬁnis</strong></span> <span class='ocrx_word' id='word_1_187' title='bbox 2813 1210 2869 1256; x_wconf 90' lang='lat' dir='ltr'><strong>et</strong></span> <span class='ocrx_word' id='word_1_188' title='bbox 2904 1201 3118 1255; x_wconf 90' lang='lat' dir='ltr'><strong>initium</strong></span> <span class='ocrx_word' id='word_1_189' title='bbox 3144 1197 3254 1269; x_wconf 69' lang='lat' dir='ltr'><strong>(l2)</strong></span> <span class='ocrx_word' id='word_1_190' title='bbox 3299 1213 3436 1252; x_wconf 90' lang='lat' dir='ltr'><strong>unus</strong></span> <span class='ocrx_word' id='word_1_191' title='bbox 3458 1205 3540 1252; x_wconf 89' lang='lat' dir='ltr'><strong>est</strong></span> <span class='ocrx_word' id='word_1_192' title='bbox 3571 1195 3744 1250; x_wconf 92' lang='lat' dir='ltr'><strong>Chri-</strong></span> 
     </span>
    </p>
   </div>
   <div class='ocr_carea' id='block_1_28' title="bbox 2171 1285 3745 1362">
    <p class='ocr_par' dir='ltr' id='par_1_28' title="bbox 2171 1285 3745 1362">
     <span class='ocr_line' id='line_1_28' title="bbox 2171 1285 3745 1362; baseline -0.005 -14"><span class='ocrx_word' id='word_1_193' title='bbox 2171 1305 2307 1357; x_wconf 82' lang='lat' dir='ltr'><strong>stus.</strong></span> <span class='ocrx_word' id='word_1_194' title='bbox 2338 1294 2542 1350; x_wconf 86' lang='lat' dir='ltr'><strong>idcirco</strong></span> <span class='ocrx_word' id='word_1_195' title='bbox 2568 1302 2624 1348; x_wconf 89' lang='lat' dir='ltr'><strong>et</strong></span> <span class='ocrx_word' id='word_1_196' title='bbox 2652 1291 2879 1362; x_wconf 90' lang='lat' dir='ltr'><strong>populus</strong></span> <span class='ocrx_word' id='word_1_197' title='bbox 2915 1291 3156 1347; x_wconf 88' lang='lat' dir='ltr'><strong>decimas</strong></span> <span class='ocrx_word' id='word_1_198' title='bbox 3201 1289 3418 1357; x_wconf 89' lang='lat' dir='ltr'><strong>quidem</strong></span> <span class='ocrx_word' id='word_1_199' title='bbox 3472 1285 3745 1341; x_wconf 88' lang='lat' dir='ltr'><strong>ministris</strong></span> 
     </span>
    </p>
   </div>
   <div class='ocr_carea' id='block_1_29' title="bbox 2170 1376 3746 1454">
    <p class='ocr_par' dir='ltr' id='par_1_29' title="bbox 2170 1376 3746 1454">
     <span class='ocr_line' id='line_1_29' title="bbox 2170 1376 3746 1454; baseline -0.008 -13"><span class='ocrx_word' id='word_1_200' title='bbox 2170 1397 2226 1442; x_wconf 86' lang='lat' dir='ltr'><strong>et</strong></span> <span class='ocrx_word' id='word_1_201' title='bbox 2263 1387 2636 1443; x_wconf 88' lang='lat' dir='ltr'><strong>sacerdotibus</strong></span> <span class='ocrx_word' id='word_1_202' title='bbox 2687 1393 2928 1454; x_wconf 72' lang='lat' dir='ltr'><strong>praestat,</strong></span> <span class='ocrx_word' id='word_1_203' title='bbox 2979 1381 3336 1453; x_wconf 80' lang='lat' dir='ltr'><strong>primogenita</strong></span> <span class='ocrx_word' id='word_1_204' title='bbox 3389 1394 3519 1434; x_wconf 90' lang='lat' dir='ltr'><strong>vero</strong></span> <span class='ocrx_word' id='word_1_205' title='bbox 3575 1376 3746 1432; x_wconf 76' lang='lat' dir='ltr'><strong>offert</strong></span> 
     </span>
    </p>
   </div>
   <div class='ocr_carea' id='block_1_30' title="bbox 2169 1470 3745 1549">
    <p class='ocr_par' dir='ltr' id='par_1_30' title="bbox 2169 1470 3745 1549">
     <span class='ocr_line' id='line_1_30' title="bbox 2169 1470 3745 1549; baseline -0.008 -15"><span class='ocrx_word' id='word_1_206' title='bbox 2169 1480 2529 1549; x_wconf 71' lang='lat' dir='ltr'><strong>primogenito</strong></span> <span class='ocrx_word' id='word_1_207' title='bbox 2560 1480 2739 1534; x_wconf 90' lang='lat' dir='ltr'><strong>omnis</strong></span> <span class='ocrx_word' id='word_1_208' title='bbox 2781 1485 3064 1542; x_wconf 66' lang='lat' dir='ltr'><strong>creaturae,</strong></span> <span class='ocrx_word' id='word_1_209' title='bbox 3113 1483 3169 1530; x_wconf 89' lang='lat' dir='ltr'><strong>et</strong></span> <span class='ocrx_word' id='word_1_210' title='bbox 3215 1473 3369 1528; x_wconf 91' lang='lat' dir='ltr'><strong>initia</strong></span> <span class='ocrx_word' id='word_1_211' title='bbox 3418 1470 3574 1526; x_wconf 89' lang='lat' dir='ltr'><strong>initio</strong></span> <span class='ocrx_word' id='word_1_212' title='bbox 3615 1484 3745 1522; x_wconf 47' lang='lat' dir='ltr'><strong>om’</strong></span> 
     </span>
    </p>
   </div>
   <div class='ocr_carea' id='block_1_31' title="bbox 2172 1564 3740 1640">
    <p class='ocr_par' dir='ltr' id='par_1_31' title="bbox 2172 1564 3740 1640">
     <span class='ocr_line' id='line_1_31' title="bbox 2172 1564 3740 1640; baseline -0.006 -16"><span class='ocrx_word' id='word_1_213' title='bbox 2172 1572 2356 1638; x_wconf 88' lang='lat' dir='ltr'><strong>nium;</strong></span> <span class='ocrx_word' id='word_1_214' title='bbox 2390 1573 2456 1627; x_wconf 92' lang='lat' dir='ltr'><strong>de</strong></span> <span class='ocrx_word' id='word_1_215' title='bbox 2487 1587 2592 1638; x_wconf 89' lang='lat' dir='ltr'><strong>quo</strong></span> <span class='ocrx_word' id='word_1_216' title='bbox 2637 1572 2897 1640; x_wconf 91' lang='lat' dir='ltr'><strong>scriptum</strong></span> <span class='ocrx_word' id='word_1_217' title='bbox 2943 1578 3026 1622; x_wconf 88' lang='lat' dir='ltr'><strong>est</strong></span> <span class='ocrx_word' id='word_1_218' title='bbox 3063 1569 3105 1600; x_wconf 88' lang='grc'><strong>²⁰</strong></span> <span class='ocrx_word' id='word_1_219' title='bbox 3159 1585 3174 1623; x_wconf 85' lang='lat'><strong>:</strong></span> <span class='ocrx_word' id='word_1_220' title='bbox 3225 1565 3331 1631; x_wconf 83' lang='lat' dir='ltr'><strong>Qui</strong></span> <span class='ocrx_word' id='word_1_221' title='bbox 3373 1575 3446 1619; x_wconf 86' lang='lat' dir='ltr'><strong>est</strong></span> <span class='ocrx_word' id='word_1_222' title='bbox 3498 1564 3740 1628; x_wconf 84' lang='lat' dir='ltr'><strong>initium,</strong></span> 
     </span>
    </p>
   </div>
   <div class='ocr_carea' id='block_1_32' title="bbox 2169 1655 3744 1732">
    <p class='ocr_par' dir='ltr' id='par_1_32' title="bbox 2169 1655 3744 1732">
     <span class='ocr_line' id='line_1_32' title="bbox 2169 1655 3744 1732; baseline -0.004 -18"><span class='ocrx_word' id='word_1_223' title='bbox 2169 1665 2542 1732; x_wconf 86' lang='lat' dir='ltr'><strong>primogenitus</strong></span> <span class='ocrx_word' id='word_1_224' title='bbox 2587 1663 2753 1716; x_wconf 91' lang='lat' dir='ltr'><strong>omnis</strong></span> <span class='ocrx_word' id='word_1_225' title='bbox 2785 1671 3060 1715; x_wconf 69' lang='lat' dir='ltr'><strong>creaturis.</strong></span> <span class='ocrx_word' id='word_1_226' title='bbox 3091 1658 3225 1713; x_wconf 81' lang='lat' dir='ltr'><strong>Vide</strong></span> <span class='ocrx_word' id='word_1_227' title='bbox 3254 1673 3384 1728; x_wconf 77' lang='lat' dir='ltr'><strong>ergo</strong></span> <span class='ocrx_word' id='word_1_228' title='bbox 3411 1671 3479 1711; x_wconf 79' lang='lat' dir='ltr'><strong>ex</strong></span> <span class='ocrx_word' id='word_1_229' title='bbox 3509 1655 3593 1710; x_wconf 88' lang='lat' dir='ltr'><strong>his</strong></span> <span class='ocrx_word' id='word_1_230' title='bbox 3616 1668 3744 1708; x_wconf 52' lang='lat' dir='ltr'><strong>om.</strong></span> 
     </span>
    </p>
   </div>
   <div class='ocr_carea' id='block_1_33' title="bbox 489 1742 3739 1825">
    <p class='ocr_par' dir='ltr' id='par_1_33' title="bbox 489 1742 3739 1825">
     <span class='ocr_line' id='line_1_33' title="bbox 489 1742 3739 1825; baseline -0.002 -20"><span class='ocrx_word' id='word_1_231' title='bbox 489 1753 636 1806; x_wconf 88' lang='lat' dir='ltr'><strong>enim</strong></span> <span class='ocrx_word' id='word_1_232' title='bbox 680 1752 855 1820; x_wconf 91' lang='lat' dir='ltr'><strong>primo</strong></span> <span class='ocrx_word' id='word_1_233' title='bbox 887 1753 1152 1816; x_wconf 88' lang='lat' dir='ltr'><strong>onmium,</strong></span> <span class='ocrx_word' id='word_1_234' title='bbox 1187 1769 1364 1816; x_wconf 88' lang='lat' dir='ltr'><strong>meus,</strong></span> <span class='ocrx_word' id='word_1_235' title='bbox 1397 1755 1616 1825; x_wconf 89' lang='lat' dir='ltr'><strong>inquam</strong></span> <span class='ocrx_word' id='word_1_236' title='bbox 1646 1796 1662 1818; x_wconf 92' lang='lat'><strong>,</strong></span> <span class='ocrx_word' id='word_1_237' title='bbox 1704 1756 1818 1824; x_wconf 90' lang='lat' dir='ltr'><strong>ipse</strong></span> <span class='ocrx_word' id='word_1_238' title='bbox 1844 1771 2068 1810; x_wconf 89' lang='lat' dir='ltr'><strong>accusa-</strong></span> <span class='ocrx_word' id='word_1_239' title='bbox 2103 1742 2141 1795; x_wconf 73' lang='grc' dir='ltr'>Β</span> <span class='ocrx_word' id='word_1_240' title='bbox 2170 1755 2330 1809; x_wconf 89' lang='lat' dir='ltr'><strong>nibus</strong></span> <span class='ocrx_word' id='word_1_241' title='bbox 2358 1752 2715 1808; x_wconf 70' lang='lat' dir='ltr'><strong>differentiam</strong></span> <span class='ocrx_word' id='word_1_242' title='bbox 2737 1752 2916 1822; x_wconf 91' lang='lat' dir='ltr'><strong>populi</strong></span> <span class='ocrx_word' id='word_1_243' title='bbox 2946 1751 3323 1822; x_wconf 64' lang='lat' dir='ltr'><strong>Egyptiorum</strong></span> <span class='ocrx_word' id='word_1_244' title='bbox 3351 1758 3405 1805; x_wconf 90' lang='lat' dir='ltr'><strong>et</strong></span> <span class='ocrx_word' id='word_1_245' title='bbox 3428 1747 3609 1818; x_wconf 90' lang='lat' dir='ltr'><strong>populi</strong></span> <span class='ocrx_word' id='word_1_246' title='bbox 3649 1745 3739 1800; x_wconf 86' lang='lat' dir='ltr'><strong>ls-</strong></span> 
     </span>
    </p>
   </div>
   <div class='ocr_carea' id='block_1_34' title="bbox 489 1845 2067 1918">
    <p class='ocr_par' dir='ltr' id='par_1_34' title="bbox 489 1845 2067 1918">
     <span class='ocr_line' id='line_1_34' title="bbox 489 1845 2067 1918; baseline 0.002 -20"><span class='ocrx_word' id='word_1_247' title='bbox 489 1851 578 1899; x_wconf 79' lang='lat' dir='ltr'><strong>tor</strong></span> <span class='ocrx_word' id='word_1_248' title='bbox 621 1846 848 1910; x_wconf 78' lang='lat' dir='ltr'><strong>exsisto,</strong></span> <span class='ocrx_word' id='word_1_249' title='bbox 883 1860 1035 1899; x_wconf 91' lang='lat' dir='ltr'><strong>meas</strong></span> <span class='ocrx_word' id='word_1_250' title='bbox 1096 1846 1583 1902; x_wconf 90' lang='lat' dir='ltr'><strong>condemnationes</strong></span> <span class='ocrx_word' id='word_1_251' title='bbox 1628 1845 1839 1917; x_wconf 91' lang='lat' dir='ltr'><strong>loquor.</strong></span> <span class='ocrx_word' id='word_1_252' title='bbox 1891 1847 2067 1918; x_wconf 77' lang='lat' dir='ltr'><strong>Negat</strong></span> 
     </span>
    </p>
   </div>
   <div class='ocr_carea' id='block_1_35' title="bbox 487 1936 2064 2008">
    <p class='ocr_par' dir='ltr' id='par_1_35' title="bbox 487 1936 2064 2008">
     <span class='ocr_line' id='line_1_35' title="bbox 487 1936 2064 2008; baseline 0.001 -16"><span class='ocrx_word' id='word_1_253' title='bbox 487 1936 738 1992; x_wconf 84' lang='lat' dir='ltr'><strong>Christus</strong></span> <span class='ocrx_word' id='word_1_254' title='bbox 793 1952 952 1991; x_wconf 88' lang='lat' dir='ltr'><strong>suum</strong></span> <span class='ocrx_word' id='word_1_255' title='bbox 984 1951 1104 1992; x_wconf 89' lang='lat' dir='ltr'><strong>esse</strong></span> <span class='ocrx_word' id='word_1_256' title='bbox 1144 1937 1502 2008; x_wconf 90' lang='lat' dir='ltr'><strong>discipulum,</strong></span> <span class='ocrx_word' id='word_1_257' title='bbox 1547 1953 1708 2008; x_wconf 90' lang='lat' dir='ltr'><strong>quem</strong></span> <span class='ocrx_word' id='word_1_258' title='bbox 1735 1939 1933 1994; x_wconf 89' lang='lat' dir='ltr'><strong>viderit</strong></span> <span class='ocrx_word' id='word_1_259' title='bbox 1965 1940 2064 1994; x_wconf 89' lang='lat' dir='ltr'><strong>ali-</strong></span> 
     </span>
    </p>
   </div>
   <div class='ocr_carea' id='block_1_36' title="bbox 489 2027 2064 2098">
    <p class='ocr_par' dir='ltr' id='par_1_36' title="bbox 489 2027 2064 2098">
     <span class='ocr_line' id='line_1_36' title="bbox 489 2027 2064 2098; baseline 0.005 -21"><span class='ocrx_word' id='word_1_260' title='bbox 489 2027 622 2096; x_wconf 82' lang='lat' dir='ltr'><strong>quid</strong></span> <span class='ocrx_word' id='word_1_261' title='bbox 654 2028 1044 2095; x_wconf 87' lang='lat' dir='ltr'><strong>possidentem,</strong></span> <span class='ocrx_word' id='word_1_262' title='bbox 1083 2038 1138 2082; x_wconf 90' lang='lat' dir='ltr'><strong>et</strong></span> <span class='ocrx_word' id='word_1_263' title='bbox 1172 2043 1296 2082; x_wconf 90' lang='lat' dir='ltr'><strong>eum</strong></span> <span class='ocrx_word' id='word_1_264' title='bbox 1335 2029 1425 2098; x_wconf 91' lang='lat' dir='ltr'><strong>qui</strong></span> <span class='ocrx_word' id='word_1_265' title='bbox 1463 2044 1567 2083; x_wconf 87' lang='lat' dir='ltr'><strong>non</strong></span> <span class='ocrx_word' id='word_1_266' title='bbox 1595 2031 1868 2084; x_wconf 88' lang='lat' dir='ltr'><strong>renuntiat</strong></span> <span class='ocrx_word' id='word_1_267' title='bbox 1890 2031 2064 2085; x_wconf 91' lang='lat' dir='ltr'><strong>omni-</strong></span> 
     </span>
    </p>
   </div>
   <div class='ocr_carea' id='block_1_37' title="bbox 487 2117 2065 2196">
    <p class='ocr_par' dir='ltr' id='par_1_37' title="bbox 487 2117 2065 2196">
     <span class='ocr_line' id='line_1_37' title="bbox 487 2117 2065 2196; baseline 0.004 -24"><span class='ocrx_word' id='word_1_268' title='bbox 487 2117 592 2172; x_wconf 86' lang='lat' dir='ltr'><strong>bus</strong></span> <span class='ocrx_word' id='word_1_269' title='bbox 625 2133 746 2187; x_wconf 67' lang='lat' dir='ltr'><strong>qnaa</strong></span> <span class='ocrx_word' id='word_1_270' title='bbox 789 2119 1048 2186; x_wconf 91' lang='lat' dir='ltr'><strong>possidet.</strong></span> <span class='ocrx_word' id='word_1_271' title='bbox 1085 2119 1152 2196; x_wconf 76' lang='lat' dir='ltr'><strong>Et</strong></span> <span class='ocrx_word' id='word_1_272' title='bbox 1181 2119 1308 2190; x_wconf 89' lang='lat' dir='ltr'><strong>quid</strong></span> <span class='ocrx_word' id='word_1_273' title='bbox 1337 2120 1589 2188; x_wconf 82' lang='lat' dir='ltr'><strong>agimus?</strong></span> <span class='ocrx_word' id='word_1_274' title='bbox 1627 2121 1905 2187; x_wconf 86' lang='lat' dir='ltr'><strong>Quomodo</strong></span> <span class='ocrx_word' id='word_1_275' title='bbox 1952 2121 2065 2178; x_wconf 56' lang='lat' dir='ltr'><strong>haec</strong></span> 
     </span>
    </p>
   </div>
   <div class='ocr_carea' id='block_1_38' title="bbox 487 2209 2062 2282">
    <p class='ocr_par' dir='ltr' id='par_1_38' title="bbox 487 2209 2062 2282">
     <span class='ocr_line' id='line_1_38' title="bbox 487 2209 2062 2282; baseline 0.002 -18"><span class='ocrx_word' id='word_1_276' title='bbox 487 2219 582 2264; x_wconf 87' lang='lat' dir='ltr'><strong>aut</strong></span> <span class='ocrx_word' id='word_1_277' title='bbox 614 2210 718 2277; x_wconf 93' lang='lat' dir='ltr'><strong>ipsi</strong></span> <span class='ocrx_word' id='word_1_278' title='bbox 755 2209 1002 2281; x_wconf 76' lang='lat' dir='ltr'><strong>legimus,</strong></span> <span class='ocrx_word' id='word_1_279' title='bbox 1051 2219 1145 2264; x_wconf 88' lang='lat' dir='ltr'><strong>aut</strong></span> <span class='ocrx_word' id='word_1_280' title='bbox 1190 2211 1399 2281; x_wconf 84' lang='lat' dir='ltr'><strong>populis</strong></span> <span class='ocrx_word' id='word_1_281' title='bbox 1443 2214 1791 2282; x_wconf 83' lang='lat' dir='ltr'><strong>exponimus,</strong></span> <span class='ocrx_word' id='word_1_282' title='bbox 1827 2213 1916 2281; x_wconf 89' lang='lat' dir='ltr'><strong>qui</strong></span> <span class='ocrx_word' id='word_1_283' title='bbox 1955 2229 2062 2267; x_wconf 93' lang='lat' dir='ltr'><strong>non</strong></span> 
     </span>
    </p>
   </div>
   <div class='ocr_carea' id='block_1_39' title="bbox 487 2299 2065 2371">
    <p class='ocr_par' dir='ltr' id='par_1_39' title="bbox 487 2299 2065 2371">
     <span class='ocr_line' id='line_1_39' title="bbox 487 2299 2065 2371; baseline -0.001 -16"><span class='ocrx_word' id='word_1_284' title='bbox 487 2299 662 2355; x_wconf 87' lang='lat' dir='ltr'><strong>solum</strong></span> <span class='ocrx_word' id='word_1_285' title='bbox 688 2315 791 2354; x_wconf 93' lang='lat' dir='ltr'><strong>non</strong></span> <span class='ocrx_word' id='word_1_286' title='bbox 808 2301 1253 2355; x_wconf 86' lang='lat' dir='ltr'><strong>abrenuntiamus</strong></span> <span class='ocrx_word' id='word_1_287' title='bbox 1279 2300 1363 2356; x_wconf 88' lang='lat' dir='ltr'><strong>his</strong></span> <span class='ocrx_word' id='word_1_288' title='bbox 1385 2319 1500 2370; x_wconf 77' lang='lat' dir='ltr'><strong>quae</strong></span> <span class='ocrx_word' id='word_1_289' title='bbox 1525 2303 1884 2371; x_wconf 85' lang='lat' dir='ltr'><strong>possidemus,</strong></span> <span class='ocrx_word' id='word_1_290' title='bbox 1900 2302 1990 2355; x_wconf 88' lang='lat' dir='ltr'><strong>sed</strong></span> <span class='ocrx_word' id='word_1_291' title='bbox 2010 2310 2065 2355; x_wconf 91' lang='lat' dir='ltr'><strong>et</strong></span> 
     </span>
    </p>
   </div>
   <div class='ocr_carea' id='block_1_40' title="bbox 486 2392 2064 2462">
    <p class='ocr_par' dir='ltr' id='par_1_40' title="bbox 486 2392 2064 2462">
     <span class='ocr_line' id='line_1_40' title="bbox 486 2392 2064 2462; baseline -0.002 -15"><span class='ocrx_word' id='word_1_292' title='bbox 486 2393 772 2462; x_wconf 79' lang='lat' dir='ltr'><strong>acquirere</strong></span> <span class='ocrx_word' id='word_1_293' title='bbox 793 2393 1042 2445; x_wconf 88' lang='lat' dir='ltr'><strong>volumus</strong></span> <span class='ocrx_word' id='word_1_294' title='bbox 1068 2407 1128 2446; x_wconf 89' lang='lat' dir='ltr'><strong>ea</strong></span> <span class='ocrx_word' id='word_1_295' title='bbox 1153 2407 1275 2461; x_wconf 72' lang='lat' dir='ltr'><strong>qua:</strong></span> <span class='ocrx_word' id='word_1_296' title='bbox 1306 2408 1582 2462; x_wconf 89' lang='lat' dir='ltr'><strong>nunquam</strong></span> <span class='ocrx_word' id='word_1_297' title='bbox 1605 2392 1894 2446; x_wconf 84' lang='lat' dir='ltr'><strong>habuimus</strong></span> <span class='ocrx_word' id='word_1_298' title='bbox 1921 2401 2064 2444; x_wconf 90' lang='lat' dir='ltr'><strong>ante-</strong></span> 
     </span>
    </p>
   </div>
   <div class='ocr_carea' id='block_1_41' title="bbox 485 2481 2063 2556">
    <p class='ocr_par' dir='ltr' id='par_1_41' title="bbox 485 2481 2063 2556">
     <span class='ocr_line' id='line_1_41' title="bbox 485 2481 2063 2556; baseline 0 -20"><span class='ocrx_word' id='word_1_299' title='bbox 485 2499 649 2554; x_wconf 89' lang='lat' dir='ltr'><strong>quam</strong></span> <span class='ocrx_word' id='word_1_300' title='bbox 698 2485 1009 2556; x_wconf 87' lang='lat' dir='ltr'><strong>veniremus</strong></span> <span class='ocrx_word' id='word_1_301' title='bbox 1048 2483 1117 2537; x_wconf 89' lang='lat' dir='ltr'><strong>ad</strong></span> <span class='ocrx_word' id='word_1_302' title='bbox 1151 2483 1465 2538; x_wconf 79' lang='lat' dir='ltr'><strong>Christum?</strong></span> <span class='ocrx_word' id='word_1_303' title='bbox 1511 2481 1896 2551; x_wconf 88' lang='lat' dir='ltr'><strong>Nunquidnam</strong></span> <span class='ocrx_word' id='word_1_304' title='bbox 1937 2483 2063 2551; x_wconf 86' lang='lat' dir='ltr'><strong>quia</strong></span> 
     </span>
    </p>
   </div>
   <div class='ocr_carea' id='block_1_42' title="bbox 487 2576 2065 2647">
    <p class='ocr_par' dir='ltr' id='par_1_42' title="bbox 487 2576 2065 2647">
     <span class='ocr_line' id='line_1_42' title="bbox 487 2576 2065 2647; baseline -0.001 -15"><span class='ocrx_word' id='word_1_305' title='bbox 487 2593 588 2632; x_wconf 90' lang='lat' dir='ltr'><strong>nos</strong></span> <span class='ocrx_word' id='word_1_306' title='bbox 612 2578 890 2647; x_wconf 82' lang='lat' dir='ltr'><strong>redarguit</strong></span> <span class='ocrx_word' id='word_1_307' title='bbox 907 2577 1264 2642; x_wconf 88' lang='lat' dir='ltr'><strong>conscientia,</strong></span> <span class='ocrx_word' id='word_1_308' title='bbox 1289 2585 1471 2645; x_wconf 79' lang='lat' dir='ltr'><strong>tegere</strong></span> <span class='ocrx_word' id='word_1_309' title='bbox 1494 2587 1543 2630; x_wconf 90' lang='lat' dir='ltr'><strong>et</strong></span> <span class='ocrx_word' id='word_1_310' title='bbox 1564 2593 1669 2632; x_wconf 92' lang='lat' dir='ltr'><strong>non</strong></span> <span class='ocrx_word' id='word_1_311' title='bbox 1691 2576 1933 2646; x_wconf 86' lang='lat' dir='ltr'><strong>proferre</strong></span> <span class='ocrx_word' id='word_1_312' title='bbox 1948 2591 2065 2646; x_wconf 72' lang='lat' dir='ltr'><strong>qnze</strong></span> 
     </span>
    </p>
   </div>
   <div class='ocr_carea' id='block_1_43' title="bbox 491 2664 2064 2740">
    <p class='ocr_par' dir='ltr' id='par_1_43' title="bbox 491 2664 2064 2740">
     <span class='ocr_line' id='line_1_43' title="bbox 491 2664 2064 2740; baseline -0.001 -17"><span class='ocrx_word' id='word_1_313' title='bbox 491 2669 648 2740; x_wconf 79' lang='lat'><strong>105</strong></span> <span class='ocrx_word' id='word_1_314' title='bbox 684 2669 886 2737; x_wconf 90' lang='lat' dir='ltr'><strong>scripta</strong></span> <span class='ocrx_word' id='word_1_315' title='bbox 925 2677 1053 2722; x_wconf 90' lang='lat' dir='ltr'><strong>sunt</strong></span> <span class='ocrx_word' id='word_1_316' title='bbox 1097 2666 1422 2736; x_wconf 86' lang='lat' dir='ltr'><strong>possumus?</strong></span> <span class='ocrx_word' id='word_1_317' title='bbox 1465 2664 1600 2721; x_wconf 89' lang='lat' dir='ltr'><strong>Nolo</strong></span> <span class='ocrx_word' id='word_1_318' title='bbox 1645 2667 1903 2736; x_wconf 89' lang='lat' dir='ltr'><strong>duplicati</strong></span> <span class='ocrx_word' id='word_1_319' title='bbox 1949 2667 2064 2722; x_wconf 91' lang='lat' dir='ltr'><strong>cri-</strong></span> 
     </span>
    </p>
   </div>
   <div class='ocr_carea' id='block_1_44' title="bbox 485 2755 2065 2826">
    <p class='ocr_par' dir='ltr' id='par_1_44' title="bbox 485 2755 2065 2826">
     <span class='ocr_line' id='line_1_44' title="bbox 485 2755 2065 2826; baseline -0.003 -12"><span class='ocrx_word' id='word_1_320' title='bbox 485 2761 649 2814; x_wconf 88' lang='lat' dir='ltr'><strong>minis</strong></span> <span class='ocrx_word' id='word_1_321' title='bbox 705 2760 818 2814; x_wconf 90' lang='lat' dir='ltr'><strong>ﬁeri</strong></span> <span class='ocrx_word' id='word_1_322' title='bbox 869 2774 1016 2815; x_wconf 91' lang='lat' dir='ltr'><strong>reus.</strong></span> <span class='ocrx_word' id='word_1_323' title='bbox 1093 2757 1368 2813; x_wconf 90' lang='lat' dir='ltr'><strong>Conﬁteor</strong></span> <span class='ocrx_word' id='word_1_324' title='bbox 1415 2765 1471 2811; x_wconf 91' lang='lat' dir='ltr'><strong>et</strong></span> <span class='ocrx_word' id='word_1_325' title='bbox 1506 2755 1678 2825; x_wconf 91' lang='lat' dir='ltr'><strong>palam</strong></span> <span class='ocrx_word' id='word_1_326' title='bbox 1725 2756 1918 2826; x_wconf 92' lang='lat' dir='ltr'><strong>populo</strong></span> <span class='ocrx_word' id='word_1_327' title='bbox 1963 2771 2065 2810; x_wconf 70' lang='lat' dir='ltr'><strong>au~</strong></span> 
     </span>
    </p>
   </div>
   <div class='ocr_carea' id='block_1_45' title="bbox 494 2850 2065 2920">
    <p class='ocr_par' dir='ltr' id='par_1_45' title="bbox 494 2850 2065 2920">
     <span class='ocr_line' id='line_1_45' title="bbox 494 2850 2065 2920; baseline -0.002 -15"><span class='ocrx_word' id='word_1_328' title='bbox 494 2853 700 2917; x_wconf 87' lang='lat' dir='ltr'><strong>diente,</strong></span> <span class='ocrx_word' id='word_1_329' title='bbox 736 2853 1000 2907; x_wconf 90' lang='lat' dir='ltr'><strong>conﬁteor</strong></span> <span class='ocrx_word' id='word_1_330' title='bbox 1033 2851 1148 2906; x_wconf 87' lang='lat' dir='ltr'><strong>haec</strong></span> <span class='ocrx_word' id='word_1_331' title='bbox 1199 2851 1408 2920; x_wconf 88' lang='lat' dir='ltr'><strong>scripta</strong></span> <span class='ocrx_word' id='word_1_332' title='bbox 1458 2862 1580 2903; x_wconf 90' lang='lat' dir='ltr'><strong>esse</strong></span> <span class='ocrx_word' id='word_1_333' title='bbox 1616 2850 1873 2904; x_wconf 87' lang='lat' dir='ltr'><strong>:etiamsi</strong></span> <span class='ocrx_word' id='word_1_334' title='bbox 1930 2864 2065 2903; x_wconf 91' lang='lat' dir='ltr'><strong>non-</strong></span> 
     </span>
    </p>
   </div>
   <div class='ocr_carea' id='block_1_46' title="bbox 495 2938 2064 3011">
    <p class='ocr_par' dir='ltr' id='par_1_46' title="bbox 495 2938 2064 3011">
     <span class='ocr_line' id='line_1_46' title="bbox 495 2938 2064 3011; baseline -0.002 -15"><span class='ocrx_word' id='word_1_335' title='bbox 495 2942 627 2996; x_wconf 91' lang='lat' dir='ltr'><strong>dum</strong></span> <span class='ocrx_word' id='word_1_336' title='bbox 659 2942 912 3011; x_wconf 90' lang='lat' dir='ltr'><strong>implesse</strong></span> <span class='ocrx_word' id='word_1_337' title='bbox 940 2955 1026 2996; x_wconf 91' lang='lat' dir='ltr'><strong>me</strong></span> <span class='ocrx_word' id='word_1_338' title='bbox 1062 2940 1208 2994; x_wconf 82' lang='lat' dir='ltr'><strong>novi.</strong></span> <span class='ocrx_word' id='word_1_339' title='bbox 1241 2939 1348 2994; x_wconf 90' lang='lat' dir='ltr'><strong>Sed</strong></span> <span class='ocrx_word' id='word_1_340' title='bbox 1378 2953 1446 2992; x_wconf 80' lang='lat' dir='ltr'><strong>ex</strong></span> <span class='ocrx_word' id='word_1_341' title='bbox 1473 2939 1578 2993; x_wconf 91' lang='lat' dir='ltr'><strong>hoc</strong></span> <span class='ocrx_word' id='word_1_342' title='bbox 1602 2938 1795 2993; x_wconf 87' lang='lat' dir='ltr'><strong>saltem</strong></span> <span class='ocrx_word' id='word_1_343' title='bbox 1834 2953 2064 2993; x_wconf 90' lang='lat' dir='ltr'><strong>commo-</strong></span> 
     </span>
    </p>
   </div>
   <div class='ocr_carea' id='block_1_47' title="bbox 489 3027 2065 3099">
    <p class='ocr_par' dir='ltr' id='par_1_47' title="bbox 489 3027 2065 3099">
     <span class='ocr_line' id='line_1_47' title="bbox 489 3027 2065 3099; baseline -0.001 -15"><span class='ocrx_word' id='word_1_344' title='bbox 489 3030 592 3084; x_wconf 86' lang='lat' dir='ltr'><strong>niti</strong></span> <span class='ocrx_word' id='word_1_345' title='bbox 633 3030 956 3086; x_wconf 82' lang='lat' dir='ltr'><strong>festinemus</strong></span> <span class='ocrx_word' id='word_1_346' title='bbox 1002 3031 1253 3099; x_wconf 86' lang='lat' dir='ltr'><strong>implere,</strong></span> <span class='ocrx_word' id='word_1_347' title='bbox 1284 3027 1605 3083; x_wconf 76' lang='lat' dir='ltr'><strong>festinemus</strong></span> <span class='ocrx_word' id='word_1_348' title='bbox 1648 3028 1880 3084; x_wconf 83' lang='lat' dir='ltr'><strong>transire</strong></span> <span class='ocrx_word' id='word_1_349' title='bbox 1913 3044 1942 3082; x_wconf 88' lang='lat' dir='ltr'><strong>a</strong></span> <span class='ocrx_word' id='word_1_350' title='bbox 1978 3042 2065 3084; x_wconf 78' lang='lat' dir='ltr'><strong>sa-</strong></span> 
     </span>
    </p>
   </div>
   <div class='ocr_carea' id='block_1_48' title="bbox 487 3119 2059 3190">
    <p class='ocr_par' dir='ltr' id='par_1_48' title="bbox 487 3119 2059 3190">
     <span class='ocr_line' id='line_1_48' title="bbox 487 3119 2059 3190; baseline -0.003 -12"><span class='ocrx_word' id='word_1_351' title='bbox 487 3123 805 3178; x_wconf 86' lang='lat' dir='ltr'><strong>cerdotibus</strong></span> <span class='ocrx_word' id='word_1_352' title='bbox 830 3121 1156 3186; x_wconf 88' lang='lat' dir='ltr'><strong>Pharaonis,</strong></span> <span class='ocrx_word' id='word_1_353' title='bbox 1187 3121 1382 3190; x_wconf 91' lang='lat' dir='ltr'><strong>quibus</strong></span> <span class='ocrx_word' id='word_1_354' title='bbox 1411 3129 1626 3176; x_wconf 88' lang='lat' dir='ltr'><strong>terrena</strong></span> <span class='ocrx_word' id='word_1_355' title='bbox 1663 3119 1935 3188; x_wconf 88' lang='lat' dir='ltr'><strong>possessio</strong></span> <span class='ocrx_word' id='word_1_356' title='bbox 1958 3131 2059 3184; x_wconf 87' lang='lat' dir='ltr'><strong>est,</strong></span> 
     </span>
    </p>
   </div>
   <div class='ocr_carea' id='block_1_49' title="bbox 492 3213 2062 3282">
    <p class='ocr_par' dir='ltr' id='par_1_49' title="bbox 492 3213 2062 3282">
     <span class='ocr_line' id='line_1_49' title="bbox 492 3213 2062 3282; baseline -0.002 -12"><span class='ocrx_word' id='word_1_357' title='bbox 492 3215 560 3270; x_wconf 91' lang='lat' dir='ltr'><strong>ad</strong></span> <span class='ocrx_word' id='word_1_358' title='bbox 593 3221 906 3270; x_wconf 88' lang='lat' dir='ltr'><strong>sacerdotes</strong></span> <span class='ocrx_word' id='word_1_359' title='bbox 928 3214 1160 3276; x_wconf 91' lang='lat' dir='ltr'><strong>Domini,</strong></span> <span class='ocrx_word' id='word_1_360' title='bbox 1191 3213 1390 3282; x_wconf 89' lang='lat' dir='ltr'><strong>quibus</strong></span> <span class='ocrx_word' id='word_1_361' title='bbox 1415 3213 1466 3266; x_wconf 92' lang='lat' dir='ltr'><strong>in</strong></span> <span class='ocrx_word' id='word_1_362' title='bbox 1501 3222 1643 3266; x_wconf 89' lang='lat' dir='ltr'><strong>terra</strong></span> <span class='ocrx_word' id='word_1_363' title='bbox 1669 3227 1795 3281; x_wconf 89' lang='lat' dir='ltr'><strong>pars</strong></span> <span class='ocrx_word' id='word_1_364' title='bbox 1825 3227 1929 3267; x_wconf 92' lang='lat' dir='ltr'><strong>non</strong></span> <span class='ocrx_word' id='word_1_365' title='bbox 1956 3219 2062 3278; x_wconf 89' lang='lat' dir='ltr'><strong>est,</strong></span> 
     </span>
    </p>
   </div>
   <div class='ocr_carea' id='block_1_50' title="bbox 490 3303 2059 3380">
    <p class='ocr_par' dir='ltr' id='par_1_50' title="bbox 490 3303 2059 3380">
     <span class='ocr_line' id='line_1_50' title="bbox 490 3303 2059 3380; baseline -0.001 -18"><span class='ocrx_word' id='word_1_366' title='bbox 490 3308 688 3380; x_wconf 90' lang='lat' dir='ltr'><strong>quibus</strong></span> <span class='ocrx_word' id='word_1_367' title='bbox 749 3307 925 3376; x_wconf 87' lang='lat' dir='ltr'><strong>portio</strong></span> <span class='ocrx_word' id='word_1_368' title='bbox 972 3305 1234 3360; x_wconf 80' lang='lat' dir='ltr'><strong>Dominus</strong></span> <span class='ocrx_word' id='word_1_369' title='bbox 1283 3313 1391 3362; x_wconf 89' lang='lat' dir='ltr'><strong>est.</strong></span> <span class='ocrx_word' id='word_1_370' title='bbox 1424 3303 1571 3359; x_wconf 88' lang='lat' dir='ltr'><strong>Talis</strong></span> <span class='ocrx_word' id='word_1_371' title='bbox 1622 3305 1765 3360; x_wconf 90' lang='lat' dir='ltr'><strong>enim</strong></span> <span class='ocrx_word' id='word_1_372' title='bbox 1797 3314 1914 3359; x_wconf 90' lang='lat' dir='ltr'><strong>erat</strong></span> <span class='ocrx_word' id='word_1_373' title='bbox 1948 3304 2059 3365; x_wconf 80' lang='lat' dir='ltr'><strong>ille.</strong></span> 
     </span>
    </p>
   </div>
   <div class='ocr_carea' id='block_1_51' title="bbox 489 3395 2060 3470">
    <p class='ocr_par' dir='ltr' id='par_1_51' title="bbox 489 3395 2060 3470">
     <span class='ocr_line' id='line_1_51' title="bbox 489 3395 2060 3470; baseline -0.004 -16"><span class='ocrx_word' id='word_1_374' title='bbox 489 3401 583 3470; x_wconf 81' lang='lat' dir='ltr'><strong>qui</strong></span> <span class='ocrx_word' id='word_1_375' title='bbox 618 3400 835 3452; x_wconf 87' lang='lat' dir='ltr'><strong>dicebat</strong></span> <span class='ocrx_word' id='word_1_376' title='bbox 865 3399 885 3429; x_wconf 74' lang='grc'>⁸</span> <span class='ocrx_word' id='word_1_377' title='bbox 920 3412 935 3451; x_wconf 90' lang='lat'><strong>:</strong></span> <span class='ocrx_word' id='word_1_378' title='bbox 968 3397 1241 3466; x_wconf 84' lang='lat' dir='ltr'><strong>Tanquam</strong></span> <span class='ocrx_word' id='word_1_379' title='bbox 1276 3404 1502 3462; x_wconf 80' lang='lat' dir='ltr'><strong>egentes,</strong></span> <span class='ocrx_word' id='word_1_380' title='bbox 1543 3395 1735 3450; x_wconf 78' lang='lat' dir='ltr'><strong>multos</strong></span> <span class='ocrx_word' id='word_1_381' title='bbox 1775 3405 1948 3448; x_wconf 81' lang='lat' dir='ltr'><strong>autem</strong></span> <span class='ocrx_word' id='word_1_382' title='bbox 1977 3395 2060 3448; x_wconf 87' lang='lat' dir='ltr'><strong>lo-</strong></span> 
     </span>
    </p>
   </div>
   <div class='ocr_carea' id='block_1_52' title="bbox 491 3484 2058 3558">
    <p class='ocr_par' dir='ltr' id='par_1_52' title="bbox 491 3484 2058 3558">
     <span class='ocr_line' id='line_1_52' title="bbox 491 3484 2058 3558; baseline 0 -16"><span class='ocrx_word' id='word_1_383' title='bbox 491 3488 834 3558; x_wconf 83' lang='lat' dir='ltr'><strong>cupletantes.</strong></span> <span class='ocrx_word' id='word_1_384' title='bbox 871 3484 938 3541; x_wconf 90' lang='lat' dir='ltr'><strong>Ut</strong></span> <span class='ocrx_word' id='word_1_385' title='bbox 963 3486 1097 3540; x_wconf 85' lang='lat' dir='ltr'><strong>nihil</strong></span> <span class='ocrx_word' id='word_1_386' title='bbox 1132 3487 1398 3550; x_wconf 76' lang='lat' dir='ltr'><strong>habentes,</strong></span> <span class='ocrx_word' id='word_1_387' title='bbox 1426 3493 1475 3539; x_wconf 87' lang='lat' dir='ltr'><strong>et</strong></span> <span class='ocrx_word' id='word_1_388' title='bbox 1510 3487 1686 3538; x_wconf 88' lang='lat' dir='ltr'><strong>omnia</strong></span> <span class='ocrx_word' id='word_1_389' title='bbox 1717 3485 2058 3554; x_wconf 77' lang='lat' dir='ltr'><strong>possidentes.</strong></span> 
     </span>
    </p>
   </div>
   <div class='ocr_carea' id='block_1_53' title="bbox 490 3575 2062 3648">
    <p class='ocr_par' dir='ltr' id='par_1_53' title="bbox 490 3575 2062 3648">
     <span class='ocr_line' id='line_1_53' title="bbox 490 3575 2062 3648; baseline -0.001 -15"><span class='ocrx_word' id='word_1_390' title='bbox 490 3579 688 3634; x_wconf 89' lang='lat' dir='ltr'><strong>Paulus</strong></span> <span class='ocrx_word' id='word_1_391' title='bbox 717 3580 806 3633; x_wconf 90' lang='lat' dir='ltr'><strong>hic</strong></span> <span class='ocrx_word' id='word_1_392' title='bbox 835 3587 916 3633; x_wconf 91' lang='lat' dir='ltr'><strong>est</strong></span> <span class='ocrx_word' id='word_1_393' title='bbox 943 3577 1035 3648; x_wconf 88' lang='lat' dir='ltr'><strong>qui</strong></span> <span class='ocrx_word' id='word_1_394' title='bbox 1065 3577 1118 3630; x_wconf 93' lang='lat' dir='ltr'><strong>in</strong></span> <span class='ocrx_word' id='word_1_395' title='bbox 1155 3575 1353 3631; x_wconf 86' lang='lat' dir='ltr'><strong>talibus</strong></span> <span class='ocrx_word' id='word_1_396' title='bbox 1407 3575 1692 3646; x_wconf 75' lang='lat' dir='ltr'><strong>gloriatur.</strong></span> <span class='ocrx_word' id='word_1_397' title='bbox 1741 3575 1835 3631; x_wconf 85' lang='lat' dir='ltr'><strong>Vis</strong></span> <span class='ocrx_word' id='word_1_398' title='bbox 1875 3577 2062 3631; x_wconf 87' lang='lat' dir='ltr'><strong>audire</strong></span> 
     </span>
    </p>
   </div>
   <div class='ocr_carea' id='block_1_54' title="bbox 491 3668 2062 3742">
    <p class='ocr_par' dir='ltr' id='par_1_54' title="bbox 491 3668 2062 3742">
     <span class='ocr_line' id='line_1_54' title="bbox 491 3668 2062 3742; baseline 0.001 -19"><span class='ocrx_word' id='word_1_399' title='bbox 491 3672 624 3742; x_wconf 86' lang='lat' dir='ltr'><strong>quid</strong></span> <span class='ocrx_word' id='word_1_400' title='bbox 653 3671 816 3726; x_wconf 87' lang='lat' dir='ltr'><strong>etiam</strong></span> <span class='ocrx_word' id='word_1_401' title='bbox 869 3669 1064 3725; x_wconf 89' lang='lat' dir='ltr'><strong>Petrus</strong></span> <span class='ocrx_word' id='word_1_402' title='bbox 1108 3671 1174 3722; x_wconf 91' lang='lat' dir='ltr'><strong>de</strong></span> <span class='ocrx_word' id='word_1_403' title='bbox 1226 3668 1404 3738; x_wconf 87' lang='lat' dir='ltr'><strong>seipso</strong></span> <span class='ocrx_word' id='word_1_404' title='bbox 1457 3668 1819 3739; x_wconf 83' lang='lat' dir='ltr'><strong>pronuntiet?</strong></span> <span class='ocrx_word' id='word_1_405' title='bbox 1866 3669 2062 3724; x_wconf 88' lang='lat' dir='ltr'><strong>Audite</strong></span> 
     </span>
    </p>
   </div>
   <div class='ocr_carea' id='block_1_55' title="bbox 494 3761 2060 3830">
    <p class='ocr_par' dir='ltr' id='par_1_55' title="bbox 494 3761 2060 3830">
     <span class='ocr_line' id='line_1_55' title="bbox 494 3761 2060 3830; baseline -0.001 -12"><span class='ocrx_word' id='word_1_406' title='bbox 494 3779 621 3818; x_wconf 91' lang='lat' dir='ltr'><strong>eum</strong></span> <span class='ocrx_word' id='word_1_407' title='bbox 647 3779 770 3818; x_wconf 91' lang='lat' dir='ltr'><strong>cum</strong></span> <span class='ocrx_word' id='word_1_408' title='bbox 789 3761 998 3818; x_wconf 82' lang='lat' dir='ltr'><strong>Joanne</strong></span> <span class='ocrx_word' id='word_1_409' title='bbox 1029 3762 1232 3830; x_wconf 89' lang='lat' dir='ltr'><strong>pariter</strong></span> <span class='ocrx_word' id='word_1_410' title='bbox 1250 3761 1593 3829; x_wconf 89' lang='lat' dir='ltr'><strong>profitentem</strong></span> <span class='ocrx_word' id='word_1_411' title='bbox 1625 3771 1678 3815; x_wconf 91' lang='lat' dir='ltr'><strong>et</strong></span> <span class='ocrx_word' id='word_1_412' title='bbox 1706 3763 1979 3816; x_wconf 88' lang='lat' dir='ltr'><strong>dicentem</strong></span> <span class='ocrx_word' id='word_1_413' title='bbox 2002 3763 2060 3816; x_wconf 73' lang='grc' dir='ltr'><strong>τε</strong></span> 
     </span>
    </p>
   </div>
   <div class='ocr_carea' id='block_1_56' title="bbox 491 3852 2061 3924">
    <p class='ocr_par' dir='ltr' id='par_1_56' title="bbox 491 3852 2061 3924">
     <span class='ocr_line' id='line_1_56' title="bbox 491 3852 2061 3924; baseline -0.001 -15"><span class='ocrx_word' id='word_1_414' title='bbox 491 3855 695 3909; x_wconf 86' lang='lat' dir='ltr'><strong>Aurum</strong></span> <span class='ocrx_word' id='word_1_415' title='bbox 729 3865 775 3908; x_wconf 92' lang='lat' dir='ltr'><strong>et</strong></span> <span class='ocrx_word' id='word_1_416' title='bbox 815 3863 1088 3924; x_wconf 88' lang='lat' dir='ltr'><strong>argentum</strong></span> <span class='ocrx_word' id='word_1_417' title='bbox 1118 3869 1221 3906; x_wconf 86' lang='lat' dir='ltr'><strong>non</strong></span> <span class='ocrx_word' id='word_1_418' title='bbox 1254 3852 1441 3918; x_wconf 88' lang='lat' dir='ltr'><strong>habeo,</strong></span> <span class='ocrx_word' id='word_1_419' title='bbox 1469 3853 1565 3908; x_wconf 82' lang='lat' dir='ltr'><strong>sed</strong></span> <span class='ocrx_word' id='word_1_420' title='bbox 1597 3854 1736 3922; x_wconf 85' lang='lat' dir='ltr'><strong>quod</strong></span> <span class='ocrx_word' id='word_1_421' title='bbox 1767 3854 1932 3908; x_wconf 82' lang='lat' dir='ltr'><strong>habeo</strong></span> <span class='ocrx_word' id='word_1_422' title='bbox 1965 3854 2061 3908; x_wconf 85' lang='lat' dir='ltr'><strong>hoc</strong></span> 
     </span>
    </p>
   </div>
   <div class='ocr_carea' id='block_1_57' title="bbox 493 3947 2059 4018">
    <p class='ocr_par' dir='ltr' id='par_1_57' title="bbox 493 3947 2059 4018">
     <span class='ocr_line' id='line_1_57' title="bbox 493 3947 2059 4018; baseline 0 -14"><span class='ocrx_word' id='word_1_423' title='bbox 493 3950 588 4004; x_wconf 81' lang='lat' dir='ltr'><strong>tibi</strong></span> <span class='ocrx_word' id='word_1_424' title='bbox 643 3951 731 4004; x_wconf 82' lang='lat' dir='ltr'><strong>do.</strong></span> <span class='ocrx_word' id='word_1_425' title='bbox 771 3949 840 4003; x_wconf 83' lang='lat' dir='ltr'><strong>In</strong></span> <span class='ocrx_word' id='word_1_426' title='bbox 882 3950 1088 4004; x_wconf 87' lang='lat' dir='ltr'><strong>nomine</strong></span> <span class='ocrx_word' id='word_1_427' title='bbox 1137 3949 1265 4003; x_wconf 84' lang='lat' dir='ltr'><strong>Jesu</strong></span> <span class='ocrx_word' id='word_1_428' title='bbox 1295 3947 1497 4002; x_wconf 83' lang='lat' dir='ltr'><strong>Christi</strong></span> <span class='ocrx_word' id='word_1_429' title='bbox 1532 3965 1687 4018; x_wconf 84' lang='lat' dir='ltr'><strong>surge</strong></span> <span class='ocrx_word' id='word_1_430' title='bbox 1727 3957 1778 4003; x_wconf 87' lang='lat' dir='ltr'><strong>et</strong></span> <span class='ocrx_word' id='word_1_431' title='bbox 1824 3951 2059 4005; x_wconf 85' lang='lat' dir='ltr'><strong>ambula.</strong></span> 
     </span>
    </p>
   </div>
   <div class='ocr_carea' id='block_1_58' title="bbox 493 4041 2062 4104">
    <p class='ocr_par' dir='ltr' id='par_1_58' title="bbox 493 4041 2062 4104">
     <span class='ocr_line' id='line_1_58' title="bbox 493 4041 2062 4104; baseline 0.001 -9"><span class='ocrx_word' id='word_1_432' title='bbox 493 4042 658 4096; x_wconf 75' lang='lat' dir='ltr'><strong>Vides</strong></span> <span class='ocrx_word' id='word_1_433' title='bbox 694 4043 1038 4096; x_wconf 88' lang='lat' dir='ltr'><strong>sacerdotum</strong></span> <span class='ocrx_word' id='word_1_434' title='bbox 1072 4041 1271 4097; x_wconf 89' lang='lat' dir='ltr'><strong>Christi</strong></span> <span class='ocrx_word' id='word_1_435' title='bbox 1305 4042 1542 4104; x_wconf 88' lang='lat' dir='ltr'><strong>divitias,</strong></span> <span class='ocrx_word' id='word_1_436' title='bbox 1591 4041 1744 4096; x_wconf 90' lang='lat' dir='ltr'><strong>vides</strong></span> <span class='ocrx_word' id='word_1_437' title='bbox 1791 4043 1927 4096; x_wconf 89' lang='lat' dir='ltr'><strong>nihil</strong></span> <span class='ocrx_word' id='word_1_438' title='bbox 1965 4044 2062 4097; x_wconf 85' lang='lat' dir='ltr'><strong>ba-</strong></span> 
     </span>
    </p>
   </div>
   <div class='ocr_carea' id='block_1_59' title="bbox 492 4133 2061 4205">
    <p class='ocr_par' dir='ltr' id='par_1_59' title="bbox 492 4133 2061 4205">
     <span class='ocr_line' id='line_1_59' title="bbox 492 4133 2061 4205; baseline 0.002 -17"><span class='ocrx_word' id='word_1_439' title='bbox 492 4135 707 4199; x_wconf 89' lang='lat' dir='ltr'><strong>bentes,</strong></span> <span class='ocrx_word' id='word_1_440' title='bbox 739 4143 943 4205; x_wconf 84' lang='lat' dir='ltr'><strong>quanta</strong></span> <span class='ocrx_word' id='word_1_441' title='bbox 971 4143 1026 4189; x_wconf 89' lang='lat' dir='ltr'><strong>et</strong></span> <span class='ocrx_word' id='word_1_442' title='bbox 1055 4134 1236 4203; x_wconf 88' lang='lat' dir='ltr'><strong>qualia</strong></span> <span class='ocrx_word' id='word_1_443' title='bbox 1274 4133 1602 4204; x_wconf 81' lang='lat' dir='ltr'><strong>largiuntur.</strong></span> <span class='ocrx_word' id='word_1_444' title='bbox 1636 4133 1774 4190; x_wconf 83' lang='lat' dir='ltr'><strong>lstas</strong></span> <span class='ocrx_word' id='word_1_445' title='bbox 1799 4149 1927 4205; x_wconf 92' lang='lat' dir='ltr'><strong>opes</strong></span> <span class='ocrx_word' id='word_1_446' title='bbox 1955 4136 2061 4191; x_wconf 89' lang='lat' dir='ltr'><strong>lar-</strong></span> 
     </span>
    </p>
   </div>
   <div class='ocr_carea' id='block_1_60' title="bbox 492 4226 1498 4298">
    <p class='ocr_par' dir='ltr' id='par_1_60' title="bbox 492 4226 1498 4298">
     <span class='ocr_line' id='line_1_60' title="bbox 492 4226 1498 4298; baseline 0.004 -20"><span class='ocrx_word' id='word_1_447' title='bbox 492 4227 594 4298; x_wconf 78' lang='lat' dir='ltr'><strong>giri</strong></span> <span class='ocrx_word' id='word_1_448' title='bbox 622 4241 725 4280; x_wconf 93' lang='lat' dir='ltr'><strong>non</strong></span> <span class='ocrx_word' id='word_1_449' title='bbox 753 4233 930 4294; x_wconf 90' lang='lat' dir='ltr'><strong>potest</strong></span> <span class='ocrx_word' id='word_1_450' title='bbox 960 4235 1174 4278; x_wconf 84' lang='lat' dir='ltr'><strong>terrena</strong></span> <span class='ocrx_word' id='word_1_451' title='bbox 1202 4226 1498 4293; x_wconf 88' lang='lat' dir='ltr'><strong>possessio.</strong></span> 
     </span>
    </p>
   </div>
   <div class='ocr_carea' id='block_1_61' title="bbox 564 4316 2050 4387">
    <p class='ocr_par' dir='ltr' id='par_1_61' title="bbox 564 4316 2050 4387">
     <span class='ocr_line' id='line_1_61' title="bbox 564 4316 2050 4387; baseline 0.004 -15"><span class='ocrx_word' id='word_1_452' title='bbox 564 4319 618 4372; x_wconf 88' lang='lat'><strong>6.</strong></span> <span class='ocrx_word' id='word_1_453' title='bbox 681 4317 1016 4372; x_wconf 84' lang='lat' dir='ltr'><strong>Contulimus</strong></span> <span class='ocrx_word' id='word_1_454' title='bbox 1075 4316 1390 4371; x_wconf 84' lang='lat' dir='ltr'><strong>sacerdotes</strong></span> <span class='ocrx_word' id='word_1_455' title='bbox 1452 4317 2050 4387; x_wconf 86' lang='lat' dir='ltr'><strong>sacerdotibus,nunc,</strong></span> 
     </span>
    </p>
   </div>
   <div class='ocr_carea' id='block_1_62' title="bbox 2169 1841 3743 1910">
    <p class='ocr_par' dir='ltr' id='par_1_62' title="bbox 2169 1841 3743 1910">
     <span class='ocr_line' id='line_1_62' title="bbox 2169 1841 3743 1910; baseline -0.004 -12"><span class='ocrx_word' id='word_1_456' title='bbox 2169 1845 2373 1910; x_wconf 85' lang='lat' dir='ltr'><strong>rael,et</strong></span> <span class='ocrx_word' id='word_1_457' title='bbox 2401 1843 2760 1900; x_wconf 75' lang='lat' dir='ltr'><strong>differentiam</strong></span> <span class='ocrx_word' id='word_1_458' title='bbox 2787 1844 3130 1898; x_wconf 86' lang='lat' dir='ltr'><strong>sacerdotum</strong></span> <span class='ocrx_word' id='word_1_459' title='bbox 3174 1841 3495 1905; x_wconf 88' lang='lat' dir='ltr'><strong>Pharaonis,</strong></span> <span class='ocrx_word' id='word_1_460' title='bbox 3541 1847 3596 1894; x_wconf 89' lang='lat' dir='ltr'><strong>et</strong></span> <span class='ocrx_word' id='word_1_461' title='bbox 3647 1853 3743 1893; x_wconf 86' lang='lat' dir='ltr'><strong>sa-</strong></span> 
     </span>
    </p>
   </div>
   <div class='ocr_carea' id='block_1_63' title="bbox 2167 1932 3741 2002">
    <p class='ocr_par' dir='ltr' id='par_1_63' title="bbox 2167 1932 3741 2002">
     <span class='ocr_line' id='line_1_63' title="bbox 2167 1932 3741 2002; baseline -0.004 -11"><span class='ocrx_word' id='word_1_462' title='bbox 2167 1936 2444 1991; x_wconf 89' lang='lat' dir='ltr'><strong>cerdotum</strong></span> <span class='ocrx_word' id='word_1_463' title='bbox 2476 1935 2713 2002; x_wconf 89' lang='lat' dir='ltr'><strong>Domini,</strong></span> <span class='ocrx_word' id='word_1_464' title='bbox 2743 1945 2798 1990; x_wconf 94' lang='lat' dir='ltr'><strong>et</strong></span> <span class='ocrx_word' id='word_1_465' title='bbox 2849 1933 3145 1990; x_wconf 90' lang='lat' dir='ltr'><strong>discutiens</strong></span> <span class='ocrx_word' id='word_1_466' title='bbox 3186 1932 3550 2001; x_wconf 90' lang='lat' dir='ltr'><strong>temetipsum,</strong></span> <span class='ocrx_word' id='word_1_467' title='bbox 3605 1944 3741 2000; x_wconf 80' lang='lat' dir='ltr'><strong>per-</strong></span> 
     </span>
    </p>
   </div>
   <div class='ocr_carea' id='block_1_64' title="bbox 2167 2023 3742 2099">
    <p class='ocr_par' dir='ltr' id='par_1_64' title="bbox 2167 2023 3742 2099">
     <span class='ocr_line' id='line_1_64' title="bbox 2167 2023 3742 2099; baseline 0.002 -19"><span class='ocrx_word' id='word_1_468' title='bbox 2167 2029 2289 2083; x_wconf 90' lang='lat' dir='ltr'><strong>vide</strong></span> <span class='ocrx_word' id='word_1_469' title='bbox 2314 2029 2379 2084; x_wconf 91' lang='lat' dir='ltr'><strong>de</strong></span> <span class='ocrx_word' id='word_1_470' title='bbox 2427 2043 2536 2099; x_wconf 93' lang='lat' dir='ltr'><strong>quo</strong></span> <span class='ocrx_word' id='word_1_471' title='bbox 2572 2027 2772 2097; x_wconf 92' lang='lat' dir='ltr'><strong>populo</strong></span> <span class='ocrx_word' id='word_1_472' title='bbox 2797 2027 2895 2092; x_wconf 89' lang='lat' dir='ltr'><strong>sis,</strong></span> <span class='ocrx_word' id='word_1_473' title='bbox 2941 2036 2997 2081; x_wconf 91' lang='lat' dir='ltr'><strong>et</strong></span> <span class='ocrx_word' id='word_1_474' title='bbox 3044 2023 3197 2094; x_wconf 86' lang='lat' dir='ltr'><strong>cujus</strong></span> <span class='ocrx_word' id='word_1_475' title='bbox 3241 2025 3448 2080; x_wconf 90' lang='lat' dir='ltr'><strong>ordinis</strong></span> <span class='ocrx_word' id='word_1_476' title='bbox 3476 2028 3742 2083; x_wconf 85' lang='lat' dir='ltr'><strong>sacerdo-</strong></span> 
     </span>
    </p>
   </div>
   <div class='ocr_carea' id='block_1_65' title="bbox 2168 2116 3736 2185">
    <p class='ocr_par' dir='ltr' id='par_1_65' title="bbox 2168 2116 3736 2185">
     <span class='ocr_line' id='line_1_65' title="bbox 2168 2116 3736 2185; baseline -0.001 -9"><span class='ocrx_word' id='word_1_477' title='bbox 2168 2121 2298 2176; x_wconf 89' lang='lat' dir='ltr'><strong>tium</strong></span> <span class='ocrx_word' id='word_1_478' title='bbox 2328 2131 2538 2176; x_wconf 88' lang='lat' dir='ltr'><strong>teneas.</strong></span> <span class='ocrx_word' id='word_1_479' title='bbox 2570 2118 2627 2174; x_wconf 91' lang='lat' dir='ltr'><strong>Si</strong></span> <span class='ocrx_word' id='word_1_480' title='bbox 2656 2119 2831 2174; x_wconf 86' lang='lat' dir='ltr'><strong>adhoc</strong></span> <span class='ocrx_word' id='word_1_481' title='bbox 2892 2116 3204 2174; x_wconf 89' lang='lat' dir='ltr'><strong>carnalibus</strong></span> <span class='ocrx_word' id='word_1_482' title='bbox 3241 2117 3488 2173; x_wconf 85' lang='lat' dir='ltr'><strong>sensibus</strong></span> <span class='ocrx_word' id='word_1_483' title='bbox 3532 2118 3736 2185; x_wconf 84' lang='lat' dir='ltr'><strong>servis,</strong></span> 
     </span>
    </p>
   </div>
   <div class='ocr_carea' id='block_1_66' title="bbox 2166 2197 3742 2278">
    <p class='ocr_par' dir='ltr' id='par_1_66' title="bbox 2166 2197 3742 2278">
     <span class='ocr_line' id='line_1_66' title="bbox 2166 2197 3742 2278; baseline -0.001 -10"><span class='ocrx_word' id='word_1_484' title='bbox 2166 2213 2210 2268; x_wconf 87' lang='lat' dir='ltr'><strong>si</strong></span> <span class='ocrx_word' id='word_1_485' title='bbox 2235 2213 2413 2267; x_wconf 89' lang='lat' dir='ltr'><strong>adhuc</strong></span> <span class='ocrx_word' id='word_1_486' title='bbox 2440 2211 2688 2276; x_wconf 89' lang='lat' dir='ltr'><strong>quinario</strong></span> <span class='ocrx_word' id='word_1_487' title='bbox 2718 2224 2940 2265; x_wconf 88' lang='lat' dir='ltr'><strong>numero</strong></span> <span class='ocrx_word' id='word_1_488' title='bbox 2963 2209 3194 2278; x_wconf 81' lang='lat' dir='ltr'><strong>vectigal</strong></span> <span class='ocrx_word' id='word_1_489' title='bbox 3213 2197 3491 2278; x_wconf 82' lang='lat' dir='ltr'><strong>exsolvis,</strong></span> <span class='ocrx_word' id='word_1_490' title='bbox 3545 2219 3598 2266; x_wconf 91' lang='lat' dir='ltr'><strong>et</strong></span> <span class='ocrx_word' id='word_1_491' title='bbox 3639 2226 3742 2266; x_wconf 85' lang='lat' dir='ltr'><strong>re-</strong></span> 
     </span>
    </p>
   </div>
   <div class='ocr_carea' id='block_1_67' title="bbox 2172 2299 3735 2372">
    <p class='ocr_par' dir='ltr' id='par_1_67' title="bbox 2172 2299 3735 2372">
     <span class='ocr_line' id='line_1_67' title="bbox 2172 2299 3735 2372; baseline -0.007 -17"><span class='ocrx_word' id='word_1_492' title='bbox 2172 2300 2335 2369; x_wconf 86' lang='lat' dir='ltr'><strong>spicis</strong></span> <span class='ocrx_word' id='word_1_493' title='bbox 2360 2316 2566 2372; x_wconf 75' lang='lat' dir='ltr'><strong>eaquae</strong></span> <span class='ocrx_word' id='word_1_494' title='bbox 2592 2299 2825 2356; x_wconf 87' lang='lat' dir='ltr'><strong>visibilia</strong></span> <span class='ocrx_word' id='word_1_495' title='bbox 2876 2307 2930 2353; x_wconf 87' lang='lat' dir='ltr'><strong>et</strong></span> <span class='ocrx_word' id='word_1_496' title='bbox 2971 2299 3291 2370; x_wconf 90' lang='lat' dir='ltr'><strong>temporalia</strong></span> <span class='ocrx_word' id='word_1_497' title='bbox 3343 2305 3492 2360; x_wconf 87' lang='lat' dir='ltr'><strong>sunt,</strong></span> <span class='ocrx_word' id='word_1_498' title='bbox 3532 2304 3584 2347; x_wconf 90' lang='lat' dir='ltr'><strong>et</strong></span> <span class='ocrx_word' id='word_1_499' title='bbox 3619 2310 3735 2346; x_wconf 90' lang='lat' dir='ltr'><strong>non</strong></span> 
     </span>
    </p>
   </div>
   <div class='ocr_carea' id='block_1_68' title="bbox 2166 2385 3737 2463">
    <p class='ocr_par' dir='ltr' id='par_1_68' title="bbox 2166 2385 3737 2463">
     <span class='ocr_line' id='line_1_68' title="bbox 2166 2385 3737 2463; baseline -0.004 -17"><span class='ocrx_word' id='word_1_500' title='bbox 2166 2393 2392 2463; x_wconf 84' lang='lat' dir='ltr'><strong>respicis</strong></span> <span class='ocrx_word' id='word_1_501' title='bbox 2425 2407 2488 2447; x_wconf 89' lang='lat' dir='ltr'><strong>ea</strong></span> <span class='ocrx_word' id='word_1_502' title='bbox 2519 2407 2637 2461; x_wconf 67' lang='lat' dir='ltr'><strong>qua:</strong></span> <span class='ocrx_word' id='word_1_503' title='bbox 2689 2393 2978 2449; x_wconf 89' lang='lat' dir='ltr'><strong>invisibilia</strong></span> <span class='ocrx_word' id='word_1_504' title='bbox 3024 2401 3080 2446; x_wconf 91' lang='lat' dir='ltr'><strong>et</strong></span> <span class='ocrx_word' id='word_1_505' title='bbox 3109 2404 3309 2447; x_wconf 83' lang='lat' dir='ltr'><strong>aeterna</strong></span> <span class='ocrx_word' id='word_1_506' title='bbox 3353 2396 3502 2452; x_wconf 90' lang='lat' dir='ltr'><strong>sunt,</strong></span> <span class='ocrx_word' id='word_1_507' title='bbox 3531 2386 3596 2440; x_wconf 88' lang='lat' dir='ltr'><strong>de</strong></span> <span class='ocrx_word' id='word_1_508' title='bbox 3629 2385 3737 2440; x_wconf 80' lang='grc' dir='ltr'><strong>ΑΞ-</strong></span> 
     </span>
    </p>
   </div>
   <div class='ocr_carea' id='block_1_69' title="bbox 2165 2479 3735 2564">
    <p class='ocr_par' dir='ltr' id='par_1_69' title="bbox 2165 2479 3735 2564">
     <span class='ocr_line' id='line_1_69' title="bbox 2165 2479 3735 2564; baseline -0.007 -22"><span class='ocrx_word' id='word_1_509' title='bbox 2165 2493 2327 2556; x_wconf 77' lang='lat' dir='ltr'><strong>gypto</strong></span> <span class='ocrx_word' id='word_1_510' title='bbox 2357 2493 2407 2539; x_wconf 89' lang='lat' dir='ltr'><strong>te</strong></span> <span class='ocrx_word' id='word_1_511' title='bbox 2435 2486 2630 2556; x_wconf 88' lang='lat' dir='ltr'><strong>populo</strong></span> <span class='ocrx_word' id='word_1_512' title='bbox 2661 2500 2781 2540; x_wconf 90' lang='lat' dir='ltr'><strong>esse</strong></span> <span class='ocrx_word' id='word_1_513' title='bbox 2807 2501 3090 2564; x_wconf 76' lang='lat' dir='ltr'><strong>cognosce.</strong></span> <span class='ocrx_word' id='word_1_514' title='bbox 3131 2484 3187 2539; x_wconf 94' lang='lat' dir='ltr'><strong>Si</strong></span> <span class='ocrx_word' id='word_1_515' title='bbox 3227 2497 3355 2538; x_wconf 89' lang='lat' dir='ltr'><strong>vero</strong></span> <span class='ocrx_word' id='word_1_516' title='bbox 3399 2479 3735 2549; x_wconf 79' lang='lat' dir='ltr'><strong>Decalogum</strong></span> 
     </span>
    </p>
   </div>
   <div class='ocr_carea' id='block_1_70' title="bbox 2165 2575 3734 2647">
    <p class='ocr_par' dir='ltr' id='par_1_70' title="bbox 2165 2575 3734 2647">
     <span class='ocr_line' id='line_1_70' title="bbox 2165 2575 3734 2647; baseline -0.004 -16"><span class='ocrx_word' id='word_1_517' title='bbox 2165 2577 2320 2647; x_wconf 78' lang='lat' dir='ltr'><strong>legis,</strong></span> <span class='ocrx_word' id='word_1_518' title='bbox 2366 2587 2422 2631; x_wconf 92' lang='lat' dir='ltr'><strong>et</strong></span> <span class='ocrx_word' id='word_1_519' title='bbox 2475 2578 2730 2634; x_wconf 87' lang='lat' dir='ltr'><strong>decadem</strong></span> <span class='ocrx_word' id='word_1_520' title='bbox 2778 2576 2910 2632; x_wconf 83' lang='lat' dir='ltr'><strong>Novi</strong></span> <span class='ocrx_word' id='word_1_521' title='bbox 2954 2575 3312 2638; x_wconf 91' lang='lat' dir='ltr'><strong>Testamenti,</strong></span> <span class='ocrx_word' id='word_1_522' title='bbox 3355 2589 3518 2644; x_wconf 88' lang='lat' dir='ltr'><strong>quam</strong></span> <span class='ocrx_word' id='word_1_523' title='bbox 3562 2586 3734 2642; x_wconf 84' lang='lat' dir='ltr'><strong>supra</strong></span> 
     </span>
    </p>
   </div>
   <div class='ocr_carea' id='block_1_71' title="bbox 2165 2664 3734 2739">
    <p class='ocr_par' dir='ltr' id='par_1_71' title="bbox 2165 2664 3734 2739">
     <span class='ocr_line' id='line_1_71' title="bbox 2165 2664 3734 2739; baseline -0.003 -16"><span class='ocrx_word' id='word_1_524' title='bbox 2165 2669 2528 2739; x_wconf 79' lang='lat' dir='ltr'><strong>exposuimus,</strong></span> <span class='ocrx_word' id='word_1_525' title='bbox 2563 2684 2777 2738; x_wconf 89' lang='lat' dir='ltr'><strong>semper</strong></span> <span class='ocrx_word' id='word_1_526' title='bbox 2815 2680 2940 2724; x_wconf 89' lang='lat' dir='ltr'><strong>ante</strong></span> <span class='ocrx_word' id='word_1_527' title='bbox 2986 2669 3171 2726; x_wconf 85' lang='lat' dir='ltr'><strong>oculos</strong></span> <span class='ocrx_word' id='word_1_528' title='bbox 3216 2669 3408 2732; x_wconf 89' lang='lat' dir='ltr'><strong>habes,</strong></span> <span class='ocrx_word' id='word_1_529' title='bbox 3443 2675 3499 2722; x_wconf 89' lang='lat' dir='ltr'><strong>et</strong></span> <span class='ocrx_word' id='word_1_530' title='bbox 3540 2666 3608 2720; x_wconf 89' lang='lat' dir='ltr'><strong>de</strong></span> <span class='ocrx_word' id='word_1_531' title='bbox 3639 2664 3734 2718; x_wconf 84' lang='lat' dir='ltr'><strong>his</strong></span> 
     </span>
    </p>
   </div>
   <div class='ocr_carea' id='block_1_72' title="bbox 2166 2755 3734 2829">
    <p class='ocr_par' dir='ltr' id='par_1_72' title="bbox 2166 2755 3734 2829">
     <span class='ocr_line' id='line_1_72' title="bbox 2166 2755 3734 2829; baseline -0.005 -14"><span class='ocrx_word' id='word_1_532' title='bbox 2166 2761 2403 2815; x_wconf 89' lang='lat' dir='ltr'><strong>decimas</strong></span> <span class='ocrx_word' id='word_1_533' title='bbox 2435 2758 2616 2825; x_wconf 85' lang='lat' dir='ltr'><strong>oﬂ&#39;ers,</strong></span> <span class='ocrx_word' id='word_1_534' title='bbox 2663 2770 2718 2814; x_wconf 90' lang='lat' dir='ltr'><strong>et</strong></span> <span class='ocrx_word' id='word_1_535' title='bbox 2760 2759 3122 2829; x_wconf 81' lang='lat' dir='ltr'><strong>primogenita</strong></span> <span class='ocrx_word' id='word_1_536' title='bbox 3165 2773 3360 2813; x_wconf 90' lang='lat' dir='ltr'><strong>sensus</strong></span> <span class='ocrx_word' id='word_1_537' title='bbox 3401 2756 3478 2810; x_wconf 89' lang='lat' dir='ltr'><strong>tui</strong></span> <span class='ocrx_word' id='word_1_538' title='bbox 3527 2755 3579 2809; x_wconf 89' lang='lat' dir='ltr'><strong>in</strong></span> <span class='ocrx_word' id='word_1_539' title='bbox 3621 2755 3734 2808; x_wconf 83' lang='lat' dir='ltr'><strong>lide</strong></span> 
     </span>
    </p>
   </div>
   <div class='ocr_carea' id='block_1_73' title="bbox 2165 2845 3734 2922">
    <p class='ocr_par' dir='ltr' id='par_1_73' title="bbox 2165 2845 3734 2922">
     <span class='ocr_line' id='line_1_73' title="bbox 2165 2845 3734 2922; baseline -0.004 -15"><span class='ocrx_word' id='word_1_540' title='bbox 2165 2851 2413 2907; x_wconf 91' lang='lat' dir='ltr'><strong>immolas</strong></span> <span class='ocrx_word' id='word_1_541' title='bbox 2437 2851 2792 2922; x_wconf 80' lang='lat' dir='ltr'><strong>primogenito</strong></span> <span class='ocrx_word' id='word_1_542' title='bbox 2812 2866 2877 2906; x_wconf 79' lang='lat' dir='ltr'><strong>ex</strong></span> <span class='ocrx_word' id='word_1_543' title='bbox 2904 2851 3150 2916; x_wconf 89' lang='lat' dir='ltr'><strong>mortuis,</strong></span> <span class='ocrx_word' id='word_1_544' title='bbox 3174 2857 3231 2904; x_wconf 90' lang='lat' dir='ltr'><strong>et</strong></span> <span class='ocrx_word' id='word_1_545' title='bbox 3253 2847 3406 2903; x_wconf 89' lang='lat' dir='ltr'><strong>initia</strong></span> <span class='ocrx_word' id='word_1_546' title='bbox 3435 2856 3526 2901; x_wconf 86' lang='lat' dir='ltr'><strong>tua</strong></span> <span class='ocrx_word' id='word_1_547' title='bbox 3555 2845 3734 2900; x_wconf 81' lang='lat' dir='ltr'><strong>refers</strong></span> 
     </span>
    </p>
   </div>
   <div class='ocr_carea' id='block_1_74' title="bbox 2167 2937 3735 3008">
    <p class='ocr_par' dir='ltr' id='par_1_74' title="bbox 2167 2937 3735 3008">
     <span class='ocr_line' id='line_1_74' title="bbox 2167 2937 3735 3008; baseline -0.005 -10"><span class='ocrx_word' id='word_1_548' title='bbox 2167 2945 2236 3000; x_wconf 92' lang='lat' dir='ltr'><strong>ad</strong></span> <span class='ocrx_word' id='word_1_549' title='bbox 2266 2944 2480 2998; x_wconf 92' lang='lat' dir='ltr'><strong>initium</strong></span> <span class='ocrx_word' id='word_1_550' title='bbox 2507 2943 2774 3007; x_wconf 89' lang='lat' dir='ltr'><strong>omnium,</strong></span> <span class='ocrx_word' id='word_1_551' title='bbox 2815 2958 2972 2997; x_wconf 90' lang='lat' dir='ltr'><strong>verus</strong></span> <span class='ocrx_word' id='word_1_552' title='bbox 3002 2940 3240 2996; x_wconf 88' lang='lat' dir='ltr'><strong>Israelita</strong></span> <span class='ocrx_word' id='word_1_553' title='bbox 3280 2955 3359 3004; x_wconf 91' lang='lat' dir='ltr'><strong>es,</strong></span> <span class='ocrx_word' id='word_1_554' title='bbox 3400 2939 3452 2993; x_wconf 94' lang='lat' dir='ltr'><strong>in</strong></span> <span class='ocrx_word' id='word_1_555' title='bbox 3484 2954 3589 3008; x_wconf 92' lang='lat' dir='ltr'><strong>quo</strong></span> <span class='ocrx_word' id='word_1_556' title='bbox 3628 2937 3735 2991; x_wconf 88' lang='lat' dir='ltr'><strong>do-</strong></span> 
     </span>
    </p>
   </div>
   <div class='ocr_carea' id='block_1_75' title="bbox 2166 3031 3733 3090">
    <p class='ocr_par' dir='ltr' id='par_1_75' title="bbox 2166 3031 3733 3090">
     <span class='ocr_line' id='line_1_75' title="bbox 2166 3031 3733 3090; baseline -0.003 -2"><span class='ocrx_word' id='word_1_557' title='bbox 2166 3035 2249 3090; x_wconf 88' lang='lat' dir='ltr'><strong>lus</strong></span> <span class='ocrx_word' id='word_1_558' title='bbox 2274 3051 2378 3090; x_wconf 91' lang='lat' dir='ltr'><strong>non</strong></span> <span class='ocrx_word' id='word_1_559' title='bbox 2409 3044 2492 3090; x_wconf 89' lang='lat' dir='ltr'><strong>est</strong></span> <span class='ocrx_word' id='word_1_560' title='bbox 2523 3037 2586 3090; x_wconf 85' lang='lat'><strong>“.</strong></span> <span class='ocrx_word' id='word_1_561' title='bbox 2621 3035 2726 3090; x_wconf 89' lang='lat' dir='ltr'><strong>Sed</strong></span> <span class='ocrx_word' id='word_1_562' title='bbox 2763 3043 2816 3090; x_wconf 86' lang='lat' dir='ltr'><strong>et</strong></span> <span class='ocrx_word' id='word_1_563' title='bbox 2841 3034 3154 3089; x_wconf 89' lang='lat' dir='ltr'><strong>sacerdotes</strong></span> <span class='ocrx_word' id='word_1_564' title='bbox 3193 3032 3404 3088; x_wconf 90' lang='lat' dir='ltr'><strong>Domini</strong></span> <span class='ocrx_word' id='word_1_565' title='bbox 3438 3031 3484 3087; x_wconf 89' lang='lat' dir='ltr'><strong>si</strong></span> <span class='ocrx_word' id='word_1_566' title='bbox 3529 3039 3733 3087; x_wconf 87' lang='lat' dir='ltr'><strong>semet-</strong></span> 
     </span>
    </p>
   </div>
   <div class='ocr_carea' id='block_1_76' title="bbox 2168 3122 3732 3197">
    <p class='ocr_par' dir='ltr' id='par_1_76' title="bbox 2168 3122 3732 3197">
     <span class='ocr_line' id='line_1_76' title="bbox 2168 3122 3732 3197; baseline -0.004 -16"><span class='ocrx_word' id='word_1_567' title='bbox 2168 3128 2312 3197; x_wconf 86' lang='lat' dir='ltr'><strong>ipsos</strong></span> <span class='ocrx_word' id='word_1_568' title='bbox 2339 3126 2655 3190; x_wconf 88' lang='lat' dir='ltr'><strong>discutiant,</strong></span> <span class='ocrx_word' id='word_1_569' title='bbox 2685 3135 2739 3180; x_wconf 91' lang='lat' dir='ltr'><strong>et</strong></span> <span class='ocrx_word' id='word_1_570' title='bbox 2777 3141 2805 3178; x_wconf 86' lang='lat' dir='ltr'><strong>a</strong></span> <span class='ocrx_word' id='word_1_571' title='bbox 2840 3125 3068 3179; x_wconf 88' lang='lat' dir='ltr'><strong>terrenis</strong></span> <span class='ocrx_word' id='word_1_572' title='bbox 3117 3124 3328 3178; x_wconf 89' lang='lat' dir='ltr'><strong>actibus</strong></span> <span class='ocrx_word' id='word_1_573' title='bbox 3355 3122 3506 3177; x_wconf 88' lang='lat' dir='ltr'><strong>liberi</strong></span> <span class='ocrx_word' id='word_1_574' title='bbox 3536 3122 3646 3175; x_wconf 91' lang='lat' dir='ltr'><strong>sint</strong></span> <span class='ocrx_word' id='word_1_575' title='bbox 3670 3129 3732 3175; x_wconf 76' lang='lat' dir='ltr'><strong>et</strong></span> 
     </span>
    </p>
   </div>
   <div class='ocr_carea' id='block_1_77' title="bbox 2163 3214 3741 3290">
    <p class='ocr_par' dir='ltr' id='par_1_77' title="bbox 2163 3214 3741 3290">
     <span class='ocr_line' id='line_1_77' title="bbox 2163 3214 3741 3290; baseline -0.003 -16"><span class='ocrx_word' id='word_1_576' title='bbox 2163 3219 2506 3290; x_wconf 84' lang='lat' dir='ltr'><strong>possessione</strong></span> <span class='ocrx_word' id='word_1_577' title='bbox 2535 3218 2829 3281; x_wconf 88' lang='lat' dir='ltr'><strong>mundana,</strong></span> <span class='ocrx_word' id='word_1_578' title='bbox 2853 3232 2980 3271; x_wconf 85' lang='lat' dir='ltr'><strong>vere</strong></span> <span class='ocrx_word' id='word_1_579' title='bbox 3005 3225 3228 3284; x_wconf 87' lang='lat' dir='ltr'><strong>possunt</strong></span> <span class='ocrx_word' id='word_1_580' title='bbox 3255 3214 3433 3269; x_wconf 89' lang='lat' dir='ltr'><strong>dicere</strong></span> <span class='ocrx_word' id='word_1_581' title='bbox 3457 3217 3523 3269; x_wconf 86' lang='lat' dir='ltr'><strong>ad</strong></span> <span class='ocrx_word' id='word_1_582' title='bbox 3549 3215 3704 3269; x_wconf 82' lang='lat' dir='ltr'><strong>Domi</strong></span> <span class='ocrx_word' id='word_1_583' title='bbox 3725 3237 3741 3253; x_wconf 89' lang='lat'><strong>-</strong></span> 
     </span>
    </p>
   </div>
   <div class='ocr_carea' id='block_1_78' title="bbox 2163 3307 3726 3373">
    <p class='ocr_par' dir='ltr' id='par_1_78' title="bbox 2163 3307 3726 3373">
     <span class='ocr_line' id='line_1_78' title="bbox 2163 3307 3726 3373; baseline -0.002 -9"><span class='ocrx_word' id='word_1_584' title='bbox 2163 3325 2292 3365; x_wconf 86' lang='lat' dir='ltr'><strong>num</strong></span> <span class='ocrx_word' id='word_1_585' title='bbox 2313 3311 2354 3342; x_wconf 83' lang='lat'>“</span> <span class='ocrx_word' id='word_1_586' title='bbox 2380 3328 2393 3364; x_wconf 89' lang='lat'>:</span> <span class='ocrx_word' id='word_1_587' title='bbox 2428 3309 2565 3364; x_wconf 86' lang='lat' dir='ltr'><strong>Ecce</strong></span> <span class='ocrx_word' id='word_1_588' title='bbox 2589 3325 2682 3362; x_wconf 84' lang='lat' dir='ltr'><strong>nos</strong></span> <span class='ocrx_word' id='word_1_589' title='bbox 2719 3309 3014 3362; x_wconf 81' lang='lat' dir='ltr'><strong>dimisimus</strong></span> <span class='ocrx_word' id='word_1_590' title='bbox 3046 3308 3240 3373; x_wconf 85' lang='lat' dir='ltr'><strong>omnia,</strong></span> <span class='ocrx_word' id='word_1_591' title='bbox 3271 3315 3319 3360; x_wconf 87' lang='lat' dir='ltr'><strong>et</strong></span> <span class='ocrx_word' id='word_1_592' title='bbox 3349 3307 3510 3360; x_wconf 85' lang='lat' dir='ltr'><strong>secuti</strong></span> <span class='ocrx_word' id='word_1_593' title='bbox 3544 3323 3726 3361; x_wconf 85' lang='lat' dir='ltr'><strong>sumus</strong></span> 
     </span>
    </p>
   </div>
   <div class='ocr_carea' id='block_1_79' title="bbox 2162 3401 3726 3472">
    <p class='ocr_par' dir='ltr' id='par_1_79' title="bbox 2162 3401 3726 3472">
     <span class='ocr_line' id='line_1_79' title="bbox 2162 3401 3726 3472; baseline -0.002 -16"><span class='ocrx_word' id='word_1_594' title='bbox 2162 3413 2254 3468; x_wconf 84' lang='lat' dir='ltr'><strong>te;</strong></span> <span class='ocrx_word' id='word_1_595' title='bbox 2281 3412 2444 3472; x_wconf 90' lang='lat' dir='ltr'><strong>atque</strong></span> <span class='ocrx_word' id='word_1_596' title='bbox 2471 3403 2660 3457; x_wconf 89' lang='lat' dir='ltr'><strong>audire</strong></span> <span class='ocrx_word' id='word_1_597' title='bbox 2685 3402 2752 3456; x_wconf 90' lang='lat' dir='ltr'><strong>ab</strong></span> <span class='ocrx_word' id='word_1_598' title='bbox 2776 3415 2857 3464; x_wconf 86' lang='lat' dir='ltr'><strong>eo,</strong></span> <span class='ocrx_word' id='word_1_599' title='bbox 2890 3401 3017 3471; x_wconf 82' lang='lat' dir='ltr'><strong>quia</strong></span> <span class='ocrx_word' id='word_1_600' title='bbox 3052 3416 3138 3454; x_wconf 80' lang='lat' dir='ltr'><strong>vos</strong></span> <span class='ocrx_word' id='word_1_601' title='bbox 3163 3401 3251 3470; x_wconf 85' lang='lat' dir='ltr'><strong>qui</strong></span> <span class='ocrx_word' id='word_1_602' title='bbox 3281 3401 3442 3454; x_wconf 87' lang='lat' dir='ltr'><strong>secuti</strong></span> <span class='ocrx_word' id='word_1_603' title='bbox 3467 3401 3590 3454; x_wconf 84' lang='lat' dir='ltr'><strong>estis</strong></span> <span class='ocrx_word' id='word_1_604' title='bbox 3621 3415 3726 3466; x_wconf 88' lang='lat' dir='ltr'><strong>me,</strong></span> 
     </span>
    </p>
   </div>
   <div class='ocr_carea' id='block_1_80' title="bbox 2161 3489 3724 3564">
    <p class='ocr_par' dir='ltr' id='par_1_80' title="bbox 2161 3489 3724 3564">
     <span class='ocr_line' id='line_1_80' title="bbox 2161 3489 3724 3564; baseline -0.003 -16"><span class='ocrx_word' id='word_1_605' title='bbox 2161 3497 2216 3549; x_wconf 88' lang='lat' dir='ltr'><strong>in</strong></span> <span class='ocrx_word' id='word_1_606' title='bbox 2244 3497 2634 3564; x_wconf 85' lang='lat' dir='ltr'><strong>regeneratione</strong></span> <span class='ocrx_word' id='word_1_607' title='bbox 2655 3495 2912 3556; x_wconf 85' lang='lat' dir='ltr'><strong>omnium,</strong></span> <span class='ocrx_word' id='word_1_608' title='bbox 2938 3508 3054 3546; x_wconf 89' lang='lat' dir='ltr'><strong>cum</strong></span> <span class='ocrx_word' id='word_1_609' title='bbox 3079 3493 3271 3545; x_wconf 82' lang='lat' dir='ltr'><strong>venerit</strong></span> <span class='ocrx_word' id='word_1_610' title='bbox 3294 3489 3469 3545; x_wconf 82' lang='lat' dir='ltr'><strong>Filius</strong></span> <span class='ocrx_word' id='word_1_611' title='bbox 3496 3491 3724 3544; x_wconf 88' lang='lat' dir='ltr'><strong>hominis</strong></span> 
     </span>
    </p>
   </div>
   <div class='ocr_carea' id='block_1_81' title="bbox 2161 3581 3720 3655">
    <p class='ocr_par' dir='ltr' id='par_1_81' title="bbox 2161 3581 3720 3655">
     <span class='ocr_line' id='line_1_81' title="bbox 2161 3581 3720 3655; baseline -0.004 -17"><span class='ocrx_word' id='word_1_612' title='bbox 2161 3587 2216 3639; x_wconf 87' lang='lat' dir='ltr'><strong>in</strong></span> <span class='ocrx_word' id='word_1_613' title='bbox 2244 3600 2398 3655; x_wconf 85' lang='lat' dir='ltr'><strong>regno</strong></span> <span class='ocrx_word' id='word_1_614' title='bbox 2423 3600 2538 3648; x_wconf 90' lang='lat' dir='ltr'><strong>suo,</strong></span> <span class='ocrx_word' id='word_1_615' title='bbox 2559 3583 2802 3638; x_wconf 87' lang='lat' dir='ltr'><strong>sedebitis</strong></span> <span class='ocrx_word' id='word_1_616' title='bbox 2824 3593 2870 3635; x_wconf 91' lang='lat' dir='ltr'><strong>et</strong></span> <span class='ocrx_word' id='word_1_617' title='bbox 2895 3598 2982 3635; x_wconf 85' lang='lat' dir='ltr'><strong>vos</strong></span> <span class='ocrx_word' id='word_1_618' title='bbox 3009 3597 3164 3650; x_wconf 84' lang='lat' dir='ltr'><strong>super</strong></span> <span class='ocrx_word' id='word_1_619' title='bbox 3187 3581 3462 3635; x_wconf 87' lang='lat' dir='ltr'><strong>duodecim</strong></span> <span class='ocrx_word' id='word_1_620' title='bbox 3489 3586 3720 3646; x_wconf 84' lang='lat' dir='ltr'><strong>thronos,</strong></span> 
     </span>
    </p>
   </div>
   <div class='ocr_carea' id='block_1_82' title="bbox 2154 3666 3646 3746">
    <p class='ocr_par' dir='ltr' id='par_1_82' title="bbox 2154 3666 3646 3746">
     <span class='ocr_line' id='line_1_82' title="bbox 2154 3666 3646 3746; baseline -0.003 -17"><span class='ocrx_word' id='word_1_621' title='bbox 2154 3677 2455 3746; x_wconf 82' lang='lat' dir='ltr'><strong>judicantes</strong></span> <span class='ocrx_word' id='word_1_622' title='bbox 2482 3675 2756 3729; x_wconf 83' lang='lat' dir='ltr'><strong>duodecim</strong></span> <span class='ocrx_word' id='word_1_623' title='bbox 2788 3675 2954 3727; x_wconf 87' lang='lat' dir='ltr'><strong>tribus</strong></span> <span class='ocrx_word' id='word_1_624' title='bbox 2983 3673 3174 3727; x_wconf 84' lang='lat' dir='ltr'><strong>Israel.</strong></span> <span class='ocrx_word' id='word_1_625' title='bbox 3642 3666 3646 3671; x_wconf 73' lang='grc'><em>’</em></span> 
     </span>
    </p>
   </div>
   <div class='ocr_carea' id='block_1_83' title="bbox 2233 3765 3727 3838">
    <p class='ocr_par' dir='ltr' id='par_1_83' title="bbox 2233 3765 3727 3838">
     <span class='ocr_line' id='line_1_83' title="bbox 2233 3765 3727 3838; baseline 0 -16"><span class='ocrx_word' id='word_1_626' title='bbox 2233 3769 2286 3824; x_wconf 93' lang='lat'><strong>7.</strong></span> <span class='ocrx_word' id='word_1_627' title='bbox 2321 3767 2451 3824; x_wconf 86' lang='lat' dir='ltr'><strong>Post</strong></span> <span class='ocrx_word' id='word_1_628' title='bbox 2485 3769 2598 3823; x_wconf 68' lang='lat' dir='ltr'><strong>haec</strong></span> <span class='ocrx_word' id='word_1_629' title='bbox 2621 3767 2896 3821; x_wconf 88' lang='lat' dir='ltr'><strong>videamus</strong></span> <span class='ocrx_word' id='word_1_630' title='bbox 2923 3767 3050 3836; x_wconf 91' lang='lat' dir='ltr'><strong>quid</strong></span> <span class='ocrx_word' id='word_1_631' title='bbox 3082 3766 3216 3821; x_wconf 92' lang='lat' dir='ltr'><strong>dicit</strong></span> <span class='ocrx_word' id='word_1_632' title='bbox 3255 3766 3463 3838; x_wconf 85' lang='lat' dir='ltr'><strong>Moyses</strong></span> <span class='ocrx_word' id='word_1_633' title='bbox 3493 3785 3507 3822; x_wconf 94' lang='lat'>:</span> <span class='ocrx_word' id='word_1_634' title='bbox 3534 3765 3598 3820; x_wconf 86' lang='lat' dir='ltr'><strong>Et</strong></span> <span class='ocrx_word' id='word_1_635' title='bbox 3627 3771 3727 3824; x_wconf 90' lang='lat' dir='ltr'><strong>ha-</strong></span> 
     </span>
    </p>
   </div>
   <div class='ocr_carea' id='block_1_84' title="bbox 2163 3857 3723 3929">
    <p class='ocr_par' dir='ltr' id='par_1_84' title="bbox 2163 3857 3723 3929">
     <span class='ocr_line' id='line_1_84' title="bbox 2163 3857 3723 3929; baseline 0.001 -15"><span class='ocrx_word' id='word_1_636' title='bbox 2163 3861 2365 3926; x_wconf 75' lang='lat' dir='ltr'><strong>bitauit,</strong></span> <span class='ocrx_word' id='word_1_637' title='bbox 2395 3861 2568 3929; x_wconf 90' lang='lat' dir='ltr'><strong>inquit</strong></span> <span class='ocrx_word' id='word_1_638' title='bbox 2594 3861 2655 3927; x_wconf 61' lang='lat'><strong>1’,</strong></span> <span class='ocrx_word' id='word_1_639' title='bbox 2691 3857 2862 3914; x_wconf 86' lang='lat' dir='ltr'><strong>Israel</strong></span> <span class='ocrx_word' id='word_1_640' title='bbox 2887 3860 2940 3912; x_wconf 87' lang='lat' dir='ltr'><strong>in</strong></span> <span class='ocrx_word' id='word_1_641' title='bbox 2959 3858 3209 3928; x_wconf 78' lang='lat' dir='ltr'><strong>/Egypto,</strong></span> <span class='ocrx_word' id='word_1_642' title='bbox 3247 3860 3300 3914; x_wconf 89' lang='lat' dir='ltr'><strong>in</strong></span> <span class='ocrx_word' id='word_1_643' title='bbox 3339 3869 3478 3913; x_wconf 87' lang='lat' dir='ltr'><strong>terra</strong></span> <span class='ocrx_word' id='word_1_644' title='bbox 3507 3859 3723 3920; x_wconf 79' lang='lat' dir='ltr'><strong>Gessen.</strong></span> 
     </span>
    </p>
   </div>
   <div class='ocr_carea' id='block_1_85' title="bbox 2163 3950 3728 4022">
    <p class='ocr_par' dir='ltr' id='par_1_85' title="bbox 2163 3950 3728 4022">
     <span class='ocr_line' id='line_1_85' title="bbox 2163 3950 3728 4022; baseline 0.001 -16"><span class='ocrx_word' id='word_1_645' title='bbox 2163 3951 2558 4022; x_wconf 86' lang='lat' dir='ltr'><strong>Interpretatur</strong></span> <span class='ocrx_word' id='word_1_646' title='bbox 2621 3962 2800 4006; x_wconf 88' lang='lat' dir='ltr'><strong>autem</strong></span> <span class='ocrx_word' id='word_1_647' title='bbox 2853 3950 3056 4005; x_wconf 88' lang='lat' dir='ltr'><strong>Gessen</strong></span> <span class='ocrx_word' id='word_1_648' title='bbox 3111 3951 3420 4018; x_wconf 75' lang='lat' dir='ltr'><strong>proximitas</strong></span> <span class='ocrx_word' id='word_1_649' title='bbox 3464 3950 3597 4022; x_wconf 75' lang='lat'><strong>(13),</strong></span> <span class='ocrx_word' id='word_1_650' title='bbox 3643 3952 3728 4008; x_wconf 84' lang='lat' dir='ltr'><strong>vel</strong></span> 
     </span>
    </p>
   </div>
   <div class='ocr_carea' id='block_1_86' title="bbox 2162 4041 3723 4113">
    <p class='ocr_par' dir='ltr' id='par_1_86' title="bbox 2162 4041 3723 4113">
     <span class='ocr_line' id='line_1_86' title="bbox 2162 4041 3723 4113; baseline 0 -16"><span class='ocrx_word' id='word_1_651' title='bbox 2162 4044 2554 4113; x_wconf 81' lang='lat' dir='ltr'><strong>propinquitas.</strong></span> <span class='ocrx_word' id='word_1_652' title='bbox 2587 4041 2690 4096; x_wconf 88' lang='lat' dir='ltr'><strong>Per</strong></span> <span class='ocrx_word' id='word_1_653' title='bbox 2720 4041 2862 4111; x_wconf 90' lang='lat' dir='ltr'><strong>quod</strong></span> <span class='ocrx_word' id='word_1_654' title='bbox 2899 4041 3219 4106; x_wconf 89' lang='lat' dir='ltr'><strong>ostenditur,</strong></span> <span class='ocrx_word' id='word_1_655' title='bbox 3251 4042 3372 4110; x_wconf 88' lang='lat' dir='ltr'><strong>quia</strong></span> <span class='ocrx_word' id='word_1_656' title='bbox 3411 4043 3630 4097; x_wconf 86' lang='lat' dir='ltr'><strong>etiamsi</strong></span> <span class='ocrx_word' id='word_1_657' title='bbox 3670 4044 3723 4098; x_wconf 90' lang='lat' dir='ltr'><strong>in</strong></span> 
     </span>
    </p>
   </div>
   <div class='ocr_carea' id='block_1_87' title="bbox 2165 4132 3726 4205">
    <p class='ocr_par' dir='ltr' id='par_1_87' title="bbox 2165 4132 3726 4205">
     <span class='ocr_line' id='line_1_87' title="bbox 2165 4132 3726 4205; baseline 0.001 -17"><span class='ocrx_word' id='word_1_658' title='bbox 2165 4134 2402 4205; x_wconf 67' lang='lat' dir='ltr'><strong>Aigypto</strong></span> <span class='ocrx_word' id='word_1_659' title='bbox 2449 4133 2652 4188; x_wconf 91' lang='lat' dir='ltr'><strong>habitet</strong></span> <span class='ocrx_word' id='word_1_660' title='bbox 2679 4132 2864 4197; x_wconf 88' lang='lat' dir='ltr'><strong>Israel,</strong></span> <span class='ocrx_word' id='word_1_661' title='bbox 2904 4147 3010 4185; x_wconf 91' lang='lat' dir='ltr'><strong>non</strong></span> <span class='ocrx_word' id='word_1_662' title='bbox 3041 4141 3214 4186; x_wconf 88' lang='lat' dir='ltr'><strong>tamen</strong></span> <span class='ocrx_word' id='word_1_663' title='bbox 3241 4132 3396 4199; x_wconf 81' lang='lat' dir='ltr'><strong>longe</strong></span> <span class='ocrx_word' id='word_1_664' title='bbox 3418 4143 3502 4188; x_wconf 91' lang='lat' dir='ltr'><strong>est</strong></span> <span class='ocrx_word' id='word_1_665' title='bbox 3529 4150 3559 4186; x_wconf 91' lang='lat' dir='ltr'><strong>a</strong></span> <span class='ocrx_word' id='word_1_666' title='bbox 3593 4134 3726 4200; x_wconf 88' lang='lat' dir='ltr'><strong>Deo,</strong></span> 
     </span>
    </p>
   </div>
   <div class='ocr_carea' id='block_1_88' title="bbox 2163 4222 3727 4297">
    <p class='ocr_par' dir='ltr' id='par_1_88' title="bbox 2163 4222 3727 4297">
     <span class='ocr_line' id='line_1_88' title="bbox 2163 4222 3727 4297; baseline 0.001 -17"><span class='ocrx_word' id='word_1_667' title='bbox 2163 4227 2257 4280; x_wconf 91' lang='lat' dir='ltr'><strong>sed</strong></span> <span class='ocrx_word' id='word_1_668' title='bbox 2281 4227 2673 4294; x_wconf 70' lang='lat' dir='ltr'><strong>proximus&#39;est</strong></span> <span class='ocrx_word' id='word_1_669' title='bbox 2703 4227 2750 4280; x_wconf 89' lang='lat' dir='ltr'><strong>ei</strong></span> <span class='ocrx_word' id='word_1_670' title='bbox 2787 4234 2841 4279; x_wconf 91' lang='lat' dir='ltr'><strong>et</strong></span> <span class='ocrx_word' id='word_1_671' title='bbox 2867 4222 3210 4291; x_wconf 77' lang='lat' dir='ltr'><strong>coniunctus,</strong></span> <span class='ocrx_word' id='word_1_672' title='bbox 3240 4225 3380 4280; x_wconf 91' lang='lat' dir='ltr'><strong>sicut</strong></span> <span class='ocrx_word' id='word_1_673' title='bbox 3418 4227 3578 4280; x_wconf 90' lang='lat' dir='ltr'><strong>etiam</strong></span> <span class='ocrx_word' id='word_1_674' title='bbox 3611 4229 3727 4297; x_wconf 85' lang='lat' dir='ltr'><strong>ipse</strong></span> 
     </span>
    </p>
   </div>
   <div class='ocr_carea' id='block_1_89' title="bbox 2164 4317 3725 4388">
    <p class='ocr_par' dir='ltr' id='par_1_89' title="bbox 2164 4317 3725 4388">
     <span class='ocr_line' id='line_1_89' title="bbox 2164 4317 3725 4388; baseline 0.002 -18"><span class='ocrx_word' id='word_1_675' title='bbox 2164 4318 2296 4372; x_wconf 86' lang='lat' dir='ltr'><strong>dicit</strong></span> <span class='ocrx_word' id='word_1_676' title='bbox 2331 4317 2394 4383; x_wconf 65' lang='grc' dir='ltr'><strong>η,</strong></span> <span class='ocrx_word' id='word_1_677' title='bbox 2429 4319 2554 4387; x_wconf 89' lang='lat' dir='ltr'><strong>quia</strong></span> <span class='ocrx_word' id='word_1_678' title='bbox 2588 4334 2680 4386; x_wconf 88' lang='lat' dir='ltr'><strong>ego</strong></span> <span class='ocrx_word' id='word_1_679' title='bbox 2709 4318 3020 4372; x_wconf 83' lang='lat' dir='ltr'><strong>descendam</strong></span> <span class='ocrx_word' id='word_1_680' title='bbox 3049 4329 3215 4372; x_wconf 87' lang='lat' dir='ltr'><strong>tecum</strong></span> <span class='ocrx_word' id='word_1_681' title='bbox 3247 4319 3303 4371; x_wconf 84' lang='lat' dir='ltr'><strong>ir.</strong></span> <span class='ocrx_word' id='word_1_682' title='bbox 3337 4317 3648 4388; x_wconf 65' lang='lat' dir='ltr'><strong>1Egyptum,</strong></span> <span class='ocrx_word' id='word_1_683' title='bbox 3676 4329 3725 4373; x_wconf 89' lang='lat' dir='ltr'><strong>et</strong></span> 
     </span>
    </p>
   </div>
   <div class='ocr_carea' id='block_1_90' title="bbox 490 4407 3727 4480">
    <p class='ocr_par' dir='ltr' id='par_1_90' title="bbox 490 4407 3727 4480">
     <span class='ocr_line' id='line_1_90' title="bbox 490 4407 3727 4480; baseline 0 -15"><span class='ocrx_word' id='word_1_684' title='bbox 490 4412 536 4466; x_wconf 90' lang='lat' dir='ltr'><strong>si</strong></span> <span class='ocrx_word' id='word_1_685' title='bbox 568 4411 798 4475; x_wconf 89' lang='lat' dir='ltr'><strong>videtur,</strong></span> <span class='ocrx_word' id='word_1_686' title='bbox 829 4417 883 4462; x_wconf 90' lang='lat' dir='ltr'><strong>et</strong></span> <span class='ocrx_word' id='word_1_687' title='bbox 911 4407 1162 4476; x_wconf 89' lang='lat' dir='ltr'><strong>p0pulum</strong></span> <span class='ocrx_word' id='word_1_688' title='bbox 1185 4407 1495 4478; x_wconf 62' lang='lat' dir='ltr'><strong>Ailgyplium</strong></span> <span class='ocrx_word' id='word_1_689' title='bbox 1513 4411 1710 4480; x_wconf 89' lang='lat' dir='ltr'><strong>populo</strong></span> <span class='ocrx_word' id='word_1_690' title='bbox 1755 4413 2057 4469; x_wconf 86' lang='lat' dir='ltr'><strong>Israelitico</strong></span> <span class='ocrx_word' id='word_1_691' title='bbox 2087 4412 2134 4473; x_wconf 83' lang='grc' dir='ltr'><strong>Ι)</strong></span> <span class='ocrx_word' id='word_1_692' title='bbox 2167 4428 2258 4480; x_wconf 81' lang='lat' dir='ltr'><strong>ego</strong></span> <span class='ocrx_word' id='word_1_693' title='bbox 2290 4427 2377 4465; x_wconf 88' lang='lat' dir='ltr'><strong>ero</strong></span> <span class='ocrx_word' id='word_1_694' title='bbox 2403 4420 2591 4464; x_wconf 89' lang='lat' dir='ltr'><strong>tecum.</strong></span> <span class='ocrx_word' id='word_1_695' title='bbox 2619 4410 2684 4464; x_wconf 88' lang='lat' dir='ltr'><strong>Et</strong></span> <span class='ocrx_word' id='word_1_696' title='bbox 2711 4425 2810 4464; x_wconf 92' lang='lat' dir='ltr'><strong>nos</strong></span> <span class='ocrx_word' id='word_1_697' title='bbox 2840 4425 2968 4480; x_wconf 84' lang='lat' dir='ltr'><strong>ergo</strong></span> <span class='ocrx_word' id='word_1_698' title='bbox 2990 4411 3152 4465; x_wconf 90' lang='lat' dir='ltr'><strong>etiam</strong></span> <span class='ocrx_word' id='word_1_699' title='bbox 3190 4411 3234 4465; x_wconf 87' lang='lat' dir='ltr'><strong>si</strong></span> <span class='ocrx_word' id='word_1_700' title='bbox 3263 4411 3510 4465; x_wconf 90' lang='lat' dir='ltr'><strong>videmur</strong></span> <span class='ocrx_word' id='word_1_701' title='bbox 3553 4412 3602 4464; x_wconf 93' lang='lat' dir='ltr'><strong>in</strong></span> <span class='ocrx_word' id='word_1_702' title='bbox 3629 4410 3727 4466; x_wconf 72' lang='grc' dir='ltr'><strong>ΛΞ-</strong></span> 
     </span>
    </p>
   </div>
   <div class='ocr_carea' id='block_1_91' title="bbox 491 4499 2056 4575">
    <p class='ocr_par' dir='ltr' id='par_1_91' title="bbox 491 4499 2056 4575">
     <span class='ocr_line' id='line_1_91' title="bbox 491 4499 2056 4575; baseline 0.003 -19"><span class='ocrx_word' id='word_1_703' title='bbox 491 4501 858 4556; x_wconf 86' lang='lat' dir='ltr'><strong>conferamus.</strong></span> <span class='ocrx_word' id='word_1_704' title='bbox 894 4499 1107 4554; x_wconf 91' lang='lat' dir='ltr'><strong>Dicitur</strong></span> <span class='ocrx_word' id='word_1_705' title='bbox 1134 4500 1280 4554; x_wconf 89' lang='lat' dir='ltr'><strong>enim</strong></span> <span class='ocrx_word' id='word_1_706' title='bbox 1331 4502 1386 4554; x_wconf 91' lang='lat' dir='ltr'><strong>in</strong></span> <span class='ocrx_word' id='word_1_707' title='bbox 1419 4505 1899 4570; x_wconf 89' lang='lat' dir='ltr'><strong>consequentibus,</strong></span> <span class='ocrx_word' id='word_1_708' title='bbox 1929 4506 2056 4575; x_wconf 90' lang='lat' dir='ltr'><strong>quia</strong></span> 
     </span>
    </p>
   </div>
   <div class='ocr_carea' id='block_1_92' title="bbox 492 4589 2058 4665">
    <p class='ocr_par' dir='ltr' id='par_1_92' title="bbox 492 4589 2058 4665">
     <span class='ocr_line' id='line_1_92' title="bbox 492 4589 2058 4665; baseline 0.004 -22"><span class='ocrx_word' id='word_1_709' title='bbox 492 4602 612 4660; x_wconf 91' lang='lat' dir='ltr'><strong>post</strong></span> <span class='ocrx_word' id='word_1_710' title='bbox 640 4589 834 4645; x_wconf 82' lang='lat' dir='ltr'><strong>famem</strong></span> <span class='ocrx_word' id='word_1_711' title='bbox 867 4599 922 4644; x_wconf 89' lang='lat' dir='ltr'><strong>el</strong></span> <span class='ocrx_word' id='word_1_712' title='bbox 956 4591 1276 4644; x_wconf 89' lang='lat' dir='ltr'><strong>servitutem</strong></span> <span class='ocrx_word' id='word_1_713' title='bbox 1324 4591 1554 4660; x_wconf 90' lang='lat' dir='ltr'><strong>populus</strong></span> <span class='ocrx_word' id='word_1_714' title='bbox 1579 4592 1869 4665; x_wconf 65' lang='lat' dir='ltr'><strong>IEgyptius</strong></span> <span class='ocrx_word' id='word_1_715' title='bbox 1899 4598 2058 4665; x_wconf 92' lang='lat' dir='ltr'><strong>quin-</strong></span> 
     </span>
    </p>
   </div>
   <div class='ocr_carea' id='block_1_93' title="bbox 491 4679 2060 4743">
    <p class='ocr_par' dir='ltr' id='par_1_93' title="bbox 491 4679 2060 4743">
     <span class='ocr_line' id='line_1_93' title="bbox 491 4679 2060 4743; baseline 0.006 -9"><span class='ocrx_word' id='word_1_716' title='bbox 491 4691 575 4736; x_wconf 88' lang='lat' dir='ltr'><strong>tas</strong></span> <span class='ocrx_word' id='word_1_717' title='bbox 602 4679 795 4736; x_wconf 71' lang='lat' dir='ltr'><strong>offerat</strong></span> <span class='ocrx_word' id='word_1_718' title='bbox 841 4680 1136 4736; x_wconf 90' lang='lat' dir='ltr'><strong>Pharaoni.</strong></span> <span class='ocrx_word' id='word_1_719' title='bbox 1193 4679 1514 4737; x_wconf 89' lang='lat' dir='ltr'><strong>Econtrario</strong></span> <span class='ocrx_word' id='word_1_720' title='bbox 1544 4699 1676 4739; x_wconf 89' lang='lat' dir='ltr'><strong>vero</strong></span> <span class='ocrx_word' id='word_1_721' title='bbox 1727 4685 2060 4743; x_wconf 88' lang='lat' dir='ltr'><strong>lsraeliticus</strong></span> 
     </span>
    </p>
   </div>
   <div class='ocr_carea' id='block_1_94' title="bbox 491 4771 2061 4842">
    <p class='ocr_par' dir='ltr' id='par_1_94' title="bbox 491 4771 2061 4842">
     <span class='ocr_line' id='line_1_94' title="bbox 491 4771 2061 4842; baseline 0.006 -16"><span class='ocrx_word' id='word_1_722' title='bbox 491 4773 720 4842; x_wconf 87' lang='lat' dir='ltr'><strong>p0pulus</strong></span> <span class='ocrx_word' id='word_1_723' title='bbox 746 4773 984 4828; x_wconf 90' lang='lat' dir='ltr'><strong>decimas</strong></span> <span class='ocrx_word' id='word_1_724' title='bbox 1015 4771 1172 4827; x_wconf 80' lang='lat' dir='ltr'><strong>offert</strong></span> <span class='ocrx_word' id='word_1_725' title='bbox 1197 4775 1593 4830; x_wconf 89' lang='lat' dir='ltr'><strong>sacerdotibus.</strong></span> <span class='ocrx_word' id='word_1_726' title='bbox 1626 4775 1761 4832; x_wconf 82' lang='lat' dir='ltr'><strong>Vide</strong></span> <span class='ocrx_word' id='word_1_727' title='bbox 1787 4787 1841 4832; x_wconf 89' lang='lat' dir='ltr'><strong>et</strong></span> <span class='ocrx_word' id='word_1_728' title='bbox 1875 4779 1926 4834; x_wconf 93' lang='lat' dir='ltr'><strong>in</strong></span> <span class='ocrx_word' id='word_1_729' title='bbox 1956 4779 2061 4836; x_wconf 86' lang='lat' dir='ltr'><strong>hoc</strong></span> 
     </span>
    </p>
   </div>
   <div class='ocr_carea' id='block_1_95' title="bbox 493 4865 2058 4936">
    <p class='ocr_par' dir='ltr' id='par_1_95' title="bbox 493 4865 2058 4936">
     <span class='ocr_line' id='line_1_95' title="bbox 493 4865 2058 4936; baseline 0.006 -18"><span class='ocrx_word' id='word_1_730' title='bbox 493 4865 831 4934; x_wconf 89' lang='lat' dir='ltr'><strong>Scripturam</strong></span> <span class='ocrx_word' id='word_1_731' title='bbox 863 4867 1100 4920; x_wconf 88' lang='lat' dir='ltr'><strong>divinam</strong></span> <span class='ocrx_word' id='word_1_732' title='bbox 1127 4865 1328 4935; x_wconf 81' lang='lat' dir='ltr'><strong>ingenti</strong></span> <span class='ocrx_word' id='word_1_733' title='bbox 1366 4866 1576 4921; x_wconf 90' lang='lat' dir='ltr'><strong>ratione</strong></span> <span class='ocrx_word' id='word_1_734' title='bbox 1606 4868 1908 4936; x_wconf 85' lang='lat' dir='ltr'><strong>subnixam,</strong></span> <span class='ocrx_word' id='word_1_735' title='bbox 1937 4873 2058 4927; x_wconf 89' lang='lat' dir='ltr'><strong>vide</strong></span> 
     </span>
    </p>
   </div>
   <div class='ocr_carea' id='block_1_96' title="bbox 488 4955 2055 5032">
    <p class='ocr_par' dir='ltr' id='par_1_96' title="bbox 488 4955 2055 5032">
     <span class='ocr_line' id='line_1_96' title="bbox 488 4955 2055 5032; baseline 0.001 -18"><span class='ocrx_word' id='word_1_736' title='bbox 488 4955 807 5030; x_wconf 68' lang='lat' dir='ltr'><strong>Egyptium</strong></span> <span class='ocrx_word' id='word_1_737' title='bbox 844 4959 1100 5028; x_wconf 86' lang='lat' dir='ltr'><strong>populum</strong></span> <span class='ocrx_word' id='word_1_738' title='bbox 1137 4959 1391 5028; x_wconf 88' lang='lat' dir='ltr'><strong>quinario</strong></span> <span class='ocrx_word' id='word_1_739' title='bbox 1431 4973 1660 5015; x_wconf 89' lang='lat' dir='ltr'><strong>numero</strong></span> <span class='ocrx_word' id='word_1_740' title='bbox 1689 4961 1889 5015; x_wconf 89' lang='lat' dir='ltr'><strong>tributa</strong></span> <span class='ocrx_word' id='word_1_741' title='bbox 1920 4979 2055 5032; x_wconf 89' lang='lat' dir='ltr'><strong>pen-</strong></span> 
     </span>
    </p>
   </div>
   <div class='ocr_carea' id='block_1_97' title="bbox 489 5051 2054 5122">
    <p class='ocr_par' dir='ltr' id='par_1_97' title="bbox 489 5051 2054 5122">
     <span class='ocr_line' id='line_1_97' title="bbox 489 5051 2054 5122; baseline 0.002 -17"><span class='ocrx_word' id='word_1_742' title='bbox 489 5051 730 5106; x_wconf 89' lang='lat' dir='ltr'><strong>dentem.</strong></span> <span class='ocrx_word' id='word_1_743' title='bbox 754 5051 1001 5120; x_wconf 85' lang='lat' dir='ltr'><strong>Quinque</strong></span> <span class='ocrx_word' id='word_1_744' title='bbox 1027 5052 1171 5106; x_wconf 88' lang='lat' dir='ltr'><strong>enim</strong></span> <span class='ocrx_word' id='word_1_745' title='bbox 1198 5067 1390 5107; x_wconf 90' lang='lat' dir='ltr'><strong>sensus</strong></span> <span class='ocrx_word' id='word_1_746' title='bbox 1408 5053 1657 5119; x_wconf 90' lang='lat' dir='ltr'><strong>corporei</strong></span> <span class='ocrx_word' id='word_1_747' title='bbox 1683 5053 2054 5122; x_wconf 82' lang='lat' dir='ltr'><strong>designantur,</strong></span> 
     </span>
    </p>
   </div>
   <div class='ocr_carea' id='block_1_98' title="bbox 492 5143 2059 5215">
    <p class='ocr_par' dir='ltr' id='par_1_98' title="bbox 492 5143 2059 5215">
     <span class='ocr_line' id='line_1_98' title="bbox 492 5143 2059 5215; baseline 0.004 -20"><span class='ocrx_word' id='word_1_748' title='bbox 492 5147 690 5214; x_wconf 86' lang='lat' dir='ltr'><strong>quibus</strong></span> <span class='ocrx_word' id='word_1_749' title='bbox 732 5146 962 5215; x_wconf 91' lang='lat' dir='ltr'><strong>populus</strong></span> <span class='ocrx_word' id='word_1_750' title='bbox 991 5145 1228 5202; x_wconf 86' lang='lat' dir='ltr'><strong>carnalis</strong></span> <span class='ocrx_word' id='word_1_751' title='bbox 1255 5146 1512 5201; x_wconf 88' lang='lat' dir='ltr'><strong>deservit.</strong></span> <span class='ocrx_word' id='word_1_752' title='bbox 1541 5143 1766 5214; x_wconf 90' lang='lat' dir='ltr'><strong>Semper</strong></span> <span class='ocrx_word' id='word_1_753' title='bbox 1801 5147 1941 5200; x_wconf 87' lang='lat' dir='ltr'><strong>enim</strong></span> <span class='ocrx_word' id='word_1_754' title='bbox 1966 5147 2059 5202; x_wconf 72' lang='grc' dir='ltr'><strong>ΑΞ-</strong></span> 
     </span>
    </p>
   </div>
   <div class='ocr_carea' id='block_1_99' title="bbox 491 5237 2058 5311">
    <p class='ocr_par' dir='ltr' id='par_1_99' title="bbox 491 5237 2058 5311">
     <span class='ocr_line' id='line_1_99' title="bbox 491 5237 2058 5311; baseline -0.003 -15"><span class='ocrx_word' id='word_1_755' title='bbox 491 5240 660 5311; x_wconf 77' lang='lat' dir='ltr'><strong>gyptii</strong></span> <span class='ocrx_word' id='word_1_756' title='bbox 703 5239 1012 5295; x_wconf 88' lang='lat' dir='ltr'><strong>visibilibus</strong></span> <span class='ocrx_word' id='word_1_757' title='bbox 1051 5238 1216 5294; x_wconf 87' lang='lat' dir='ltr'><strong>rebus</strong></span> <span class='ocrx_word' id='word_1_758' title='bbox 1260 5246 1316 5293; x_wconf 87' lang='lat' dir='ltr'><strong>et</strong></span> <span class='ocrx_word' id='word_1_759' title='bbox 1349 5238 1725 5307; x_wconf 82' lang='lat' dir='ltr'><strong>corporalibus</strong></span> <span class='ocrx_word' id='word_1_760' title='bbox 1751 5237 2058 5307; x_wconf 85' lang='lat' dir='ltr'><strong>obsequun-</strong></span> 
     </span>
    </p>
   </div>
   <div class='ocr_carea' id='block_1_100' title="bbox 562 5397 1603 5463">
    <p class='ocr_par' dir='ltr' id='par_1_100' title="bbox 562 5397 1603 5463">
     <span class='ocr_line' id='line_1_100' title="bbox 562 5397 1603 5463; baseline -0.004 -9"><span class='ocrx_word' id='word_1_761' title='bbox 562 5400 586 5432; x_wconf 76' lang='grc'>⁸</span> <span class='ocrx_word' id='word_1_762' title='bbox 614 5403 776 5456; x_wconf 86' lang='grc' dir='ltr'><strong>Νιιηι.</strong></span> <span class='ocrx_word' id='word_1_763' title='bbox 800 5414 958 5459; x_wconf 80' lang='lat' dir='ltr'><strong>xvnt.</strong></span> <span class='ocrx_word' id='word_1_764' title='bbox 985 5398 1075 5453; x_wconf 70' lang='lat'><strong>20.</strong></span> <span class='ocrx_word' id='word_1_765' title='bbox 1152 5399 1172 5430; x_wconf 80' lang='grc'><strong>⁸</strong></span> <span class='ocrx_word' id='word_1_766' title='bbox 1197 5397 1327 5454; x_wconf 87' lang='lat' dir='ltr'><strong>Luc.</strong></span> <span class='ocrx_word' id='word_1_767' title='bbox 1367 5414 1478 5463; x_wconf 80' lang='lat' dir='ltr'><strong>xw,</strong></span> <span class='ocrx_word' id='word_1_768' title='bbox 1514 5401 1603 5454; x_wconf 79' lang='lat'><strong>55.</strong></span> 
     </span>
    </p>
   </div>
   <div class='ocr_carea' id='block_1_101' title="bbox 569 5585 2052 5710">
    <p class='ocr_par' dir='ltr' id='par_1_101' title="bbox 569 5585 2052 5710">
     <span class='ocr_line' id='line_1_101' title="bbox 569 5585 2052 5710; baseline 0.001 -66"><span class='ocrx_word' id='word_1_769' title='bbox 569 5587 678 5710; x_wconf 54' lang='grc' dir='ltr'><strong>(εἴ)</strong></span> <span class='ocrx_word' id='word_1_770' title='bbox 707 5585 880 5710; x_wconf 39' lang='lat' dir='ltr'><strong>alias,</strong></span> <span class='ocrx_word' id='word_1_771' title='bbox 911 5598 958 5644; x_wconf 87' lang='lat' dir='ltr'><strong>et</strong></span> <span class='ocrx_word' id='word_1_772' title='bbox 991 5590 1132 5661; x_wconf 83' lang='lat' dir='ltr'><strong>fons,</strong></span> <span class='ocrx_word' id='word_1_773' title='bbox 1157 5603 1204 5646; x_wconf 85' lang='lat' dir='ltr'><strong>et</strong></span> <span class='ocrx_word' id='word_1_774' title='bbox 1232 5591 1458 5647; x_wconf 84' lang='lat' dir='ltr'><strong>initium.</strong></span> <span class='ocrx_word' id='word_1_775' title='bbox 1487 5591 1594 5648; x_wconf 90' lang='lat' dir='ltr'><strong>Sed</strong></span> <span class='ocrx_word' id='word_1_776' title='bbox 1623 5606 1751 5648; x_wconf 89' lang='lat' dir='ltr'><strong>mss.</strong></span> <span class='ocrx_word' id='word_1_777' title='bbox 1787 5600 1842 5646; x_wconf 91' lang='lat' dir='ltr'><strong>ut</strong></span> <span class='ocrx_word' id='word_1_778' title='bbox 1883 5591 1934 5648; x_wconf 89' lang='lat' dir='ltr'><strong>in</strong></span> <span class='ocrx_word' id='word_1_779' title='bbox 1959 5605 2052 5646; x_wconf 87' lang='lat' dir='ltr'><strong>no-</strong></span> 
     </span>
     <span class='ocr_line' id='line_1_102' title="bbox 569 5674 776 5710; baseline 0 0"><span class='ocrx_word' id='word_1_780' title='bbox 569 5677 604 5710; x_wconf 81' lang='lat' dir='ltr'>&#39;U</span> <span class='ocrx_word' id='word_1_781' title='bbox 652 5674 721 5710; x_wconf 59' lang='grc' dir='ltr'>εἴ</span> <span class='ocrx_word' id='word_1_782' title='bbox 747 5677 776 5710; x_wconf 81' lang='lat' dir='ltr'><strong>ll</strong></span> 
     </span>
    </p>
   </div>
   <div class='ocr_carea' id='block_1_102' title="bbox 490 5670 776 5713">
    <p class='ocr_par' dir='ltr' id='par_1_102' title="bbox 490 5670 776 5713">
     <span class='ocr_line' id='line_1_103' title="bbox 490 5670 776 5713; baseline -0.003 -2"><span class='ocrx_word' id='word_1_783' title='bbox 490 5670 538 5711; x_wconf 72' lang='grc' dir='ltr'><strong>ει</strong></span> <span class='ocrx_word' id='word_1_784' title='bbox 550 5676 604 5712; x_wconf 79' lang='grc' dir='ltr'><strong>Γυ</strong></span> <span class='ocrx_word' id='word_1_785' title='bbox 632 5670 776 5713; x_wconf 66' lang='grc' dir='ltr'><strong>ιειίυ</strong></span> 
     </span>
    </p>
   </div>
   <div class='ocr_carea' id='block_1_103' title="bbox 1717 5398 2168 5460">
    <p class='ocr_par' dir='ltr' id='par_1_103' title="bbox 1717 5398 2168 5460">
     <span class='ocr_line' id='line_1_104' title="bbox 1717 5398 2168 5460; baseline 0.007 -7"><span class='ocrx_word' id='word_1_786' title='bbox 1717 5400 1738 5430; x_wconf 83' lang='grc'>⁶</span> <span class='ocrx_word' id='word_1_787' title='bbox 1767 5399 1804 5453; x_wconf 94' lang='lat' dir='ltr'><strong>ll</strong></span> <span class='ocrx_word' id='word_1_788' title='bbox 1829 5398 1951 5456; x_wconf 90' lang='lat' dir='ltr'><strong>Cor.</strong></span> <span class='ocrx_word' id='word_1_789' title='bbox 1988 5403 2168 5460; x_wconf 67' lang='lat' dir='ltr'><strong>v1.10.</strong></span> 
     </span>
    </p>
   </div>
   <div class='ocr_carea' id='block_1_104' title="bbox 492 5467 2206 5550">
    <p class='ocr_par' dir='ltr' id='par_1_104' title="bbox 492 5467 2206 5550">
     <span class='ocr_line' id='line_1_105' title="bbox 492 5467 2206 5550; baseline 0.002 -25"><span class='ocrx_word' id='word_1_790' title='bbox 492 5469 540 5504; x_wconf 77' lang='grc'><strong><em>⁸⁸</em></strong></span> <span class='ocrx_word' id='word_1_791' title='bbox 566 5473 774 5526; x_wconf 87' lang='lat' dir='ltr'><strong>Coloss.</strong></span> <span class='ocrx_word' id='word_1_792' title='bbox 811 5488 851 5537; x_wconf 85' lang='grc' dir='ltr'><strong>ι,</strong></span> <span class='ocrx_word' id='word_1_793' title='bbox 897 5471 984 5526; x_wconf 81' lang='grc'>18.</span> <span class='ocrx_word' id='word_1_794' title='bbox 1061 5469 1102 5501; x_wconf 86' lang='grc'>¹¹</span> <span class='ocrx_word' id='word_1_795' title='bbox 1134 5467 1289 5523; x_wconf 82' lang='lat' dir='ltr'><strong>Joan.</strong></span> <span class='ocrx_word' id='word_1_796' title='bbox 1322 5485 1360 5537; x_wconf 86' lang='lat' dir='ltr'><strong>t,</strong></span> <span class='ocrx_word' id='word_1_797' title='bbox 1394 5469 1482 5524; x_wconf 75' lang='grc'><strong>47.</strong></span> <span class='ocrx_word' id='word_1_798' title='bbox 1563 5471 1604 5501; x_wconf 78' lang='grc'>¹²</span> <span class='ocrx_word' id='word_1_799' title='bbox 1631 5468 1818 5523; x_wconf 78' lang='lat' dir='ltr'><strong>Matth.</strong></span> <span class='ocrx_word' id='word_1_800' title='bbox 1850 5487 1963 5550; x_wconf 61' lang='grc' dir='ltr'><strong>χιιι,</strong></span> <span class='ocrx_word' id='word_1_801' title='bbox 1992 5472 2080 5538; x_wconf 70' lang='lat'><strong>27,</strong></span> <span class='ocrx_word' id='word_1_802' title='bbox 2117 5474 2206 5528; x_wconf 80' lang='lat'><strong>28.</strong></span> 
     </span>
    </p>
   </div>
   <div class='ocr_carea' id='block_1_105' title="bbox 2161 4501 3726 4574">
    <p class='ocr_par' dir='ltr' id='par_1_105' title="bbox 2161 4501 3726 4574">
     <span class='ocr_line' id='line_1_106' title="bbox 2161 4501 3726 4574; baseline 0.004 -20"><span class='ocrx_word' id='word_1_803' title='bbox 2161 4512 2381 4571; x_wconf 75' lang='lat' dir='ltr'><strong>gyptum</strong></span> <span class='ocrx_word' id='word_1_804' title='bbox 2415 4502 2783 4566; x_wconf 89' lang='lat' dir='ltr'><strong>descendisse,</strong></span> <span class='ocrx_word' id='word_1_805' title='bbox 2824 4501 3037 4555; x_wconf 89' lang='lat' dir='ltr'><strong>etiamsi</strong></span> <span class='ocrx_word' id='word_1_806' title='bbox 3064 4501 3116 4555; x_wconf 91' lang='lat' dir='ltr'><strong>in</strong></span> <span class='ocrx_word' id='word_1_807' title='bbox 3145 4517 3308 4557; x_wconf 90' lang='lat' dir='ltr'><strong>carne</strong></span> <span class='ocrx_word' id='word_1_808' title='bbox 3336 4504 3494 4571; x_wconf 90' lang='lat' dir='ltr'><strong>positi</strong></span> <span class='ocrx_word' id='word_1_809' title='bbox 3527 4519 3726 4574; x_wconf 81' lang='lat' dir='ltr'><strong>agones</strong></span> 
     </span>
    </p>
   </div>
   <div class='ocr_carea' id='block_1_106' title="bbox 2163 4594 3728 4663">
    <p class='ocr_par' dir='ltr' id='par_1_106' title="bbox 2163 4594 3728 4663">
     <span class='ocr_line' id='line_1_107' title="bbox 2163 4594 3728 4663; baseline 0.003 -17"><span class='ocrx_word' id='word_1_810' title='bbox 2163 4595 2346 4649; x_wconf 90' lang='lat' dir='ltr'><strong>mundi</strong></span> <span class='ocrx_word' id='word_1_811' title='bbox 2378 4595 2536 4663; x_wconf 79' lang='lat' dir='ltr'><strong>hujus</strong></span> <span class='ocrx_word' id='word_1_812' title='bbox 2561 4603 2615 4648; x_wconf 91' lang='lat' dir='ltr'><strong>et</strong></span> <span class='ocrx_word' id='word_1_813' title='bbox 2646 4594 2941 4647; x_wconf 88' lang='lat' dir='ltr'><strong>certamina</strong></span> <span class='ocrx_word' id='word_1_814' title='bbox 2974 4594 3326 4659; x_wconf 91' lang='lat' dir='ltr'><strong>sustinemus,</strong></span> <span class='ocrx_word' id='word_1_815' title='bbox 3366 4595 3525 4648; x_wconf 90' lang='lat' dir='ltr'><strong>etiam</strong></span> <span class='ocrx_word' id='word_1_816' title='bbox 3563 4596 3609 4649; x_wconf 90' lang='lat' dir='ltr'><strong>si</strong></span> <span class='ocrx_word' id='word_1_817' title='bbox 3645 4597 3728 4650; x_wconf 91' lang='lat' dir='ltr'><strong>in-</strong></span> 
     </span>
    </p>
   </div>
   <div class='ocr_carea' id='block_1_107' title="bbox 2166 4683 3728 4754">
    <p class='ocr_par' dir='ltr' id='par_1_107' title="bbox 2166 4683 3728 4754">
     <span class='ocr_line' id='line_1_108' title="bbox 2166 4683 3728 4754; baseline 0.003 -15"><span class='ocrx_word' id='word_1_818' title='bbox 2166 4696 2247 4740; x_wconf 90' lang='lat' dir='ltr'><strong>ter</strong></span> <span class='ocrx_word' id='word_1_819' title='bbox 2274 4701 2366 4741; x_wconf 91' lang='lat' dir='ltr'><strong>eos</strong></span> <span class='ocrx_word' id='word_1_820' title='bbox 2395 4685 2702 4740; x_wconf 88' lang='lat' dir='ltr'><strong>habitamus</strong></span> <span class='ocrx_word' id='word_1_821' title='bbox 2727 4685 2820 4754; x_wconf 92' lang='lat' dir='ltr'><strong>qui</strong></span> <span class='ocrx_word' id='word_1_822' title='bbox 2854 4685 3166 4738; x_wconf 89' lang='lat' dir='ltr'><strong>deserviunt</strong></span> <span class='ocrx_word' id='word_1_823' title='bbox 3212 4683 3504 4752; x_wconf 89' lang='lat' dir='ltr'><strong>Pharaoni,</strong></span> <span class='ocrx_word' id='word_1_824' title='bbox 3546 4696 3728 4743; x_wconf 84' lang='lat' dir='ltr'><strong>tamen</strong></span> 
     </span>
    </p>
   </div>
   <div class='ocr_carea' id='block_1_108' title="bbox 2163 4776 3730 4848">
    <p class='ocr_par' dir='ltr' id='par_1_108' title="bbox 2163 4776 3730 4848">
     <span class='ocr_line' id='line_1_109' title="bbox 2163 4776 3730 4848; baseline 0.003 -18"><span class='ocrx_word' id='word_1_825' title='bbox 2163 4779 2208 4831; x_wconf 90' lang='lat' dir='ltr'><strong>si</strong></span> <span class='ocrx_word' id='word_1_826' title='bbox 2240 4794 2401 4848; x_wconf 89' lang='lat' dir='ltr'><strong>prope</strong></span> <span class='ocrx_word' id='word_1_827' title='bbox 2428 4779 2598 4833; x_wconf 92' lang='lat' dir='ltr'><strong>Deum</strong></span> <span class='ocrx_word' id='word_1_828' title='bbox 2627 4779 2816 4841; x_wconf 88' lang='lat' dir='ltr'><strong>simus,</strong></span> <span class='ocrx_word' id='word_1_829' title='bbox 2844 4776 2889 4830; x_wconf 89' lang='lat' dir='ltr'><strong>si</strong></span> <span class='ocrx_word' id='word_1_830' title='bbox 2920 4777 2972 4830; x_wconf 90' lang='lat' dir='ltr'><strong>in</strong></span> <span class='ocrx_word' id='word_1_831' title='bbox 3015 4777 3390 4832; x_wconf 88' lang='lat' dir='ltr'><strong>mandatorum</strong></span> <span class='ocrx_word' id='word_1_832' title='bbox 3419 4777 3534 4847; x_wconf 79' lang='lat' dir='ltr'><strong>eius</strong></span> <span class='ocrx_word' id='word_1_833' title='bbox 3559 4780 3730 4834; x_wconf 84' lang='lat' dir='ltr'><strong>medi-</strong></span> 
     </span>
    </p>
   </div>
   <div class='ocr_carea' id='block_1_109' title="bbox 2164 4871 3730 4942">
    <p class='ocr_par' dir='ltr' id='par_1_109' title="bbox 2164 4871 3730 4942">
     <span class='ocr_line' id='line_1_110' title="bbox 2164 4871 3730 4942; baseline 0.001 -16"><span class='ocrx_word' id='word_1_834' title='bbox 2164 4873 2367 4927; x_wconf 84' lang='lat' dir='ltr'><strong>talione</strong></span> <span class='ocrx_word' id='word_1_835' title='bbox 2386 4886 2682 4934; x_wconf 89' lang='lat' dir='ltr'><strong>versemur,</strong></span> <span class='ocrx_word' id='word_1_836' title='bbox 2729 4881 2783 4925; x_wconf 92' lang='lat' dir='ltr'><strong>et</strong></span> <span class='ocrx_word' id='word_1_837' title='bbox 2810 4878 3077 4940; x_wconf 74' lang='lat' dir='ltr'><strong>praecepta</strong></span> <span class='ocrx_word' id='word_1_838' title='bbox 3108 4871 3220 4940; x_wconf 87' lang='lat' dir='ltr'><strong>ejus</strong></span> <span class='ocrx_word' id='word_1_839' title='bbox 3260 4885 3326 4926; x_wconf 90' lang='lat' dir='ltr'><strong>ac</strong></span> <span class='ocrx_word' id='word_1_840' title='bbox 3363 4871 3566 4938; x_wconf 87' lang='lat' dir='ltr'><strong>judicia</strong></span> <span class='ocrx_word' id='word_1_841' title='bbox 3607 4887 3730 4942; x_wconf 89' lang='lat' dir='ltr'><strong>per-</strong></span> 
     </span>
    </p>
   </div>
   <div class='ocr_carea' id='block_1_110' title="bbox 2164 4961 3728 5033">
    <p class='ocr_par' dir='ltr' id='par_1_110' title="bbox 2164 4961 3728 5033">
     <span class='ocr_line' id='line_1_111' title="bbox 2164 4961 3728 5033; baseline 0.003 -20"><span class='ocrx_word' id='word_1_842' title='bbox 2164 4963 2442 5032; x_wconf 90' lang='lat' dir='ltr'><strong>quiramus</strong></span> <span class='ocrx_word' id='word_1_843' title='bbox 2486 4961 2505 5033; x_wconf 94' lang='lat'>(</span> <span class='ocrx_word' id='word_1_844' title='bbox 2530 4962 2630 5017; x_wconf 92' lang='lat' dir='ltr'><strong>hoc</strong></span> <span class='ocrx_word' id='word_1_845' title='bbox 2659 4972 2742 5016; x_wconf 90' lang='lat' dir='ltr'><strong>est</strong></span> <span class='ocrx_word' id='word_1_846' title='bbox 2775 4962 2919 5017; x_wconf 91' lang='lat' dir='ltr'><strong>enim</strong></span> <span class='ocrx_word' id='word_1_847' title='bbox 2953 4977 3118 5029; x_wconf 81' lang='lat' dir='ltr'><strong>prone</strong></span> <span class='ocrx_word' id='word_1_848' title='bbox 3168 4977 3287 5018; x_wconf 90' lang='lat' dir='ltr'><strong>esse</strong></span> <span class='ocrx_word' id='word_1_849' title='bbox 3332 4963 3463 5029; x_wconf 89' lang='lat' dir='ltr'><strong>Deo,</strong></span> <span class='ocrx_word' id='word_1_850' title='bbox 3516 4978 3728 5032; x_wconf 89' lang='lat' dir='ltr'><strong>semper</strong></span> 
     </span>
    </p>
   </div>
   <div class='ocr_carea' id='block_1_111' title="bbox 2165 5054 3728 5126">
    <p class='ocr_par' dir='ltr' id='par_1_111' title="bbox 2165 5054 3728 5126">
     <span class='ocr_line' id='line_1_112' title="bbox 2165 5054 3728 5126; baseline 0.003 -21"><span class='ocrx_word' id='word_1_851' title='bbox 2165 5069 2284 5122; x_wconf 72' lang='lat' dir='ltr'><strong>qua:</strong></span> <span class='ocrx_word' id='word_1_852' title='bbox 2322 5054 2416 5108; x_wconf 90' lang='lat' dir='ltr'><strong>Dei</strong></span> <span class='ocrx_word' id='word_1_853' title='bbox 2442 5063 2570 5109; x_wconf 91' lang='lat' dir='ltr'><strong>sunt</strong></span> <span class='ocrx_word' id='word_1_854' title='bbox 2598 5055 2857 5125; x_wconf 80' lang='lat' dir='ltr'><strong>cogitare,</strong></span> <span class='ocrx_word' id='word_1_855' title='bbox 2885 5070 3004 5124; x_wconf 76' lang='lat' dir='ltr'><strong>qua:</strong></span> <span class='ocrx_word' id='word_1_856' title='bbox 3044 5054 3137 5109; x_wconf 91' lang='lat' dir='ltr'><strong>Dei</strong></span> <span class='ocrx_word' id='word_1_857' title='bbox 3168 5065 3293 5110; x_wconf 92' lang='lat' dir='ltr'><strong>sunt</strong></span> <span class='ocrx_word' id='word_1_858' title='bbox 3334 5071 3579 5126; x_wconf 66' lang='lat' dir='ltr'><strong>quaarere</strong></span> <span class='ocrx_word' id='word_1_859' title='bbox 3600 5057 3641 5123; x_wconf 94' lang='lat'><strong>),</strong></span> <span class='ocrx_word' id='word_1_860' title='bbox 3673 5064 3728 5110; x_wconf 84' lang='lat' dir='ltr'><strong>et</strong></span> 
     </span>
    </p>
   </div>
   <div class='ocr_carea' id='block_1_112' title="bbox 2169 5147 3722 5220">
    <p class='ocr_par' dir='ltr' id='par_1_112' title="bbox 2169 5147 3722 5220">
     <span class='ocr_line' id='line_1_113' title="bbox 2169 5147 3722 5220; baseline 0.003 -20"><span class='ocrx_word' id='word_1_861' title='bbox 2169 5148 2309 5202; x_wconf 83' lang='lat' dir='ltr'><strong>Deus</strong></span> <span class='ocrx_word' id='word_1_862' title='bbox 2349 5162 2566 5216; x_wconf 89' lang='lat' dir='ltr'><strong>semper</strong></span> <span class='ocrx_word' id='word_1_863' title='bbox 2592 5149 2699 5203; x_wconf 91' lang='lat' dir='ltr'><strong>erit</strong></span> <span class='ocrx_word' id='word_1_864' title='bbox 2751 5149 3031 5204; x_wconf 88' lang='lat' dir='ltr'><strong>nobiscum</strong></span> <span class='ocrx_word' id='word_1_865' title='bbox 3083 5165 3179 5220; x_wconf 89' lang='lat' dir='ltr'><strong>per</strong></span> <span class='ocrx_word' id='word_1_866' title='bbox 3224 5147 3408 5204; x_wconf 85' lang='lat' dir='ltr'><strong>Jesum</strong></span> <span class='ocrx_word' id='word_1_867' title='bbox 3449 5150 3722 5204; x_wconf 81' lang='lat' dir='ltr'><strong>Christum</strong></span> 
     </span>
    </p>
   </div>
   <div class='ocr_carea' id='block_1_113' title="bbox 2256 5401 3726 5468">
    <p class='ocr_par' dir='ltr' id='par_1_113' title="bbox 2256 5401 3726 5468">
     <span class='ocr_line' id='line_1_114' title="bbox 2256 5401 3726 5468; baseline 0.003 -14"><span class='ocrx_word' id='word_1_868' title='bbox 2256 5410 2275 5440; x_wconf 83' lang='grc' dir='ltr'><strong><em>τ</em></strong></span> <span class='ocrx_word' id='word_1_869' title='bbox 2311 5402 2604 5466; x_wconf 83' lang='lat' dir='ltr'><strong>Act.m,6.</strong></span> <span class='ocrx_word' id='word_1_870' title='bbox 2678 5403 2699 5433; x_wconf 82' lang='grc'><strong>⁸</strong></span> <span class='ocrx_word' id='word_1_871' title='bbox 2728 5401 2907 5456; x_wconf 89' lang='lat' dir='ltr'><strong>Galat.</strong></span> <span class='ocrx_word' id='word_1_872' title='bbox 2945 5417 2998 5468; x_wconf 88' lang='lat' dir='ltr'><strong>v,</strong></span> <span class='ocrx_word' id='word_1_873' title='bbox 3023 5401 3228 5462; x_wconf 69' lang='lat'><strong>221.23.</strong></span> <span class='ocrx_word' id='word_1_874' title='bbox 3303 5405 3322 5436; x_wconf 81' lang='lat'><strong>&#39;</strong></span> <span class='ocrx_word' id='word_1_875' title='bbox 3366 5403 3560 5458; x_wconf 77' lang='lat' dir='ltr'><strong>Matth.</strong></span> <span class='ocrx_word' id='word_1_876' title='bbox 3595 5413 3726 5458; x_wconf 78' lang='lat' dir='ltr'><strong>xxv.</strong></span> 
     </span>
    </p>
   </div>
   <div class='ocr_carea' id='block_1_114' title="bbox 2292 5473 3545 5539">
    <p class='ocr_par' dir='ltr' id='par_1_114' title="bbox 2292 5473 3545 5539">
     <span class='ocr_line' id='line_1_115' title="bbox 2292 5473 3545 5539; baseline 0 -12"><span class='ocrx_word' id='word_1_877' title='bbox 2292 5474 2333 5504; x_wconf 91' lang='grc'><strong>¹³</strong></span> <span class='ocrx_word' id='word_1_878' title='bbox 2369 5473 2566 5528; x_wconf 82' lang='lat' dir='ltr'><strong>Cenes.</strong></span> <span class='ocrx_word' id='word_1_879' title='bbox 2621 5489 2785 5536; x_wconf 73' lang='lat' dir='ltr'><strong>vair,</strong></span> <span class='ocrx_word' id='word_1_880' title='bbox 2841 5473 2931 5529; x_wconf 79' lang='lat'><strong>‘27.</strong></span> <span class='ocrx_word' id='word_1_881' title='bbox 3010 5473 3054 5504; x_wconf 71' lang='lat'><strong>“</strong></span> <span class='ocrx_word' id='word_1_882' title='bbox 3083 5473 3282 5528; x_wconf 87' lang='lat' dir='ltr'><strong>Genes.</strong></span> <span class='ocrx_word' id='word_1_883' title='bbox 3316 5485 3462 5539; x_wconf 73' lang='lat' dir='ltr'><strong>XLVI,</strong></span> <span class='ocrx_word' id='word_1_884' title='bbox 3490 5474 3545 5529; x_wconf 73' lang='grc'>4.</span> 
     </span>
    </p>
   </div>
   <div class='ocr_carea' id='block_1_115' title="bbox 2231 5590 3729 5672">
    <p class='ocr_par' dir='ltr' id='par_1_115' title="bbox 2231 5590 3729 5672">
     <span class='ocr_line' id='line_1_116' title="bbox 2231 5590 3729 5672; baseline -0.002 -23"><span class='ocrx_word' id='word_1_885' title='bbox 2231 5593 2342 5660; x_wconf 78' lang='lat' dir='ltr'><strong>(l5)</strong></span> <span class='ocrx_word' id='word_1_886' title='bbox 2384 5592 2583 5672; x_wconf 77' lang='lat' dir='ltr'><strong>Gessen</strong></span> <span class='ocrx_word' id='word_1_887' title='bbox 2643 5590 2956 5672; x_wconf 73' lang='lat' dir='ltr'><strong>proximitas</strong></span> <span class='ocrx_word' id='word_1_888' title='bbox 2984 5592 3415 5672; x_wconf 21' lang='lat' dir='ltr'><strong>“interpretatur</strong></span> <span class='ocrx_word' id='word_1_889' title='bbox 3456 5605 3487 5646; x_wconf 87' lang='lat' dir='ltr'><strong>a</strong></span> <span class='ocrx_word' id='word_1_890' title='bbox 3541 5591 3729 5648; x_wconf 80' lang='lat' dir='ltr'><strong>radice</strong></span> 
     </span>
    </p>
   </div>
   <div class='ocr_carea' id='block_1_116' title="bbox 2161 5671 3037 5730">
    <p class='ocr_par' dir='ltr' id='par_1_116' title="bbox 2161 5671 3037 5730">
     <span class='ocr_line' id='line_1_117' title="bbox 2161 5671 3037 5730; baseline -0.005 -11"><span class='ocrx_word' id='word_1_891' title='bbox 2161 5672 2268 5723; x_wconf 69' lang='lat' dir='ltr'><strong>cu:</strong></span> <span class='ocrx_word' id='word_1_892' title='bbox 2306 5671 2548 5729; x_wconf 78' lang='lat' dir='ltr'><strong>accessit,</strong></span> <span class='ocrx_word' id='word_1_893' title='bbox 2586 5671 3037 5730; x_wconf 80' lang='lat' dir='ltr'><strong>appropinquavit.</strong></span> 
     </span>
    </p>
   </div>
  </div>
