4050 6142
291 294 386 349 253

1483 293 1547 348 IN
1582 295 1880 351 CENESIM
1912 295 2196 352 IIOMILIA
2228 294 2389 352 XVII.

3431 293 3538 350 251

289 414 556 468 Dominum
587 422 874 480 nostrum,
909 416 997 472 cui
1027 423 1110 472 cst
1133 415 1299 487 gloria
1331 416 1383 470 in
1416 403 1611 472 saecula
1632 419 1852 475 szcculo-
1883 427 1928 482 Α
1963 422 2148 474 Ruben
2185 421 2235 474 in
2273 416 2632 474 concubinam
2667 411 2838 484 patris
2861 390 3177 468 ell'erbuerit
3209 410 3426 467 ﬂamma
3459 414 3534 466 li-

286 518 419 558 tum.
450 503 645 558 Amen.

835 595 1115 652 HOMILIA
1149 595 1309 653 XVII.

542 687 617 742 De
659 687 1112 743 benedictionibus
1140 689 1588 757 patriarcharum.

360 780 418 836 1.
447 779 744 834 Sciendum
777 789 862 835 est
891 781 1088 848 primo,
1115 781 1258 848 quod
1291 781 1344 834 in
1379 781 1607 851 singulis
1634 783 1859 850 quibus-

287 885 386 938 que
427 870 564 924 locis
610 871 700 924 ubi
751 872 1036 938 Scriptura
1087 871 1154 926 de
1178 871 1478 944 .duodecim
1531 874 1857 942 patriarchis

289 971 709 1027 commemorat,
753 963 923 1016 multa
973 964 1042 1017 sit
1085 964 1136 1016 in
1194 965 1308 1032 ipsa
1353 965 1558 1018 ordinis
1614 967 1860 1019 conscri-

285 1053 465 1123 ptione
501 1054 809 1108 diversitas.
847 1053 1003 1107 Alius
1031 1055 1163 1108 ordo
1195 1064 1278 1108 est
1309 1055 1358 1107 in
1400 1055 1511 1123 ipsa
1549 1070 1732 1110 eorum
1763 1071 1858 1109 na-

288 1144 500 1196 tivitate
536 1143 904 1212 conscriptus,
942 1144 1083 1198 alius
1113 1159 1234 1198 cum
1266 1151 1463 1198 terram
1496 1144 1715 1216 Egypti
1749 1161 1855 1199 una

287 1249 405 1289 sunt
461 1245 628 1304 patre
672 1250 769 1289 suo
814 1234 974 1305 Israel
1022 1244 1076 1289 et
1114 1236 1302 1290 sobole
1337 1238 1670 1305 posteritatis
1719 1237 1862 1292 refe-

288 1337 485 1381 runtur
524 1327 749 1381 intrare.
791 1327 941 1382 Alius
974 1344 1118 1382 nunc
1149 1343 1270 1381 cum
1312 1329 1714 1385 benedictiones
1741 1330 1862 1386 obi-

287 1418 395 1471 turi
434 1417 686 1487 parentis
711 1419 1011 1487 excipiunt,
1041 1419 1180 1474 alius
1208 1435 1329 1473 cum
1350 1435 1580 1490 egressa:
1602 1421 1668 1476 de
1694 1421 1862 1492 Egy-

286 1518 380 1578 pto
420 1510 623 1570 tribus.
658 1509 742 1564 vel
785 1525 906 1564 cum
965 1501 1026 1563 'in
1086 1512 1306 1565 deserto
1361 1526 1859 1569 commemorantur

285 1603 497 1672 aliquid
531 1617 714 1672 agere,
762 1601 847 1656 vel
887 1613 1088 1656 terram
1134 1603 1568 1672 repromissionis
1606 1605 1863 1674 ingressae

288 1696 338 1748 in
372 1703 562 1748 monte
599 1692 767 1747 Cebal
806 1709 904 1762 pro
933 1695 1397 1749 benedictionibus
1423 1707 1479 1749 et
1516 1696 1855 1750 maledictio-

1955 512 2178 575 bidinis,
2253 519 2308 564 et
2377 517 2658 578 paternum
2727 504 3078 561 maculaverit
3160 513 3375 573 torum,
3441 505 3536 560 sed

1958 603 2098 672 quod
2131 602 2181 654 in
2228 599 2398 653 initiis
2449 596 2622 650 laudis
2663 595 2713 649 ei
2765 594 2967 663 aliquid
3005 593 3220 647 videtur
3255 591 3535 646 ascribere

1957 693 2183 746 dicens:
2215 689 2293 743 Tu
2327 691 2494 743 virtus
2525 703 2664 752 mea,
2699 685 2907 740 idcirco
2944 684 3002 738 fit
3058 692 3117 737 ut
3171 683 3394 754 gravius
3436 697 3538 737 no-

1961 793 2100 838 tetur
2132 785 2182 836 in
2215 782 2463 844 crimine,
2494 779 2585 848 qui
2643 793 2765 832 cum
2801 779 2974 832 virtus
3003 777 3176 846 patris
3222 775 3532 840 haberetur,

1959 887 2014 931 et
2054 876 2268 929 initium
2331 873 2601 936 filiorum,
2672 869 2867 924 nesciit
2913 884 3133 924 servare
3178 869 3535 923 reverentiam

1962 971 2124 1040 patri.
2161 968 2329 1036 Quale
2363 976 2447 1021 est
2479 975 2534 1018 at
2565 963 2696 1018 illud
2739 964 2886 1031 quod
2921 962 3120 1016 dicitur
3162 977 3260 1030 per
3297 962 3536 1031 prophe-

1964 1072 2070 1116 tam
2102 1062 2146 1092 ¹³
2184 1078 2198 1112 :
2248 1059 2358 1128 Ego
2393 1066 2439 1111 te
2485 1056 2720 1126 plantavi
2751 1056 2956 1110 vineam
2994 1053 3319 1122 fructiferam
3373 1063 3538 1105 totam

1963 1167 2197 1205 veracem
2229 1149 2362 1220 (15),
2397 1148 2655 1219 quomodo
2683 1163 2933 1202 conversa
2962 1162 3015 1200 es
3042 1146 3100 1198 in
3129 1145 3537 1198 amaritudinem

1963 1244 2082 1298 vitis
2119 1243 2353 1297 alienat?
2390 1241 2695 1296 Secundum
2737 1253 2869 1294 vero
2917 1237 3348 1306 intelligentiam,
3386 1235 3530 1290 vide-

1968 1344 2056 1388 tur
2086 1333 2214 1387 mihi
2237 1332 2425 1386 Ruben
2445 1333 2642 1401 prioris
2668 1329 2846 1400 populi
2873 1329 3183 1383 Judaeorum
3209 1327 3353 1382 ferre
3380 1339 3540 1396 posse

1966 1441 2282 1496 personam,
2319 1425 2410 1492 qui
2449 1435 2506 1478 et
2530 1422 2923 1493 primogenitus
2945 1429 3048 1488 est,
3079 1428 3135 1474 et
3161 1420 3373 1473 initium
3406 1417 3541 1471 ﬁlio-

1967 1534 2086 1572 rum
2123 1518 2263 1572 sicut
2297 1515 2556 1586 propheta
2593 1515 2723 1569 dicit
2763 1514 2805 1546 ¹⁹
2864 1533 2877 1567 :
2935 1512 3110 1567 Israel
3161 1514 3541 1581 primarenitus

1967 1625 2132 1664 meus.
2178 1607 2361 1662 Primo
2397 1621 2628 1676 namque
2678 1604 2784 1660 illis
2837 1605 2961 1658 data
3015 1612 3146 1658 sunt
3173 1602 3384 1672 eloquia
3419 1600 3537 1656 Dei.

1967 1699 2122 1765 Quod
2158 1707 2336 1751 autem
2362 1698 2528 1751 durus
2560 1696 2722 1750 fuerit
2747 1694 2836 1750 ille
2867 1695 3096 1765 populus
3119 1701 3171 1748 et
3196 1693 3538 1758 temerarius,

285 1786 445 1841 nibus
513 1793 850 1840 statuuntur.
914 1787 1061 1841 Alius
1116 1789 1278 1842 etiam
1354 1802 1478 1843 cum
1535 1788 1852 1842 divisionem
1890 1770 1934 1825 Β
1967 1791 2264 1861 Scriptum
2321 1790 2660 1844 denuntiant.
2728 1789 2872 1843 Dicit
2933 1787 3077 1843 enim
3134 1788 3200 1842 de
3272 1787 3352 1842 eis
3408 1800 3540 1856 pro-

285 1886 444 1930 terrre
486 1876 820 1931 hareditatis
872 1887 1020 1933 sorte
1053 1879 1379 1948 suscipiunt.
1418 1879 1486 1932 Et
1541 1879 1592 1932 in
1647 1889 1854 1932 tantum

281 1974 412 2021 ordo
458 1967 563 2020 iste
611 1968 878 2033 variatur,
916 1978 976 2023 ut
1021 1969 1289 2022 interdum
1337 1969 1552 2038 quidam
1597 1985 1662 2024 ex
1706 1970 1856 2038 ipsis,

282 2075 380 2114 ec
414 2060 648 2128 ascripti
698 2061 1048 2116 inveniantur
1096 2064 1149 2116 in
1192 2077 1438 2116 numero.
1471 2061 1624 2128 Quod
1674 2063 1860 2130 utique

284 2161 497 2206 certum
540 2165 629 2209 est
672 2169 782 2208 non
827 2154 1031 2222 absque
1063 2153 1243 2222 aliqua
1287 2154 1498 2209 ratione
1547 2154 1768 2215 variari,
1806 2163 1862 2208 et

283 2255 502 2300 exstare
531 2260 733 2300 causas
761 2243 1090 2313 probabiles,
1125 2245 1320 2314 quibus
1362 2244 1416 2298 in
1457 2244 1565 2300 alio
1605 2244 1720 2298 loco
1747 2243 1858 2307 ille,

277 2337 332 2392 in
382 2338 494 2391 alio
534 2351 667 2392 vero
706 2337 843 2390 alius
901 2335 1241 2405 praaIeratur.
1308 2335 1412 2390 Sed
1475 2336 1540 2390 de
1574 2335 1660 2389 his
1708 2335 1862 2390 nobis

277 2444 420 2484 nunc
467 2429 808 2499 propositum
866 2443 971 2481 non
1033 2438 1136 2492 est,
1187 2428 1294 2483 nisi
1347 2444 1410 2482 ea
1471 2429 1858 2494 tantummodo,

275 2527 434 2586 prout
469 2517 614 2571 Deus
654 2519 887 2583 dederit,
923 2519 1220 2586 explicare,
1257 2535 1377 2588 quae
1428 2519 1480 2573 in
1532 2519 1866 2573 benedictio~

275 2609 436 2664 nibus
462 2623 602 2677 quas
635 2611 826 2664 mortis
853 2620 1094 2678 tempore
1123 2626 1152 2663 a
1185 2620 1337 2679 patre
1359 2610 1656 2678 suscipiunt
1684 2610 1862 2663 conti-

280 2709 499 2757 nentur.
511 2701 674 2772 ιοθ
687 2703 816 2768 Quzn
829 2703 1046 2772 quidem
1065 2703 1464 2758 benedictiones
1480 2717 1544 2755 ex
1563 2717 1627 2754 eo
1643 2701 1869 2756 fortasse

274 2791 625 2845 solummodo
670 2791 930 2861 appellari
962 2801 1272 2861 potuerunt,
1296 2793 1439 2862 quod
1468 2792 1520 2846 in
1561 2793 1870 2847 novissimis

273 2885 481 2938 dicitur
505 2885 551 2916 "
574 2901 590 2938 :
611 2881 681 2937 Et
709 2883 819 2937 lucc
849 2883 1050 2938 locutus
1073 2893 1147 2938 est
1175 2886 1249 2937 eis
1273 2895 1421 2952 pater
1439 2900 1614 2937 eorunt
1644 2893 1690 2937 et
1719 2885 1873 2938 bene.

273 2976 410 3029 dixit
463 2974 606 3038 illos,
667 2991 1082 3044 unumquemque
1123 2975 1409 3029 secundum
1457 2972 1870 3027 benedictionem

272 3085 427 3124 suam
459 3069 721 3122 benedixit
757 3067 1246 3123 illos.Czeterumin
1270 3067 1438 3120 initiis
1483 3067 1570 3120 ubi
1595 3075 1865 3120 convocat

275 3177 373 3218 eos
391 3173 572 3232 pater,
595 3177 701 3215 non
721 3161 876 3232 quasi
900 3163 962 3215 ad
994 3161 1421 3216 benedictionem
1450 3170 1734 3221 convocat,
1761 3159 1856 3212 sed

278 3255 355 3308 ita
384 3253 656 3324 scriptum
693 3262 776 3307 est
815 3253 858 3283 ¹⁶
891 3270 904 3306 :
944 3250 1150 3306 Vocavit
1174 3265 1348 3305 autem
1368 3251 1532 3306 Iacob
1559 3251 1701 3319 ﬁlios
1723 3267 1845 3304 suos

277 3353 332 3400 et
365 3347 500 3399 dixit
533 3362 554 3399 :
587 3344 989 3415 Congregamini
1018 3355 1073 3399 ut
1106 3345 1410 3398 annuntiem
1447 3345 1587 3398 vobis
1626 3359 1746 3412 quia
1773 3359 1859 3396 oc-

283 3455 506 3494 cursuro
540 3449 662 3492 sunt
687 3439 830 3491 vobis
854 3441 908 3492 in
933 3437 1222 3492 novissimis
1252 3437 1454 3490 diebus.
1485 3437 1637 3504 Quod
1673 3437 1859 3504 utique

284 3532 457 3599 magis
497 3531 844 3600 prophetiam
896 3531 1199 3601 signiﬁcat,
1253 3545 1352 3600 per
1397 3545 1558 3599 quam
1614 3545 1732 3598 qua:
1779 3529 1858 3582 eis

295 3636 558 3681 eventura
587 3636 718 3678 sunt
748 3626 1168 3694 praesignantur.
1194 3623 1248 3677 lu
1285 3624 1402 3691 ipso
1431 3634 1608 3677 autem
1633 3636 1859 3690 corpore

288 3731 342 3777 et
383 3722 527 3776 serie
579 3721 896 3784 verborum,
945 3732 1121 3786 neque
1169 3715 1576 3770 benedictiones
1621 3724 1855 3777 tantum,

289 3828 462 3882 neque
494 3813 800 3867 futurorum
850 3809 962 3867 sola
998 3808 1403 3879 prmnuntiatio,
1447 3816 1706 3878 quantum
1737 3822 1855 3862 mo-

289 3920 393 3972 res,
421 3903 508 3959 vel
544 3903 881 3974 prapositum
908 3916 1119 3968 eorum,
1158 3902 1245 3954 vel
1282 3901 1445 3970 etiam
1486 3900 1736 3968 quaedam
1789 3899 1858 3953 ab

286 4000 366 4053 eis
421 4007 577 4067 gesta
635 3995 952 4050 notabiliter
1001 4000 1322 4062 arguuntur.
1371 3992 1503 4058 Qtue
1565 4007 1653 4046 res
1703 3991 1858 4046 nobis

291 4089 642 4159 tripertitam,
679 4097 738 4140 ut
768 4088 821 4141 in
852 4086 972 4140 aliis
1022 4086 1272 4148 fecimus,
1316 4085 1712 4153 explanationis
1743 4099 1856 4137 ma-

289 4182 477 4234 teriam
509 4179 756 4248 subjicit,
789 4178 862 4231 ita
895 4187 953 4232 ut
981 4178 1384 4232 benedictiones
1406 4175 1646 4230 historia:
1674 4176 1848 4229 locum

289 4279 526 4336 servent,
577 4269 861 4341 prophetia
889 4283 1018 4324 vero
1052 4267 1340 4338 mysticum
1385 4276 1547 4334 atque
1589 4265 1856 4334 dogmati-

289 4380 431 4433 cum,
466 4379 678 4419 morum
717 4362 990 4432 correptio
1023 4360 1134 4434 (14)
1174 4369 1230 4414 et
1265 4359 1570 4430 obiurgatio
1599 4358 1854 4413 moralem

288 4456 489 4526 dirigat
517 4454 740 4525 stylum.

354 4545 410 4599 2.
466 4545 676 4605 Ruben,
723 4543 894 4615 inquit
936 4543 1000 4607 ‘7,
1048 4542 1422 4612 primogenitus
1465 4557 1641 4607 meus,
1697 4541 1858 4594 virtus

287 4655 398 4692 mea
432 4649 482 4692 et
519 4637 728 4690 initium
760 4637 994 4704 ﬁliorum
1025 4650 1279 4700 meorum,
1333 4634 1497 4685 durus
1545 4633 1600 4684 in
1642 4647 1856 4684 conver-

286 4732 509 4794 satione,
541 4730 708 4783 durus
737 4740 782 4782 et
835 4729 1146 4782 temerarius
1189 4724 1535 4779 contumelias
1578 4725 1849 4792 irrogasti.

286 4821 564 4886 Tanquam
601 4837 738 4890 aqua
767 4839 872 4876 non
905 4822 1232 4890 effervescas.
1263 4818 1560 4872 Ascendisti
1598 4817 1736 4871 enim
1760 4833 1852 4870 su-

280 4931 367 4983 per
403 4914 579 4969 cubile
633 4915 798 4984 patris
843 4915 941 4968 tui.
1003 4913 1082 4966 Tu
1132 4912 1366 4982 polluisti
1416 4919 1589 4963 torum
1649 4909 1739 4961 ubi
1769 4925 1856 4962 as-

280 5005 525 5058 eendisti.
569 5004 808 5059 Incestus
836 5003 1060 5058 historia
1099 5003 1370 5058 neminem
1403 5000 1554 5064 latet,
1581 5000 1852 5068 quomodo

347 5120 391 5151 ¹⁸
431 5119 633 5176 Cenes.
666 5133 812 5178 ms,
837 5116 926 5170 98.
1001 5115 1044 5146 ¹⁶
1073 5116 1226 5178 ibid.,
1261 5117 1310 5170 1.

281 5190 323 5222 ²¹
356 5195 481 5247 Act.
516 5207 612 5255 vn,
649 5189 736 5244 51.
811 5188 856 5218 ¹²
888 5185 1066 5240 Calat.
1093 5187 1272 5251 “522.
1348 5187 1392 5218 ”
1420 5185 1581 5240 ICor.
1620 5199 1712 5248 xv,
1743 5184 1834 5239 47.

352 5379 464 5449 (14)
497 5377 710 5432 Illorum
743 5383 1016 5442 correptio.
1074 5376 1260 5449 Recte
1282 5389 1472 5449 onmes
1523 5391 1678 5449 mss.,
1703 5376 1852 5449 male

289 5443 408 5504 vero
432 5443 590 5514 editi,
621 5463 846 5517 quorum
872 5448 1146 5510 correptio.
1179 5445 1319 5517 Infra
1352 5445 1442 5517 ubi
1473 5460 1602 5517 mss.
1631 5443 1850 5510 habent,

289 5514 657 5587 e/Iervescas...
681 5517 1015 5586 efferbuerit;
1046 5533 1097 5569 in
1120 5515 1280 5571 editis
1307 5515 1504 5584 legitur
1526 5514 1848 5583 fervescas...

311 5590 552 5644 erbuerit.

289 5589 673 5718 ίεήὶἒηΐιίιιε.
705 5657 949 5725 feracem,
980 5666 1036 5709 at
1059 5672 1213 5719 mss.,
1243 5671 1476 5710 ueracem
1504 5653 1721 5708 rectius.

353 5658 462 5801 (16)
490 5729 677 5784 Ruben
712 5729 1082 5795 interpretatus
1135 5735 1207 5780 est
1256 5743 1286 5780 a
1338 5725 1647 5796 majoribus,
1708 5727 1721 5777 l

379 5724 458 5796 16)
490 5729 677 5784 Ruben
707 5724 1082 5795 interpretatus
1135 5735 1207 5780 est
1256 5743 1286 5780 a
1338 5725 1647 5796 majoribus,
1708 5724 1846 5780 lilius

1391 5114 1432 5147 ι’
1459 5115 1654 5170 Cenes.
1696 5130 1842 5177 ηις,
1874 5115 1988 5172 5.4.

1963 1884 2127 1954 pheta
2164 1883 2209 1913 ²⁰
2247 1897 2262 1936 :
2295 1880 2463 1936 Omne
2511 1881 2652 1949 quod
2681 1881 2917 1951 loquitur
2946 1879 3170 1948 populus
3209 1878 3311 1944 hic,
3347 1879 3539 1931 durum

1963 1987 2059 2030 est.
2095 1975 2161 2028 Et
2197 1975 2392 2028 iterum
2437 1974 2569 2027 alibi
2607 1974 2673 2028 de
2722 1973 2851 2041 ipsis
2897 1971 3098 2026 dicit“
3133 1987 3149 2024 :
3190 1968 3294 2025 Vos
3339 1985 3540 2038 semper

1965 2067 2101 2119 dura
2153 2066 2348 2118 cervice
2381 2075 2426 2118 et
2461 2065 2817 2118 incircumcisi
2851 2063 3026 2119 corde.
3078 2060 3225 2116 Patri
3265 2075 3397 2116 vero
3432 2061 3540 2115 Deo

1967 2157 2228 2227 irrogavit
2260 2157 2509 2223 injurias,
2561 2171 2679 2210 cum
2726 2155 2999 2210 convertit
3034 2153 3099 2207 ad
3139 2169 3260 2208 eum
3294 2154 3540 2220 dorsum,

1966 2258 2023 2305 et
2077 2266 2182 2305 non
2236 2250 2428 2304 faciem
2486 2265 2662 2303 suam.
2723 2247 2925 2303 Torum
2985 2257 3165 2302 autem
3221 2246 3540 2302 concubinae

1969 2343 2158 2411 polluit
2193 2357 2351 2411 quem
2412 2341 2675 2405 ascendit,
2715 2341 2768 2396 id
2819 2350 2901 2395 est
2963 2341 3131 2411 legem
3191 2340 3392 2394 veteris
3460 2347 3539 2392 te-

1971 2434 2222 2490 stamenti
2274 2447 2434 2502 (Illam
2464 2448 2604 2499 smne
2632 2431 3036 2501 praevaricando
3055 2430 3362 2485 maculavit.
3387 2429 3540 2496 Quod

1973 2537 2152 2580 autem
2217 2527 2271 2579 in
2323 2525 2636 2578 concubina:
2693 2539 2922 2594 persona
2979 2524 3066 2576 lex
3109 2523 3308 2577 veteris
3375 2531 3538 2576 testa-

1974 2619 2141 2672 menti
2185 2603 2439 2686 ponatur,
2475 2613 2673 2669 Paulus
2708 2615 2889 2668 docuit
2933 2614 3119 2668 dicens
3147 2615 3192 2644 ¹²
3223 2629 3237 2664 :
3273 2611 3541 2666 Abraham

1975 2716 2104 2764 duos
2129 2710 2266 2779 ﬁlios
2295 2709 2497 2772 habuit,
2535 2723 2694 2761 unum
2718 2707 2781 2760 de
2811 2706 3029 2773 ancilla,
3077 2713 3126 2759 et
3159 2721 3321 2759 unum
3375 2705 3440 2758 de
3474 2704 3541 2757 li-

1977 2803 2119 2855 bera.
2148 2799 2279 2854 Hrcc
2300 2809 2472 2852 autem
2501 2807 2621 2852 sunt
2664 2799 2769 2851 duo
2799 2807 3136 2853 testamenta.
3168 2797 3224 2851 In
3258 2811 3362 2866 quo
3394 2796 3542 2864 Agar

1976 2905 2095 2960 qua!
2130 2890 2432 2945 concubina
2470 2887 2589 2952 fuit,
2633 2888 2685 2942 in
2719 2887 2921 2942 veteris
2969 2887 3274 2942 testamenti
3322 2887 3541 2955 ponitur

1979 2992 2126 3057 typo.
2179 2982 2296 3038 Una
2326 2981 2527 3036 etenim
2559 2989 2678 3036 erat
2716 2979 2950 3050 perfecta
2985 2980 3230 3034 columba
3263 2978 3541 3046 genitricis

1979 3091 2108 3137 suae,
2143 3090 2262 3144 quae
2294 3076 2446 3144 virgo
2487 3080 2632 3128 casta
2668 3075 2855 3143 regina
2900 3087 3096 3142 sponso
3151 3071 3260 3141 regi
3299 3069 3536 3124 Ecclesia

1963 3184 2060 3238 per
2089 3166 2437 3237 Evangelium
2466 3166 2712 3236 jungitur
2761 3163 3004 3220 Christo.
3055 3164 3160 3218 Sed
3212 3172 3267 3218 et
3318 3161 3540 3216 moralis

1961 3260 2122 3316 nobis
2154 3260 2206 3314 in
2242 3259 2344 3316 hoc
2375 3259 2448 3312 ita
2479 3256 2806 3312 tractabitur
2835 3256 3004 3311 locus.
3035 3255 3228 3310 Ruben
3260 3257 3537 3325 interpre-

1961 3365 2100 3410 tatus
2147 3362 2232 3408 est
2265 3368 2294 3406 a
2349 3351 2668 3420 majoribus,
2705 3352 2848 3420 ﬁlius
2888 3351 2979 3419 qui
3027 3350 3237 3402 videtur
3265 3347 3398 3419 (16),
3436 3347 3538 3403 hoc

1957 3456 2040 3501 est
2071 3444 2297 3499 visibilis
2346 3453 2399 3497 et
2453 3441 2711 3505 carnalis,
2759 3442 2895 3510 ipse,
2930 3442 3118 3503 credo,
3145 3439 3212 3493 de
3257 3453 3362 3506 quo
3405 3437 3538 3492 dicit

1957 3535 2252 3605 Apostolus
2289 3535 2335 3567 ³³
2374 3547 2389 3587 :
2428 3531 2643 3587 Primus
2675 3533 2829 3586 homo
2871 3532 2934 3584 de
2990 3540 3133 3584 terra
3179 3543 3433 3582 terrenus.
3471 3527 3538 3583 Et

1958 3627 2085 3681 alibi
2124 3625 2172 3658 “
2203 3643 2219 3680 :
2252 3622 2312 3679 Si
2370 3625 2507 3678 enim
2548 3623 2592 3676 is
2642 3622 2732 3688 qui
2777 3621 2983 3675 videtur
3027 3629 3202 3672 noster
3232 3618 3386 3671 homo
3418 3631 3538 3669 eor—

1957 3721 2236 3788 rumpitur,
2263 3721 2352 3772 sed
2379 3718 2465 3788 qui
2487 3718 2627 3770 intus
2659 3725 2733 3768 est
2764 3724 3078 3775 renovatur;
3107 3712 3248 3765 hunc
3277 3709 3530 3764 eumdem

1965 3810 2055 3879 qui
2080 3810 2295 3864 videtur
2336 3807 2661 3861 exteriorem
2697 3804 2974 3858 hominem
3003 3801 3301 3871 appellans.
3341 3800 3406 3854 Et
3433 3800 3534 3854 ite-

1959 3916 2080 3956 rum
2121 3901 2252 3956 dicit
2285 3901 2352 3965 ³⁸,
2383 3899 2508 3968 quia
2542 3915 2644 3951 non
2680 3899 2848 3964 primo
2877 3895 3015 3967 quod
3049 3893 3288 3964 spiritale
3320 3903 3418 3956 est,
3442 3891 3536 3946 sed

1957 3993 2096 4064 quod
2158 3994 2407 4047 animale.
2451 3991 2632 4045 Primo
2681 4003 2810 4059 ergo
2863 3987 3040 4042 omnis
3099 3987 3257 4041 homo
3319 3985 3372 4039 in
3433 3985 3535 4038 hoc

1960 4083 2164 4138 mundo
2195 4083 2490 4137 carnaliter
2523 4081 2674 4147 vivit,
2717 4090 2772 4135 et
2820 4077 3121 4134 secundum
3159 4090 3383 4131 carnem
3417 4089 3535 4128 mo-

1959 4184 2135 4229 vetur.
2168 4174 2236 4228 Et
2280 4175 2490 4244 primus
2543 4183 2626 4228 est
2661 4170 2897 4227 carnalis
2945 4181 3126 4224 motus
3179 4169 3233 4221 in
3282 4166 3534 4234 concupi-

1957 4269 2163 4323 scentia
2193 4267 2452 4332 libidinis,
2481 4267 2569 4335 qui
2595 4281 2716 4321 cum
2759 4265 2946 4334 prima:
2972 4261 3270 4330 iuventutis
3321 4271 3532 4328 tempus

1959 4359 2254 4425 obsederit,
2287 4359 2480 4413 durum
2509 4367 2563 4412 et
2592 4357 2939 4413 temerarium
2977 4354 3136 4410 simul
3183 4362 3237 4408 et
3267 4351 3528 4407 lascivum

1888 4451 2209 4537 Djuvenem
2255 4452 2450 4516 reddit,
2505 4452 2885 4506 ascendentem
2945 4449 3108 4502 etiam
3151 4461 3315 4514 super
3354 4443 3531 4499 cubile

1965 4543 2154 4613 patris,
2202 4552 2257 4598 et
2303 4543 2625 4612 pollnentem
2680 4552 2856 4598 torum
2930 4552 3254 4612 paternum,
3311 4539 3364 4592 id
3423 4547 3528 4600 est,

1968 4635 2130 4688 etiam
2187 4643 2453 4704 praecepta
2482 4645 2536 4688 et
2570 4635 2769 4689 monita
2823 4631 3088 4687 naturalis
3137 4630 3287 4699 legis,
3324 4643 3443 4698 qua:
3477 4628 3528 4682 in

1963 4725 2119 4780 nobis
2143 4737 2225 4781 est
2254 4737 2306 4782 et
2339 4743 2480 4782 nunc
2523 4737 2778 4797 paternus
2823 4738 2972 4781 torus
3007 4725 3229 4788 dicitur,
3281 4721 3535 4791 praevari-

1959 4828 2196 4874 cantem.
2226 4820 2322 4874 ESt
2349 4821 2491 4874 enim
2523 4823 2665 4876 intra
2711 4837 2807 4875 nos
2853 4821 2936 4874 lex
2963 4821 3207 4887 qnucdam
3254 4813 3530 4870 naturalis

1957 4928 2076 4982 qua:
2120 4915 2295 4984 arguit
2361 4929 2794 4983 unumquemque
2847 4921 3184 4982 peccantem,
3230 4919 3285 4963 et
3328 4906 3529 4962 malum

1959 5003 2010 5056 ci
2035 5019 2155 5060 esse
2187 5007 2430 5076 suggerit
2455 5007 2599 5076 quod
2643 5006 2931 5074 delinquit.
2971 5002 3161 5058 Cubile
3214 5015 3343 5070 ergo
3395 4997 3530 5066 legis

2068 5119 2109 5151 “'
2131 5121 2242 5176 Jer.
2289 5139 2350 5185 ll,
2379 5123 2470 5177 21.
2550 5122 2591 5152 ¹⁹
2623 5121 2789 5174 Exod.
2826 5137 2897 5181 tv.
2920 5119 3010 5174 22.
3087 5118 3131 5152 ²⁰
3160 5118 3262 5174 Isa.
3290 5133 3407 5181 vnt,
3441 5117 3527 5171 12.

1913 5189 1958 5218 ³⁸
1992 5190 2030 5244 lI
2062 5191 2187 5246 Cor.
2219 5207 2298 5259 IV,
2327 5194 2413 5247 16.
2486 5193 2532 5224 ’⁸
2563 5190 2582 5244 I
2608 5193 2728 5246 Cor.
2757 5208 2846 5256 xv,
2873 5191 2962 5245 46.

1951 5379 2040 5447 qui
2067 5380 2302 5434 videtur.
2341 5377 2604 5432 Nimirum
2643 5393 2670 5428 a
2706 5385 2768 5447 ρ,
2810 5374 2978 5442 ﬁlius,
3011 5383 3065 5429 et
3094 5383 3207 5433 nm
3241 5370 3530 5447 vidit.__ln-

1949 5441 2030 5502 l'i'a
2059 5459 2218 5504 antea
2247 5449 2404 5509 editi,
2437 5448 2529 5502 sed
2560 5447 2647 5517 qui
2686 5441 2827 5517 iiitrtt
2883 5457 2978 5517 est,
3033 5453 3328 5498 renovatur.
3373 5441 3530 5506 Mss.,

1948 5521 2038 5572 sed
2061 5521 2152 5590 qui
2180 5521 2322 5572 intus
2348 5531 2423 5573 est
2447 5515 2958 5590 reno'vatur._APaulo
2988 5523 3110 5590 post
3153 5528 3312 5574 mss.,
3338 5523 3386 5564 et
3418 5517 3530 5590 pri-

1950 5580 2174 5644 mus'est
2217 5590 2448 5645 carnalis
2478 5598 2669 5644 motus.
2700 5587 2869 5654 Alias,
2913 5592 2961 5640 et
2987 5580 3138 5653 prius
3167 5594 3244 5638 est
3284 5580 3523 5638 carnalis

1949 5669 2140 5717 motus.
