4050 6142
427 207 532 263 9.53

1892 206 2213 262 ORIGENIS

3577 201 3709 260 253

429 325 589 396 hujus
617 331 865 388 temerat,
892 337 956 378 ac
987 323 1168 378 sedem
1213 321 1410 376 secreti
1456 319 1572 390 ejus
1599 320 1853 384 maculat,
1914 323 2002 392 qui
2038 327 2078 380 Α
2113 319 2435 375 ιιιαιθάὶειιιε
2466 316 2638 385 furor,
2676 318 2808 388 quia
2839 315 3166 374 temerarius
3215 325 3317 382 est,
3347 323 3404 371 et
3443 316 3521 371 ira
3563 317 3714 372 illo-

430 431 671 490 praeceps
698 426 750 471 et
782 415 1010 470 infrenis
1048 415 1219 470 fertur
1241 417 1306 470 ad
1342 415 1494 470 vitia.

501 510 554 563 5.
581 506 638 561 Si
647 522 792 559 mean
812 516 856 558 et
874 505 995 560 Levi
1014 506 1209 576 fratres
1225 509 1552 578 perfecerunt
1576 507 1906 576 iniquitatem
1925 522 2008 559 ro-

428 599 650 654 luntatis
673 615 802 653 suae.
833 598 898 652 In
929 601 1206 655 consilium
1230 617 1408 654 eorum
1437 619 1537 655 non
1562 604 1788 654 introeat
1825 602 2006 652 anima

429 709 565 757 inea,
581 701 632 748 et
656 695 710 747 in
737 694 958 749 consilio
983 711 1161 748 eorum
1184 711 1285 748 non
1313 695 1612 747 innituntur
1635 694 1828 747 viscera
1855 710 1966 745 ηιρα
1987 733 2001 756 ,

430 773 677 856 quoniam
703 789 755 840 in
781 789 861 839 ira
883 803 978 840 sua
1003 787 1307 839 occiderunt
1332 787 1590 850 homines,
1615 795 1662 838 et
1688 786 1744 838 in
1795 785 2005 854 cupidi-

429 889 534 932 tate
568 895 665 932 sua
710 883 1156 933 subneruaverunt
1223 887 1460 933 taurum.
1499 877 1817 932 Maledictus
1861 879 2011 946 furor

429 989 630 1037 eorum,
691 974 818 1041 quia
881 973 1192 1026 temerarius
1255 981 1355 1038 est,
1404 985 1452 1026 et
1493 974 1576 1026 ira
1622 972 1838 1026 illorum
1881 972 2006 1043 quia

429 1065 685 1119 indurata
719 1076 818 1121 est.
868 1065 1112 1119 Diuidam
1156 1065 1273 1120 illos
1323 1067 1376 1120 in
1412 1064 1600 1131 Jacab,
1641 1076 1687 1120 et
1715 1067 2007 1134 dispergam

431 1156 553 1209 illos
602 1156 656 1208 in
687 1155 860 1210 Israel
900 1157 968 1213 ’°.
1021 1155 1292 1222 Quantqu
1342 1156 1560 1226 quidem
1617 1157 1683 1209 ad
1729 1157 2010 1211 historiam

433 1248 696 1317 pertinet,
727 1247 942 1302 videtur
982 1249 1111 1302 illud
1151 1262 1336 1302 eorum
1380 1249 1604 1318 culpare
1636 1249 2011 1317 commissum,

429 1339 573 1410 quod
608 1339 828 1394 Emmor
852 1339 1022 1394 filium
1047 1339 1293 1406 Sichem,
1318 1341 1407 1412 qui
1434 1347 1554 1410 post
1595 1341 1801 1397 sororis
1823 1357 2010 1396 eormn

430 1431 784 1485 concubitum
821 1430 1042 1485 familiae
1092 1429 1256 1486 lsrael
1294 1433 1542 1488 voluerat
1569 1434 1794 1500 sociari,
1825 1433 2014 1488 fraude

432 1535 488 1578 et
521 1524 988 1580 circumventione
1031 1525 1375 1595 jugularunt,
1432 1533 1596 1594 atque
1643 1541 1837 1582 omnes
1895 1526 2014 1594 ejus

435 1617 660 1686 populos
692 1627 1075 1686 peremerunt;
1120 1620 1336 1687 quando
1364 1627 1418 1673 et
1445 1619 1663 1674 dicebat
1706 1619 1785 1674 eis
1847 1618 2011 1674 Israel

2113 428 2254 478 rum,
2285 413 2410 480 quia
2437 412 2684 466 indurata
2704 421 2807 468 est.
2844 411 3089 464 Dividam
3132 409 3253 462 illos
3294 411 3347 462 in
3389 407 3588 475 Jacob,
3631 419 3700 464 et

2109 505 2406 575 dispergam
2433 520 2520 557 eos
2537 507 2595 557 in
2626 503 2819 558 Israel.
2851 505 3151 560 Videndum
3192 513 3276 558 est
3319 517 3388 556 ne
3433 503 3573 555 forte
3600 503 3700 555 di—

2110 599 2247 652 visio
2280 599 2378 652 ista
2412 613 2532 668 qua:
2591 597 2679 652 hic
2725 606 3206 659 commemoratur,
3242 596 3364 651 talis
3399 595 3472 650 sit
3503 593 3699 666 qualis

2109 703 2162 747 et
2201 693 2288 747 illa
2321 692 2386 746 de
2420 707 2524 759 qua
2593 691 2647 744 in
2705 689 2994 760 Evangelia
3038 690 3242 744 dicitur
3277 688 3343 755 “,
3395 688 3520 757 quia
3559 701 3690 741 cum

2113 787 2320 840 venerit
2360 785 2613 840 dominus
2639 784 2782 838 servi
2817 783 2980 848 illius,
3018 782 3212 836 dividet
3263 798 3406 847 eum,
3445 791 3689 849 partem-

2112 895 2208 948 que
2233 877 2374 931 illius
2406 894 2524 931 cum
2551 874 2848 945 inﬁdelibus
2881 885 3054 944 ponet,
3083 874 3166 929 vel
3203 884 3370 936 certe,
3409 883 3466 926 ut
3499 872 3691 926 audivi

2113 967 2400 1036 quemdam
2447 983 2513 1022 ex
2559 965 2767 1021 sanctis
2817 965 3072 1020 Patribus
3119 951 3503 1026 disserentem,
3555 964 3688 1032 quia

2114 1059 2308 1113 divisio
2335 1060 2495 1114 simul
2530 1069 2585 1114 et
2623 1059 2889 1129 dispersio
2927 1056 3262 1120 nominatur,
3297 1073 3394 1127 pro
3441 1073 3505 1111 eo
3545 1054 3692 1124 quod

2115 1151 2354 1205 nonnulli
2387 1167 2452 1205 ex
2488 1153 2620 1221 ipsis
2652 1152 2878 1207 Domino
2902 1151 3276 1212 crediderunt.
3313 1161 3365 1204 et
3401 1151 3488 1204 alii
3518 1151 3568 1203 in
3609 1150 3695 1203 in-

2117 1244 2376 1299 fidelitate
2408 1253 2855 1314 permanserunt,
2911 1245 3068 1300 divisi
3113 1245 3367 1300 dicantur
3409 1245 3460 1298 hi
3504 1243 3594 1313 qui
3623 1242 3695 1296 ab

2117 1338 2198 1391 eis
2224 1347 2569 1406 separantur,
2603 1348 2658 1393 et
2684 1340 2905 1393 veniunt
2940 1339 3006 1392 ad
3040 1339 3224 1404 fidem,
3271 1348 3328 1392 et
3371 1336 3598 1405 dispersi
3635 1335 3693 1389 hi

2115 1446 2345 1500 quorum
2375 1433 2547 1501 patria
2579 1434 2886 1503 temploque
2939 1447 3036 1503 per
3068 1433 3254 1488 urbem
3303 1441 3461 1485 terrae
3509 1431 3694 1484 incre-

2117 1524 2301 1577 dulttm
2362 1524 2697 1593 dispergitur
2761 1541 2932 1595 genus
3005 1524 3141 1596 (l7).
3217 1522 3446 1577 Videtur
3495 1534 3548 1577 et
3595 1537 3697 1590 per

2123 1617 2269 1684 ipsos
2303 1617 2609 1686 tripartitus
2639 1618 2745 1672 iste
2773 1628 2951 1673 motus
2986 1617 3154 1671 totius
3189 1614 3694 1683 auimmdesiguari.

441 1720 596 1778 pater
641 1726 866 1774 eorum,
919 1712 1043 1780 quia
1103 1710 1346 1765 odibilem
1412 1727 1494 1766 me
1550 1711 1748 1781 fecistis
1800 1713 1855 1766 in
1914 1715 2012 1766 hoc
2045 1688 2087 1742 Β
2117 1710 2172 1763 1η
2209 1709 2405 1780 quibus
2456 1709 2647 1766 Ruben
2685 1722 2871 1767 servat
2905 1711 3134 1781 primam
3189 1720 3371 1763 notam
3406 1707 3699 1775 sanguinis

437 1800 633 1854 mundo
659 1801 739 1867 ’7;
773 1800 1120 1856 maledictum
1157 1817 1346 1857 eorum
1399 1802 1567 1858 furori
1609 1804 2015 1873 temeritatique

439 1891 801 1961 imprecatur,
835 1903 891 1948 et
927 1893 1244 1949 dividendos
1293 1908 1386 1948 eos
1423 1909 1521 1965 per
1550 1894 1806 1964 populum
1847 1895 2014 1951 Israel

437 1997 804 2056 protestatur;
856 1999 1045 2058 utpote
1099 2005 1168 2045 ex
1219 1990 1350 2060 ipsis
1388 1991 1584 2048 levitas
1611 2001 1667 2046 et
1706 1993 2018 2049 sacerdotes

434 2077 668 2146 futuros,
703 2082 792 2150 qui
831 2091 978 2137 sorte
1007 2090 1207 2138 terram
1244 2082 1521 2152 propriam
1551 2097 1656 2138 non
1686 2084 2016 2140 habuerunt.

435 2170 712 2240 Spiritalis
734 2183 913 2230 autem
937 2174 1109 2229 dehis
1131 2176 1443 2243 explanatio
1467 2175 1591 2230 talis
1616 2176 1748 2232 mihi
1770 2177 2015 2247 qutedam

431 2278 594 2334 posse
611 2266 823 2320 videtur
843 2276 964 2336 apta
974 2268 1038 2331 ri,
1057 2270 1199 2338 quod
1222 2267 1440 2325 Simeon
1458 2279 1511 2323 et
1526 2268 1678 2336 Levi,
1699 2269 2015 2325 Scribarum

435 2366 488 2409 et
510 2355 910 2413 Pharismorum
947 2358 1158 2415 Judaici
1189 2360 1370 2430 populi
1401 2361 1615 2430 possint
1648 2363 1794 2416 ferre
1832 2377 2020 2430 perso-

438 2465 585 2514 nam,
619 2452 686 2506 de
735 2451 931 2518 quibus
960 2452 1164 2506 dictum
1196 2462 1282 2508 est
1324 2455 1370 2485 ’⁸
1403 2471 1418 2506 :
1446 2451 1740 2507 Consilium
1788 2455 2020 2518 fecerunt

437 2539 643 2597 Scriba:
661 2552 710 2597 et
744 2542 999 2598 Pharistci
1021 2553 1076 2597 ut
1097 2545 1278 2599 Iesum
1305 2553 1555 2611 tenerent,
1578 2545 1644 2598 de
1671 2561 1778 2614 quo
1795 2545 2021 2601 consilio

435 2635 569 2690 dicit
604 2644 830 2690 sanctus
857 2637 947 2705 qui
981 2646 1159 2692 mente
1191 2637 1359 2690 Deum
1388 2637 1606 2692 videbat
1651 2639 1694 2670 ’³
1729 2656 1744 2692 :
1779 2637 1846 2692 In
1894 2654 2024 2692 con-

433 2727 616 2781 silium
639 2741 821 2780 eorum
851 2743 953 2781 non
977 2729 1205 2782 introeat
1232 2727 1411 2780 anima
1435 2745 1570 2782 mea.
1594 2727 1771 2784 Falsis
1795 2728 2022 2783 testibus

439 2819 699 2875 adhibitis
731 2818 889 2888 107
913 2818 1561 2874 condemnabantlesum.
1584 2817 1731 2882 Non,
1754 2818 1948 2888 inquit,
1968 2821 2023 2873 in

438 2911 659 2967 consilio
681 2927 860 2965 eorum
888 2911 1186 2965 innituntur
1213 2912 1412 2965 viscera
1458 2929 1595 2967 mea.
1634 2912 1751 2967 Non
1794 2913 1886 2966 tibi
1920 2914 2023 2968 hoc

438 3005 654 3060 videtur
681 3004 861 3058 dicere
884 3004 932 3034 ³ο
963 3021 978 3057 :
1015 3002 1250 3058 Mundus
1275 3020 1371 3074 ego
1401 3021 1516 3058 sum
1548 3021 1580 3057 a
1615 3007 1871 3075 sanguine
1887 3006 2022 3074 justi

441 3097 627 3164 hujus,
658 3101 888 3148 mundus
915 3110 1013 3162 ego
1043 3111 1162 3150 sum
1193 3113 1221 3150 a
1253 3097 1526 3151 sententia
1559 3111 1724 3166 quam
1760 3097 2014 3153 decerni-

443 3188 512 3242 tis
549 3189 808 3242 adversus
856 3187 1227 3242 innocentem?
1263 3189 1402 3253 Quia
1433 3190 1489 3242 in
1529 3189 1611 3242 ira
1645 3206 1767 3256 sua,
1825 3192 2019 3259 inquit,

439 3280 743 3335 occiderunt
771 3279 1027 3342 homines,
1067 3289 1114 3333 et
1157 3280 1215 3332 in
1264 3281 1558 3341 cupiditate
1592 3297 1691 3335 sua
1734 3283 2025 3337 subnerva-

438 3381 623 3426 verunt
651 3382 886 3424 taurum.
917 3370 1168 3438 Requiro
1205 3385 1344 3440 quos
1392 3372 1644 3427 homines
1673 3372 2022 3439 occiderunt,

441 3477 565 3519 cum
621 3472 830 3516 certum
881 3463 951 3517 sit
986 3469 1114 3517 ante
1144 3461 1450 3531 passionem
1493 3463 1706 3517 Domini
1751 3464 2022 3519 neminem

443 3553 784 3608 credentium
837 3569 956 3610 esse
1008 3555 1299 3623 punitum,
1350 3554 1456 3609 nisi
1514 3555 1656 3611 forte
1707 3556 1833 3627 quis
1888 3556 2025 3627 ipsis

445 3645 688 3700 ascribat
715 3645 878 3699 etiam
925 3647 1242 3716 sanguinem
1289 3646 1724 3714 prophetarum:
1771 3649 1925 3715 quia,
1966 3657 2024 3703 ut

445 3735 580 3789 dicit
632 3735 894 3791 Dominus
951 3737 1017 3802 “,
1054 3737 1368 3807 asanguiue
1401 3737 1534 3791 Abel
1559 3737 1694 3805 justi
1750 3754 1923 3808 usque
1956 3740 2024 3794 ad

446 3828 765 3898 sanguinem
799 3829 1077 3885 Zachariae
1100 3830 1280 3885 omnis
1306 3829 1399 3899 qui
1423 3827 1630 3884 effusus
1679 3839 1764 3886 est
1796 3826 2028 3902 sanguis

439 3919 713 3990 justorum
749 3921 816 3975 ab
858 3922 974 3990 ipsa
1020 3922 1370 3992 generatione
1417 3921 1751 3991 requiratur.
1807 3923 1914 3978 Sed
1945 3925 2028 3978 vi—

448 4012 672 4067 deamus
711 4028 780 4068 ne
825 4013 962 4068 forte
999 4022 1046 4070 et
1083 4014 1206 4069 illos
1249 4016 1500 4071 homines
1540 4016 1849 4072 occiderint
1887 4032 2028 4086 quos

447 4117 838 4175 persuaserunt
873 4108 1113 4164 clamare
1143 4111 1187 4143 "
1222 4130 1236 4167 :
1274 4110 1505 4182 Sanguis
1549 4113 1697 4167 illius
1735 4129 1895 4183 super
1931 4128 2026 4166 nos

445 4210 496 4254 et
525 4217 684 4270 super
715 4201 853 4270 ﬁlios
888 4213 1114 4258 nostros.
1142 4203 1212 4258 Et
1249 4206 1303 4260 in
1325 4208 1620 4278 cupiditate
1664 4223 1765 4261 sua
1806 4206 2029 4260 subner-

447 4301 696 4347 aauerunt
725 4302 954 4347 taurum.
993 4293 1233 4350 Taurum
1269 4298 1530 4367 appellari
1583 4297 1777 4352 Filium
1813 4297 1905 4352 Dei
1946 4296 2027 4351 le-

2116 1818 2237 1856 cnm
2267 1800 2474 1856 macula
2502 1801 2680 1856 effusi.
2714 1801 3016 1858 Secundam
3047 1802 3143 1854 irae
3193 1799 3275 1854 vel
3315 1799 3521 1853 furoris
3565 1812 3698 1867 spe-

2117 1896 2256 1950 cicm
2298 1904 2446 1951 tenet
2490 1895 2734 1959 Simeon,
2778 1897 2869 1965 qui
2903 1905 2956 1950 et
2986 1894 3099 1964 ipse
3126 1907 3192 1947 ex
3230 1892 3429 1946 furor-is
3456 1890 3572 1959 ejus
3597 1891 3700 1945 de-

2120 1997 2457 2043 monstratur
2487 1989 2806 2058 opprobrio.
2834 1987 3077 2042 Tertiam
3125 1987 3360 2049 formam
3412 1994 3590 2039 motus
3620 1984 3707 2036 ira

2119 2081 2458 2134 rationabilis
2494 2089 2642 2135 tenet
2668 2079 2818 2143 Levi,
2849 2079 3046 2148 quippe
3073 2078 3161 2133 cui
3191 2078 3356 2132 etiam
3384 2076 3553 2146 legem
3585 2090 3707 2129 ser-

2120 2188 2250 2226 vare
2280 2174 2600 2244 permissum
2632 2182 2736 2228 est.
2774 2172 2881 2228 Has
2923 2186 3055 2238 ergo
3097 2181 3207 2226 tres
3241 2171 3453 2240 species
3481 2169 3702 2222 videtur

2121 2267 2250 2320 mihi
2278 2267 2456 2320 omnis
2483 2280 2648 2342 prope
2682 2266 2862 2318 anima
2889 2279 3010 2332 qua:
3051 2264 3104 2317 in
3135 2263 3278 2318 hunc
3316 2263 3571 2318 mundum
3603 2275 3704 2315 ve.

2123 2357 2202 2410 nit
2254 2357 2447 2426 primis
2511 2356 2750 2409 motibus
2807 2355 3148 2424 culpabiliter
3187 2369 3368 2424 agere,
3415 2368 3705 2422 usquequo

2121 2460 2468 2518 peccatorum
2501 2448 2648 2502 vitiis
2673 2457 3007 2518 praegravata
3037 2456 3092 2501 et
3137 2447 3402 2501 malorum
3442 2446 3708 2501 societate

2125 2543 2287 2608 fessa,
2313 2545 2378 2596 ad
2407 2543 2580 2597 locum
2603 2543 2780 2611 possit
2823 2541 3159 2608 pmuitentize
3187 2541 3496 2610 pervenire.
3526 2537 3704 2594 Judas

2122 2635 2264 2688 enim
2311 2639 2429 2702 post
2477 2633 2589 2686 haec
2642 2634 2912 2700 sequitur,
2963 2631 3056 2699 qui
3108 2639 3302 2700 purgat
3335 2629 3701 2683 confessionis

2124 2734 2366 2796 peccata,
2420 2727 2542 2795 quia
2599 2724 2766 2779 ludas
2819 2725 3081 2794 confessio
3137 2725 3534 2794 interpretatur
3581 2722 3700 2792 (18)

2124 2816 2306 2885 lingua
2341 2815 2588 2871 Hebraea.

2195 2909 2248 2962 4.
2287 2909 2374 2964 Ait
2411 2925 2540 2978 ergo
2567 2910 2613 2943 ³⁸
2645 2929 2658 2966 :
2690 2907 2858 2970 Iuda,
2905 2916 2954 2962 te
3000 2907 3300 2961 collaudent
3351 2906 3546 2976 fratres
3594 2909 3697 2973 tui,

2049 3031 2092 3090 α
2126 3021 2313 3057 manus
2345 3013 2452 3058 tua!
2478 3019 2637 3074 super
2705 3003 2922 3056 dorsum
2962 3001 3296 3054 inimicorum
3329 3009 3564 3054 tuorum.
3596 3000 3704 3055 Po-

2129 3105 2233 3149 test
2266 3096 2370 3151 hoc
2420 3095 2507 3150 vel
2553 3095 2618 3148 ad
2671 3095 2851 3164 ipsum
2898 3089 3114 3156 ludam,
3157 3092 3240 3147 vel
3291 3094 3358 3146 ad
3391 3107 3483 3146 eos
3510 3093 3597 3161 qui
3635 3109 3700 3146 cx

2128 3189 2295 3258 ipsius
2320 3189 2573 3242 videntur
2599 3173 2723 3242 esse
2757 3187 3022 3257 progenie
3063 3184 3282 3248 referri,
3323 3185 3415 3252 qui
3469 3200 3698 3254 regnum

2126 3282 2300 3349 geritis
2333 3280 2477 3335 illius
2525 3281 2968 3335 administrantes
3007 3277 3357 3334 inimicorum
3403 3286 3556 3347 terga
3603 3277 3703 3331 do-

2128 3382 2398 3428 muerant.
2437 3371 2544 3427 Sed
2578 3373 2708 3428 etin
2741 3373 2960 3428 Christo
3018 3379 3389 3443 competenter
3437 3370 3704 3439 accipitur

2131 3467 2222 3535 qui
2257 3480 2284 3518 a
2317 3465 2579 3519 fratribus
2605 3464 2740 3530 suis,
2789 3465 2841 3519 id
2879 3472 2961 3519 est
3004 3463 3072 3519 ab
3114 3464 3381 3534 apostolis
3413 3480 3548 3534 quos
3580 3461 3700 3536 ipse

2129 3558 2327 3614 fratres
2353 3558 2406 3613 in
2439 3558 2734 3629 Evangelia
2755 3557 3079 3623 nominavit,
3112 3558 3308 3612 merito
3335 3557 3704 3614 collaudatur:

2129 3648 2334 3704 inimici
2372 3663 2501 3704 vero
2535 3648 2653 3716 ejus
2675 3663 2841 3718 super
2875 3664 3108 3718 quorum
3145 3649 3309 3704 dorsa
3356 3664 3549 3704 manus
3587 3650 3703 3716 ejus

2129 3752 2233 3808 est,
2267 3742 2341 3798 illi
2365 3742 2739 3812 intelliguntur
2765 3757 2903 3812 quos
2922 3740 3086 3797 Pater
3116 3742 3392 3810 promittit
3413 3743 3513 3798 sub
3539 3743 3704 3812 pedes

2129 3835 2245 3905 ejus
2277 3851 2336 3892 se
2361 3835 2684 3907 positurum,
2723 3835 2912 3891 dicens
2943 3834 2990 3866 ³⁸
3027 3855 3037 3889 :
3079 3834 3270 3890 Sedea
3307 3835 3511 3888 dextris
3551 3836 3702 3899 meis,

2129 3932 2292 3983 donec
2341 3946 2534 3998 ponam
2570 3928 2814 3983 inimicos
2860 3937 2980 3983 tuos
3019 3929 3115 3982 sub
3145 3928 3366 3998 pedibus
3401 3929 3531 3985 tuis.
3566 3929 3706 3985 Sunt

2129 4036 2262 4094 ergo
2295 4021 2525 4086 inimici,
2559 4020 2730 4076 donec
2792 4020 3058 4076 increduli
3097 4029 3223 4076 sunt
3259 4032 3314 4076 et
3353 4021 3620 4087 infideles,
3651 4028 3706 4076 et

2133 4117 2253 4171 ideo
2283 4115 2571 4171 caeduntur
2602 4113 2659 4170 in
2709 4123 2864 4184 tergo
2919 4114 3012 4182 qui
3053 4123 3406 4185 posteaquam
3452 4115 3705 4170 conversi

2133 4204 2337 4260 fuerint
2388 4203 2695 4258 efﬁciuntur
2735 4203 2954 4272 fratres,
2991 4216 3046 4259 et
3089 4205 3406 4261 collaudant
3451 4220 3574 4260 eum
3604 4206 3698 4276 qui

2132 4312 2226 4351 eos
2255 4297 2308 4350 in
2334 4297 2674 4366 adoptionem
2709 4292 2888 4351 Patris
2921 4307 3144 4352 vocatos
3184 4296 3286 4352 sibi
3320 4306 3374 4352 et
3394 4296 3704 4352 cohaeredes

449 4382 628 4451 gimus
664 4385 718 4439 in
758 4384 1163 4454 Scripturarum
1188 4386 1399 4458 ﬁguris,
1449 4389 1708 4444 nimirum
1757 4389 1814 4442 in
1854 4388 2026 4442 Evan-
2055 4376 2103 4434 D
2133 4384 2260 4440 fecit
2289 4397 2344 4440 et
2367 4385 2585 4441 fratres.
2622 4385 2768 4442 Bene
2804 4397 2987 4442 autem
3021 4395 3176 4458 terga
3199 4387 3541 4442 inimicorum
3571 4388 3705 4442 caedi

449 4474 705 4545 gelio,ubi
734 4477 991 4546 scriptum
1023 4485 1105 4532 est
1135 4491 1204 4532 ex
1241 4493 1474 4548 persona
1515 4480 1610 4535 lilii
1654 4481 1892 4536 senioris
1940 4479 2027 4533 di-

447 4567 622 4623 centis
655 4568 721 4622 ad
759 4578 963 4638 patrem
988 4570 1034 4602 ³³
1069 4589 1082 4625 :
1114 4570 1232 4642 Ego
1253 4588 1458 4643 semper
1484 4583 1655 4628 tecum
1677 4573 1778 4642 fui,
1801 4581 1849 4626 et
1878 4587 2026 4625 man-

448 4659 630 4712 datum
660 4669 808 4714 tuum
830 4678 1096 4733 nunquam
1120 4664 1403 4733 prwterivi,
1437 4675 1484 4719 et
1518 4681 1783 4735 nunquam
1828 4662 2021 4717 dedisti

448 4749 579 4802 mihi
603 4750 809 4804 haedum
839 4762 895 4806 ut
921 4769 1040 4807 cum
1067 4755 1251 4808 amicis
1278 4758 1407 4810 meis
1446 4757 1708 4823 epularer.
1761 4753 1893 4808 Cum
1925 4771 2023 4808 au-

449 4850 553 4894 tem
585 4844 718 4895 venit
755 4842 896 4911 ﬁlius
923 4852 1045 4898 tuus
1072 4845 1157 4899 hic
1195 4847 1404 4916 junior,
1430 4846 1522 4916 qui
1565 4845 1873 4913 dilapidauit
1911 4861 2029 4898 om-

450 4947 569 4986 nem
600 4935 947 4990 substantiam
976 4953 1149 5002 suam,
1177 4938 1418 4992 occidisti
1461 4938 1509 4993 ei
1549 4937 1772 4992 vitulum
1809 4940 2028 5008 sagina-

454 5032 587 5082 tum.
613 5028 778 5081 Istum
809 5042 939 5098 ergo
965 5038 1176 5085 taurum
1209 5030 1324 5085 sive
1358 5031 1588 5085 vitulum
1635 5029 1869 5084 consilio
1923 5044 2026 5084 suo

456 5112 664 5170 Scribae
699 5125 756 5171 et
781 5115 1042 5175 Pharisaei
1070 5121 1436 5178 subnervasse
1457 5120 1754 5186 dicuntur;
1792 5134 2024 5190 quorum

527 5255 574 5289 ”
618 5256 1034 5345 Gfpes.__xr,_tx,_
1063 5261 1117 5326 ὃ,
1177 5263 1231 5327 6,
1281 5261 1353 5345 ΖΕ
1380 5263 1493 5345 8.“
1510 5261 1776 5345 ’1Ge‘nes.
1805 5276 2000 5345 xui},
2020 5262 2146 5345 30.“
2179 5262 2229 5345 ς⁸
2257 5261 2447 5317 Matth.
2461 5242 2630 5345 3x11,
2659 5262 2767 5345 4.“
2794 5263 2843 5345 ξθ
2871 5261 3066 5318 Genes.
3101 5258 3340 5345 _s_ux,.

820 5332 863 5364 “
890 5331 1074 5387 Matth.
1105 5349 1257 5388 xxnt.
1287 5334 1376 5389 55.
1449 5333 1494 5364 ³⁸
1518 5332 1705 5386 Matth.
1735 5347 1904 5395 xxvu,
1930 5333 2020 5385 25.

846 5418 960 5470 cut,
1001 5403 1056 5457 2.
1132 5404 1176 5436 ³⁷
1204 5403 1403 5461 Jerem.
1433 5419 1496 5471 tt,
1533 5403 1623 5458 27.
1699 5403 1745 5434 ³⁸
1771 5403 1969 5460 Genes.
1998 5419 2020 5456 ι

2127 5331 2147 5362 ³
2174 5331 2417 5458 ξυρᾶν,
2449 5335 2537 5401 29,
2563 5333 2652 5387 30.
2728 5333 2773 5365 ³⁵
2802 5332 2934 5388 Luc.
2955 5347 3057 5398 xu,
3089 5331 3179 5386 45.

451 5337 628 5390 xxvn,
652 5328 743 5386 24.

455 5392 512 5452 8.
587 5399 633 5430 ³⁸
665 5402 808 5457 Psal.
846 5418 960 5470 clx,
1001 5403 1056 5457 2.

531 5521 839 5590 (l7)Alias,
869 5540 1092 5594 quorum
1141 5523 1316 5591 patria
1369 5531 1640 5595 totumque
1689 5538 1781 5591 per
1830 5522 2025 5576 orbem.

459 5589 529 5645 At
571 5589 699 5648 utss.
733 5604 792 5646 ttt
818 5589 1091 5649 in'nostro
1121 5589 1292 5649 textu.

540 5665 651 5735 (18)
678 5663 846 5719 ludas
899 5664 1170 5720 coafcssio
1219 5666 1592 5734 interpretatur
1627 5681 1654 5720 a
1718 5665 1894 5718 razlice
1936 5671 2063 5734 rru

2133 4478 2270 4532 dixit
2297 4492 2327 4532 a
2352 4477 2593 4534 Christo.
2627 4478 2830 4534 Omnes
2863 4480 3011 4534 enim
3051 4482 3146 4548 qui
3199 4481 3508 4534 adorabant
3541 4480 3704 4544 idola,

2137 4581 2284 4640 terga
2321 4569 2524 4625 dabant
2547 4570 2656 4625 Deo
2681 4587 2694 4624 :
2719 4573 2865 4626 sicut
2894 4583 2949 4626 et
2971 4587 3068 4641 per
3097 4572 3412 4642 prophetam
3446 4572 3708 4627 Dominus

2129 4660 2425 4729 exprobrat
2453 4660 2639 4716 dicens
2669 4660 2713 4692 ³⁷
2745 4678 2758 4714 :
2793 4661 2897 4726 Qui
2933 4672 3295 4716 converterunt
3339 4662 3408 4715 ad
3434 4678 3514 4716 me
3548 4664 3710 4717 dorsa

2127 4768 2224 4805 sua
2255 4761 2434 4805 etnon
2468 4750 2679 4820 faciem.
2713 4751 2839 4807 Haec
2879 4767 3009 4823 ergo
3041 4755 3202 4809 dorsa
3241 4753 3419 4819 caedit,
3464 4763 3523 4809 ut
3566 4771 3705 4810 cou-

2132 4845 2276 4899 versi
2312 4844 2604 4915 aliquando
2626 4855 2774 4916 terga
2805 4845 2937 4900 dent
2959 4847 3142 4911 idolis,
3175 4855 3230 4901 et
3273 4847 3466 4902 faciem
3491 4856 3707 4918 erigant

2136 4939 2202 4992 ad
2235 4938 2422 5001 Deum,
2469 4946 2522 4993 et
2557 4938 2767 4992 faciant
2823 4939 2928 4992 hoc
2955 4941 3098 5008 quod
3148 4939 3201 4991 in
3245 4938 3708 5008 consequentibus

2136 5029 2398 5098 scriptum
2429 5038 2514 5084 est
2551 5029 2597 5061 ³⁸
2629 5047 2641 5083 :
2672 5030 2738 5085 Et
2767 5033 2988 5086 adorent
3019 5039 3065 5084 te
3087 5029 3188 5098 ﬁlii
3215 5033 3383 5098 patris
3423 5030 3520 5084 tui.
3557 5029 3708 5084 Tunc

2131 5120 2276 5175 enim
2298 5135 2420 5176 eum
2453 5121 2704 5186 adorant,
2744 5138 2868 5177 cum
2918 5122 3011 5177 filii
3043 5120 3224 5177 Patris
3263 5123 3469 5177 fuerint
3505 5120 3705 5188 effecti,

3445 5262 3490 5293 ³⁸⁸
3513 5260 3705 5315 Matth.

3254 5330 3298 5362 ⁸⁸
3320 5330 3517 5386 Gencs.
3546 5344 3696 5396 sus.

2139 5539 2256 5590 quae
2298 5524 2348 5577 iu
2389 5523 2569 5593 lliphil
2605 5531 2763 5578 sonat
2807 5520 3064 5593 confiteri.
3113 5518 3254 5593 Infra
3295 5516 3707 5593 editi,Regnum

2138 5589 2302 5665 gentis
2333 5589 2477 5649 illius
2507 5596 2884 5648 ministrantes.
2908 5589 3073 5659 Mss,
3107 5589 3556 5644 administrantes.
