4050 6142
295 249 395 305 25"

1506 259 1568 313 IN
1609 257 1905 314 GENESIM
1941 256 2224 312 ΙΙΟΜΙῌΛ
2261 255 2421 312 XVII.

3425 261 3532 319 258

300 379 350 421 et
375 364 637 437 Spiritum
675 367 983 437 adoptionis
1011 374 1342 443 acceperint,
1373 375 1426 432 in
1457 392 1564 448 quo
1588 378 1820 434 clament
1846 394 1862 434 :
1892 381 1939 441 Α
1966 377 2287 432 ostenditur.
2327 375 2432 432 Sed
2464 377 2742 432 videamus
2787 391 2956 446 quare
2987 387 3043 430 ut
3082 377 3166 431 leo
3192 386 3246 430 ct
3284 386 3344 431 ut
3376 390 3531 434 catu-

299 457 434 512 Abba
478 467 628 526 pater
665 457 731 511 ³⁸.
763 457 935 513 Nemo
974 461 1119 515 enim
1169 463 1301 518 dicit
1352 465 1636 523 Dominum
1683 468 1862 523 Jesum

296 551 394 605 nisi
424 550 480 602 in
521 548 730 617 Spiritu
770 561 954 604 sancto
987 552 1059 607 ⁸⁸.
1106 553 1213 610 Iste
1245 571 1426 614 sermo
1469 561 1628 629 paulo
1679 562 1867 616 durius

299 643 530 698 refertur
554 643 624 696 ad
654 640 873 708 ludam,
904 645 1007 700 nisi
1045 646 1270 703 abusive
1319 649 1566 706 dicamus
1609 653 1866 709 adoratos

296 750 410 791 esse
438 734 598 804 quasi
639 750 792 805 reges
826 751 854 790 a
909 737 1166 794 fratribus
1201 741 1336 806 suis,
1372 745 1424 797 id
1469 755 1552 799 est
1587 759 1617 799 a
1653 748 1865 801 caeteris

297 827 712 894 eontribulibus,
739 828 882 884 ﬁlios
905 827 1064 883 Juda.

361 918 412 972 5.
446 917 675 973 Catulus
704 921 870 975 leonis
899 920 930 974 .1
941 923 1066 986 uda,
1098 922 1162 977 de
1191 925 1425 994 germine
1444 927 1558 996 ejus
1584 930 1816 984 ascendit
1844 947 1862 984 :

299 1013 549 1065 recubans
583 1011 830 1064 dormisti
865 1013 999 1065 sicut
1035 1012 1139 1080 leo,
1171 1025 1219 1068 et
1247 1017 1383 1070 sicut
1438 1019 1644 1075 catulus
1673 1021 1861 1078 leonis.

300 1102 428 1168 Quis
454 1104 733 1158 suscitabit
768 1121 887 1158 eum
933 1104 1012 1159 “‘l
1056 1103 1113 1158 In
1164 1105 1247 1161 his
1287 1109 1570 1165 versiculis
1609 1127 1713 1166 non
1751 1112 1863 1180 jam

297 1196 700 1261 concludimur,
735 1197 831 1252 sed
860 1212 1001 1265 pene
1041 1200 1380 1255 excludimur
1412 1220 1430 1256 :
1459 1218 1583 1256 nam
1625 1205 1861 1258 catulum

298 1288 462 1343 leonis
490 1290 538 1343 si
569 1304 835 1358 ponamus
858 1289 1049 1344 Judam
1075 1292 1182 1346 dici
1211 1307 1370 1361 posse
1397 1308 1495 1362 pro
1518 1295 1719 1349 virtute.
1747 1296 1862 1351 bel-

296 1385 456 1449 landi,
490 1385 772 1454 quomodo
801 1385 1092 1454 exponitur
1113 1387 1254 1455 quod
1293 1387 1359 1442 de
1381 1389 1622 1457 germine
1650 1388 1765 1457 ejus
1791 1391 1866 1444 di-

296 1479 438 1531 citur
472 1476 823 1534 ascendisse?
845 1474 1076 1532 Germen
1099 1487 1285 1534 autem
1315 1479 1400 1533 hic
1438 1479 1489 1533 in
1528 1480 1716 1536 Graeco
1739 1480 1865 1550 βλα-

296 1569 416 1630 στὸς
446 1568 653 1621 dicitur
680 1566 817 1636 (l9),
859 1565 1000 1634 quod
1028 1569 1201 1638 magis
1236 1569 1520 1638 virgultum
1559 1571 1639 1625 vel
1683 1587 1864 1624 ramus

293 1663 497 1716 rectius
556 1663 968 1730 interpretatur,
1009 1663 1101 1732 qui
1144 1662 1212 1718 de
1265 1663 1452 1718 radice
1502 1663 1861 1734 repullulare,

290 1753 374 1807 vel
403 1757 470 1807 de
507 1755 627 1822 ipso
658 1754 855 1808 robore
893 1757 1102 1810 arboris
1126 1756 1286 1810 solet.
1320 1754 1400 1810 Ex
1448 1771 1555 1825 quo
1587 1771 1716 1828 ergo
1753 1757 1863 1812 vir-

289 1843 458 1915 gulto,
489 1844 574 1897 vel
607 1859 671 1898 ex
697 1861 805 1914 quo
863 1862 1010 1900 ramo
1056 1845 1223 1900 Judas
1260 1849 1571 1927 ascendisse
1614 1848 1862 1904 dicitur?

292 1936 372 1990 vel
395 1935 669 2005 quomodo
699 1939 1020 1992 recumbens
1045 1938 1314 1995 dormisse
1342 1948 1404 1994 ut
1432 1939 1516 1995 leo
1549 1950 1602 1996 et
1630 1951 1689 1996 ut
1716 1951 1864 1997 catu-

292 2029 372 2083 lus
401 2029 599 2092 leonis,
625 2029 698 2082 ita
731 2037 788 2082 ut
817 2041 1094 2099 quaeratur
1116 2035 1238 2101 quis
1276 2047 1399 2086 eum
1437 2035 1695 2089 suscitet?
1742 2035 1862 2091 Nisi

293 2120 428 2176 forte
475 2121 676 2190 aliquis
725 2121 834 2175 vim
885 2121 1090 2178 faciens
1141 2123 1274 2178 velit
1336 2124 1408 2178 ita
1440 2139 1758 2182 asseverare
1789 2143 1858 2183 ex

293 2214 531 2282 germine
581 2215 916 2282 processisse
963 2213 1184 2279 Judam,
1239 2216 1293 2272 id
1342 2226 1448 2282 est,
1500 2225 1560 2272 ut
1613 2219 1861 2287 superius

291 2307 548 2372 diximus,
593 2307 677 2361 vel
720 2323 785 2363 ex
820 2308 1084 2378 virgulto,
1126 2308 1210 2363 vel
1239 2323 1303 2364 ex
1351 2324 1544 2376 ramo;
1598 2312 1742 2379 quod
1795 2311 1862 2367 de

291 2395 404 2463 ipsa
436 2396 610 2464 patris
639 2395 958 2450 fortitudine
982 2406 1038 2452 et
1066 2398 1265 2451 virtute
1291 2396 1582 2467 signiﬁcet,
1614 2397 1703 2466 qui
1743 2398 1859 2451 vir-

293 2489 423 2543 tutis
453 2491 789 2544 confidentia
845 2491 1084 2554 recubet,
1131 2497 1186 2544 et
1220 2489 1524 2559 requiescat
1563 2499 1622 2544 ut
1665 2489 1752 2545 leo
1803 2499 1859 2546 et

288 2590 346 2632 ut
372 2582 590 2636 catulus
612 2581 810 2648 leonis,
845 2597 942 2636 nec
975 2596 1096 2637 eum
1122 2595 1291 2636 ausus
1337 2581 1538 2650 aliquis
1576 2591 1647 2636 stt
1679 2583 1858 2637 susci-

289 2681 426 2739 tare,
455 2674 583 2726 dum
612 2688 710 2742 pro
740 2674 1114 2745 magnitudine
1142 2673 1342 2727 virium
1376 2683 1431 2727 et
1453 2674 1694 2742 petentia
1739 2672 1860 2728 bel-

288 2765 523 2819 latorum
574 2767 843 2822 suscitare
891 2782 1016 2821 eum
1056 2766 1236 2820 nullus
1290 2768 1490 2821 audeat
1545 2767 1611 2821 ad
1649 2767 1855 2838 praelia.

289 2857 391 2911 Sed
417 2856 588 2910 multo
619 2841 1031 2912 convenientius
1060 2856 1335 2925 aptabitur
1359 2857 1484 2911 huic
1521 2856 1641 2912 loco
1673 2857 1864 2930 mysti-

288 2963 347 3001 ca
373 2949 667 3016 expositio,
721 2949 881 3020 108
923 2951 975 3004 in
1006 2964 1113 3019 qua
1142 2949 1352 3004 catulus
1390 2950 1562 3004 leonis
1605 2948 1856 3006 Christus

1969 467 2050 522 Ius
2082 469 2251 523 leonis
2285 469 2506 524 dormit.
2557 471 2633 526 De
2692 470 2856 524 catuli
2901 469 3121 540 quidem
3182 485 3374 525 somno
3415 471 3528 538 jam

1965 559 2216 627 superius
2245 558 2450 613 dictum
2485 569 2572 613 est
2613 562 2755 630 quod
2803 559 2960 615 valde
3002 561 3389 616 convenienter
3434 577 3530 632 ap-

1969 658 2114 703 tatur
2144 649 2198 704 in
2225 649 2464 716 Christo,
2493 652 2585 720 qui
2618 651 2792 706 tribus
2834 651 3024 707 diebus
3051 659 3106 706 et
3133 651 3304 707 tribus
3347 653 3532 708 nocti-

1965 739 2070 793 bus
2109 739 2160 793 in
2207 740 2372 794 corde
2394 749 2551 795 terra:
2597 741 2839 811 sepultus
2881 756 3137 796 somnum
3182 743 3375 800 mortis
3421 743 3534 800 imo

1965 830 2151 899 plevit.
2184 832 2255 887 Ut
2284 831 2368 887 leo
2391 842 2572 886 autem
2608 835 2711 890 hoc
2758 836 2920 892 modo
2949 837 3148 892 debere
3181 837 3403 908 intelligi
3433 851 3526 891 ar-

1963 921 2155 976 bitror.
2184 922 2326 978 Mors
2347 922 2549 978 Christi
2592 927 2874 995 Oppressio
2906 937 2960 982 et
3001 929 3307 997 triumplms
3331 930 3532 984 daemo-

1965 1028 2093 1068 num
2137 1014 2262 1068 fuit.
2293 1015 2518 1072 Omnem
2563 1033 2800 1087 namque
2829 1021 3064 1087 praedam
3123 1035 3282 1088 quam
3320 1021 3402 1076 leo
3433 1021 3526 1076 ille

1966 1110 2274 1164 contrarius
2315 1109 2592 1164 invaserat
2623 1118 2902 1178 prostrato
2941 1111 3157 1165 homine
3193 1123 3246 1165 et
3295 1113 3532 1181 deiecto,

1967 1200 2055 1254 hic
2084 1199 2169 1255 leo
2203 1201 2531 1271 interripuit.
2570 1203 2810 1272 Denique
2835 1203 3051 1257 rediens
3084 1205 3151 1256 ab
3197 1202 3386 1257 inferis
3417 1202 3531 1275 (2‘2)

1964 1299 2019 1343 et
2066 1291 2350 1345 ascendens
2391 1293 2443 1346 in
2495 1291 2684 1357 altum,
2738 1291 2998 1360 captivam
3046 1292 3199 1346 duxit
3252 1295 3533 1360 captivita-

1965 1388 2068 1434 tem
2107 1381 2172 1435 ι’.
2202 1381 2315 1437 Hoc
2341 1396 2470 1448 ergo
2493 1383 2651 1438 modo
2674 1393 2728 1437 et
2755 1383 2809 1437 in
2835 1399 3027 1439 somno
3051 1400 3151 1440 suo
3177 1385 3258 1439 leo
3285 1385 3388 1439 fuit
3421 1387 3534 1440 vin-

1964 1487 2094 1527 cens
2145 1473 2325 1528 omnia
2389 1485 2445 1530 et
2497 1474 2793 1542 debellans,
2843 1487 2898 1532 et
2958 1479 3228 1532 destruxit
3277 1495 3397 1534 eum
3436 1479 3531 1550 qui

1964 1561 2202 1619 habebat
2230 1565 2422 1619 mortis
2466 1565 2772 1634 imperium,
2810 1577 2864 1622 et
2903 1569 3053 1623 velut
3094 1570 3312 1624 catulus
3360 1570 3534 1627 leonis

1965 1655 2054 1710 die
2092 1659 2254 1712 tertia
2287 1658 2606 1713 suscitatur.
2658 1658 2790 1724 Quis
2829 1661 3104 1715 suscitabit
3153 1663 3314 1716 eum?
3362 1661 3531 1720 Recte

1968 1748 2122 1816 quasi
2154 1748 2477 1817 inquirentis
2505 1753 2780 1820 prophetae
2820 1767 3106 1821 personam
3147 1769 3264 1821 quae
3297 1757 3530 1810 suscita-

1963 1840 2034 1896 rit
2063 1839 2337 1896 Christum
2375 1857 2554 1896 sermo
2580 1843 2873 1912 significat.
2920 1845 3056 1910 Quia
3082 1846 3376 1914 Apostolus
3414 1849 3532 1916 qui-

1960 1934 2082 1988 dem
2117 1933 2249 1988 dicit
2271 1934 2342 1998 ",
2369 1934 2495 2004 quia
2529 1934 2670 1990 Deus
2712 1937 2802 2005 qui
2829 1939 3106 1991 suscitavit
3150 1953 3272 1992 eum
3304 1957 3334 1992 a
3382 1955 3526 1992 mor-

1961 2025 2086 2089 tuis,
2129 2027 2405 2080 suscitabit
2445 2036 2492 2082 et
2535 2027 2778 2080 mortalia
2831 2045 3055 2094 corpora
3097 2038 3264 2082 uestra
3317 2040 3532 2100 propter

1960 2118 2342 2175 inhabitantem
2407 2122 2654 2188 spiritum
2735 2122 2850 2190 ejus
2897 2125 2952 2177 in
2996 2124 3160 2177 vobis.
3221 2123 3286 2178 Et.
3335 2126 3528 2180 iterum

1960 2208 2212 2266 Christus
2263 2211 2393 2266 dicit
2438 2213 2492 2264 in
2557 2211 2863 2278 Evangeliis
2899 2212 2947 2244 “
2984 2231 2997 2266 :
3047 2212 3244 2268 Solvite
3281 2215 3529 2282 templum

1961 2301 2079 2368 hoc,
2128 2310 2176 2355 et
2218 2317 2310 2370 ego
2355 2305 2408 2356 in
2450 2302 2618 2357 tribus
2673 2303 2858 2357 diebus
2905 2307 3166 2358 suscitabo
3205 2306 3336 2358 illud
3378 2321 3394 2357 :
3437 2308 3534 2360 lioc

1961 2400 2137 2445 autem
2165 2392 2367 2446 dicebat
2399 2395 2462 2446 de
2481 2392 2675 2462 templo
2701 2394 2941 2462 corporis
2969 2395 3071 2447 sui.
3117 2396 3254 2462 Quia
3293 2411 3421 2464 ergo
3473 2407 3534 2451 et

1962 2482 2077 2552 ipse
2127 2495 2185 2536 se
2213 2484 2347 2538 dicit
2411 2485 2682 2540 suscitare
2720 2486 2976 2552 templum
3056 2501 3236 2553 suum,
3287 2499 3341 2542 et
3391 2489 3533 2546 Deus

1963 2574 2114 2629 illum
2175 2574 2376 2630 dicitur
2411 2576 2738 2639 suscitasse,
2788 2589 2936 2632 recte
2985 2578 3248 2648 propheta
3309 2588 3533 2647 stupore

1965 2673 2127 2719 tanta:
2155 2666 2338 2721 Patris
2388 2675 2444 2721 et
2491 2665 2614 2721 Filii
2651 2668 2872 2722 unitatis
2915 2679 3077 2737 atque
3131 2670 3533 2727 indiscretionis

1963 2756 2222 2812 attonitus
2247 2757 2323 2811 ait
2351 2774 2364 2810 :
2395 2757 2525 2822 Quis
2550 2760 2818 2812 suscitabit
2847 2775 2966 2812 eum
2993 2758 3145 2830 (25)?

2033 2847 2086 2900 6.
2117 2846 2243 2902 Non
2282 2849 2487 2917 deﬁciet
2529 2853 2766 2919 princeps
2815 2867 2880 2903 ex
2923 2851 3091 2918 Juda,
3131 2869 3294 2920 neque
3323 2855 3436 2910 dua:
3464 2855 3532 2910 a'e

1921 2935 1924 2938 ’
1964 2940 2248 3010 femoribus
2307 2941 2420 3010 ejus
2466 2958 2730 3012 usquequo
2791 2943 2997 2996 ueniant
3036 2960 3098 2998 ea
3147 2963 3264 3014 qua:
3301 2951 3529 3014 reposita

289 3054 393 3093 non
442 3040 621 3095 solum
665 3042 893 3110 tropice,
935 3057 1132 3096 verum
1181 3043 1344 3096 etiam
1380 3030 1598 3113 physice
1625 3042 1736 3114 (20)
1766 3045 1858 3098 de-

1963 3042 2082 3087 sunt
2105 3035 2150 3086 ei
2184 3033 2318 3104 (9.4),
2347 3033 2449 3094 vel,
2489 3045 2546 3088 ut
2593 3035 2643 3087 in
2689 3033 2808 3090 aliis
2843 3035 3245 3105 exemplaribus
3275 3039 3531 3104 habetur,

288 3131 532 3201 signatur
566 3149 581 3186 :
614 3147 738 3186 nam
783 3132 1136 3203 Physiologus
1182 3134 1249 3188 de
1293 3133 1472 3187 catulo
1533 3134 1705 3190 leonis
1737 3136 1853 3191 haec

289 3224 476 3277 scribit
532 3223 676 3292 quod
725 3238 845 3276 cum
898 3223 1064 3277 fuerit
1127 3233 1292 3278 natus
1343 3225 1519 3279 tribus
1576 3225 1769 3291 diebus
1797 3237 1852 3284 et

292 3314 460 3368 tribus
490 3317 743 3370 noctibus
764 3315 1018 3379 dormiat,
1048 3325 1159 3369 tum
1190 3315 1385 3371 deinde
1421 3317 1591 3386 patris
1629 3317 1854 3373 fremitu

289 3406 368 3459 vel
399 3406 579 3475 rugitu
614 3415 870 3475 tauquam
897 3407 1248 3462 tremefactus
1281 3408 1480 3462 cubilis
1505 3408 1658 3464 locus
1681 3411 1856 3466 susci-

295 3499 624 3554 tetcatulum
650 3499 1028 3554 dormientem.
1059 3498 1165 3555 Iste
1199 3500 1412 3556 catulus
1439 3515 1571 3572 ergo
1601 3503 1854 3556 ascendit

292 3602 354 3641 ex
383 3589 674 3656 germine:
709 3603 776 3643 ex
807 3589 1016 3660 virgine
1062 3590 1207 3645 enim
1256 3601 1418 3645 natus
1473 3601 1578 3646 est.
1627 3589 1742 3645 Non
1787 3607 1852 3647 ex

293 3685 511 3748 semine,
549 3683 642 3740 sed
679 3698 743 3738 ex
784 3684 991 3753 virgine
1026 3685 1232 3753 absque
1285 3684 1576 3738 concubitu
1624 3684 1752 3746 viri,
1803 3692 1857 3737 et

292 3781 493 3847 absque
534 3778 746 3831 semine
788 3775 1022 3830 naturali
1084 3777 1331 3830 nascitur
1388 3777 1661 3843 Christus,
1709 3777 1852 3830 velut

293 3871 582 3941 virgultum
630 3869 745 3924 sive
795 3884 999 3923 ramus.
1041 3869 1096 3923 ln
1142 3883 1247 3938 quo
1312 3868 1758 3924 manifestissime
1803 3879 1857 3923 ct

292 3965 486 4018 veritas
516 3961 700 4017 carnis
744 3975 1035 4030 assumpta:
1085 3977 1149 4015 ex
1194 3961 1404 4031 virgine
1458 3962 1768 4016 declaratur
1797 3963 1852 4015 in

292 4069 446 4108 sacro
479 4063 669 4109 Sancto
697 4053 1035 4122 germine,et
1059 4069 1086 4105 a
1109 4053 1362 4120 contagio
1395 4051 1616 4105 humani
1645 4059 1700 4106 et
1729 4067 1854 4105 car-

292 4147 433 4202 nalis
464 4147 692 4202 seminis
724 4155 1016 4200 excusatur
1060 4143 1194 4214 (2|).
1245 4142 1568 4197 Recumbens
1613 4143 1856 4197 dormisti

292 4242 421 4293 sicut
449 4239 553 4303 leo,
580 4249 628 4293 et
659 4241 793 4292 sicut
819 4237 1023 4291 catulus
1062 4237 1248 4292 leonis.
1280 4235 1715 4291 Manifestissime
1766 4251 1856 4288 re-

292 4330 541 4384 cubuisse
599 4339 654 4382 et
703 4329 969 4383 dormisse
1011 4326 1218 4380 dictum
1265 4326 1333 4380 de
1367 4324 1624 4394 passione
1667 4323 1859 4378 mortis

360 4453 404 4484 "
436 4451 597 4506 Rom.
633 4464 748 4513 vni,
790 4447 877 4503 15.

295 4523 379 4578 l9.
478 4523 524 4553 “
561 4521 758 4577 Cenes.
796 4533 942 4583 χιιι,
975 4516 1061 4570 lO.
1154 4516 1200 4547 “
1244 4516 1367 4573 Aut.
1399 4516 1493 4571 lib.
1522 4530 1633 4578 xlv,
1665 4531 1783 4583 cap.
1813 4514 1866 4567 2.

995 4444 1081 4498 “’l
1112 4445 1239 4501 Cor.
1272 4461 1373 4510 xu,
1404 4446 1458 4499 5.
1531 4441 2014 4508 “Genes.xr.ix,9.
2084 4439 2130 4472 “
2156 4438 2353 4508 Ephes.
2378 4453 2452 4504 tv,
2489 4437 2541 4493 5.
2619 4439 2663 4470 ⁸³
2686 4437 2842 4494 Rom.
2881 4456 2962 4504 Ill,
2995 4441 3082 4496 ll.

1959 3126 2129 3178 veniat
2165 3126 2210 3179 is
2249 3128 2332 3179 cui
2377 3126 2660 3193 repositum
2705 3137 2801 3193 est,
2842 3138 2888 3181 et
2935 3130 3046 3190 ipse
3077 3130 3174 3182 erit
3213 3134 3529 3197 exspectatio

1956 3205 2183 3286 gentium
2205 3216 2270 3271 “.
2291 3216 2389 3271 llic
2426 3217 2574 3272 locus
2608 3219 2890 3272 manifeste
2917 3220 3154 3273 refertur
3177 3221 3242 3273 ad
3267 3219 3458 3276 ludam
3507 3238 3524 3276 :

1960 3319 2167 3362 constat
2198 3310 2343 3363 enim
2381 3323 2551 3380 usque
2581 3311 2648 3364 ad
2687 3311 3024 3366 nativitatem
3053 3311 3256 3366 Christi
3288 3327 3397 3368 non
3433 3311 3530 3368 de-

1960 3399 2154 3456 fecisse
2199 3403 2468 3473 principes
2521 3419 2586 3457 ex
2626 3414 2826 3473 genere
2872 3401 3044 3468 Judae,
3095 3420 3196 3461 uec
3245 3405 3410 3461 duces
3460 3408 3530 3464 de

1963 3492 2254 3548 feinoribns
2278 3495 2392 3562 ejus
2413 3511 2583 3566 usque
2626 3496 2696 3550 ad
2733 3495 3002 3551 Herodem
3061 3512 3265 3566 regem,
3307 3499 3398 3569 qui
3439 3515 3528 3556 se-

1963 3587 2196 3639 cundum
2221 3585 2460 3640 historiae
2505 3586 2666 3641 tidem
2712 3601 2872 3654 quam
2909 3585 3175 3656 Iosephus
3225 3591 3415 3674 sgribit
3457 3592 3528 3658 “,

1964 3679 2263 3748 alienigena
2320 3679 2507 3742 fuisse,
2550 3686 2605 3733 et
2649 3692 2746 3748 per
2790 3678 3144 3734 ambitionem
3195 3680 3249 3734 in
3305 3698 3525 3751 regnum

1962 3770 2264 3825 Judaeorum
2315 3771 2514 3825 dicitur
2566 3770 2886 3840 irrepsisse;
2925 3773 3112 3827 statim
3150 3788 3278 3844 ergo
3323 3785 3380 3829 ut
3424 3777 3530 3834 hoc

1963 3861 2163 3917 factum
2214 3873 2318 3927 est,
2364 3871 2418 3916 et
2467 3870 2527 3917 ut
2557 3862 2756 3918 defecit
2797 3865 2904 3918 dux
2933 3865 2998 3920 de
3027 3865 3315 3922 femoribus
3356 3868 3528 3936 ludas,

1966 3952 2204 4007 advenit'
2236 3953 2324 4007 ille
2371 3954 2456 4008 cui
2507 3962 2626 4008 erat
2679 3967 2906 4025 regnum
2955 3958 3267 4024 repositum.
3316 3959 3371 4014 lu
3421 3977 3531 4030 quo

1965 4046 2233 4113 quomodo
2282 4055 2468 4114 gentes
2491 4055 2730 4114 sperent,
2774 4047 3048 4117 Evangelii
3082 4051 3212 4106 fides
3246 4061 3300 4106 et
3338 4052 3529 4110 Eccle—

1965 4137 2164 4190 siarum
2182 4136 2340 4191 docet
2366 4138 2703 4207 propagatio.
2735 4136 2996 4208 Beposita
3045 4153 3226 4196 autem
3274 4145 3532 4200 dicuntur

1965 4243 2028 4283 ea
2063 4243 2182 4297 quze
2207 4239 2511 4297 opportuno
2554 4239 2792 4299 tempore
2837 4233 3156 4301 proferenda
3192 4245 3339 4289 sunt.
3372 4236 3529 4292 Sicut

1963 4335 2020 4376 et
2044 4319 2290 4376 Christus
2319 4319 2372 4374 in
2414 4319 2575 4374 finem
2622 4320 2940 4375 saeculorum
2976 4323 3261 4379 advenisse
3305 4325 3528 4394 ditieur,

3185 4442 3231 4473 “
3270 4443 3425 4498 Jnatt.
3461 4460 3527 4513 It,

362 4639 801 4712 (l9)‘B.laatdc
877 4637 1090 4691 dicitur.
1165 4635 1256 4690 Sic
1323 4649 1452 4688 mss.
1525 4632 1673 4688 Libri
1727 4648 1856 4686 vero

1963 4627 2236 4711 Tryphone
2275 4623 2403 4678 illud
2519 4623 2805 4712 ἀπέκειται
2836 4695 2848 4712 '
2873 4640 3227 4712 veranuesse.
3455 4632 3532 4685 le-

295 4709 624 4782 θιιίιῑ,’βαῖον
652 4711 865 4782 dicitur.

363 4772 489 4855 (20)
510 4782 682 4855 Alias,
717 4779 973 4846 tropicus,
1021 4792 1196 4855 verum
1232 4774 1702 4855 etiam_p_lzysicus.
1752 4772 1858 4828 Sed

299 4845 423 4907 mss.
454 4845 518 4906 ut
559 4852 613 4905 in
646 4845 834 4904 nostro
869 4858 1038 4903 textu.
1061 4845 1229 4900 Paulo
1256 4856 1379 4914 post
1404 4845 1561 4899 iidem
1589 4859 1744 4906 mss.,
1766 4861 1860 4910 pa-

299 4925 388 4975 tris
403 4923 621 4991 [remitu
645 4920 721 4974 uel
746 4920 919 4989 rugitu
937 4935 957 4974 :
980 4918 1132 4984 editi,
1152 4919 1319 4985 patris
1330 4915 1520 4986 gemitu
1541 4915 1616 4968 uel
1635 4915 1858 4984 mugitu.

364 5006 478 5079 (21)
509 5002 830 5079 Excusatur.
867 5003 957 5057 Sic
987 5001 1118 5056 libb.
1150 5001 1287 5079 editi
1308 5010 1362 5054 et
1399 5014 1562 5062 mss.;
1607 4998 1739 5052 tnihi
1783 5007 1862 5051 ta.

301 5071 417 5132 men
457 5071 750 5130 admodum
805 5082 1051 5142 suspecta
1104 5081 1187 5126 est
1225 5071 1326 5125 ista
1372 5085 1498 5134 vox,
1546 5079 1852 5132 excusatur,

301 5161 392 5215 pro
416 5160 522 5215 qua
557 5143 760 5215 malim,
796 5143 1111 5198 excluditur.

363 5210 482 5285 (εἰ)
510 5214 685 5285 Alias,
705 5216 895 5285 quique
934 5215 1139 5266 rediens
1166 5211 1229 5264 ab
1250 5210 1460 5285 inferis.

365 5278 480 5359 (εὖ)
514 5284 606 5340 Sic
632 5278 760 5338 mss.
783 5278 987 5359 rectius
1008 5298 1168 5359 quam
1197 5278 1331 5359 editi
1349 5282 1402 5335 in
1422 5280 1617 5352 quibus
1642 5278 1855 5352 legitur,

302 5351 554 5414 subnisus
572 5364 668 5413 est,
703 5357 821 5422 quis
848 5354 1118 5408 suscitauit
1153 5367 1271 5404 eum
1305 5351 1332 5404 2

365 5441 480 5512 (94)
521 5438 746 5512 Veniant
773 5456 835 5494 ea
863 5455 980 5512 qua:
1027 5438 1266 5512 reposita
1294 5444 1417 5512 sunt
1463 5437 1535 5512 ei,
1579 5435 1684 5499 vel,
1712 5443 1772 5512 ut
1801 5435 1855 5490 in

304 5507 416 5567 aliis
435 5507 841 5580 exemplaribus
867 5507 1114 5580 habetur,
1155 5508 1325 5580 ueniat
1365 5507 1535 5580 is_ct_ti
1573 5507 1854 5580 repositum

303 5594 393 5638 est.
437 5567 611 5636 Prior.
639 5579 824 5642 lectio,
867 5577 935 5631 τὰ
989 5567 1323 5647 ἁποᾷιείμενα
1377 5574 1564 5647 αὐτῷ..
1591 5567 1769 5647 Altera
1812 5567 1857 5642 ᾧ

305 5652 598 5705 ἀπόκειται.
642 5649 831 5706 Sancti
861 5647 1043 5702 Patres
1066 5644 1223 5701 modo
1251 5647 1418 5710 illam,
1447 5645 1602 5698 modo
1633 5644 1856 5698 alteram

305 5725 582 5780 adhibent.
613 5719 905 5777 Contendit
943 5728 1118 5774 autem
1139 5716 1384 5775 Justinus
1417 5716 1470 5770 in
1495 5713 1712 5784 Dialogo
1739 5730 1855 5767 cum

1963 4694 2220 4761 ctio’nem,
2237 4709 2343 4768 non
2365 4706 2543 4747 autem
2561 4694 2631 4746 τὰ
2654 4695 2991 4766 ἀποκείμενα
3021 4695 3188 4768 αὐτῷ.
3211 4697 3266 4752 lu
3302 4699 3529 4756 Hebraeo

1962 4783 2192 4836 habetur
2240 4761 2386 4838 rbiw
2425 4787 2523 4836 tu?
2562 4785 2616 4834 ν)
2655 4787 2727 4842 "nt
2785 4761 3048 4848 usquequo
3101 4761 3273 4835 ueniat
3326 4782 3526 4843 Schilo.

1962 4850 2322 4920 Hieronymus
2369 4849 2528 4920 vertit
2573 4849 2735 4901 donec
2775 4851 2941 4920 veniat
2978 4851 3069 4919 qui
3106 4851 3390 4907 mittendus
3423 4867 3523 4912 est.

1963 4935 2126 5002 Quasi
2167 4913 2387 5002 legisset
2435 4913 2620 4995 mva,
2665 4933 2748 4986 vel
2808 4913 3279 5003 nva,'decepius
3332 4938 3528 4994 simili-

1968 5007 2153 5060 tudine
2186 5003 2506 5065 litterarum,
2544 5014 2583 5061 rt
2619 5011 2672 5055 et
2712 5014 2772 5062 Π.
2819 5005 3077 5058 Vitiosam
3125 5015 3304 5059 autem
3359 5006 3530 5066 fuisse

1964 5072 2277 5144 Hieronymi
2315 5070 2600 5126 lectionem
2632 5072 2756 5127 inde
2783 5084 2950 5142 patet,
3002 5079 3143 5144 quod
3185 5086 3401 5132 veteres
3441 5081 3526 5132 in-

1960 5168 2222 5229 terpretes
2289 5155 2640 5225 Septuaginta
2693 5165 2748 5210 et
2793 5155 2986 5226 Aquila
3057 5174 3164 5215 non
3225 5144 3375 5223 n‘m:
3431 5165 3526 5217 sed

2139 5239 2385 5314 legerint.
2435 5238 2628 5314 Aquila
2680 5242 2837 5314 vertit
2862 5225 2915 5309 ίῷ
2952 5243 3258 5307 ἀπόκειται,
3302 5244 3528 5314 Septua-

1958 5314 2105 5381 ginta
2163 5310 2234 5364 τὰ
2290 5308 2627 5379 ἀποκείμενα
2678 5310 2846 5381 αὐτῷ,
2889 5308 3048 5381 quasi
3101 5330 3168 5368 ex
3219 5325 3300 5380 ω,
3346 5308 3395 5368 id
3441 5325 3529 5370 est

1959 5396 2064 5460 cui,
2093 5394 2199 5458 vel,
2241 5409 2380 5464 quaz,
2427 5400 2710 5466 spectato)
2743 5405 2802 5448 ut
2848 5395 3023 5466 vocali
3052 5414 3102 5461 e,
3133 5407 3189 5452 et
3227 5381 3298 5456 n5
3326 5399 3398 5461 ei,
3425 5413 3524 5466 po-

1959 5479 2065 5532 sito
2100 5489 2140 5538 Π
2171 5461 2355 5546 pro't,
2397 5490 2593 5544 nempe
2638 5461 2708 5536 ΠΒ
2762 5493 2858 5548 pro
2898 5463 2984 5545 '5;
3020 5490 3146 5535 sunt
3185 5481 3329 5535 enim
3383 5461 3528 5534 liue-

1959 5577 2032 5615 rae
2074 5557 2478 5632 permutabiles.
2537 5559 2858 5616 Dividebant
2905 5564 3087 5632 itaque
3142 5572 3326 5616 Vocem
3378 5548 3526 5623 τήνω

1961 5646 2013 5698 in
2050 5627 2123 5703 τω
2157 5653 2207 5697 et
2237 5627 2308 5701 ΠΒ
2342 5659 2458 5712 qua:
2485 5642 2554 5706 ei,
2578 5644 2750 5710 suppl.
2786 5627 3012 5702 reposita
3034 5657 3172 5702 sunt.
3209 5647 3300 5699 Sic
3323 5644 3523 5703 Eucti.

1966 5730 2053 5769 ut
2090 5731 2104 5768 :
2141 5714 2310 5767 Donec
2357 5713 2522 5766 reuiat
2557 5719 2637 5766 cui
2663 5725 2732 5767 est
2756 5716 3036 5784 judicium.
