4050 6142
289 275 377 333 ﬁt

1465 272 1532 327 IN
1571 267 1871 329 GENESIM
1901 266 2186 323 HOMILIA
2221 267 2380 323 XVII.

3417 269 3527 325 26')

287 397 404 450 dare
441 392 642 449 lumbis
668 392 803 455 suis,
839 402 896 447 et
931 392 1149 446 auferre
1192 406 1404 457 rursus,
1440 401 1602 462 atque
1630 391 1683 445 in
1733 388 1844 443 En-
1873 387 1921 443 Α
1950 383 2121 454 Super
2144 399 2234 440 eos
2261 384 2354 455 qui
2382 385 2522 440 lacte
2539 383 2776 452 aluntur,
2797 385 2985 442 dentes
2999 383 3115 453 ejus
3135 393 3262 441 sunt
3286 384 3527 441 candidi.

281 488 498 557 phraten
526 485 744 554 iubetur
781 485 1122 541 abscondere
1147 486 1217 538 ⁵⁸.

337 579 387 633 9.
429 574 683 645 Gratiﬁci
707 577 849 630 oculi
883 577 996 646 ejus
1027 593 1060 630 a
1102 577 1311 641 vino,et
1337 575 1513 629 dentes
1552 574 1666 644 ejus
1715 572 1849 626 lacte

275 672 606 725 candidiores
634 671 704 728 ".
761 672 928 728 Vides
983 671 1250 740 quomodo
1299 668 1635 724 historialem
1690 666 1849 719 intel-

271 766 460 819 lectum
503 779 640 836 erga
673 763 834 820 linem
874 763 1147 833 praecipue
1203 769 1447 832 amputat
1475 769 1530 816 et
1560 759 1847 815 abscindit.

272 857 321 911 Si
358 858 510 911 enim
568 858 743 911 adhuc
786 855 1177 911 contentiosius
1211 862 1431 924 agentes
1482 854 1664 908 dicere
1716 852 1850 906 veli-

265 966 399 1011 mus,
459 950 600 1018 quia
644 948 873 1018 gratiﬁci
911 956 1037 1002 sunt
1079 947 1220 1001 oculi
1273 946 1423 1000 inda:
1451 960 1518 1022 ex
1564 947 1712 1007 vino.
1750 958 1850 1012 pro

268 1041 636 1107 abundantia,
665 1051 721 1095 nt
748 1056 910 1111 supra
957 1039 1219 1106 diximus,
1250 1037 1384 1102 vini,
1416 1046 1471 1091 et
1522 1033 1850 1092 abundantia

264 1135 597 1204 poculorum
639 1151 654 1188 ε
697 1135 825 1204 quid
856 1137 924 1190 de
969 1133 1214 1188 candidis
1261 1132 1512 1188 dentibus
1550 1131 1850 1201 responde-

262 1227 467 1292 bimus,
514 1236 577 1283 et
608 1227 857 1297 qualitati
904 1224 1063 1280 lactis
1100 1223 1379 1294 praelatis?
1417 1222 1473 1277 In
1505 1237 1613 1292 quo
1655 1223 1851 1277 adver-

259 1335 371 1375 sum
409 1321 719 1373 veritatem
766 1319 1110 1388 impudenter
1148 1331 1256 1371 non
1297 1325 1381 1371 est
1434 1316 1723 1386 agendum,
1753 1315 1848 1370 sed

258 1412 680 1481 interruptione
741 1411 1110 1481 intelligentiae
1179 1408 1474 1465 ltistorialis
1522 1407 1729 1462 exclusi
1782 1407 1848 1460 ad

255 1503 573 1574 spiritualis
597 1501 949 1570 expositionis
974 1501 1218 1556 ordinem
1244 1501 1548 1555 redeamus.
1583 1496 1847 1564 Gratiﬁci,

252 1595 456 1663 inquit,
487 1595 637 1647 acuti
665 1594 780 1664 ejus
809 1610 841 1646 a
867 1593 1006 1649 vino.
1040 1590 1301 1661 Superius
1331 1588 1670 1644 ostendimus
1717 1603 1849 1658 apo-

255 1685 459 1741 stolica
525 1688 848 1738 auctoritate
873 1683 920 1716 ³⁸
954 1686 1197 1737 membra
1238 1681 1439 1736 Christi
1496 1679 1604 1734 dici
1653 1680 1844 1750 dignos

253 1792 514 1846 quosque
540 1775 800 1840 fidelium,
833 1783 887 1830 et
941 1774 1151 1829 diversa
1208 1772 1557 1842 singulariter
1598 1771 1842 1826 membra

253 1869 563 1930 nominari.
595 1883 693 1936 pro
718 1882 782 1922 eo
822 1867 963 1936 quod
1016 1867 1383 1937 unusquisque
1407 1865 1550 1918 omni
1583 1863 1844 1918 Ecclesiae

253 1961 477 2030 corpori
512 1961 767 2029 dependit
787 1959 1042 2013 oiﬁcium.
1068 1958 1397 2012 Ernntenim
1427 1956 1587 2027 pedes
1615 1955 1842 2020 Christi,

255 2052 347 2121 qui
391 2062 633 2106 currunt
669 2050 737 2103 ad
792 2048 1090 2104 faciendam
1139 2063 1362 2117 pacem,
1395 2049 1484 2114 qui
1513 2055 1746 2118 pergunt
1774 2047 1843 2100 ad

257 2142 696 2196 subreniendmn
745 2141 829 2193 his
879 2141 968 2208 qui
1014 2139 1064 2192 in
1107 2139 1430 2194 necessitate
1468 2146 1597 2193 sunt
1655 2135 1838 2205 positi.

259 2233 430 2286 Erunt
454 2246 654 2285 manus
679 2230 908 2293 Christi,
939 2243 1058 2298 quae
1081 2229 1146 2283 ad
1186 2228 1616 2284 misericordiam
1648 2237 1844 2281 exten-

259 2325 492 2390 duntur,
525 2339 648 2392 quae
675 2322 934 2377 auxilium
983 2321 1343 2390 indigentibus
1373 2321 1573 2381 ferunt,
1601 2334 1722 2390 quae
1758 2321 1844 2374 in-

259 2417 461 2473 validis
511 2419 580 2471 ad
619 2415 1003 2471 adminiculum
1038 2414 1402 2484 porriguntur.
1437 2413 1528 2468 Sic
1575 2422 1736 2468 erunt
1785 2421 1842 2467 ct

258 2512 403 2566 oculi
432 2512 660 2578 Christi,
691 2512 782 2581 qui
831 2509 1068 2564 scientia:
1116 2507 1294 2562 lumen
1334 2508 1586 2563 universo
1631 2506 1842 2576 corpori

259 2613 546 2673 praestant.
584 2602 738 2658 Sicut
779 2602 832 2656 in
876 2601 1162 2671 Evangelio
1212 2600 1470 2670 scriptum
1509 2609 1593 2654 est
1614 2597 1659 2630 ”
1689 2615 1702 2652 :
1737 2597 1845 2652 Lu-

261 2714 424 2752 cerna
473 2697 710 2765 corporis
755 2694 834 2748 tui
883 2707 956 2749 est
995 2694 1178 2748 oculus
1227 2702 1366 2746 tuus.
1417 2689 1664 2746 Gratifici
1710 2705 1839 2758 ergo

262 2799 391 2843 sunt
413 2788 556 2843 oculi
601 2788 692 2841 isti
722 2805 738 2840 :
771 2801 950 2841 sermo
985 2785 1126 2839 enim
1163 2779 1414 2838 scientiae
1445 2783 1557 2837 sale
1593 2781 1840 2836 conditus

265 2889 352 2934 est
375 2879 444 2943 ",
483 2882 542 2931 ut
575 2878 664 2932 det
712 2877 939 2946 gratiam
992 2875 1353 2930 audientibus.
1400 2873 1517 2928 Non
1566 2888 1694 2945 ergo
1745 2889 1841 2942 per

267 2975 372 3028 hoc
397 2973 574 3027 solum
612 2971 887 3042 gratificus
919 2971 1144 3036 dicitur,
1181 2972 1306 3039 quia
1342 2968 1582 3025 scientia:
1625 2983 1838 3024 sermo-

1949 475 2002 530 id
2035 477 2216 540 est,bi
2262 477 2353 548 qui
2392 480 2695 547 perfectum
2748 478 2929 534 cibum
2979 491 3172 546 capere
3213 487 3438 546 possunt
3471 485 3530 534 et

1949 569 2254 632 comedere,
2282 585 2447 639 super
2477 569 2596 625 illos
2619 580 2744 626 sunt
2774 571 2865 642 qui
2896 580 3151 639 tanquam
3179 569 3386 639 parvuli
3409 552 3524 625 lad-

1950 657 2057 713 huc
2079 659 2220 714 lacte
2254 661 2513 731 indigent.
2547 659 2787 730 Denique
2818 663 2948 717 etin
2993 662 3139 731 lege,
3171 676 3236 716 ea
3279 662 3526 717 animan-

1953 752 2022 805 tia
2058 767 2177 822 qute
2211 755 2501 820 ruminant,
2539 761 2594 808 et
2649 764 2920 823 sumptum
2974 754 3154 809 cibum
3215 753 3284 809 ad
3331 755 3520 810 dentes

1952 843 2130 898 denuo
2203 854 2506 910 revocant,
2555 860 2714 913 quem
2778 845 3052 899 subtiliter
3107 845 3524 915 minutatimque

1951 935 2334 990 sustentationi
2392 935 2503 1007 (9.8)
2553 939 2797 1004 corporis
2843 939 3081 1000 tradunt,
3137 938 3334 990 munda
3398 951 3524 992 esse

1951 1025 2206 1080 animalia
2245 1027 2616 1095 designantur.
2643 1025 2936 1094 Aptissime
2963 1040 3095 1081 sane
3125 1025 3286 1079 etiam
3331 1025 3524 1080 candi-

1951 1117 2048 1174 dos
2075 1119 2266 1172 dentes
2291 1117 2408 1186 ejus
2437 1117 2592 1172 dicit.
2613 1117 2812 1172 Omnes
2832 1118 2980 1172 enim
3009 1117 3099 1187 qui
3126 1116 3348 1186 perfecti
3374 1127 3523 1185 sunt,

1949 1220 2006 1266 et
2035 1214 2126 1280 qui
2163 1208 2569 1279 Scripturarum
2604 1209 2756 1264 cibos
2786 1209 2963 1277 dignis
3000 1218 3054 1264 et
3091 1209 3523 1278 competentibus

1951 1299 2492 1370 interpretationibus
2541 1299 2895 1368 erplanantes
2948 1300 3196 1354 subtilem
3239 1312 3294 1355 et
3345 1301 3525 1354 minu-

1952 1401 2064 1447 tum
2113 1391 2479 1456 intellectum,
2528 1394 2618 1460 qui
2669 1391 2966 1460 spiritualis
3012 1391 3230 1455 dicitur,
3263 1388 3523 1446 Ecclesiae

1951 1483 2169 1551 corpori
2203 1481 2638 1544 subministrant,
2665 1479 2880 1535 candidi
2915 1481 3108 1536 debent
3139 1494 3257 1534 esse
3301 1490 3354 1534 et
3377 1481 3520 1548 puri,

1951 1585 2112 1642 atque
2131 1575 2197 1628 ab
2222 1575 2368 1630 omni
2408 1573 2549 1628 malo
2580 1572 2756 1639 liberi,
2798 1587 2867 1628 ne
2896 1572 3034 1628 forte
3079 1573 3288 1627 dicatur
3320 1573 3400 1627 eis
3425 1572 3469 1604 ⁸⁷
3505 1593 3518 1627 ;

1955 1666 2059 1731 Qui
2093 1665 2227 1719 alios
2250 1666 2650 1735 doces,teipsum
2677 1681 2782 1719 non
2825 1665 2999 1718 doces.
3033 1662 3229 1718 Verum
3265 1665 3519 1732 quoniam

1873 1729 1917 1784 Β
1947 1759 2130 1814 divina
2159 1758 2442 1828 Scriptura
2495 1771 2602 1811 non
2644 1756 2815 1812 solum
2851 1766 3315 1812 sacramentorum
3361 1757 3523 1812 debet

1947 1851 2231 1908 scientiam
2281 1851 2583 1915 continere,
2611 1866 2798 1905 verum
2831 1852 2992 1904 etiam
3041 1863 3220 1903 mores
3262 1856 3522 1917 gestaque

1948 1944 2250 1998 informare
2300 1943 2622 1998 discentium
2659 1959 2674 2010 ;
2713 1941 2792 1997 sic
2832 1942 2975 1996 enim
3016 1948 3071 1994 et
3114 1939 3389 2006 Sapientia
3425 1952 3525 2008 per

1946 2037 2290 2093 Salomonem
2323 2035 2454 2090 dicit
2475 2035 2520 2068 ⁸⁸
2549 2051 2562 2087 :
2600 2033 2847 2089 Describe
2882 2035 2992 2087 haec
3025 2031 3119 2086 tibi
3157 2030 3440 2101 dupliciter
3471 2039 3522 2086 et

1947 2131 2227 2198 tripliciter
2257 2129 2315 2182 in
2340 2128 2498 2182 corde
2520 2137 2633 2190 tuo,
2663 2137 2717 2182 et
2743 2141 2867 2180 arca
2901 2139 3022 2194 quae
3052 2123 3470 2179 construebatur
3489 2138 3521 2177 a

1946 2219 2080 2285 Noe,
2111 2219 2446 2275 bicamerata
2495 2227 2548 2273 et
2592 2218 2941 2270 tricamerata
2992 2212 3108 2267 fieri
3134 2211 3356 2280 jubetur
3385 2228 3401 2276 ;
3434 2225 3526 2264 co-

1947 2326 2140 2366 nemur
2160 2323 2214 2366 et
2252 2325 2350 2365 nos
2376 2316 2726 2378 posteaquam
2749 2306 3032 2376 dupliciter
3067 2305 3204 2372 ista,
3235 2311 3396 2373 prout
3419 2315 3525 2373 po-

1947 2405 2148 2460 tuimus
2180 2403 2412 2466 sentire.
2435 2400 2842 2470 descripsimus,
2893 2399 2945 2453 id
2981 2406 3065 2453 est
3095 2397 3387 2452 secundum
3436 2397 3526 2453 bim

1945 2497 2174 2554 storiam
2218 2503 2277 2550 et
2309 2494 2602 2549 secundum
2650 2490 2937 2560 mysticum
2976 2488 3328 2552 intellectum,
3375 2503 3522 2546 nunc

1944 2590 1999 2645 in
2023 2596 2286 2659 quantum
2318 2583 2565 2654 recipere
2591 2583 2741 2638 locus
2763 2588 2964 2651 pctest,
2992 2581 3155 2634 etiam
3178 2577 3437 2633 moralem
3465 2578 3524 2633 in

1945 2693 2008 2735 eo
2039 2679 2313 2733 discutere
2357 2688 2670 2730 sermonem
2706 2689 2720 2726 :
2753 2681 2812 2725 ut
2864 2669 3200 2738 Scripturam
3264 2668 3521 2736 studiosi,

1946 2750 2061 2823 non.
2098 2767 2268 2822 solum
2308 2764 2442 2838 quid
2473 2765 2525 2818 in
2554 2763 2707 2828 aliis,
2770 2759 2856 2815 vel
2898 2760 2968 2814 ab
3009 2759 3129 2812 aliis
3178 2766 3383 2827 gestum
3422 2758 3522 2823 sit,

1943 2862 2037 2916 sed
2061 2861 2227 2915 etiam
2265 2861 2367 2931 ipsi
2405 2861 2542 2913 intra
2577 2867 2634 2912 se
2663 2853 2792 2926 quid
2823 2865 3013 2923 gerere
3033 2851 3267 2905 debeant
3295 2851 3526 2904 docean-

1941 2961 2052 3010 tur.
2075 2951 2242 3008 Judas
2278 2951 2541 3020 confessio
2567 2950 2977 3018 interpretatur.
3004 2940 3104 3012 Qui
3139 2955 3267 3014 ergo
3291 2940 3370 2995 vel
3403 2955 3525 3008 pec-

264 3080 388 3119 nem
417 3035 712 3127 ministrat,
747 3064 840 3118 sed
859 3065 1000 3133 quod
1034 3035 1276 3116 habct‘in
1311 3077 1389 3125 se,
1423 3060 1650 3132 gratiam
1684 3059 1833 3114 facit.

1944 3050 2062 3097 cata
2100 3056 2197 3097 sua
2225 3039 2508 3114 confessus
2549 3037 2925 3107 paenitentiam
2954 3036 3109 3105 gerit,
3135 3036 3220 3088 vel
3247 3035 3522 3090 Christum

266 3157 368 3211 His
393 3158 554 3219 enim,
591 3156 768 3224 inquit
800 3155 1025 3224 Sapiens
1053 3155 1119 3219 “,
1149 3155 1368 3218 auditis.
1393 3155 1598 3224 sapiens
1627 3155 1836 3222 sapien-

267 3251 374 3302 tior
393 3252 518 3302 erit.
542 3247 788 3303 Cratiﬂci
839 3261 966 3317 ergo
1000 3257 1125 3302 sunt
1165 3247 1303 3301 oculi
1329 3247 1444 3316 ejus
1472 3262 1501 3300 a
1532 3247 1678 3313 vino,
1706 3248 1835 3315 quia

268 3343 400 3397 nihil
430 3354 514 3396 est
546 3356 809 3411 aquarum
837 3341 887 3394 in
923 3341 1086 3396 verbo
1124 3340 1383 3403 scientiae,
1424 3339 1557 3394 nihil
1587 3337 1835 3406 ﬂuidum,

269 3435 401 3489 nihil
429 3433 714 3503 frigidum,
750 3433 842 3486 sed
875 3431 1056 3486 vinum
1078 3434 1220 3502 quod
1258 3431 1494 3486 laetificat
1528 3447 1623 3486 cor
1664 3431 1839 3486 homi-

269 3525 376 3587 nis,
399 3537 454 3580 et
482 3525 629 3594 quod
676 3523 975 3578 infunditur
1006 3523 1316 3579 vulneribus
1360 3524 1505 3580 illius
1555 3525 1646 3596 qui
1702 3525 1840 3579 inci-

272 3618 348 3679 dit
381 3618 438 3673 in
477 3618 726 3672 latrones
753 3617 818 3684 °',
849 3632 956 3686 quo
989 3615 1198 3670 scilicet
1239 3616 1571 3671 audientium
1614 3617 1838 3670 vulnera

268 3720 617 3781 peccatorum
643 3725 749 3764 non
773 3708 946 3765 solum
976 3707 1080 3763 olei
1123 3709 1347 3762 leuitate
1380 3708 1720 3776 mitigentur,
1747 3723 1839 3764 ve-

270 3817 387 3855 rum
415 3801 584 3856 etiam
615 3801 728 3855 vini
760 3803 1077 3857 austeritate
1115 3809 1435 3872 purgentur.
1475 3800 1546 3854 Et
1590 3800 1706 3870 quis
1738 3811 1834 3866 est,

269 3895 446 3964 inquit
479 3893 767 3963 Apostolus
789 3894 854 3958 ⁸³,
885 3895 974 3964 qui
1005 3911 1083 3946 me
1110 3893 1340 3961 twtiﬁcat
1361 3932 1376 3957 ,
1400 3892 1503 3946 nisi
1530 3891 1616 3962 qui
1642 3893 1838 3944 contri-

267 3997 442 4040 statur
471 4001 538 4039 επ
563 4001 644 4039 me
667 3985 753 4040 2⁸⁸
786 3983 1014 4040 Candidi
1040 3985 1214 4039 dentes
1248 3984 1362 4052 ejus
1410 4000 1566 4054 super
1593 3982 1692 4038 lac.
1727 3982 1839 4036 Sae-

269 4079 390 4147 pius
422 4079 490 4132 de
521 4077 883 4132 membrorum
916 4077 1118 4134 Christi
1141 4077 1330 4133 ordine
1367 4085 1420 4131 et
1467 4075 1674 4130 ratione
1722 4075 1833 4144 jam

269 4173 527 4236 diximus,
567 4173 726 4242 uo
771 4182 827 4226 et
864 4174 1052 4226 eadem
1100 4170 1438 4238 frequentius
1469 4169 1522 4223 in
1568 4169 1648 4224 eis
1699 4167 1837 4224 locis

271 4279 518 4336 repetere
554 4267 847 4321 absurdum
872 4265 1106 4320 videtur.
1147 4265 1346 4318 Dentes
1371 4278 1499 4333 ergo
1522 4262 1638 4330 ejus
1677 4277 1839 4330 super

270 4356 353 4412 lac
377 4357 597 4410 candidi
632 4365 792 4410 erunt
837 4355 912 4420 hi,
953 4355 1041 4422 qui
1074 4353 1269 4410 fortem
1304 4362 1359 4408 et
1397 4354 1628 4408 solidum
1659 4353 1832 4405 cibum

271 4452 420 4505 verbi
486 4450 578 4504 Dci
626 4450 881 4504 mandere
926 4459 981 4504 et
1036 4450 1401 4504 comminuere
1449 4447 1516 4500 ad
1571 4461 1834 4500 summam

272 4543 630 4598 subtilitatem
661 4542 910 4596 dentibus
940 4552 1160 4610 possunt
1182 4557 1196 4604 ;
1217 4540 1282 4594 de
1322 4540 1517 4609 quibus
1538 4537 1666 4591 dicit
1697 4537 1841 4604 Apo-

273 4634 439 4689 stolus
469 4635 522 4689 in
547 4633 780 4701 Epistola
801 4634 864 4686 ad
895 4633 1144 4688 Hebraeos
1171 4632 1216 4664 ⁸⁸
1243 4652 1256 4685 :
1283 4629 1640 4698 Perfectorum
1669 4638 1841 4681 autem

270 4739 343 4782 est
364 4729 510 4782 cibus
547 4728 770 4792 solidus,
797 4726 887 4795 qui
913 4742 1006 4794 pro
1034 4725 1382 4795 possibilitate
1419 4722 1658 4776 sumendi
1693 4736 1841 4774 exer-

272 4824 454 4876 citatos
477 4820 666 4874 (tabent
688 4835 868 4873 sensus
912 4819 980 4872 ad
1024 4819 1385 4872 discretionem
1430 4817 1554 4868 boni
1599 4823 1646 4866 et
1687 4813 1837 4865 ma’i.

277 4912 350 4966 De
379 4908 714 4980 imperfectis
761 4918 936 4962 autent
978 4906 1274 4961 Corinthiis
1306 4904 1416 4974 (‘27)
1446 4903 1492 4935 “
1521 4903 1655 4956 dicit
1689 4917 1701 4952 :
1735 4897 1839 4951 Lac

277 4997 413 5051 vobis
433 5003 616 5065 potum
647 4995 787 5058 dedi,
811 5010 913 5046 non
941 5008 1132 5058 escam,
1155 4993 1384 5046 nondum
1410 4990 1545 5042 enim
1566 4985 1837 5057 poteratis.

1390 5165 1438 5199 ⁸⁸
1461 5163 1482 5216 1
1504 5163 1627 5218 Cor.
1651 5160 1836 5228 rt,15.

341 5172 387 5206 ⁸⁸
419 5172 532 5229 Jer.
567 5188 608 5227 ι.
722 5171 766 5202 ⁸⁷
793 5169 986 5224 Genes.
1017 5184 1163 5233 XLIX,
1193 5167 1279 5223 12.

281 5207 722 5308 υιυὶῗὲῗδι.
796 5207 846 5273 ΐ³
873 5207 1067 5294 ίιἝοέ.
1107 5209 1164 5300 II:
1214 5210 1279 5290 2..
1344 5235 1392 5267 “
1425 5234 1626 5289 Cenes.
1659 5207 1804 5289 xntx.

283 5313 505 5358 “Prov-
562 5330 700 5358 ῐῑιι-
759 5311 851 5358 ‘20-
926 5311 969 5341 ⁸³
1011 5309 1137 5358 Luc-
1173 5323 1257 5358 xv.
1304 5305 1392 5358 10.
1472 5306 1515 5336 ⁷⁰
1546 5305 1646 5358 153.
1684 5303 1823 5358 ιιςςί

2001 5207 2240 5283 εῖιιεῡὲ.
2289 5207 2341 5285 v,
2390 5217 2476 5272 Η.
2553 5213 2792 5306 ξδιϐοτ.
2824 5225 2906 5274 tu,
2956 5207 3010 5260 2.

1476 5318 1515 5336 ’ν
1546 5318 1646 5360 lsa.
1684 5319 1771 5367 (ις,
1805 5318 1823 5352 ι
1845 5318 1890 5354 ι.

283 5313 508 5371 “Prov.
561 5305 702 5376 xx",
759 5311 851 5366 ‘20.
926 5311 969 5341 ⁸³
1011 5309 1137 5364 Luc.
1173 5323 1258 5372 xv,
1304 5305 1392 5360 10.

345 5475 451 5547 (27)
494 5474 672 5538 Alias,
699 5468 1067 5538 semiperfectis
1100 5476 1272 5519 autem
1318 5459 1628 5516 Corinthiis.

1945 3133 1999 3188 in
2041 3133 2419 3203 persecutione
2468 3144 2651 3185 coram
2697 3127 3008 3183 hominibus
3047 3127 3359 3192 confitetur,
3404 3127 3520 3181 col-

1945 3227 2198 3280 laudatur
2224 3238 2254 3278 a
2284 3222 2550 3277 fratribus
2581 3219 2714 3276 suis.
2742 3217 2954 3272 Laetitia
2985 3219 3132 3273 enim
3182 3228 3228 3271 et
3263 3218 3516 3287 gaudium

1945 3329 2019 3373 est
2049 3315 2245 3387 angelis
2277 3316 2335 3370 in
2373 3313 2502 3368 ctelo
2547 3327 2704 3380 super
2732 3327 2836 3363 uno
2865 3319 3138 3378 peccatore
3163 3309 3518 3377 paenitentiam

1947 3420 2125 3481 agente
2149 3409 2216 3462 ⁸⁸.
2244 3406 2327 3460 Ab
2357 3405 2489 3474 ipsis
2532 3418 2661 3474 ergo
2693 3411 2949 3471 tanquam
2981 3416 3012 3455 a
3043 3399 3304 3455 fratribus
3333 3398 3518 3470 (unius

1947 3501 2147 3558 etenim
2177 3508 2233 3554 et
2258 3497 2534 3555 Creatoris
2577 3507 2632 3552 et
2659 3495 2839 3550 Patris
2888 3493 2984 3548 filii
3024 3502 3151 3548 sunt
3192 3502 3246 3546 et
3272 3493 3520 3546 homines

1946 3603 2000 3650 et
2042 3591 2242 3663 angeli)
2295 3589 2691 3645 collaudantur.
2736 3588 2936 3643 Verum
2993 3583 3038 3638 is
3085 3584 3176 3652 qui
3227 3584 3519 3640 conﬁtetur

1947 3687 2236 3742 Dominum
2260 3681 2463 3747 Jesum,
2489 3681 2612 3751 quia
2641 3679 2695 3762 in
2729 3678 2936 3748 Spiritu
2976 3683 3166 3731 sancto
3207 3673 3516 3739 confitetur,

1947 3794 2143 3834 manus
2198 3775 2318 3845 ejus
2361 3788 2525 3841 super
2554 3772 2774 3826 dorsum
2822 3767 3164 3822 inimicorum
3193 3763 3518 3820 efﬁciuntur.

1947 3871 2046 3938 Qui
2079 3869 2224 3923 enim
2265 3876 2394 3921 ante
2431 3862 2753 3918 exhibuerat
2777 3857 3018 3913 membra
3054 3872 3148 3910 sua
3187 3855 3396 3910 servire
3416 3854 3522 3908 ini-

1947 3961 2140 4033 quitati
2199 3960 2266 4012 ad
2303 3955 2668 4024 iniquitatem,
2703 3963 2848 4005 nunc
2901 3962 2965 4003 ea
3013 3946 3276 4002 exhibens
3311 3946 3521 4000 servire

1937 4054 2164 4126 iustitia:
2195 4051 2251 4105 in
2292 4044 2806 4106 sanctiﬁcationem,
2832 4039 2945 4108 jam
2977 4038 3299 4108 fugientium
3323 4051 3382 4092 se
3409 4036 3516 4090 iui-

1946 4148 2209 4202 micorum
2241 4153 2487 4203 suorum,
2516 4136 2569 4191 id
2601 4140 2683 4188 est
2709 4133 3035 4196 daemonum,
3079 4138 3229 4196 terga
3257 4133 3418 4182 vexat
3461 4136 3520 4181 et

1947 4238 2123 4294 caedit.
2175 4233 2265 4289 Sic
2299 4231 2441 4288 enim
2473 4234 2679 4297 pugnat
2707 4239 2824 4294 non
2873 4222 3026 4292 quasi
3059 4234 3236 4274 aerem
3282 4219 3516 4283 caedetis,

1948 4332 2039 4386 sed
2078 4328 2351 4382 daemones
2391 4321 2582 4391 fugans
2610 4316 2850 4386 :quique
2884 4314 2953 4368 ob
3002 4311 3198 4367 nimios
3244 4309 3519 4379 profectus

1869 4400 1912 4454 Β
1943 4423 2091 4477 velut
2112 4421 2200 4474 Dei
2225 4417 2337 4487 jam
2367 4415 2421 4469 in
2454 4428 2512 4468 se
2543 4407 2891 4480 participium
2926 4404 3131 4457 habens
3163 4402 3330 4455 etiam
3381 4399 3517 4454 ado-

1937 4515 2044 4569 rari
2083 4513 2282 4566 dicitur
2303 4525 2334 4562 a
2365 4506 2490 4561 filiis
2508 4502 2684 4559 Patris
2705 4501 2810 4554 sui.
2842 4497 3014 4552 Filios
3031 4494 3210 4548 Patris
3240 4493 3324 4547 sui
3353 4495 3514 4562 quasi

1937 4611 1988 4663 in
2030 4604 2224 4660 morali
2255 4602 2377 4658 loco
2408 4610 2696 4668 possumus
2724 4588 3022 4655 intelligere
3068 4584 3292 4638 minoris
3336 4581 3519 4638 meriti

1937 4699 2142 4760 fideles,
2173 4696 2264 4766 qui
2309 4693 2363 4748 in
2394 4705 2461 4746 eo
2489 4688 2725 4758 majores
2771 4692 3016 4752 quosque
3058 4685 3113 4730 et
3163 4675 3517 4747 perfectiores

1935 4784 2343 4856 adorant,quod
2381 4797 2568 4838 eorum
2597 4791 2762 4848 opera
2804 4770 3039 4828 humiles
3069 4783 3132 4821 ac
3161 4766 3394 4835 subjeCIi
3421 4782 3514 4820 ve-

1945 4891 2207 4939 nerantur
2235 4887 2286 4933 et
2319 4876 2540 4930 laudant
2570 4891 2586 4928 :
2613 4870 2756 4926 unde
2790 4866 2858 4920 ad
2885 4861 3182 4918 Ecclesiam
3209 4858 3405 4914 dicitur
3425 4860 3471 4890 7°
3503 4880 3517 4917 ε

1947 4976 2257 5036 Adorabunt
2298 4971 2515 5039 vestigia
2540 4967 2728 5038 pedum
2765 4972 2999 5018 tuarum.

3131 5127 3178 5166 εί
3198 5131 3357 5185 Prov.
3387 5146 3426 5193 I,
3463 5129 3516 5185 5.

3086 5205 3128 5236 ’τ
3159 5203 3316 5256 Rom.
3340 5215 3400 5265 ιι,
3423 5204 3516 5255 es.

1941 5111 1996 5190 ¹(ιο
2024 5155 2214 5210 Matth,
2234 5167 2310 5215 vt,
2339 5149 2430 5203 22.
2545 5146 2588 5176 ⁸ο
2611 5141 2818 5215 Coloss.
2864 5154 2938 5203 tv,
2959 5137 3022 5215 Si.

2016 5448 2128 5523 (28)
2175 5447 2345 5514 Alias,
2377 5441 2638 5500 subtiliter
2669 5437 2984 5493 minutatum
3015 5421 3412 5485 sustentationi.
