4050 6142
544 234 646 294 363
1971 235 2143 294 ORIG]

2200 236 2314 294 iES
3671 241 3799 296 264

549 393 3801 426 ww

1827 570 2497 685 MONITUM

1085 793 1215 872 AD
1289 789 1775 871 OBIGENIS
1849 773 2500 870 ΕΞΗΓΗΤΙΚΑ
2575 787 2683 868 1N

1619 789 1775 869 NIS
1849 773 2500 870 ΕΞΗΓΗΤΙΚΑ
2575 787 2683 868 ΙΝ
2764 787 3218 871 EXODUM.

617 1067 834 1134 Triplex
871 1066 967 1120 fuit
999 1063 1247 1134 Origenis
1273 1065 1326 1118 in
1363 1064 1602 1118 Exodum
1636 1062 1976 1134 ὲξηγητικῶν
2021 1077 2188 1134 genus
2218 1079 2234 1128 ;
2270 1061 2401 1134 t_omi
2450 1061 2724 1128 nimirum,
2755 1072 3010 1131 excerpta
3045 1077 3147 1134 seu
3183 1063 3409 1134 scholia,
3437 1074 3490 1119 et
3513 1065 3787 1125 homilite.

545 1127 838 1193 'l‘onnornm
876 1127 1172 1204 fragmenta
1207 1136 1308 1188 tria
1339 1134 1527 1188 Graece
1555 1127 1770 1205 exhibet
1793 1127 2114 1205 Philae-aliae
2159 1127 2322 1201 ca'pdt
2351 1133 2668 1205 uicesimum
2709 1127 2956 1205 sextum}
2986 1133 3151 1205 fronti
3179 1134 3322 1205 enim
3367 1133 3650 1205 fragmeuti
3683 1154 3791 1191 se-

547 1207 706 1263 cundi
725 1201 985 1274 praeﬁxns'
999 1213 1080 1258 est
1103 1205 1188 1274 hic
1216 1205 1435 1258 titulus:
1457 1205 1565 1258 Καὶ
1587 1204 1747 1258 πάλιν
1777 1206 1834 1256 ὲν
1847 1203 1990 1274 ἄλλῳ
2011 1202 2146 1273 τόμιε

2191 1205 2248 1274 ἐν
2279 1204 2397 1266 ταῖς
2417 1202 2604 1265 αὐταῖς
2629 1204 2706 1264 εἰς
2728 1203 2825 1274 τὴν
2851 1203 3066 1270 Ἔξοδον
3093 1201 3477 1274 σημειώσεσινῖ
3495 1205 3558 1259 Et
3586 1209 3638 1260 in
3669 1209 3790 1262 alio

549 1290 688 1332 tomo
711 1272 765 1330 in
802 1278 984 1332 iisdem
1016 1275 1082 1328 ad
1118 1273 1360 1328 Exodum
1392 1275 1859 1328 observationibus.
1892 1273 2017 1326 Tria
2061 1272 2174 1326 haec
2203 1272 2506 1338 fragmenta
2535 1275 2716 1342 primo
2737 1272 2860 1327 loco
2903 1272 3258 1342 repraesentat
3293 1287 3478 1328 nostra
3511 1277 3699 1331 editio.

618 1348 880 1416 Excerpta
911 1362 1002 1399 seu
1033 1344 1234 1416 scholia
1265 1353 1659 1416 commemorat
1678 1344 2034 1414 Hieronymus
2057 1343 2192 1416 apud
2225 1342 2472 1416 Ruﬁnum
2511 1343 2668 1416 lib._tt
2690 1341 2976 1416 Invectiv.’
3005 1360 3126 1411 pag.
3162 1343 3299 1416 229⁵5.Δ
3322 1347 3390 1416 At
3425 1345 3552 1416 nihil
3581 1348 3785 1401 horum

548 1417 706 1472 hodie
733 1413 995 1482 superest,
1029 1414 1133 1467 uisi
1168 1414 1302 1467 forte
1323 1413 1523 1480 aliquid
1574 1413 1696 1466 inde
1732 1413 2046 1480 excerptum
2100 1414 2334 1467 habeant
2361 1413 2580 1482 ὲκλογαί
2604 1413 2654 1464 in
2688 1413 2956 1476 Exodum,
2985 1428 3106 1482 quae
3134 1416 3234 1466 sub
3267 1413 3519 1481 Origenis
3551 1418 3780 1473 nomine

547 1487 601 1542 in
631 1485 849 1539 Catenis
868 1485 1069 1540 Graecis
1103 1483 1483 1548 manuscriptis
1521 1483 1996 1544 circumferuntur,
2023 1497 2264 1552 quasque
2286 1498 2386 1537 nos
2427 1494 2695 1536 tomorum
2728 1482 3044 1551 fragmentis
3087 1483 3486 1551 sultjttnximus.

619 1555 885 1610 Homilias
926 1554 1158 1620 denique
1181 1554 1344 1608 edidit
1372 1553 1802 1622 Origenes,quas
1835 1552 2057 1607 Ruﬁnus
2082 1553 2134 1606 in
2161 1554 2264 1606 line
2280 1553 2786 1623 commentariorum
2814 1552 2933 1621 ejus
2969 1553 3022 1606 in
3050 1553 3344 1621 Epistulam
3367 1555 3531 1623 ιιι
3568 1555 3633 1608 ad
3667 1555 3784 1608 Ro-

547 1640 740 1679 manos
761 1639 1236 1692 perorans,magno
1256 1639 1283 1675 a
1304 1637 1362 1675 se
1384 1621 1560 1676 labore
1583 1624 1865 1676 translatas
1897 1633 2102 1688 monet,
2132 1623 2258 1676 dum
2280 1623 2539 1688 supplere.
2559 1621 3002 1692 iuquit,cupimus
3024 1640 3105 1685 ea,
3121 1640 3234 1692 quae
3256 1625 3318 1676 ab
3344 1621 3568 1692 07i§e7ie
3591 1628 3643 1676 in
3671 1644 3785 1678 au-

545 1696 738 1748 ditorio
760 1692 1008 1746 Ecclesia:
1036 1708 1101 1744 ea:
1124 1705 1349 1762 tempore
1379 1708 1482 1746 non
1507 1703 1612 1744 tam
1636 1692 2020 1760 explanationis
2044 1708 2201 1762 quam
2225 1692 2590 1762 wdiﬁcationis
2614 1693 2898 1745 intentione
2925 1705 3168 1760 perorata
3199 1695 3494 1756 sunt,sicut
3519 1694 3573 1747 in
3602 1696 3782 1748 homi-

546 1767 633 1817 liis
664 1766 772 1817 sive
803 1763 1151 1817 oratiunculis
1174 1764 1226 1814 in
1258 1761 1498 1816 Genesim
1526 1770 1578 1814 et
1598 1763 1652 1813 in
1684 1763 1924 1815 Exodum
1951 1761 2166 1830 fecimus
2196 1797 2283 1816 ....
2311 1761 2476 1826 Quem
2517 1763 2747 1815 laborem
2775 1762 3094 1830 adimplendi
3137 1781 3253 1830 qui?
3305 1765 3537 1822 deerant.
3576 1765 3788 1818 idcirco

544 1835 884 1896 suscepimus,
923 1849 986 1886 ne
1015 1833 1236 1898 pulsata:
1273 1835 1584 1902 quwstiones
1634 1841 1681 1885 et
1735 1833 1931 1886 relicta:
1961 1834 2118 1900 (quod
2166 1833 2220 1884 in
2253 1832 2415 1885 homil
2441 1832 2540 1884 tico
2572 1831 2779 1902 dicendi
2807 1849 2990 1901 genere
3024 1835 3098 1902 ab
3141 1833 3230 1886 illo
3260 1832 3377 1900 ﬁeri
3412 1833 3564 1902 solet)
3589 1833 3789 1888 Latino

543 1905 726 1956 lectori
749 1904 1020 1971 fastidium
1047 1914 1369 1970 generarent.
1415 1901 1489 1955 Ex
1523 1903 1604 1954 his
1638 1903 1925 1956 duodecim
1955 1911 2161 1955 tantum
2196 1911 2590 1972 commemorat
2620 1901 2973 1956 Cassiodorus
3010 1901 3087 1955 De
3117 1903 3280 1972 instit.
3309 1904 3416 1958 div.
3445 1901 3690 1972 litt.'cap.
3726 1908 3787 1968 1,

545 1975 638 2026 sed
669 1970 922 2042 tredecim
972 1973 1131 2025 hodie
1175 1981 1484 2042 supersunt,
1516 1985 1633 2042 qua!
1662 1973 2151 2042 annemine,quod
2202 1972 2394 2033 sciam,
2437 1970 2493 2042 in
2535 1972 2760 2025 dubium
2807 1982 3148 2026 revocantur.
3199 1971 3400 2041 Duplex
3433 1989 3500 2028 ex
3553 1970 3786 2028 humilia

546 2053 734 2095 octava
766 2041 1127 2110 fragmentum
1157 2039 1312 2094 affert
1343 2039 1507 2094 Jonas
1543 2040 1948 2111 Aurelianensis
1971 2039 2255 2110 episcopus
2284 2042 2375 2095 lib.
2406 2057 2422 2094 l
2460 2040 2535 2094 De
2577 2043 2906 2095 institutione
2937 2043 3135 2106 laicali,
3165 2039 3293 2111 capi
3321 2044 3407 2107 i9,
3441 2053 3498 2098 et
3536 2045 3789 2111 ejusdem

547 2112 668 2164 libri
702 2127 819 2179 cap.
851 2111 936 2173 15,
971 2111 1205 2183 alterum
1227 2111 1447 2166 exhibet
1475 2124 1544 2164 ex
1573 2110 1790 2183 humilia
1819 2111 2330 2183 decima.ld_unuut
2371 2121 2625 2183 optarent
2666 2111 2865 2183 eruditi
2909 2121 2965 2165 ut
2995 2111 3177 2167 labore
3213 2110 3499 2182 supplendi
3531 2110 3650 2183 quae
3678 2116 3790 2169 de-

543 2196 666 2252 esse
689 2183 1053 2246 existimabat,
1097 2181 1319 2235 Rulinus
1344 2180 1761 2252 supersedisset.
1817 2181 2121 2252 Cumeuim
2142 2181 2255 2250 jam
2290 2192 2466 2235 textus
2494 2181 2714 2252 Grzgcus
2745 2182 2985 2252 perierit,
3021 2183 3108 2235 vix
3133 2180 3293 2236 certo
3313 2180 3567 2251 distingui
3599 2193 3792 2252 potest

544 2251 634 2323 ubi
671 2252 816 2304 solus
845 2251 1103 2316 Origenes
1129 2252 1401 2318 loquatur,
1436 2257 1530 2303 aut
1557 2250 1646 2303 ubi
1680 2265 1809 2304 suas
1843 2251 2245 2323 nobisAmerces
2293 2252 2541 2323 obtrudat
2591 2250 2837 2306 Rufinus.
2889 2251 3020 2323 Utut
3069 2263 3170 2319 est,
3201 2267 3322 2323 cum
3350 2250 3794 2323 externporaueze

542 2321 652 2374 sint
688 2323 770 2375 ha:
805 2323 1059 2384 homilize,
1088 2337 1152 2375 ex
1181 2323 1391 2374 illarum
1420 2334 1644 2392 numero
1680 2329 1809 2392 sunt
1835 2335 1969 2388 quas
1999 2319 2261 2391 Origenes
2287 2332 2426 2376 teste
2459 2321 2692 2374 Eusebio
2729 2323 2823 2375 lib.
2857 2337 2907 2375 Vl
2953 2322 3156 2378 Histor.
3200 2321 3353 2388 eccl.,
3386 2339 3508 2392 cap.
3530 2319 3632 2389 ’36,
3661 2325 3785 2392 jam

543 2392 904 2465 sexagenario
925 2407 1162 2465 majora
1182 2393 1406 2465 notariis
1427 2389 1606 2457 excipi
1640 2391 1913 2458 permisit,
1949 2406 2072 2445 cum
2107 2389 2162 2445 id
2213 2404 2374 2446 antea
2411 2393 2525 2446 ﬁeri
2561 2408 2833 2462 iiiiuquam
2875 2393 3232 2448 concessisset
3257 2409 3272 2458 ;
3297 2389 3626 2465 proindeque
3651 2389 3790 2464 post

540 2473 745 2515 annum
778 2461 978 2517 Christi
1013 2462 1118 2518 ’245
1153 2462 1348 2516 habitae
1382 2471 1531 2516 sunt.

1333 2741 1561 2866 ΕΚ
1631 2735 1968 2865 ΤΩΝ
2041 2733 2977 2866 ΩΡΙΓΕΝΟΥΣ

1692 2975 1866 3061 ΕΙΣ
1900 2976 2130 3060 ΤΗΝ
2167 2964 2621 3061 ΕΞΟΔῡΝ

1320 3158 1418 3222 Εἰς
1464 3157 1524 3211 τό
1546 3174 1562 3190 ·
1627 3155 2003 3226 Ἑσκλήρυνε
2057 3156 2272 3224 Κύριος
2325 3154 2441 3224 τὴν
2491 3156 2745 3224 καρδίαν
2797 3155 3022 3225 Φαραώ.

559 2606 3773 2636 ww

1758 3436 1924 3526 EX
1990 3433 2564 3530 ORIGENIS

1152 3645 2244 3768 COMMENTARIIS
2331 3646 2478 3760 IN
2567 3646 3157 3764 EXODUM

1504 3869 1560 3924 In
1587 3868 1714 3926 illud
1737 3885 1754 3923 :
1786 3867 2067 3923 Induravit
2097 3865 2354 3923 Dominus
2377 3884 2467 3922 cor
2493 3864 2813 3923 Pharaonis.

607 4157 720 4232 (‘29)
749 4177 768 4210 ι
810 4153 1081 4211 lnduravit
1113 4160 1291 4206 autem
1320 4147 1578 4203 Dominus
1595 4159 1689 4199 cor
1706 4143 2018 4208 Pha'aonis,
2044 4153 2098 4197 et
2125 4148 2174 4206 Α

2273 4161 2292 4193 ι
2341 4139 2664 4212 Ἐσκλήρυνε
2711 4137 2768 4191 δὲ
2801 4137 3002 4207 Κύριος
3037 4139 3134 4210 τὴν
3178 4141 3399 4212 καρδίαν
3430 4142 3646 4214 Φαραὼ,
3682 4146 3779 4197 καὶ

541 4229 715 4307 noluit
739 4247 1015 4302 dimittere
1045 4245 1193 4312 ipsos
1216 4241 1284 4293 τί.
1323 4257 1343 4290 ι
1377 4236 1553 4292 Verba
1586 4235 1673 4288 illa
1707 4234 1864 4288 toties
1887 4236 1939 4286 in
1958 4233 2101 4287 Exo-

2206 4235 2305 4288 οῦκ
2333 4229 2605 4302 ἠϐουλήθη
2631 4229 3007 4294 ἐξαποστεῖλαι
3035 4231 3251 4293 αὐτούς.
3283 4251 3300 4284 ι
3333 4233 3594 4297 Πολλάκις
3621 4237 3676 4286 ὲν
3706 4239 3773 4306 τῇ

539 4345 609 4398 do
634 4341 856 4411 repetita
898 4353 913 4390 :
949 4355 966 4388 ι
997 4332 1274 4388 lnduravit
1303 4329 1568 4383 Dominus
1594 4342 1688 4382 cor
1725 4323 2024 4380 Pharaonis
2048 4342 2094 4390 ;r

2221 4325 2413 4396 Ἐξόδῳ
2446 4324 2693 4395 κείμενον
2723 4323 2782 4375 τό
2805 4340 2817 4353 ·
2854 4342 2872 4374 ι
2909 4323 3235 4395 Ἐσκλήρυνε
3276 4325 3476 4397 Κύριος
3509 4327 3608 4398 τὴν
3635 4345 3775 4398 καρα-

537 4446 592 4491 et
623 4450 640 4488 ξ
677 4451 695 4485 ι
734 4427 844 4502 Ego
878 4427 1137 4482 induraho
1169 4439 1264 4479 cor
1304 4421 1626 4484 Pharaonis,
1662 4438 1681 4472 ι
1716 4419 1944 4473 lectores
1989 4417 2104 4473 fere

2208 4413 2326 4468 δίαν
2371 4415 2588 4489 Φαραὼ,
2641 4437 2659 4469 ι
2698 4419 2812 4480 καὶ,
2849 4436 2866 4467 ε
2922 4415 3061 4486 Ἐγὼ
3090 4417 3372 4488 σκληρυνῶ
3415 4418 3511 4488 τὴν
3553 4419 3776 4489 καρδίαν

537 4540 726 4582 omnes
752 4521 994 4584 turbant,
1027 4526 1138 4571 tum
1160 4515 1251 4585 qui
1271 4513 1566 4583 Scriptum
1588 4525 1692 4564 non
1716 4510 1967 4572 credunt,
1992 4516 2104 4562 tum

2211 4503 2428 4574 Φαραὼ,
2463 4525 2483 4557 ι
2534 4504 2717 4576 σχεδὸν
2744 4505 2948 4568 πάντας
2967 4505 3093 4568 τοὺς
3125 4505 3543 4577 ἐντυγχάνοντας
3573 4508 3773 4578 ταράσ-

535 4618 630 4689 qui
667 4631 726 4670 se
763 4611 984 4668 credere
1025 4608 1392 4677 proﬁtentur:
1438 4616 1543 4656 non
1567 4600 1914 4656 credentibus
1936 4599 2105 4662 enim,

2216 4611 2318 4659 σει,
2369 4597 2496 4660 τοῦς
2544 4615 2605 4650 τε
2638 4599 2999 4663 ἀπιστοῦντας
3038 4600 3173 4670 αὐτῇ
3216 4601 3307 4653 καὶ
3340 4601 3462 4663 τοὺς
3503 4599 3775 4653 πιστεύειν

539 4686 597 4766 id
627 4720 838 4778 quoque
884 4717 1006 4758 cum
1063 4699 1187 4752 aliis
1227 4695 1428 4756 multis,
1477 4707 1582 4748 non
1627 4691 1888 4748 credendi
1943 4702 2109 4744 causa

2213 4686 2484 4757 λέγοντας.
2530 4689 2652 4754 Τοῖς
2683 4690 2781 4760 μὲν
2818 4691 2924 4762 γὰρ
2968 4691 3254 4744 ἀπιστοῦσι
3291 4691 3405 4761 μετ’
3439 4690 3609 4744 ἄλλων
3643 4691 3773 4744 πολ-

537 4813 662 4856 esse
685 4797 918 4857 videtur,
945 4791 1070 4861 quia
1098 4791 1163 4844 de
1203 4787 1312 4842 Deo
1337 4785 1554 4856 indigna
1580 4783 1689 4837 Deo
1718 4783 1990 4837 dicuntur.
2021 4779 2105 4834 ln-

2214 4779 2319 4832 λῶν
2345 4782 2438 4834 καὶ
2458 4781 2615 4834 τοῦτο
2645 4783 2898 4846 ἀπιστίας
2937 4783 3110 4836 αἴτιον
3139 4779 3276 4837 εἶναι
3315 4782 3478 4844 δοκεῖ,
3510 4783 3592 4836 ὅτι
3625 4783 3774 4852 λέγε-

543 4889 766 4958 dignum
809 4895 988 4939 autem
1029 4883 1138 4937 Deo
1178 4887 1283 4942 est,
1315 4877 1568 4932 duritiem
1611 4873 1821 4929 efﬁcere
1854 4872 1904 4925 in
1939 4871 2105 4927 corde

2207 4888 2297 4925 ται
2325 4873 2452 4944 περὶ
2475 4873 2608 4926 Θεοῦ
2633 4875 2702 4928 τὰ
2742 4876 2935 4942 ἀνάξια
2975 4875 3131 4929 Θεοῦ.
3173 4876 3412 4940 Ἀνὰξιον
3449 4875 3506 4928 δὲ
3547 4875 3681 4928 Θεοῦ
3714 4876 3773 4929 τὸ

553 4980 867 5050 cujusquam
900 4987 955 5030 et
1005 4972 1214 5030 edicere
1241 4971 1494 5025 duritiem
1531 4978 1590 5022 ut
1613 4968 1735 5036 quis
1764 4965 1980 5020 resistat
2006 4979 2102 5016 vn-

2208 4965 2452 5036 ὲνεργεῖν
2487 4964 2810 5036 σκλήρυνσιν
2865 4967 2995 5039 περὶ
3041 4967 3264 5039 καρδίαν
3314 4968 3639 5032 οὑτινοσοῦν,
3682 4969 3774 5022 καὶ

550 5070 744 5124 luntati
776 5068 894 5139 ejus
925 5066 1016 5137 qui
1071 5065 1291 5121 indurat
1325 5079 1338 5114 :
1381 5059 1452 5113 Et
1503 5056 1793 5128 quomodo,
1831 5055 2098 5125 inquiunt,

2207 5056 2446 5126 ἐνεργεῖν
2475 5058 2608 5128 σκλή
2619 5074 2798 5128 ρυνσιν
2837 5060 2929 5112 ἐπὶ
2953 5059 3030 5129 τῷ
3056 5059 3345 5130 ἀπειθῆσαι
3373 5061 3450 5130 τῷ
3478 5059 3771 5132 βουλήματι

543 5161 832 5217 absurdum
871 5174 976 5214 non
1007 5167 1113 5223 est,
1151 5153 1394 5224 quaedam
1447 5149 1628 5204 facere
1659 5147 1848 5211 Deum,
1879 5155 1936 5198 ut
1982 5145 2103 5215 quis

2207 5148 2301 5202 τοῦ
2333 5148 2722 5221 σκληρύνοντος
2743 5152 2836 5205 τὸν
2871 5151 3300 5223 σκληρυνόμενον
3325 5171 3337 5182 ·
3357 5153 3467 5208 Καὶ
3506 5153 3644 5220 πῶς,
3677 5172 3780 5224 φα-

541 5251 660 5324 ejus
685 5249 945 5306 voluntati
995 5263 1100 5302 non
1135 5243 1351 5316 parcat?
1392 5241 1655 5297 Videntur
1685 5238 1829 5295 enim
1873 5235 2103 5291 uolentis

2212 5239 2314 5303 σὶν,
2343 5239 2442 5292 οὐκ
2465 5240 2660 5295 ἄτοπον
2680 5243 2770 5295 τὸν
2793 5241 2923 5295 Θεὸν
2950 5244 3189 5314 ἐνεργεῖν
3219 5260 3360 5309 τινα,
3393 5245 3484 5296 ἐπὶ
3510 5243 3587 5315 τῷ
3617 5246 3773 5305 ἄπει.

616 5387 666 5420 ’⁸
706 5385 876 5441 Exod.
912 5401 968 5450 x,
996 5384 1087 5439 ‘27.

611 5501 726 5573 (29)
773 5500 1067 5571 Sequentia
1120 5499 1439 5573 fragmenta
1476 5495 2008 5573 Commentariorum
2031 5493 2090 5545 in
2201 5507 2325 5573 cum
2343 5495 2550 5573 duobus
2570 5493 2894 5573 ngiismno
2915 5495 3341 5573 Quisliniauo,_et
3355 5498 3525 5573 altero
3544 5499 3772 5558 ebiblio~

542 5564 786 5627 Erotium
811 5564 1088 5641 desumpta
1122 5564 1246 5624 sunt
1270 5585 1298 5621 e
1315 5567 1627 5623 Philocaliw
1651 5569 1828 5634 capite
1847 5564 2105 5641 vicesimo
2214 5565 2369 5621 theca
2387 5565 2590 5622 domini
2605 5564 2646 5621 F
2649 5566 2877 5622 oucauhl
2912 5565 3044 5636 Hegi
3065 5583 3095 5622 a
3112 5569 3479 5624 sanctioribus
3503 5573 3771 5631 consiliis.

541 5641 860 5716 sexto,quod
888 5633 1216 5700 coniulimus
1255 5655 1374 5696 cum
1423 5648 1654 5710 quatuor
1693 5633 1850 5704 mss.,
1888 5633 2094 5692 scilicet
