  <div class='ocr_page' id='page_1' title='image "/cluster/home/n/w/nwhite01/storage/ocr_20150623/12/mdp.39015028786690/142.png"; bbox 0 0 4050 6142; ppageno 0'>
   <div class='ocr_carea' id='block_1_1' title="bbox 335 179 438 239">
    <p class='ocr_par' dir='ltr' id='par_1_1' title="bbox 335 179 438 239">
     <span class='ocr_line' id='line_1_1' title="bbox 335 179 438 239; baseline -0.029 0"><span class='ocrx_word' id='word_1_1' title='bbox 335 179 438 239; x_wconf 70' lang='grc' dir='ltr'><strong>Ξϐὗ</strong></span> 
     </span>
    </p>
   </div>
   <div class='ocr_carea' id='block_1_2' title="bbox 1773 168 2180 232">
    <p class='ocr_par' dir='ltr' id='par_1_2' title="bbox 1773 168 2180 232">
     <span class='ocr_line' id='line_1_2' title="bbox 1773 168 2180 232; baseline -0.007 -2"><span class='ocrx_word' id='word_1_2' title='bbox 1773 168 1841 230; x_wconf 79' lang='grc' dir='ltr'><strong>ῘΝ</strong></span> <span class='ocrx_word' id='word_1_3' title='bbox 1873 171 2180 232; x_wconf 74' lang='lat' dir='ltr'><strong>EXODUM.</strong></span> 
     </span>
    </p>
   </div>
   <div class='ocr_carea' id='block_1_3' title="bbox 3464 178 3561 233">
    <p class='ocr_par' dir='ltr' id='par_1_3' title="bbox 3464 178 3561 233">
     <span class='ocr_line' id='line_1_3' title="bbox 3464 178 3561 233; baseline -0.021 -1"><span class='ocrx_word' id='word_1_4' title='bbox 3464 178 3561 233; x_wconf 68' lang='lat' dir='ltr'><strong>36f</strong></span> 
     </span>
    </p>
   </div>
   <div class='ocr_carea' id='block_1_4' title="bbox 333 287 1901 369">
    <p class='ocr_par' dir='ltr' id='par_1_4' title="bbox 333 288 1901 369">
     <span class='ocr_line' id='line_1_4' title="bbox 333 288 1901 369; baseline -0.003 -17"><span class='ocrx_word' id='word_1_5' title='bbox 333 297 437 352; x_wconf 74' lang='grc' dir='ltr'>θεῖν</span> <span class='ocrx_word' id='word_1_6' title='bbox 460 293 625 350; x_wconf 76' lang='grc' dir='ltr'>αὐτοῦ</span> <span class='ocrx_word' id='word_1_7' title='bbox 661 294 738 366; x_wconf 79' lang='grc' dir='ltr'>τῷ</span> <span class='ocrx_word' id='word_1_8' title='bbox 780 294 1118 369; x_wconf 70' lang='grc' dir='ltr'>βουλήματιε</span> <span class='ocrx_word' id='word_1_9' title='bbox 1157 288 1313 367; x_wconf 72' lang='grc' dir='ltr'>δῆλον</span> <span class='ocrx_word' id='word_1_10' title='bbox 1338 297 1446 368; x_wconf 74' lang='grc' dir='ltr'>γὰρ</span> <span class='ocrx_word' id='word_1_11' title='bbox 1479 296 1560 350; x_wconf 82' lang='grc' dir='ltr'><strong>ὅτι</strong></span> <span class='ocrx_word' id='word_1_12' title='bbox 1607 295 1682 367; x_wconf 80' lang='grc' dir='ltr'>μὴ</span> <span class='ocrx_word' id='word_1_13' title='bbox 1727 294 1901 365; x_wconf 86' lang='grc' dir='ltr'>βουλο-</span> 
     </span>
    </p>
   </div>
   <div class='ocr_carea' id='block_1_5' title="bbox 2005 287 3567 369">
    <p class='ocr_par' dir='ltr' id='par_1_5' title="bbox 2006 287 3567 360">
     <span class='ocr_line' id='line_1_5' title="bbox 2006 287 3567 360; baseline 0.004 -14"><span class='ocrx_word' id='word_1_14' title='bbox 2006 292 2335 360; x_wconf 82' lang='lat' dir='ltr'><strong>morigerum</strong></span> <span class='ocrx_word' id='word_1_15' title='bbox 2374 289 2575 346; x_wconf 88' lang='lat' dir='ltr'><strong>habere</strong></span> <span class='ocrx_word' id='word_1_16' title='bbox 2613 287 2880 343; x_wconf 75' lang='lat' dir='ltr'><strong>mandatis</strong></span> <span class='ocrx_word' id='word_1_17' title='bbox 2928 290 3040 345; x_wconf 88' lang='lat' dir='ltr'><strong>suis</strong></span> <span class='ocrx_word' id='word_1_18' title='bbox 3086 289 3424 349; x_wconf 80' lang='lat' dir='ltr'><strong>Pharaonem</strong></span> <span class='ocrx_word' id='word_1_19' title='bbox 3453 295 3567 352; x_wconf 72' lang='lat' dir='ltr'><strong>haec</strong></span> 
     </span>
    </p>
   </div>
   <div class='ocr_carea' id='block_1_6' title="bbox 337 384 1903 459">
    <p class='ocr_par' dir='ltr' id='par_1_6' title="bbox 337 384 1903 459">
     <span class='ocr_line' id='line_1_6' title="bbox 337 384 1903 459; baseline -0.002 -18"><span class='ocrx_word' id='word_1_20' title='bbox 337 387 489 459; x_wconf 81' lang='grc' dir='ltr'>μένου</span> <span class='ocrx_word' id='word_1_21' title='bbox 520 385 843 458; x_wconf 80' lang='grc' dir='ltr'>πειθόμενον</span> <span class='ocrx_word' id='word_1_22' title='bbox 866 387 1011 458; x_wconf 77' lang='grc' dir='ltr'>ἐχειν</span> <span class='ocrx_word' id='word_1_23' title='bbox 1036 386 1144 458; x_wconf 82' lang='grc'><strong>(50)</strong></span> <span class='ocrx_word' id='word_1_24' title='bbox 1170 384 1253 451; x_wconf 74' lang='grc' dir='ltr'><strong>οἷς</strong></span> <span class='ocrx_word' id='word_1_25' title='bbox 1291 387 1623 457; x_wconf 81' lang='grc' dir='ltr'><strong>προστάσσει</strong></span> <span class='ocrx_word' id='word_1_26' title='bbox 1664 384 1755 439; x_wconf 84' lang='grc' dir='ltr'>τὸν</span> <span class='ocrx_word' id='word_1_27' title='bbox 1796 386 1903 438; x_wconf 76' lang='grc' dir='ltr'><strong>Φα-</strong></span> 
     </span>
    </p>
   </div>
   <div class='ocr_carea' id='block_1_7' title="bbox 336 475 1904 550">
    <p class='ocr_par' dir='ltr' id='par_1_7' title="bbox 336 475 1904 550">
     <span class='ocr_line' id='line_1_7' title="bbox 336 475 1904 550; baseline 0 -22"><span class='ocrx_word' id='word_1_28' title='bbox 336 475 637 550; x_wconf 72' lang='grc' dir='ltr'>ραίυταῦτα</span> <span class='ocrx_word' id='word_1_29' title='bbox 664 477 813 530; x_wconf 80' lang='grc' dir='ltr'>δοκεῖ</span> <span class='ocrx_word' id='word_1_30' title='bbox 842 477 1097 544; x_wconf 78' lang='grc' dir='ltr'>λέγεσθαι</span> <span class='ocrx_word' id='word_1_31' title='bbox 1135 476 1206 530; x_wconf 84' lang='grc' dir='ltr'><strong>τὰ</strong></span> <span class='ocrx_word' id='word_1_32' title='bbox 1248 478 1484 548; x_wconf 80' lang='grc' dir='ltr'>ῥήματα.</span> <span class='ocrx_word' id='word_1_33' title='bbox 1541 477 1666 539; x_wconf 83' lang='grc' dir='ltr'><strong>Τοῖς</strong></span> <span class='ocrx_word' id='word_1_34' title='bbox 1699 475 1756 528; x_wconf 87' lang='grc' dir='ltr'>δὲ</span> <span class='ocrx_word' id='word_1_35' title='bbox 1809 494 1904 529; x_wconf 86' lang='grc' dir='ltr'><strong>πι-</strong></span> 
     </span>
    </p>
   </div>
   <div class='ocr_carea' id='block_1_8' title="bbox 336 566 1904 639">
    <p class='ocr_par' dir='ltr' id='par_1_8' title="bbox 336 566 1904 639">
     <span class='ocr_line' id='line_1_8' title="bbox 336 566 1904 639; baseline 0 -20"><span class='ocrx_word' id='word_1_36' title='bbox 336 566 542 620; x_wconf 84' lang='grc' dir='ltr'>στεύειν</span> <span class='ocrx_word' id='word_1_37' title='bbox 585 567 965 638; x_wconf 76' lang='grc' dir='ltr'><strong>νομιζομένοις</strong></span> <span class='ocrx_word' id='word_1_38' title='bbox 987 568 1251 637; x_wconf 79' lang='grc' dir='ltr'><strong>διαφωνία</strong></span> <span class='ocrx_word' id='word_1_39' title='bbox 1278 570 1377 638; x_wconf 83' lang='grc' dir='ltr'><strong>οὐχ</strong></span> <span class='ocrx_word' id='word_1_40' title='bbox 1422 571 1455 639; x_wconf 86' lang='grc' dir='ltr'><strong>ή</strong></span> <span class='ocrx_word' id='word_1_41' title='bbox 1484 567 1720 638; x_wconf 78' lang='grc' dir='ltr'><strong>τυχοῦσα</strong></span> <span class='ocrx_word' id='word_1_42' title='bbox 1741 567 1904 636; x_wconf 84' lang='grc' dir='ltr'><strong>γεγέ-</strong></span> 
     </span>
    </p>
   </div>
   <div class='ocr_carea' id='block_1_9' title="bbox 332 657 1904 731">
    <p class='ocr_par' dir='ltr' id='par_1_9' title="bbox 332 657 1904 731">
     <span class='ocr_line' id='line_1_9' title="bbox 332 657 1904 731; baseline -0.001 -20"><span class='ocrx_word' id='word_1_43' title='bbox 332 676 502 727; x_wconf 71' lang='grc' dir='ltr'>νηται,</span> <span class='ocrx_word' id='word_1_44' title='bbox 558 658 648 712; x_wconf 81' lang='grc' dir='ltr'>διὰ</span> <span class='ocrx_word' id='word_1_45' title='bbox 702 658 798 711; x_wconf 86' lang='grc' dir='ltr'>τό·</span> <span class='ocrx_word' id='word_1_46' title='bbox 832 677 852 709; x_wconf 78' lang='grc' dir='ltr'>ι</span> <span class='ocrx_word' id='word_1_47' title='bbox 904 659 1233 730; x_wconf 85' lang='grc' dir='ltr'>Ἐσκλήρυνε</span> <span class='ocrx_word' id='word_1_48' title='bbox 1287 660 1491 731; x_wconf 87' lang='grc' dir='ltr'>Κύριος</span> <span class='ocrx_word' id='word_1_49' title='bbox 1540 658 1638 729; x_wconf 83' lang='grc' dir='ltr'>τὴν</span> <span class='ocrx_word' id='word_1_50' title='bbox 1678 657 1904 729; x_wconf 76' lang='grc' dir='ltr'>καρδίαν</span> 
     </span>
    </p>
   </div>
   <div class='ocr_carea' id='block_1_10' title="bbox 330 746 1902 823">
    <p class='ocr_par' dir='ltr' id='par_1_10' title="bbox 330 746 1902 823">
     <span class='ocr_line' id='line_1_10' title="bbox 330 746 1902 823; baseline -0.001 -19"><span class='ocrx_word' id='word_1_51' title='bbox 330 750 560 822; x_wconf 59' lang='grc' dir='ltr'>Φαραὼο</span> <span class='ocrx_word' id='word_1_52' title='bbox 604 770 624 802; x_wconf 70' lang='grc' dir='ltr'>ι</span> <span class='ocrx_word' id='word_1_53' title='bbox 668 752 717 804; x_wconf 86' lang='lat' dir='ltr'><strong>0i.</strong></span> <span class='ocrx_word' id='word_1_54' title='bbox 768 751 868 822; x_wconf 85' lang='grc' dir='ltr'>μὲν</span> <span class='ocrx_word' id='word_1_55' title='bbox 924 751 1034 823; x_wconf 82' lang='grc' dir='ltr'><strong>γὰρ</strong></span> <span class='ocrx_word' id='word_1_56' title='bbox 1074 752 1386 823; x_wconf 83' lang='grc' dir='ltr'><strong>πειθόμενοι</strong></span> <span class='ocrx_word' id='word_1_57' title='bbox 1435 752 1508 823; x_wconf 86' lang='grc' dir='ltr'>μὴ</span> <span class='ocrx_word' id='word_1_58' title='bbox 1549 750 1706 805; x_wconf 83' lang='grc' dir='ltr'>ἄλλον</span> <span class='ocrx_word' id='word_1_59' title='bbox 1760 746 1902 804; x_wconf 81' lang='grc' dir='ltr'>εἶναι</span> 
     </span>
    </p>
   </div>
   <div class='ocr_carea' id='block_1_11' title="bbox 331 842 1906 918">
    <p class='ocr_par' dir='ltr' id='par_1_11' title="bbox 331 842 1906 918">
     <span class='ocr_line' id='line_1_11' title="bbox 331 842 1906 918; baseline 0.003 -22"><span class='ocrx_word' id='word_1_60' title='bbox 331 842 459 896; x_wconf 80' lang='grc' dir='ltr'>Θεὸν</span> <span class='ocrx_word' id='word_1_61' title='bbox 503 842 659 915; x_wconf 83' lang='grc' dir='ltr'>παρά</span> <span class='ocrx_word' id='word_1_62' title='bbox 693 844 787 897; x_wconf 82' lang='grc' dir='ltr'>τὸν</span> <span class='ocrx_word' id='word_1_63' title='bbox 833 844 1160 917; x_wconf 77' lang='grc' dir='ltr'>δημιουργὸν</span> <span class='ocrx_word' id='word_1_64' title='bbox 1206 845 1494 917; x_wconf 79' lang='grc' dir='ltr'>φρονοῦσιν</span> <span class='ocrx_word' id='word_1_65' title='bbox 1519 845 1594 909; x_wconf 84' lang='grc' dir='ltr'>ὡς</span> <span class='ocrx_word' id='word_1_66' title='bbox 1622 846 1732 918; x_wconf 79' lang='grc' dir='ltr'>ἄρα</span> <span class='ocrx_word' id='word_1_67' title='bbox 1764 846 1906 900; x_wconf 76' lang='grc' dir='ltr'>κατὰ</span> 
     </span>
    </p>
   </div>
   <div class='ocr_carea' id='block_1_12' title="bbox 329 938 1907 1012">
    <p class='ocr_par' dir='ltr' id='par_1_12' title="bbox 329 938 1907 1012">
     <span class='ocr_line' id='line_1_12' title="bbox 329 938 1907 1012; baseline 0.002 -21"><span class='ocrx_word' id='word_1_68' title='bbox 329 938 717 1010; x_wconf 78' lang='grc' dir='ltr'>ἁποκλήρωσιν</span> <span class='ocrx_word' id='word_1_69' title='bbox 748 940 776 991; x_wconf 88' lang='grc' dir='ltr'>ὁ</span> <span class='ocrx_word' id='word_1_70' title='bbox 800 940 932 1005; x_wconf 80' lang='grc' dir='ltr'><strong>Θεὸς</strong></span> <span class='ocrx_word' id='word_1_71' title='bbox 962 941 1021 994; x_wconf 86' lang='grc' dir='ltr'>ὃν</span> <span class='ocrx_word' id='word_1_72' title='bbox 1039 940 1178 993; x_wconf 83' lang='grc' dir='ltr'>θέλει</span> <span class='ocrx_word' id='word_1_73' title='bbox 1216 940 1373 1005; x_wconf 76' lang='grc' dir='ltr'>ἐλεεῖ,</span> <span class='ocrx_word' id='word_1_74' title='bbox 1405 940 1463 993; x_wconf 84' lang='grc' dir='ltr'>ὃν</span> <span class='ocrx_word' id='word_1_75' title='bbox 1495 940 1551 993; x_wconf 87' lang='grc' dir='ltr'>δὲ</span> <span class='ocrx_word' id='word_1_76' title='bbox 1572 939 1714 993; x_wconf 79' lang='grc' dir='ltr'>θέλει</span> <span class='ocrx_word' id='word_1_77' title='bbox 1744 940 1907 1012; x_wconf 82' lang='grc' dir='ltr'>σκλη-</span> 
     </span>
    </p>
   </div>
   <div class='ocr_carea' id='block_1_13' title="bbox 332 1027 1903 1102">
    <p class='ocr_par' dir='ltr' id='par_1_13' title="bbox 332 1027 1903 1102">
     <span class='ocr_line' id='line_1_13' title="bbox 332 1027 1903 1102; baseline 0.001 -18"><span class='ocrx_word' id='word_1_78' title='bbox 332 1030 498 1102; x_wconf 75' lang='grc' dir='ltr'>ρύνει,</span> <span class='ocrx_word' id='word_1_79' title='bbox 524 1030 729 1083; x_wconf 79' lang='grc' dir='ltr'>αἰτίαν</span> <span class='ocrx_word' id='word_1_80' title='bbox 756 1032 858 1085; x_wconf 84' lang='grc' dir='ltr'><strong>οὐκ</strong></span> <span class='ocrx_word' id='word_1_81' title='bbox 898 1032 1114 1102; x_wconf 84' lang='grc' dir='ltr'>ἔχοντος</span> <span class='ocrx_word' id='word_1_82' title='bbox 1142 1030 1258 1097; x_wconf 87' lang='grc' dir='ltr'>τοῦ,</span> <span class='ocrx_word' id='word_1_83' title='bbox 1294 1031 1444 1085; x_wconf 80' lang='grc' dir='ltr'><strong>τόνδε</strong></span> <span class='ocrx_word' id='word_1_84' title='bbox 1480 1030 1579 1102; x_wconf 82' lang='grc' dir='ltr'>μὲν</span> <span class='ocrx_word' id='word_1_85' title='bbox 1619 1027 1903 1095; x_wconf 79' lang='grc' dir='ltr'>ἐλεεῖσθαι,</span> 
     </span>
    </p>
   </div>
   <div class='ocr_carea' id='block_1_14' title="bbox 328 1121 1905 1194">
    <p class='ocr_par' dir='ltr' id='par_1_14' title="bbox 328 1121 1905 1194">
     <span class='ocr_line' id='line_1_14' title="bbox 328 1121 1905 1194; baseline 0.001 -20"><span class='ocrx_word' id='word_1_86' title='bbox 328 1122 475 1175; x_wconf 78' lang='grc' dir='ltr'>τόνδε</span> <span class='ocrx_word' id='word_1_87' title='bbox 503 1121 563 1174; x_wconf 78' lang='grc' dir='ltr'>δὲ</span> <span class='ocrx_word' id='word_1_88' title='bbox 598 1122 997 1194; x_wconf 79' lang='grc' dir='ltr'>σκληρύνεσθαι</span> <span class='ocrx_word' id='word_1_89' title='bbox 1036 1124 1126 1177; x_wconf 84' lang='grc' dir='ltr'><strong>ὑπ’</strong></span> <span class='ocrx_word' id='word_1_90' title='bbox 1161 1123 1345 1177; x_wconf 77' lang='grc' dir='ltr'>αὐτοῦ.</span> <span class='ocrx_word' id='word_1_91' title='bbox 1376 1125 1592 1194; x_wconf 86' lang='grc' dir='ltr'>Ἔτεροι</span> <span class='ocrx_word' id='word_1_92' title='bbox 1616 1124 1672 1177; x_wconf 82' lang='grc' dir='ltr'>δὲ</span> <span class='ocrx_word' id='word_1_93' title='bbox 1704 1122 1905 1193; x_wconf 85' lang='grc' dir='ltr'>βέλτιον</span> 
     </span>
    </p>
   </div>
   <div class='ocr_carea' id='block_1_15' title="bbox 331 1216 1907 1288">
    <p class='ocr_par' dir='ltr' id='par_1_15' title="bbox 331 1216 1907 1288">
     <span class='ocr_line' id='line_1_15' title="bbox 331 1216 1907 1288; baseline -0.001 -19"><span class='ocrx_word' id='word_1_94' title='bbox 331 1216 477 1287; x_wconf 71' lang='grc' dir='ltr'>παρὰ</span> <span class='ocrx_word' id='word_1_95' title='bbox 502 1217 728 1279; x_wconf 75' lang='grc' dir='ltr'><strong>τούτους</strong></span> <span class='ocrx_word' id='word_1_96' title='bbox 752 1216 1060 1288; x_wconf 73' lang='grc' dir='ltr'>φερόμενοι,</span> <span class='ocrx_word' id='word_1_97' title='bbox 1090 1218 1222 1284; x_wconf 70' lang='grc' dir='ltr'>φασὶ</span> <span class='ocrx_word' id='word_1_98' title='bbox 1244 1216 1411 1269; x_wconf 84' lang='grc' dir='ltr'>πολλὰ</span> <span class='ocrx_word' id='word_1_99' title='bbox 1440 1218 1534 1271; x_wconf 70' lang='grc' dir='ltr'>καὶ</span> <span class='ocrx_word' id='word_1_100' title='bbox 1558 1217 1688 1271; x_wconf 83' lang='grc' dir='ltr'>ἄλλα</span> <span class='ocrx_word' id='word_1_101' title='bbox 1710 1216 1907 1287; x_wconf 86' lang='grc' dir='ltr'>κεκρύ-</span> 
     </span>
    </p>
   </div>
   <div class='ocr_carea' id='block_1_16' title="bbox 326 1308 1907 1381">
    <p class='ocr_par' dir='ltr' id='par_1_16' title="bbox 326 1308 1907 1381">
     <span class='ocr_line' id='line_1_16' title="bbox 326 1308 1907 1381; baseline 0 -20"><span class='ocrx_word' id='word_1_102' title='bbox 326 1308 455 1377; x_wconf 69' lang='grc' dir='ltr'>φθαι</span> <span class='ocrx_word' id='word_1_103' title='bbox 485 1310 589 1379; x_wconf 83' lang='grc' dir='ltr'>τῆς</span> <span class='ocrx_word' id='word_1_104' title='bbox 622 1309 846 1380; x_wconf 78' lang='grc' dir='ltr'>Γραφῆς</span> <span class='ocrx_word' id='word_1_105' title='bbox 868 1309 1051 1372; x_wconf 81' lang='grc' dir='ltr'>αὐτοῖς</span> <span class='ocrx_word' id='word_1_106' title='bbox 1073 1310 1340 1380; x_wconf 85' lang='grc' dir='ltr'>νοήματα,</span> <span class='ocrx_word' id='word_1_107' title='bbox 1377 1310 1469 1363; x_wconf 83' lang='grc' dir='ltr'>καὶ</span> <span class='ocrx_word' id='word_1_108' title='bbox 1488 1310 1547 1363; x_wconf 87' lang='grc' dir='ltr'><strong>οὐ</strong></span> <span class='ocrx_word' id='word_1_109' title='bbox 1574 1310 1722 1381; x_wconf 75' lang='grc' dir='ltr'>παρὰ</span> <span class='ocrx_word' id='word_1_110' title='bbox 1751 1309 1907 1362; x_wconf 87' lang='grc' dir='ltr'>τοῦτο</span> 
     </span>
    </p>
   </div>
   <div class='ocr_carea' id='block_1_17' title="bbox 326 1397 1906 1470">
    <p class='ocr_par' dir='ltr' id='par_1_17' title="bbox 326 1397 1906 1470">
     <span class='ocr_line' id='line_1_17' title="bbox 326 1397 1906 1470; baseline 0 -19"><span class='ocrx_word' id='word_1_111' title='bbox 326 1399 424 1468; x_wconf 82' lang='grc' dir='ltr'><strong>τῆς</strong></span> <span class='ocrx_word' id='word_1_112' title='bbox 444 1397 634 1467; x_wconf 77' lang='grc' dir='ltr'>ὑγιοῦς</span> <span class='ocrx_word' id='word_1_113' title='bbox 663 1399 897 1462; x_wconf 81' lang='grc' dir='ltr'>πίστεως</span> <span class='ocrx_word' id='word_1_114' title='bbox 915 1399 1210 1470; x_wconf 80' lang='grc' dir='ltr'>τρέπεσθαι</span> <span class='ocrx_word' id='word_1_115' title='bbox 1232 1416 1245 1429; x_wconf 88' lang='grc'><strong>·</strong></span> <span class='ocrx_word' id='word_1_116' title='bbox 1272 1399 1330 1453; x_wconf 81' lang='grc' dir='ltr'>ἓν</span> <span class='ocrx_word' id='word_1_117' title='bbox 1351 1398 1407 1452; x_wconf 81' lang='grc' dir='ltr'>δὲ</span> <span class='ocrx_word' id='word_1_118' title='bbox 1431 1399 1540 1453; x_wconf 86' lang='grc' dir='ltr'>τῶν</span> <span class='ocrx_word' id='word_1_119' title='bbox 1556 1400 1906 1470; x_wconf 86' lang='grc' dir='ltr'>ἀποκεκρυμ-</span> 
     </span>
    </p>
   </div>
   <div class='ocr_carea' id='block_1_18' title="bbox 331 1486 1904 1563">
    <p class='ocr_par' dir='ltr' id='par_1_18' title="bbox 331 1486 1904 1563">
     <span class='ocr_line' id='line_1_18' title="bbox 331 1486 1904 1563; baseline 0 -20"><span class='ocrx_word' id='word_1_120' title='bbox 331 1490 509 1559; x_wconf 85' lang='grc' dir='ltr'>μένων</span> <span class='ocrx_word' id='word_1_121' title='bbox 543 1486 684 1543; x_wconf 78' lang='grc' dir='ltr'>εἶναι</span> <span class='ocrx_word' id='word_1_122' title='bbox 735 1491 829 1543; x_wconf 75' lang='grc' dir='ltr'><strong>καὶ</strong></span> <span class='ocrx_word' id='word_1_123' title='bbox 869 1488 959 1544; x_wconf 81' lang='grc' dir='ltr'>τὸν</span> <span class='ocrx_word' id='word_1_124' title='bbox 1008 1492 1135 1562; x_wconf 72' lang='grc' dir='ltr'>περὶ</span> <span class='ocrx_word' id='word_1_125' title='bbox 1167 1490 1370 1563; x_wconf 82' lang='grc' dir='ltr'><strong>ταύτης</strong></span> <span class='ocrx_word' id='word_1_126' title='bbox 1403 1492 1501 1562; x_wconf 84' lang='grc' dir='ltr'>τῆς</span> <span class='ocrx_word' id='word_1_127' title='bbox 1544 1491 1759 1563; x_wconf 76' lang='grc' dir='ltr'>γραφῆς</span> <span class='ocrx_word' id='word_1_128' title='bbox 1794 1492 1904 1559; x_wconf 79' lang='lat' dir='ltr'><strong>(5i)</strong></span> 
     </span>
    </p>
   </div>
   <div class='ocr_carea' id='block_1_19' title="bbox 330 1582 1905 1657">
    <p class='ocr_par' dir='ltr' id='par_1_19' title="bbox 330 1582 1905 1657">
     <span class='ocr_line' id='line_1_19' title="bbox 330 1582 1905 1657; baseline 0.001 -21"><span class='ocrx_word' id='word_1_129' title='bbox 330 1582 457 1652; x_wconf 73' lang='grc' dir='ltr'><strong>ὖγιῆ</strong></span> <span class='ocrx_word' id='word_1_130' title='bbox 482 1583 661 1652; x_wconf 75' lang='grc' dir='ltr'>λόγον.</span> <span class='ocrx_word' id='word_1_131' title='bbox 692 1585 754 1638; x_wconf 81' lang='lat' dir='ltr'><strong>Oi</strong></span> <span class='ocrx_word' id='word_1_132' title='bbox 808 1584 863 1638; x_wconf 88' lang='grc' dir='ltr'>δὲ</span> <span class='ocrx_word' id='word_1_133' title='bbox 902 1583 1086 1655; x_wconf 74' lang='grc' dir='ltr'>ἕτερον</span> <span class='ocrx_word' id='word_1_134' title='bbox 1128 1583 1248 1639; x_wconf 80' lang='grc' dir='ltr'>θεὸν</span> <span class='ocrx_word' id='word_1_135' title='bbox 1286 1585 1583 1653; x_wconf 79' lang='grc' dir='ltr'><strong>φάσκοντες</strong></span> <span class='ocrx_word' id='word_1_136' title='bbox 1630 1585 1776 1657; x_wconf 77' lang='grc' dir='ltr'>παρὰ</span> <span class='ocrx_word' id='word_1_137' title='bbox 1817 1583 1905 1638; x_wconf 75' lang='grc' dir='ltr'><strong>τὸν</strong></span> 
     </span>
    </p>
   </div>
   <div class='ocr_carea' id='block_1_20' title="bbox 326 1672 1903 1745">
    <p class='ocr_par' dir='ltr' id='par_1_20' title="bbox 326 1672 1903 1745">
     <span class='ocr_line' id='line_1_20' title="bbox 326 1672 1903 1745; baseline 0.001 -17"><span class='ocrx_word' id='word_1_138' title='bbox 326 1673 683 1744; x_wconf 72' lang='grc' dir='ltr'>δημιουργὸν,</span> <span class='ocrx_word' id='word_1_139' title='bbox 718 1675 923 1728; x_wconf 88' lang='grc' dir='ltr'>δίκαιον</span> <span class='ocrx_word' id='word_1_140' title='bbox 949 1675 1045 1745; x_wconf 82' lang='grc' dir='ltr'>μὲν</span> <span class='ocrx_word' id='word_1_141' title='bbox 1080 1672 1243 1728; x_wconf 76' lang='grc' dir='ltr'>αὐτὸν</span> <span class='ocrx_word' id='word_1_142' title='bbox 1281 1672 1417 1729; x_wconf 83' lang='grc' dir='ltr'>εἶναι</span> <span class='ocrx_word' id='word_1_143' title='bbox 1442 1674 1652 1729; x_wconf 82' lang='grc' dir='ltr'><strong>θέλουσι</strong></span> <span class='ocrx_word' id='word_1_144' title='bbox 1680 1676 1774 1729; x_wconf 80' lang='grc' dir='ltr'>καὶ</span> <span class='ocrx_word' id='word_1_145' title='bbox 1803 1675 1903 1729; x_wconf 81' lang='grc' dir='ltr'>οὐκ</span> 
     </span>
    </p>
   </div>
   <div class='ocr_carea' id='block_1_21' title="bbox 328 1765 1902 1838">
    <p class='ocr_par' dir='ltr' id='par_1_21' title="bbox 328 1765 1902 1838">
     <span class='ocr_line' id='line_1_21' title="bbox 328 1765 1902 1838; baseline 0.002 -20"><span class='ocrx_word' id='word_1_146' title='bbox 328 1766 554 1834; x_wconf 67' lang='grc' dir='ltr'>ἀγαθὸν,</span> <span class='ocrx_word' id='word_1_147' title='bbox 587 1765 793 1838; x_wconf 80' lang='grc' dir='ltr'>σφόδρα</span> <span class='ocrx_word' id='word_1_148' title='bbox 840 1765 1122 1831; x_wconf 81' lang='grc' dir='ltr'>ἰδιωτικῶς</span> <span class='ocrx_word' id='word_1_149' title='bbox 1150 1768 1265 1838; x_wconf 73' lang='grc' dir='ltr'>ἅμα</span> <span class='ocrx_word' id='word_1_150' title='bbox 1300 1768 1392 1820; x_wconf 82' lang='grc' dir='ltr'>καὶ</span> <span class='ocrx_word' id='word_1_151' title='bbox 1415 1766 1626 1830; x_wconf 76' lang='grc' dir='ltr'>ἀσεόῶς</span> <span class='ocrx_word' id='word_1_152' title='bbox 1657 1766 1902 1838; x_wconf 77' lang='grc' dir='ltr'><strong>ἐνεχθέν-</strong></span> 
     </span>
    </p>
   </div>
   <div class='ocr_carea' id='block_1_22' title="bbox 329 1856 1903 1930">
    <p class='ocr_par' dir='ltr' id='par_1_22' title="bbox 329 1856 1903 1930">
     <span class='ocr_line' id='line_1_22' title="bbox 329 1856 1903 1930; baseline 0 -19"><span class='ocrx_word' id='word_1_153' title='bbox 329 1875 440 1922; x_wconf 80' lang='grc' dir='ltr'>τες,</span> <span class='ocrx_word' id='word_1_154' title='bbox 499 1859 557 1911; x_wconf 77' lang='grc' dir='ltr'>ἐν</span> <span class='ocrx_word' id='word_1_155' title='bbox 613 1857 690 1928; x_wconf 79' lang='grc' dir='ltr'>τῷ</span> <span class='ocrx_word' id='word_1_156' title='bbox 734 1857 986 1929; x_wconf 77' lang='grc' dir='ltr'><strong>χωρίζειν</strong></span> <span class='ocrx_word' id='word_1_157' title='bbox 1034 1856 1379 1930; x_wconf 85' lang='grc' dir='ltr'>δικαιοσύνην</span> <span class='ocrx_word' id='word_1_158' title='bbox 1428 1857 1782 1928; x_wconf 77' lang='grc' dir='ltr'>ἀγαθότητος,</span> <span class='ocrx_word' id='word_1_159' title='bbox 1809 1858 1903 1911; x_wconf 75' lang='grc' dir='ltr'>καὶ</span> 
     </span>
    </p>
   </div>
   <div class='ocr_carea' id='block_1_23' title="bbox 330 1945 1905 2020">
    <p class='ocr_par' dir='ltr' id='par_1_23' title="bbox 330 1945 1905 2020">
     <span class='ocr_line' id='line_1_23' title="bbox 330 1945 1905 2020; baseline 0.001 -19"><span class='ocrx_word' id='word_1_160' title='bbox 330 1948 541 2002; x_wconf 77' lang='grc' dir='ltr'>οἴεσθαι</span> <span class='ocrx_word' id='word_1_161' title='bbox 568 1950 652 2003; x_wconf 83' lang='grc' dir='ltr'>ὅτι</span> <span class='ocrx_word' id='word_1_162' title='bbox 676 1945 788 2003; x_wconf 77' lang='grc' dir='ltr'>οἷόν</span> <span class='ocrx_word' id='word_1_163' title='bbox 805 1949 867 2002; x_wconf 82' lang='grc' dir='ltr'>τέ</span> <span class='ocrx_word' id='word_1_164' title='bbox 903 1951 1019 2004; x_wconf 77' lang='grc' dir='ltr'>ἐστι</span> <span class='ocrx_word' id='word_1_165' title='bbox 1047 1950 1386 2020; x_wconf 79' lang='grc' dir='ltr'>δικαιοσύνην</span> <span class='ocrx_word' id='word_1_166' title='bbox 1412 1947 1551 2003; x_wconf 77' lang='grc' dir='ltr'>εἶναι</span> <span class='ocrx_word' id='word_1_167' title='bbox 1578 1949 1634 2003; x_wconf 76' lang='grc' dir='ltr'>ἐν</span> <span class='ocrx_word' id='word_1_168' title='bbox 1667 1967 1770 2003; x_wconf 90' lang='grc' dir='ltr'>τινι</span> <span class='ocrx_word' id='word_1_169' title='bbox 1800 1968 1905 2020; x_wconf 80' lang='grc' dir='ltr'><strong>χω-</strong></span> 
     </span>
    </p>
   </div>
   <div class='ocr_carea' id='block_1_24' title="bbox 332 2036 1903 2113">
    <p class='ocr_par' dir='ltr' id='par_1_24' title="bbox 332 2036 1903 2113">
     <span class='ocr_line' id='line_1_24' title="bbox 332 2036 1903 2113; baseline 0.002 -21"><span class='ocrx_word' id='word_1_170' title='bbox 332 2042 418 2109; x_wconf 80' lang='grc' dir='ltr'><strong>ρὶς</strong></span> <span class='ocrx_word' id='word_1_171' title='bbox 438 2036 778 2112; x_wconf 76' lang='grc' dir='ltr'>ἀταθὸτητος</span> <span class='ocrx_word' id='word_1_172' title='bbox 807 2041 1038 2112; x_wconf 71' lang='grc' dir='ltr'>(32),καὶ</span> <span class='ocrx_word' id='word_1_173' title='bbox 1067 2042 1377 2113; x_wconf 83' lang='grc' dir='ltr'>ἁγαθότητα</span> <span class='ocrx_word' id='word_1_174' title='bbox 1398 2043 1518 2113; x_wconf 82' lang='grc' dir='ltr'>δίχα</span> <span class='ocrx_word' id='word_1_175' title='bbox 1539 2041 1903 2111; x_wconf 56' lang='grc' dir='ltr'>δικαιοσύνης</span> 
     </span>
    </p>
   </div>
   <div class='ocr_carea' id='block_1_25' title="bbox 329 2130 1903 2204">
    <p class='ocr_par' dir='ltr' id='par_1_25' title="bbox 329 2130 1903 2204">
     <span class='ocr_line' id='line_1_25' title="bbox 329 2130 1903 2204; baseline 0.001 -20"><span class='ocrx_word' id='word_1_176' title='bbox 329 2131 478 2200; x_wconf 76' lang='grc' dir='ltr'>δμωε</span> <span class='ocrx_word' id='word_1_177' title='bbox 508 2131 566 2183; x_wconf 82' lang='grc' dir='ltr'>δὲ</span> <span class='ocrx_word' id='word_1_178' title='bbox 604 2131 697 2184; x_wconf 80' lang='grc' dir='ltr'>καὶ</span> <span class='ocrx_word' id='word_1_179' title='bbox 733 2130 891 2184; x_wconf 78' lang='grc' dir='ltr'>τοῦτο</span> <span class='ocrx_word' id='word_1_180' title='bbox 925 2131 1172 2200; x_wconf 83' lang='grc' dir='ltr'>λέγοντες</span> <span class='ocrx_word' id='word_1_181' title='bbox 1211 2134 1430 2187; x_wconf 76' lang='grc' dir='ltr'>ἐναντία</span> <span class='ocrx_word' id='word_1_182' title='bbox 1473 2135 1537 2204; x_wconf 79' lang='grc' dir='ltr'>τῇ</span> <span class='ocrx_word' id='word_1_183' title='bbox 1572 2133 1676 2204; x_wconf 71' lang='grc' dir='ltr'>ἰδία</span> <span class='ocrx_word' id='word_1_184' title='bbox 1701 2133 1903 2201; x_wconf 79' lang='grc' dir='ltr'>ὑπολή-</span> 
     </span>
    </p>
   </div>
   <div class='ocr_carea' id='block_1_26' title="bbox 327 2224 1903 2297">
    <p class='ocr_par' dir='ltr' id='par_1_26' title="bbox 327 2224 1903 2297">
     <span class='ocr_line' id='line_1_26' title="bbox 327 2224 1903 2297; baseline -0.001 -20"><span class='ocrx_word' id='word_1_185' title='bbox 327 2224 417 2293; x_wconf 64' lang='grc' dir='ltr'><strong>ψει</strong></span> <span class='ocrx_word' id='word_1_186' title='bbox 465 2226 596 2296; x_wconf 78' lang='grc' dir='ltr'>περὶ</span> <span class='ocrx_word' id='word_1_187' title='bbox 625 2224 830 2278; x_wconf 83' lang='grc' dir='ltr'>δικαίου</span> <span class='ocrx_word' id='word_1_188' title='bbox 872 2224 1183 2295; x_wconf 88' lang='grc' dir='ltr'>προσίενται</span> <span class='ocrx_word' id='word_1_189' title='bbox 1231 2224 1387 2289; x_wconf 81' lang='grc' dir='ltr'>Θεοῦ,</span> <span class='ocrx_word' id='word_1_190' title='bbox 1443 2224 1762 2297; x_wconf 71' lang='grc' dir='ltr'>σκληρύνειν</span> <span class='ocrx_word' id='word_1_191' title='bbox 1807 2224 1903 2296; x_wconf 75' lang='grc' dir='ltr'>τὴν</span> 
     </span>
    </p>
   </div>
   <div class='ocr_carea' id='block_1_27' title="bbox 329 2316 1904 2389">
    <p class='ocr_par' dir='ltr' id='par_1_27' title="bbox 329 2316 1904 2389">
     <span class='ocr_line' id='line_1_27' title="bbox 329 2316 1904 2389; baseline 0.001 -20"><span class='ocrx_word' id='word_1_192' title='bbox 329 2316 556 2387; x_wconf 72' lang='grc' dir='ltr'>καρδίαν</span> <span class='ocrx_word' id='word_1_193' title='bbox 607 2316 825 2389; x_wconf 80' lang='grc' dir='ltr'>Φαραὼ,</span> <span class='ocrx_word' id='word_1_194' title='bbox 884 2317 978 2371; x_wconf 77' lang='grc' dir='ltr'><strong>καὶ</strong></span> <span class='ocrx_word' id='word_1_195' title='bbox 1022 2316 1221 2387; x_wconf 83' lang='grc' dir='ltr'>ἀπειθῆ</span> <span class='ocrx_word' id='word_1_196' title='bbox 1268 2317 1437 2387; x_wconf 71' lang='grc' dir='ltr'>αὐτὴν</span> <span class='ocrx_word' id='word_1_197' title='bbox 1478 2316 1904 2381; x_wconf 78' lang='grc' dir='ltr'><strong>κατασκευάζειν</strong></span> 
     </span>
    </p>
   </div>
   <div class='ocr_carea' id='block_1_28' title="bbox 330 2407 1905 2481">
    <p class='ocr_par' dir='ltr' id='par_1_28' title="bbox 330 2407 1905 2481">
     <span class='ocr_line' id='line_1_28' title="bbox 330 2407 1905 2481; baseline 0.001 -22"><span class='ocrx_word' id='word_1_198' title='bbox 330 2408 525 2478; x_wconf 77' lang='grc' dir='ltr'>ἑαυτῷ.</span> <span class='ocrx_word' id='word_1_199' title='bbox 558 2407 622 2462; x_wconf 78' lang='lat' dir='ltr'><strong>Ei</strong></span> <span class='ocrx_word' id='word_1_200' title='bbox 646 2408 755 2481; x_wconf 78' lang='grc' dir='ltr'><strong>γὰρ</strong></span> <span class='ocrx_word' id='word_1_201' title='bbox 780 2410 809 2462; x_wconf 78' lang='grc' dir='ltr'>ὁ</span> <span class='ocrx_word' id='word_1_202' title='bbox 836 2409 897 2462; x_wconf 82' lang='grc' dir='ltr'>τὸ</span> <span class='ocrx_word' id='word_1_203' title='bbox 918 2411 1037 2462; x_wconf 86' lang='grc' dir='ltr'>κατ’</span> <span class='ocrx_word' id='word_1_204' title='bbox 1068 2408 1225 2476; x_wconf 78' lang='grc' dir='ltr'>ἀξίαν</span> <span class='ocrx_word' id='word_1_205' title='bbox 1256 2408 1547 2478; x_wconf 77' lang='grc' dir='ltr'>ἀπονέμων</span> <span class='ocrx_word' id='word_1_206' title='bbox 1575 2408 1791 2478; x_wconf 75' lang='grc' dir='ltr'>ἑκάστῳ</span> <span class='ocrx_word' id='word_1_207' title='bbox 1825 2408 1905 2461; x_wconf 84' lang='grc' dir='ltr'>δί-</span> 
     </span>
    </p>
   </div>
   <div class='ocr_carea' id='block_1_29' title="bbox 333 2498 1903 2571">
    <p class='ocr_par' dir='ltr' id='par_1_29' title="bbox 333 2498 1903 2571">
     <span class='ocr_line' id='line_1_29' title="bbox 333 2498 1903 2571; baseline 0 -19"><span class='ocrx_word' id='word_1_208' title='bbox 333 2517 505 2565; x_wconf 85' lang='grc' dir='ltr'>καιος,</span> <span class='ocrx_word' id='word_1_209' title='bbox 533 2501 629 2554; x_wconf 75' lang='grc' dir='ltr'>καὶ</span> <span class='ocrx_word' id='word_1_210' title='bbox 661 2501 768 2554; x_wconf 79' lang='grc' dir='ltr'><strong>ἀπὸ</strong></span> <span class='ocrx_word' id='word_1_211' title='bbox 808 2501 909 2571; x_wconf 78' lang='grc' dir='ltr'><strong>τῆς</strong></span> <span class='ocrx_word' id='word_1_212' title='bbox 933 2500 1140 2554; x_wconf 81' lang='grc' dir='ltr'>ἑαυτῶν</span> <span class='ocrx_word' id='word_1_213' title='bbox 1175 2501 1353 2564; x_wconf 80' lang='grc' dir='ltr'>αἰτίας</span> <span class='ocrx_word' id='word_1_214' title='bbox 1381 2500 1682 2570; x_wconf 87' lang='grc' dir='ltr'>κρείττοσιν</span> <span class='ocrx_word' id='word_1_215' title='bbox 1712 2498 1746 2571; x_wconf 82' lang='grc' dir='ltr'><strong>ἢ</strong></span> <span class='ocrx_word' id='word_1_216' title='bbox 1790 2500 1903 2571; x_wconf 85' lang='grc' dir='ltr'>χεί-</span> 
     </span>
    </p>
   </div>
   <div class='ocr_carea' id='block_1_30' title="bbox 334 2584 1904 2666">
    <p class='ocr_par' dir='ltr' id='par_1_30' title="bbox 334 2584 1904 2666">
     <span class='ocr_line' id='line_1_30' title="bbox 334 2584 1904 2666; baseline -0.001 -20"><span class='ocrx_word' id='word_1_217' title='bbox 334 2608 453 2663; x_wconf 89' lang='grc' dir='ltr'>ροσι</span> <span class='ocrx_word' id='word_1_218' title='bbox 492 2595 883 2666; x_wconf 78' lang='grc' dir='ltr'><strong>γεγενημένοις</strong></span> <span class='ocrx_word' id='word_1_219' title='bbox 916 2592 1196 2656; x_wconf 81' lang='grc' dir='ltr'>ἀποδιδοὺς</span> <span class='ocrx_word' id='word_1_220' title='bbox 1233 2584 1308 2645; x_wconf 84' lang='grc' dir='ltr'>ὧν</span> <span class='ocrx_word' id='word_1_221' title='bbox 1340 2592 1647 2664; x_wconf 79' lang='grc' dir='ltr'>ἐπιτήδειον</span> <span class='ocrx_word' id='word_1_222' title='bbox 1675 2590 1904 2645; x_wconf 73' lang='grc' dir='ltr'>ἕκαστον</span> 
     </span>
    </p>
   </div>
   <div class='ocr_carea' id='block_1_31' title="bbox 334 2682 1902 2757">
    <p class='ocr_par' dir='ltr' id='par_1_31' title="bbox 334 2682 1902 2757">
     <span class='ocr_line' id='line_1_31' title="bbox 334 2682 1902 2757; baseline -0.001 -19"><span class='ocrx_word' id='word_1_223' title='bbox 334 2685 618 2756; x_wconf 80' lang='grc' dir='ltr'>τυγχάνειν</span> <span class='ocrx_word' id='word_1_224' title='bbox 641 2686 945 2750; x_wconf 76' lang='grc' dir='ltr'>ἐπίσταται,</span> <span class='ocrx_word' id='word_1_225' title='bbox 969 2684 1083 2749; x_wconf 84' lang='grc' dir='ltr'>πῶς</span> <span class='ocrx_word' id='word_1_226' title='bbox 1117 2684 1341 2748; x_wconf 84' lang='grc' dir='ltr'>δίκαιος,</span> <span class='ocrx_word' id='word_1_227' title='bbox 1369 2685 1397 2736; x_wconf 84' lang='grc' dir='ltr'>ὁ</span> <span class='ocrx_word' id='word_1_228' title='bbox 1429 2683 1700 2755; x_wconf 85' lang='grc' dir='ltr'>ἁμαρτίας</span> <span class='ocrx_word' id='word_1_229' title='bbox 1725 2682 1902 2757; x_wconf 87' lang='grc' dir='ltr'>χείρο-</span> 
     </span>
    </p>
   </div>
   <div class='ocr_carea' id='block_1_32' title="bbox 333 2774 1903 2848">
    <p class='ocr_par' dir='ltr' id='par_1_32' title="bbox 333 2774 1903 2848">
     <span class='ocr_line' id='line_1_32' title="bbox 333 2774 1903 2848; baseline -0.002 -16"><span class='ocrx_word' id='word_1_230' title='bbox 333 2795 420 2842; x_wconf 77' lang='grc' dir='ltr'>νος</span> <span class='ocrx_word' id='word_1_231' title='bbox 461 2779 636 2841; x_wconf 74' lang='grc' dir='ltr'>αἴτιος</span> <span class='ocrx_word' id='word_1_232' title='bbox 693 2777 980 2848; x_wconf 84' lang='grc' dir='ltr'>γενόμενος</span> <span class='ocrx_word' id='word_1_233' title='bbox 1026 2774 1103 2848; x_wconf 81' lang='grc' dir='ltr'><strong>τῷ</strong></span> <span class='ocrx_word' id='word_1_234' title='bbox 1154 2775 1384 2848; x_wconf 81' lang='grc' dir='ltr'>Φαραώ;</span> <span class='ocrx_word' id='word_1_235' title='bbox 1431 2777 1525 2828; x_wconf 70' lang='grc' dir='ltr'>καὶ</span> <span class='ocrx_word' id='word_1_236' title='bbox 1570 2777 1671 2846; x_wconf 74' lang='grc' dir='ltr'><strong>οὐχ</strong></span> <span class='ocrx_word' id='word_1_237' title='bbox 1718 2775 1903 2839; x_wconf 83' lang='grc' dir='ltr'>ἁπλῶς</span> 
     </span>
    </p>
   </div>
   <div class='ocr_carea' id='block_1_33' title="bbox 337 2863 1903 2938">
    <p class='ocr_par' dir='ltr' id='par_1_33' title="bbox 337 2863 1903 2938">
     <span class='ocr_line' id='line_1_33' title="bbox 337 2863 1903 2938; baseline -0.001 -16"><span class='ocrx_word' id='word_1_238' title='bbox 337 2869 524 2934; x_wconf 74' lang='grc' dir='ltr'>αἴτιος,</span> <span class='ocrx_word' id='word_1_239' title='bbox 560 2869 671 2922; x_wconf 84' lang='grc' dir='ltr'>ἀλλ’</span> <span class='ocrx_word' id='word_1_240' title='bbox 704 2870 826 2922; x_wconf 84' lang='grc' dir='ltr'>ὅσον</span> <span class='ocrx_word' id='word_1_241' title='bbox 857 2870 965 2938; x_wconf 77' lang='grc'><strong>(55)</strong></span> <span class='ocrx_word' id='word_1_242' title='bbox 994 2868 1079 2937; x_wconf 74' lang='grc' dir='ltr'><strong>ἐφ’</strong></span> <span class='ocrx_word' id='word_1_243' title='bbox 1102 2863 1180 2932; x_wconf 80' lang='grc' dir='ltr'>οἷς</span> <span class='ocrx_word' id='word_1_244' title='bbox 1207 2870 1403 2921; x_wconf 71' lang='grc' dir='ltr'>ἐκεῖνοι</span> <span class='ocrx_word' id='word_1_245' title='bbox 1443 2867 1746 2933; x_wconf 77' lang='grc' dir='ltr'>ἐξεδέξαντο</span> <span class='ocrx_word' id='word_1_246' title='bbox 1780 2885 1903 2921; x_wconf 85' lang='grc' dir='ltr'>συν-</span> 
     </span>
    </p>
   </div>
   <div class='ocr_carea' id='block_1_34' title="bbox 2006 380 3546 455">
    <p class='ocr_par' dir='ltr' id='par_1_34' title="bbox 2006 380 3546 455">
     <span class='ocr_line' id='line_1_34' title="bbox 2006 380 3546 455; baseline 0.003 -17"><span class='ocrx_word' id='word_1_247' title='bbox 2006 399 2133 439; x_wconf 88' lang='lat' dir='ltr'><strong>esse</strong></span> <span class='ocrx_word' id='word_1_248' title='bbox 2170 383 2356 438; x_wconf 88' lang='lat' dir='ltr'><strong>verba.</strong></span> <span class='ocrx_word' id='word_1_249' title='bbox 2383 380 2457 438; x_wconf 84' lang='lat' dir='ltr'><strong>lis</strong></span> <span class='ocrx_word' id='word_1_250' title='bbox 2487 394 2673 438; x_wconf 86' lang='lat' dir='ltr'><strong>autem</strong></span> <span class='ocrx_word' id='word_1_251' title='bbox 2703 384 2794 455; x_wconf 89' lang='lat' dir='ltr'><strong>qui</strong></span> <span class='ocrx_word' id='word_1_252' title='bbox 2824 385 3048 439; x_wconf 75' lang='lat' dir='ltr'><strong>credere</strong></span> <span class='ocrx_word' id='word_1_253' title='bbox 3068 394 3345 454; x_wconf 78' lang='lat' dir='ltr'><strong>putantur,</strong></span> <span class='ocrx_word' id='word_1_254' title='bbox 3369 402 3475 443; x_wconf 90' lang='lat' dir='ltr'><strong>non</strong></span> <span class='ocrx_word' id='word_1_255' title='bbox 3495 388 3546 442; x_wconf 87' lang='lat' dir='ltr'><strong>le</strong></span> 
     </span>
    </p>
   </div>
   <div class='ocr_carea' id='block_1_35' title="bbox 2005 474 3568 535">
    <p class='ocr_par' dir='ltr' id='par_1_35' title="bbox 2005 474 3568 535">
     <span class='ocr_line' id='line_1_35' title="bbox 2005 474 3568 535; baseline 0.005 -8"><span class='ocrx_word' id='word_1_256' title='bbox 2005 477 2088 530; x_wconf 85' lang='lat' dir='ltr'><strong>vis</strong></span> <span class='ocrx_word' id='word_1_257' title='bbox 2117 474 2484 529; x_wconf 80' lang='lat' dir='ltr'><strong>controversia</strong></span> <span class='ocrx_word' id='word_1_258' title='bbox 2513 475 2759 529; x_wconf 77' lang='lat' dir='ltr'><strong>exoritur</strong></span> <span class='ocrx_word' id='word_1_259' title='bbox 2794 491 2859 530; x_wconf 79' lang='lat' dir='ltr'><strong>ex</strong></span> <span class='ocrx_word' id='word_1_260' title='bbox 2897 476 2982 531; x_wconf 89' lang='lat' dir='ltr'><strong>his</strong></span> <span class='ocrx_word' id='word_1_261' title='bbox 3018 477 3203 533; x_wconf 85' lang='lat' dir='ltr'><strong>verbis</strong></span> <span class='ocrx_word' id='word_1_262' title='bbox 3232 493 3248 531; x_wconf 88' lang='lat'><strong>:</strong></span> <span class='ocrx_word' id='word_1_263' title='bbox 3288 497 3306 530; x_wconf 80' lang='grc' dir='ltr'>ι</span> <span class='ocrx_word' id='word_1_264' title='bbox 3341 477 3568 535; x_wconf 80' lang='lat' dir='ltr'><strong>Indura-</strong></span> 
     </span>
    </p>
   </div>
   <div class='ocr_carea' id='block_1_36' title="bbox 2005 566 3574 636">
    <p class='ocr_par' dir='ltr' id='par_1_36' title="bbox 2005 566 3574 636">
     <span class='ocr_line' id='line_1_36' title="bbox 2005 566 3574 636; baseline 0.006 -17"><span class='ocrx_word' id='word_1_265' title='bbox 2005 568 2082 621; x_wconf 91' lang='lat' dir='ltr'><strong>vit</strong></span> <span class='ocrx_word' id='word_1_266' title='bbox 2113 567 2375 622; x_wconf 88' lang='lat' dir='ltr'><strong>Dominus</strong></span> <span class='ocrx_word' id='word_1_267' title='bbox 2425 581 2521 622; x_wconf 91' lang='lat' dir='ltr'><strong>cor</strong></span> <span class='ocrx_word' id='word_1_268' title='bbox 2567 566 2885 624; x_wconf 84' lang='lat' dir='ltr'><strong>Pharaonis.</strong></span> <span class='ocrx_word' id='word_1_269' title='bbox 2934 588 2954 622; x_wconf 72' lang='grc' dir='ltr'><strong>ι</strong></span> <span class='ocrx_word' id='word_1_270' title='bbox 2989 568 3091 636; x_wconf 86' lang='lat' dir='ltr'><strong>Qui</strong></span> <span class='ocrx_word' id='word_1_271' title='bbox 3147 572 3289 625; x_wconf 93' lang='lat' dir='ltr'><strong>enim</strong></span> <span class='ocrx_word' id='word_1_272' title='bbox 3342 576 3574 629; x_wconf 86' lang='lat' dir='ltr'><strong>credunt</strong></span> 
     </span>
    </p>
   </div>
   <div class='ocr_carea' id='block_1_37' title="bbox 2006 659 3571 734">
    <p class='ocr_par' dir='ltr' id='par_1_37' title="bbox 2006 659 3571 734">
     <span class='ocr_line' id='line_1_37' title="bbox 2006 659 3571 734; baseline 0.005 -21"><span class='ocrx_word' id='word_1_273' title='bbox 2006 659 2173 713; x_wconf 87' lang='lat' dir='ltr'><strong>Deum</strong></span> <span class='ocrx_word' id='word_1_274' title='bbox 2216 675 2320 715; x_wconf 94' lang='lat' dir='ltr'><strong>non</strong></span> <span class='ocrx_word' id='word_1_275' title='bbox 2353 659 2513 712; x_wconf 90' lang='lat' dir='ltr'><strong>alium</strong></span> <span class='ocrx_word' id='word_1_276' title='bbox 2560 674 2680 719; x_wconf 89' lang='lat' dir='ltr'><strong>esse</strong></span> <span class='ocrx_word' id='word_1_277' title='bbox 2708 677 2867 729; x_wconf 90' lang='lat' dir='ltr'><strong>quam</strong></span> <span class='ocrx_word' id='word_1_278' title='bbox 2924 662 3109 717; x_wconf 93' lang='lat' dir='ltr'><strong>mundi</strong></span> <span class='ocrx_word' id='word_1_279' title='bbox 3140 664 3407 734; x_wconf 82' lang='lat' dir='ltr'><strong>opiﬁcem,</strong></span> <span class='ocrx_word' id='word_1_280' title='bbox 3446 680 3571 721; x_wconf 91' lang='lat' dir='ltr'><strong>sen-</strong></span> 
     </span>
    </p>
   </div>
   <div class='ocr_carea' id='block_1_38' title="bbox 2008 752 3566 829">
    <p class='ocr_par' dir='ltr' id='par_1_38' title="bbox 2008 752 3566 829">
     <span class='ocr_line' id='line_1_38' title="bbox 2008 752 3566 829; baseline 0.006 -24"><span class='ocrx_word' id='word_1_281' title='bbox 2008 753 2149 808; x_wconf 91' lang='lat' dir='ltr'><strong>tiunt</strong></span> <span class='ocrx_word' id='word_1_282' title='bbox 2174 753 2339 808; x_wconf 91' lang='lat' dir='ltr'><strong>Deum</strong></span> <span class='ocrx_word' id='word_1_283' title='bbox 2374 752 2616 821; x_wconf 82' lang='lat' dir='ltr'><strong>fortuito,</strong></span> <span class='ocrx_word' id='word_1_284' title='bbox 2649 754 2801 822; x_wconf 88' lang='lat' dir='ltr'><strong>cujus</strong></span> <span class='ocrx_word' id='word_1_285' title='bbox 2836 754 2962 821; x_wconf 88' lang='lat' dir='ltr'><strong>vult,</strong></span> <span class='ocrx_word' id='word_1_286' title='bbox 3006 758 3280 823; x_wconf 86' lang='lat' dir='ltr'><strong>misereri,</strong></span> <span class='ocrx_word' id='word_1_287' title='bbox 3305 768 3361 813; x_wconf 88' lang='lat' dir='ltr'><strong>et</strong></span> <span class='ocrx_word' id='word_1_288' title='bbox 3403 774 3566 829; x_wconf 88' lang='lat' dir='ltr'><strong>quem</strong></span> 
     </span>
    </p>
   </div>
   <div class='ocr_carea' id='block_1_39' title="bbox 2006 844 3570 920">
    <p class='ocr_par' dir='ltr' id='par_1_39' title="bbox 2006 844 3570 920">
     <span class='ocr_line' id='line_1_39' title="bbox 2006 844 3570 920; baseline 0.006 -23"><span class='ocrx_word' id='word_1_289' title='bbox 2006 844 2139 908; x_wconf 82' lang='lat' dir='ltr'><strong>vult,</strong></span> <span class='ocrx_word' id='word_1_290' title='bbox 2176 844 2454 910; x_wconf 89' lang='lat' dir='ltr'><strong>indurare,</strong></span> <span class='ocrx_word' id='word_1_291' title='bbox 2493 861 2614 900; x_wconf 89' lang='lat' dir='ltr'><strong>cum</strong></span> <span class='ocrx_word' id='word_1_292' title='bbox 2645 861 2806 901; x_wconf 91' lang='lat' dir='ltr'><strong>causa</strong></span> <span class='ocrx_word' id='word_1_293' title='bbox 2844 846 2988 901; x_wconf 90' lang='lat' dir='ltr'><strong>nulla</strong></span> <span class='ocrx_word' id='word_1_294' title='bbox 3024 848 3116 911; x_wconf 86' lang='lat' dir='ltr'><strong>sit,</strong></span> <span class='ocrx_word' id='word_1_295' title='bbox 3150 864 3249 905; x_wconf 92' lang='lat' dir='ltr'><strong>cur</strong></span> <span class='ocrx_word' id='word_1_296' title='bbox 3289 850 3449 920; x_wconf 86' lang='lat' dir='ltr'><strong>hujus</strong></span> <span class='ocrx_word' id='word_1_297' title='bbox 3473 854 3570 907; x_wconf 84' lang='lat' dir='ltr'><strong>mi-</strong></span> 
     </span>
    </p>
   </div>
   <div class='ocr_carea' id='block_1_40' title="bbox 2008 920 3569 1013">
    <p class='ocr_par' dir='ltr' id='par_1_40' title="bbox 2008 920 3569 1013">
     <span class='ocr_line' id='line_1_40' title="bbox 2008 920 3569 1013; baseline 0.006 -24"><span class='ocrx_word' id='word_1_298' title='bbox 2008 946 2275 1002; x_wconf 84' lang='lat' dir='ltr'><strong>sereatur,</strong></span> <span class='ocrx_word' id='word_1_299' title='bbox 2314 936 2455 992; x_wconf 90' lang='lat' dir='ltr'><strong>alius</strong></span> <span class='ocrx_word' id='word_1_300' title='bbox 2507 939 2573 992; x_wconf 89' lang='lat' dir='ltr'><strong>ah</strong></span> <span class='ocrx_word' id='word_1_301' title='bbox 2604 952 2669 993; x_wconf 88' lang='lat' dir='ltr'><strong>eo</strong></span> <span class='ocrx_word' id='word_1_302' title='bbox 2703 920 3012 999; x_wconf 72' lang='lat' dir='ltr'><strong>induretur.</strong></span> <span class='ocrx_word' id='word_1_303' title='bbox 3039 940 3142 995; x_wconf 86' lang='lat' dir='ltr'><strong>Alii</strong></span> <span class='ocrx_word' id='word_1_304' title='bbox 3177 943 3269 1012; x_wconf 91' lang='lat' dir='ltr'><strong>qui</strong></span> <span class='ocrx_word' id='word_1_305' title='bbox 3304 946 3569 1013; x_wconf 90' lang='lat' dir='ltr'><strong>potiorem</strong></span> 
     </span>
    </p>
   </div>
   <div class='ocr_carea' id='block_1_41' title="bbox 2006 1029 3569 1107">
    <p class='ocr_par' dir='ltr' id='par_1_41' title="bbox 2006 1029 3569 1107">
     <span class='ocr_line' id='line_1_41' title="bbox 2006 1029 3569 1107; baseline 0.005 -25"><span class='ocrx_word' id='word_1_306' title='bbox 2006 1029 2331 1082; x_wconf 86' lang='lat' dir='ltr'><strong>sententiam</strong></span> <span class='ocrx_word' id='word_1_307' title='bbox 2367 1038 2691 1098; x_wconf 86' lang='lat' dir='ltr'><strong>sequuntur,</strong></span> <span class='ocrx_word' id='word_1_308' title='bbox 2724 1032 2824 1084; x_wconf 88' lang='lat' dir='ltr'><strong>alia</strong></span> <span class='ocrx_word' id='word_1_309' title='bbox 2859 1032 3026 1086; x_wconf 91' lang='lat' dir='ltr'><strong>multa</strong></span> <span class='ocrx_word' id='word_1_310' title='bbox 3065 1032 3361 1102; x_wconf 60' lang='lat' dir='ltr'><strong>Scriptura</strong></span> <span class='ocrx_word' id='word_1_311' title='bbox 3411 1036 3569 1107; x_wconf 74' lang='lat'><strong>112</strong></span> 
     </span>
    </p>
   </div>
   <div class='ocr_carea' id='block_1_42' title="bbox 2006 1120 3569 1191">
    <p class='ocr_par' dir='ltr' id='par_1_42' title="bbox 2006 1120 3569 1191">
     <span class='ocr_line' id='line_1_42' title="bbox 2006 1120 3569 1191; baseline 0.003 -15"><span class='ocrx_word' id='word_1_312' title='bbox 2006 1136 2169 1176; x_wconf 84' lang='lat' dir='ltr'><strong>sensa</strong></span> <span class='ocrx_word' id='word_1_313' title='bbox 2201 1120 2304 1175; x_wconf 85' lang='lat' dir='ltr'><strong>sibi</strong></span> <span class='ocrx_word' id='word_1_314' title='bbox 2336 1120 2653 1176; x_wconf 89' lang='lat' dir='ltr'><strong>abscondita</strong></span> <span class='ocrx_word' id='word_1_315' title='bbox 2702 1136 2823 1178; x_wconf 89' lang='lat' dir='ltr'><strong>esse</strong></span> <span class='ocrx_word' id='word_1_316' title='bbox 2856 1122 3082 1191; x_wconf 90' lang='lat' dir='ltr'><strong>dicunt;</strong></span> <span class='ocrx_word' id='word_1_317' title='bbox 3143 1138 3245 1180; x_wconf 91' lang='lat' dir='ltr'><strong>nec</strong></span> <span class='ocrx_word' id='word_1_318' title='bbox 3280 1140 3339 1180; x_wconf 89' lang='lat' dir='ltr'><strong>se</strong></span> <span class='ocrx_word' id='word_1_319' title='bbox 3380 1127 3500 1182; x_wconf 91' lang='lat' dir='ltr'><strong>ideo</strong></span> <span class='ocrx_word' id='word_1_320' title='bbox 3540 1144 3569 1180; x_wconf 90' lang='lat' dir='ltr'><strong>a</strong></span> 
     </span>
    </p>
   </div>
   <div class='ocr_carea' id='block_1_43' title="bbox 2007 1215 3571 1279">
    <p class='ocr_par' dir='ltr' id='par_1_43' title="bbox 2007 1215 3571 1279">
     <span class='ocr_line' id='line_1_43' title="bbox 2007 1215 3571 1279; baseline 0.006 -10"><span class='ocrx_word' id='word_1_321' title='bbox 2007 1228 2153 1270; x_wconf 90' lang='lat' dir='ltr'><strong>recta</strong></span> <span class='ocrx_word' id='word_1_322' title='bbox 2188 1215 2295 1270; x_wconf 79' lang='lat' dir='ltr'><strong>[ide</strong></span> <span class='ocrx_word' id='word_1_323' title='bbox 2328 1217 2497 1271; x_wconf 84' lang='lat' dir='ltr'><strong>averti</strong></span> <span class='ocrx_word' id='word_1_324' title='bbox 2531 1232 2737 1272; x_wconf 90' lang='lat' dir='ltr'><strong>:unum</strong></span> <span class='ocrx_word' id='word_1_325' title='bbox 2771 1232 2902 1273; x_wconf 90' lang='lat' dir='ltr'><strong>vero</strong></span> <span class='ocrx_word' id='word_1_326' title='bbox 2935 1233 3002 1273; x_wconf 77' lang='lat' dir='ltr'><strong>ex</strong></span> <span class='ocrx_word' id='word_1_327' title='bbox 3028 1221 3319 1275; x_wconf 86' lang='lat' dir='ltr'><strong>reconditis</strong></span> <span class='ocrx_word' id='word_1_328' title='bbox 3339 1236 3458 1277; x_wconf 84' lang='lat' dir='ltr'><strong>esse</strong></span> <span class='ocrx_word' id='word_1_329' title='bbox 3480 1239 3571 1279; x_wconf 88' lang='lat' dir='ltr'><strong>sa-</strong></span> 
     </span>
    </p>
   </div>
   <div class='ocr_carea' id='block_1_44' title="bbox 2008 1306 3568 1381">
    <p class='ocr_par' dir='ltr' id='par_1_44' title="bbox 2008 1306 3568 1381">
     <span class='ocr_line' id='line_1_44' title="bbox 2008 1306 3568 1381; baseline 0.006 -21"><span class='ocrx_word' id='word_1_330' title='bbox 2008 1321 2130 1360; x_wconf 91' lang='lat' dir='ltr'><strong>nam</strong></span> <span class='ocrx_word' id='word_1_331' title='bbox 2168 1306 2330 1374; x_wconf 85' lang='lat' dir='ltr'><strong>hujus</strong></span> <span class='ocrx_word' id='word_1_332' title='bbox 2371 1307 2475 1361; x_wconf 91' lang='lat' dir='ltr'><strong>loci</strong></span> <span class='ocrx_word' id='word_1_333' title='bbox 2531 1308 3059 1378; x_wconf 80' lang='lat' dir='ltr'><strong>interpretationem.</strong></span> <span class='ocrx_word' id='word_1_334' title='bbox 3121 1309 3290 1366; x_wconf 89' lang='lat' dir='ltr'><strong>Tertii</strong></span> <span class='ocrx_word' id='word_1_335' title='bbox 3349 1315 3568 1381; x_wconf 89' lang='lat' dir='ltr'><strong>quidam</strong></span> 
     </span>
    </p>
   </div>
   <div class='ocr_carea' id='block_1_45' title="bbox 2009 1398 3568 1473">
    <p class='ocr_par' dir='ltr' id='par_1_45' title="bbox 2009 1398 3568 1473">
     <span class='ocr_line' id='line_1_45' title="bbox 2009 1398 3568 1473; baseline 0.005 -21"><span class='ocrx_word' id='word_1_336' title='bbox 2009 1398 2171 1452; x_wconf 81' lang='lat' dir='ltr'><strong>alium</strong></span> <span class='ocrx_word' id='word_1_337' title='bbox 2207 1413 2327 1453; x_wconf 85' lang='lat' dir='ltr'><strong>esse</strong></span> <span class='ocrx_word' id='word_1_338' title='bbox 2355 1399 2521 1453; x_wconf 89' lang='lat' dir='ltr'><strong>Deum</strong></span> <span class='ocrx_word' id='word_1_339' title='bbox 2552 1403 2618 1453; x_wconf 88' lang='lat' dir='ltr'><strong>ab</strong></span> <span class='ocrx_word' id='word_1_340' title='bbox 2644 1399 2853 1469; x_wconf 83' lang='lat' dir='ltr'><strong>opiﬁce,</strong></span> <span class='ocrx_word' id='word_1_341' title='bbox 2890 1411 2943 1455; x_wconf 87' lang='lat' dir='ltr'><strong>et</strong></span> <span class='ocrx_word' id='word_1_342' title='bbox 2974 1401 3178 1468; x_wconf 84' lang='lat' dir='ltr'><strong>justum</strong></span> <span class='ocrx_word' id='word_1_343' title='bbox 3216 1419 3335 1460; x_wconf 86' lang='lat' dir='ltr'><strong>esse</strong></span> <span class='ocrx_word' id='word_1_344' title='bbox 3360 1406 3568 1473; x_wconf 82' lang='lat' dir='ltr'><strong>volunt,</strong></span> 
     </span>
    </p>
   </div>
   <div class='ocr_carea' id='block_1_46' title="bbox 2008 1492 3571 1569">
    <p class='ocr_par' dir='ltr' id='par_1_46' title="bbox 2008 1492 3571 1569">
     <span class='ocr_line' id='line_1_46' title="bbox 2008 1492 3571 1569; baseline 0.003 -25"><span class='ocrx_word' id='word_1_345' title='bbox 2008 1492 2103 1545; x_wconf 89' lang='lat' dir='ltr'><strong>sed</strong></span> <span class='ocrx_word' id='word_1_346' title='bbox 2132 1506 2236 1546; x_wconf 92' lang='lat' dir='ltr'><strong>non</strong></span> <span class='ocrx_word' id='word_1_347' title='bbox 2270 1493 2493 1555; x_wconf 89' lang='lat' dir='ltr'><strong>bonum,</strong></span> <span class='ocrx_word' id='word_1_348' title='bbox 2530 1492 2692 1547; x_wconf 91' lang='lat' dir='ltr'><strong>stulte</strong></span> <span class='ocrx_word' id='word_1_349' title='bbox 2723 1493 2775 1545; x_wconf 89' lang='lat' dir='ltr'><strong>id</strong></span> <span class='ocrx_word' id='word_1_350' title='bbox 2803 1494 3017 1560; x_wconf 88' lang='lat' dir='ltr'><strong>quidem</strong></span> <span class='ocrx_word' id='word_1_351' title='bbox 3048 1503 3102 1551; x_wconf 88' lang='lat' dir='ltr'><strong>et</strong></span> <span class='ocrx_word' id='word_1_352' title='bbox 3131 1495 3311 1564; x_wconf 90' lang='lat' dir='ltr'><strong>impie,</strong></span> <span class='ocrx_word' id='word_1_353' title='bbox 3337 1513 3458 1554; x_wconf 88' lang='lat' dir='ltr'><strong>cum</strong></span> <span class='ocrx_word' id='word_1_354' title='bbox 3483 1499 3571 1569; x_wconf 83' lang='lat' dir='ltr'><strong>ju-</strong></span> 
     </span>
    </p>
   </div>
   <div class='ocr_carea' id='block_1_47' title="bbox 2009 1581 3569 1660">
    <p class='ocr_par' dir='ltr' id='par_1_47' title="bbox 2009 1581 3569 1660">
     <span class='ocr_line' id='line_1_47' title="bbox 2009 1581 3569 1660; baseline 0.008 -25"><span class='ocrx_word' id='word_1_355' title='bbox 2009 1581 2211 1636; x_wconf 91' lang='lat' dir='ltr'><strong>stitiam</strong></span> <span class='ocrx_word' id='word_1_356' title='bbox 2257 1598 2285 1635; x_wconf 88' lang='lat' dir='ltr'><strong>a</strong></span> <span class='ocrx_word' id='word_1_357' title='bbox 2328 1584 2569 1637; x_wconf 85' lang='lat' dir='ltr'><strong>bonitate</strong></span> <span class='ocrx_word' id='word_1_358' title='bbox 2621 1593 2891 1654; x_wconf 84' lang='lat' dir='ltr'><strong>separant,</strong></span> <span class='ocrx_word' id='word_1_359' title='bbox 2926 1597 2981 1640; x_wconf 87' lang='lat' dir='ltr'><strong>et</strong></span> <span class='ocrx_word' id='word_1_360' title='bbox 3018 1595 3207 1656; x_wconf 88' lang='lat' dir='ltr'><strong>putant</strong></span> <span class='ocrx_word' id='word_1_361' title='bbox 3247 1589 3360 1645; x_wconf 83' lang='lat' dir='ltr'><strong>ﬁeri</strong></span> <span class='ocrx_word' id='word_1_362' title='bbox 3412 1605 3569 1660; x_wconf 87' lang='lat' dir='ltr'><strong>posse</strong></span> 
     </span>
    </p>
   </div>
   <div class='ocr_carea' id='block_1_48' title="bbox 2011 1674 3568 1745">
    <p class='ocr_par' dir='ltr' id='par_1_48' title="bbox 2011 1674 3568 1745">
     <span class='ocr_line' id='line_1_48' title="bbox 2011 1674 3568 1745; baseline 0.008 -19"><span class='ocrx_word' id='word_1_363' title='bbox 2011 1684 2067 1727; x_wconf 90' lang='lat' dir='ltr'><strong>ut</strong></span> <span class='ocrx_word' id='word_1_364' title='bbox 2096 1674 2220 1743; x_wconf 84' lang='lat' dir='ltr'><strong>quis</strong></span> <span class='ocrx_word' id='word_1_365' title='bbox 2249 1675 2516 1745; x_wconf 81' lang='lat' dir='ltr'><strong>justitiam</strong></span> <span class='ocrx_word' id='word_1_366' title='bbox 2548 1677 2745 1730; x_wconf 79' lang='lat' dir='ltr'><strong>haheat</strong></span> <span class='ocrx_word' id='word_1_367' title='bbox 2771 1678 2889 1732; x_wconf 90' lang='lat' dir='ltr'><strong>sine</strong></span> <span class='ocrx_word' id='word_1_368' title='bbox 2915 1679 3153 1734; x_wconf 87' lang='lat' dir='ltr'><strong>bonitate</strong></span> <span class='ocrx_word' id='word_1_369' title='bbox 3182 1690 3232 1734; x_wconf 90' lang='lat' dir='ltr'><strong>et</strong></span> <span class='ocrx_word' id='word_1_370' title='bbox 3270 1683 3568 1740; x_wconf 88' lang='lat' dir='ltr'><strong>bonitatem</strong></span> 
     </span>
    </p>
   </div>
   <div class='ocr_carea' id='block_1_49' title="bbox 2006 1766 3570 1839">
    <p class='ocr_par' dir='ltr' id='par_1_49' title="bbox 2006 1766 3570 1839">
     <span class='ocr_line' id='line_1_49' title="bbox 2006 1766 3570 1839; baseline 0.01 -21"><span class='ocrx_word' id='word_1_371' title='bbox 2006 1766 2128 1820; x_wconf 88' lang='lat' dir='ltr'><strong>sine</strong></span> <span class='ocrx_word' id='word_1_372' title='bbox 2151 1766 2395 1833; x_wconf 87' lang='lat' dir='ltr'><strong>justitia;</strong></span> <span class='ocrx_word' id='word_1_373' title='bbox 2422 1767 2513 1836; x_wconf 89' lang='lat' dir='ltr'><strong>qui</strong></span> <span class='ocrx_word' id='word_1_374' title='bbox 2539 1769 2636 1821; x_wconf 90' lang='lat' dir='ltr'><strong>etsi</strong></span> <span class='ocrx_word' id='word_1_375' title='bbox 2669 1767 2774 1822; x_wconf 84' lang='lat' dir='ltr'><strong>hoc</strong></span> <span class='ocrx_word' id='word_1_376' title='bbox 2803 1769 3006 1833; x_wconf 90' lang='lat' dir='ltr'><strong>dicunt,</strong></span> <span class='ocrx_word' id='word_1_377' title='bbox 3034 1772 3274 1839; x_wconf 87' lang='lat' dir='ltr'><strong>opinioni</strong></span> <span class='ocrx_word' id='word_1_378' title='bbox 3303 1789 3414 1830; x_wconf 69' lang='lat' dir='ltr'><strong>suae</strong></span> <span class='ocrx_word' id='word_1_379' title='bbox 3440 1790 3570 1832; x_wconf 89' lang='lat' dir='ltr'><strong>con-</strong></span> 
     </span>
    </p>
   </div>
   <div class='ocr_carea' id='block_1_50' title="bbox 2009 1856 3569 1926">
    <p class='ocr_par' dir='ltr' id='par_1_50' title="bbox 2009 1856 3569 1926">
     <span class='ocr_line' id='line_1_50' title="bbox 2009 1856 3569 1926; baseline 0.006 -16"><span class='ocrx_word' id='word_1_380' title='bbox 2009 1858 2174 1911; x_wconf 90' lang='lat' dir='ltr'><strong>traria</strong></span> <span class='ocrx_word' id='word_1_381' title='bbox 2216 1858 2284 1912; x_wconf 86' lang='lat' dir='ltr'><strong>de</strong></span> <span class='ocrx_word' id='word_1_382' title='bbox 2325 1858 2474 1926; x_wconf 83' lang='lat' dir='ltr'><strong>justo</strong></span> <span class='ocrx_word' id='word_1_383' title='bbox 2517 1856 2628 1912; x_wconf 91' lang='lat' dir='ltr'><strong>Deo</strong></span> <span class='ocrx_word' id='word_1_384' title='bbox 2677 1859 2988 1925; x_wconf 91' lang='lat' dir='ltr'><strong>admittunt,</strong></span> <span class='ocrx_word' id='word_1_385' title='bbox 3023 1863 3277 1918; x_wconf 88' lang='lat' dir='ltr'><strong>nimirum</strong></span> <span class='ocrx_word' id='word_1_386' title='bbox 3312 1864 3569 1920; x_wconf 89' lang='lat' dir='ltr'><strong>indurare</strong></span> 
     </span>
    </p>
   </div>
   <div class='ocr_carea' id='block_1_51' title="bbox 2010 1950 3563 2022">
    <p class='ocr_par' dir='ltr' id='par_1_51' title="bbox 2010 1950 3563 2022">
     <span class='ocr_line' id='line_1_51' title="bbox 2010 1950 3563 2022; baseline 0.006 -18"><span class='ocrx_word' id='word_1_387' title='bbox 2010 1953 2181 2022; x_wconf 89' lang='lat' dir='ltr'><strong>ipsum</strong></span> <span class='ocrx_word' id='word_1_388' title='bbox 2215 1965 2309 2004; x_wconf 87' lang='lat' dir='ltr'><strong>cor</strong></span> <span class='ocrx_word' id='word_1_389' title='bbox 2330 1950 2653 2015; x_wconf 89' lang='lat' dir='ltr'><strong>Pharaonis,</strong></span> <span class='ocrx_word' id='word_1_390' title='bbox 2680 1959 2733 2004; x_wconf 87' lang='lat' dir='ltr'><strong>et</strong></span> <span class='ocrx_word' id='word_1_391' title='bbox 2769 1950 2902 2005; x_wconf 92' lang='lat' dir='ltr'><strong>illud</strong></span> <span class='ocrx_word' id='word_1_392' title='bbox 2948 1954 3052 2009; x_wconf 89' lang='lat' dir='ltr'><strong>sibi</strong></span> <span class='ocrx_word' id='word_1_393' title='bbox 3089 1954 3271 2011; x_wconf 81' lang='lat' dir='ltr'><strong>facere</strong></span> <span class='ocrx_word' id='word_1_394' title='bbox 3317 1957 3563 2015; x_wconf 88' lang='lat' dir='ltr'><strong>immori-</strong></span> 
     </span>
    </p>
   </div>
   <div class='ocr_carea' id='block_1_52' title="bbox 2006 2041 3569 2119">
    <p class='ocr_par' dir='ltr' id='par_1_52' title="bbox 2006 2041 3569 2119">
     <span class='ocr_line' id='line_1_52' title="bbox 2006 2041 3569 2119; baseline 0.006 -22"><span class='ocrx_word' id='word_1_395' title='bbox 2006 2058 2213 2112; x_wconf 82' lang='lat' dir='ltr'><strong>gerum.</strong></span> <span class='ocrx_word' id='word_1_396' title='bbox 2246 2041 2301 2097; x_wconf 89' lang='lat' dir='ltr'><strong>Si</strong></span> <span class='ocrx_word' id='word_1_397' title='bbox 2326 2043 2468 2096; x_wconf 85' lang='lat' dir='ltr'><strong>enim</strong></span> <span class='ocrx_word' id='word_1_398' title='bbox 2499 2043 2545 2097; x_wconf 92' lang='lat' dir='ltr'><strong>is</strong></span> <span class='ocrx_word' id='word_1_399' title='bbox 2570 2052 2655 2096; x_wconf 90' lang='lat' dir='ltr'><strong>est</strong></span> <span class='ocrx_word' id='word_1_400' title='bbox 2684 2041 2881 2110; x_wconf 85' lang='lat' dir='ltr'><strong>justus,</strong></span> <span class='ocrx_word' id='word_1_401' title='bbox 2910 2045 3003 2114; x_wconf 90' lang='lat' dir='ltr'><strong>qui</strong></span> <span class='ocrx_word' id='word_1_402' title='bbox 3032 2061 3128 2115; x_wconf 90' lang='lat' dir='ltr'><strong>pro</strong></span> <span class='ocrx_word' id='word_1_403' title='bbox 3160 2048 3419 2119; x_wconf 75' lang='lat' dir='ltr'><strong>dignitate</strong></span> <span class='ocrx_word' id='word_1_404' title='bbox 3447 2051 3569 2106; x_wconf 88' lang='lat' dir='ltr'><strong>uni-</strong></span> 
     </span>
    </p>
   </div>
   <div class='ocr_carea' id='block_1_53' title="bbox 2004 2131 3567 2202">
    <p class='ocr_par' dir='ltr' id='par_1_53' title="bbox 2004 2131 3567 2202">
     <span class='ocr_line' id='line_1_53' title="bbox 2004 2131 3567 2202; baseline 0.006 -16"><span class='ocrx_word' id='word_1_405' title='bbox 2004 2134 2202 2200; x_wconf 83' lang='lat' dir='ltr'><strong>cuique</strong></span> <span class='ocrx_word' id='word_1_406' title='bbox 2236 2131 2446 2195; x_wconf 87' lang='lat' dir='ltr'><strong>tribuit,</strong></span> <span class='ocrx_word' id='word_1_407' title='bbox 2485 2140 2536 2186; x_wconf 90' lang='lat' dir='ltr'><strong>et</strong></span> <span class='ocrx_word' id='word_1_408' title='bbox 2574 2132 2658 2197; x_wconf 91' lang='lat' dir='ltr'><strong>iis,</strong></span> <span class='ocrx_word' id='word_1_409' title='bbox 2706 2134 2796 2202; x_wconf 87' lang='lat' dir='ltr'><strong>qui</strong></span> <span class='ocrx_word' id='word_1_410' title='bbox 2827 2148 2894 2188; x_wconf 80' lang='lat' dir='ltr'><strong>ex</strong></span> <span class='ocrx_word' id='word_1_411' title='bbox 2939 2148 3000 2189; x_wconf 91' lang='lat' dir='ltr'><strong>se</strong></span> <span class='ocrx_word' id='word_1_412' title='bbox 3029 2135 3280 2192; x_wconf 83' lang='lat' dir='ltr'><strong>meliores</strong></span> <span class='ocrx_word' id='word_1_413' title='bbox 3304 2140 3389 2193; x_wconf 89' lang='lat' dir='ltr'><strong>vel</strong></span> <span class='ocrx_word' id='word_1_414' title='bbox 3420 2140 3567 2197; x_wconf 88' lang='lat' dir='ltr'><strong>dete-</strong></span> 
     </span>
    </p>
   </div>
   <div class='ocr_carea' id='block_1_54' title="bbox 2009 2224 3568 2300">
    <p class='ocr_par' dir='ltr' id='par_1_54' title="bbox 2009 2224 3568 2300">
     <span class='ocr_line' id='line_1_54' title="bbox 2009 2224 3568 2300; baseline -0.003 -21"><span class='ocrx_word' id='word_1_415' title='bbox 2009 2225 2183 2279; x_wconf 86' lang='lat' dir='ltr'><strong>riores</strong></span> <span class='ocrx_word' id='word_1_416' title='bbox 2206 2226 2499 2288; x_wconf 89' lang='lat' dir='ltr'><strong>evaserint,</strong></span> <span class='ocrx_word' id='word_1_417' title='bbox 2534 2224 2707 2278; x_wconf 87' lang='lat' dir='ltr'><strong>reddit</strong></span> <span class='ocrx_word' id='word_1_418' title='bbox 2729 2240 2849 2294; x_wconf 72' lang='lat' dir='ltr'><strong>qua:</strong></span> <span class='ocrx_word' id='word_1_419' title='bbox 2886 2226 3176 2296; x_wconf 91' lang='lat' dir='ltr'><strong>unicuique</strong></span> <span class='ocrx_word' id='word_1_420' title='bbox 3203 2229 3439 2300; x_wconf 86' lang='lat' dir='ltr'><strong>ipsorum</strong></span> <span class='ocrx_word' id='word_1_421' title='bbox 3470 2248 3568 2286; x_wconf 83' lang='grc' dir='ltr'><strong>ηο-</strong></span> 
     </span>
    </p>
   </div>
   <div class='ocr_carea' id='block_1_55' title="bbox 2007 2315 3568 2391">
    <p class='ocr_par' dir='ltr' id='par_1_55' title="bbox 2007 2315 3568 2391">
     <span class='ocr_line' id='line_1_55' title="bbox 2007 2315 3568 2391; baseline 0.007 -24"><span class='ocrx_word' id='word_1_422' title='bbox 2007 2317 2224 2370; x_wconf 85' lang='lat' dir='ltr'><strong>vitesse</strong></span> <span class='ocrx_word' id='word_1_423' title='bbox 2255 2318 2447 2370; x_wconf 86' lang='lat' dir='ltr'><strong>idonea</strong></span> <span class='ocrx_word' id='word_1_424' title='bbox 2487 2332 2501 2368; x_wconf 85' lang='lat'><strong>:</strong></span> <span class='ocrx_word' id='word_1_425' title='bbox 2539 2315 2809 2382; x_wconf 89' lang='lat' dir='ltr'><strong>quomodo</strong></span> <span class='ocrx_word' id='word_1_426' title='bbox 2836 2316 3016 2386; x_wconf 84' lang='lat' dir='ltr'><strong>justus</strong></span> <span class='ocrx_word' id='word_1_427' title='bbox 3040 2326 3142 2381; x_wconf 79' lang='lat' dir='ltr'><strong>est.</strong></span> <span class='ocrx_word' id='word_1_428' title='bbox 3177 2320 3269 2389; x_wconf 89' lang='lat' dir='ltr'><strong>qui</strong></span> <span class='ocrx_word' id='word_1_429' title='bbox 3304 2322 3568 2391; x_wconf 83' lang='lat' dir='ltr'><strong>gravloris</strong></span> 
     </span>
    </p>
   </div>
   <div class='ocr_carea' id='block_1_56' title="bbox 2005 2405 3569 2482">
    <p class='ocr_par' dir='ltr' id='par_1_56' title="bbox 2005 2405 3569 2482">
     <span class='ocr_line' id='line_1_56' title="bbox 2005 2405 3569 2482; baseline 0.003 -21"><span class='ocrx_word' id='word_1_430' title='bbox 2005 2406 2210 2477; x_wconf 87' lang='lat' dir='ltr'><strong>peccati</strong></span> <span class='ocrx_word' id='word_1_431' title='bbox 2245 2420 2404 2461; x_wconf 85' lang='lat' dir='ltr'><strong>causa</strong></span> <span class='ocrx_word' id='word_1_432' title='bbox 2452 2405 2722 2462; x_wconf 91' lang='lat' dir='ltr'><strong>Pharaoni</strong></span> <span class='ocrx_word' id='word_1_433' title='bbox 2765 2407 2904 2461; x_wconf 77' lang='lat' dir='ltr'><strong>fuit?</strong></span> <span class='ocrx_word' id='word_1_434' title='bbox 2952 2408 3055 2462; x_wconf 85' lang='lat' dir='ltr'><strong>Sed</strong></span> <span class='ocrx_word' id='word_1_435' title='bbox 3090 2423 3197 2464; x_wconf 91' lang='lat' dir='ltr'><strong>non</strong></span> <span class='ocrx_word' id='word_1_436' title='bbox 3250 2411 3569 2482; x_wconf 88' lang='lat' dir='ltr'><strong>simpliciter</strong></span> 
     </span>
    </p>
   </div>
   <div class='ocr_carea' id='block_1_57' title="bbox 2009 2496 3567 2570">
    <p class='ocr_par' dir='ltr' id='par_1_57' title="bbox 2009 2496 3567 2570">
     <span class='ocr_line' id='line_1_57' title="bbox 2009 2496 3567 2570; baseline 0.004 -20"><span class='ocrx_word' id='word_1_437' title='bbox 2009 2509 2195 2561; x_wconf 81' lang='lat' dir='ltr'><strong>causa,</strong></span> <span class='ocrx_word' id='word_1_438' title='bbox 2224 2497 2315 2549; x_wconf 87' lang='lat' dir='ltr'><strong>sed</strong></span> <span class='ocrx_word' id='word_1_439' title='bbox 2349 2496 2402 2549; x_wconf 92' lang='lat' dir='ltr'><strong>in</strong></span> <span class='ocrx_word' id='word_1_440' title='bbox 2427 2503 2687 2565; x_wconf 89' lang='lat' dir='ltr'><strong>quantum</strong></span> <span class='ocrx_word' id='word_1_441' title='bbox 2719 2510 2778 2547; x_wconf 90' lang='lat' dir='ltr'><strong>ea</strong></span> <span class='ocrx_word' id='word_1_442' title='bbox 2819 2511 2939 2565; x_wconf 70' lang='lat' dir='ltr'><strong>quae</strong></span> <span class='ocrx_word' id='word_1_443' title='bbox 2981 2496 3057 2552; x_wconf 90' lang='lat' dir='ltr'><strong>illi</strong></span> <span class='ocrx_word' id='word_1_444' title='bbox 3092 2512 3443 2570; x_wconf 87' lang='lat' dir='ltr'><strong>susceperunt</strong></span> <span class='ocrx_word' id='word_1_445' title='bbox 3472 2505 3567 2556; x_wconf 89' lang='lat' dir='ltr'><strong>ad-</strong></span> 
     </span>
    </p>
   </div>
   <div class='ocr_carea' id='block_1_58' title="bbox 1999 2585 3567 2660">
    <p class='ocr_par' dir='ltr' id='par_1_58' title="bbox 1999 2585 3567 2660">
     <span class='ocr_line' id='line_1_58' title="bbox 1999 2585 3567 2660; baseline 0.005 -19"><span class='ocrx_word' id='word_1_446' title='bbox 1999 2585 2158 2655; x_wconf 90' lang='lat' dir='ltr'><strong>juvit,</strong></span> <span class='ocrx_word' id='word_1_447' title='bbox 2188 2598 2247 2641; x_wconf 88' lang='lat' dir='ltr'><strong>ut</strong></span> <span class='ocrx_word' id='word_1_448' title='bbox 2284 2586 2438 2641; x_wconf 86' lang='lat' dir='ltr'><strong>ﬁeret</strong></span> <span class='ocrx_word' id='word_1_449' title='bbox 2468 2589 2584 2657; x_wconf 90' lang='lat' dir='ltr'><strong>ipse</strong></span> <span class='ocrx_word' id='word_1_450' title='bbox 2616 2586 3005 2655; x_wconf 86' lang='lat' dir='ltr'><strong>injustissimus</strong></span> <span class='ocrx_word' id='word_1_451' title='bbox 3039 2603 3055 2643; x_wconf 89' lang='lat'><strong>:</strong></span> <span class='ocrx_word' id='word_1_452' title='bbox 3089 2593 3183 2660; x_wconf 93' lang='lat' dir='ltr'><strong>qui</strong></span> <span class='ocrx_word' id='word_1_453' title='bbox 3225 2596 3368 2648; x_wconf 90' lang='lat' dir='ltr'><strong>enim</strong></span> <span class='ocrx_word' id='word_1_454' title='bbox 3412 2596 3567 2649; x_wconf 90' lang='lat' dir='ltr'><strong>indu-</strong></span> 
     </span>
    </p>
   </div>
   <div class='ocr_carea' id='block_1_59' title="bbox 2005 2677 3566 2741">
    <p class='ocr_par' dir='ltr' id='par_1_59' title="bbox 2005 2677 3566 2741">
     <span class='ocr_line' id='line_1_59' title="bbox 2005 2677 3566 2741; baseline 0.005 -8"><span class='ocrx_word' id='word_1_455' title='bbox 2005 2680 2272 2733; x_wconf 87' lang='lat' dir='ltr'><strong>rationem</strong></span> <span class='ocrx_word' id='word_1_456' title='bbox 2327 2678 2507 2732; x_wconf 87' lang='lat' dir='ltr'><strong>cordis</strong></span> <span class='ocrx_word' id='word_1_457' title='bbox 2562 2677 2863 2733; x_wconf 78' lang='lat' dir='ltr'><strong>Pharaonis</strong></span> <span class='ocrx_word' id='word_1_458' title='bbox 2923 2681 2990 2735; x_wconf 90' lang='lat' dir='ltr'><strong>ad</strong></span> <span class='ocrx_word' id='word_1_459' title='bbox 3044 2681 3245 2737; x_wconf 92' lang='lat' dir='ltr'><strong>nullam</strong></span> <span class='ocrx_word' id='word_1_460' title='bbox 3321 2685 3566 2741; x_wconf 78' lang='lat' dir='ltr'><strong>referunt</strong></span> 
     </span>
    </p>
   </div>
   <div class='ocr_carea' id='block_1_60' title="bbox 2004 2767 3564 2847">
    <p class='ocr_par' dir='ltr' id='par_1_60' title="bbox 2004 2767 3564 2847">
     <span class='ocr_line' id='line_1_60' title="bbox 2004 2767 3564 2847; baseline 0.008 -27"><span class='ocrx_word' id='word_1_461' title='bbox 2004 2769 2221 2839; x_wconf 82' lang='lat' dir='ltr'><strong>dignam</strong></span> <span class='ocrx_word' id='word_1_462' title='bbox 2265 2767 2412 2836; x_wconf 88' lang='lat' dir='ltr'><strong>justo</strong></span> <span class='ocrx_word' id='word_1_463' title='bbox 2459 2767 2573 2821; x_wconf 88' lang='lat' dir='ltr'><strong>Deo</strong></span> <span class='ocrx_word' id='word_1_464' title='bbox 2614 2769 2968 2830; x_wconf 86' lang='lat' dir='ltr'><strong>voluntatem,</strong></span> <span class='ocrx_word' id='word_1_465' title='bbox 3013 2772 3195 2827; x_wconf 75' lang='lat' dir='ltr'><strong>nescio</strong></span> <span class='ocrx_word' id='word_1_466' title='bbox 3249 2789 3357 2844; x_wconf 91' lang='lat' dir='ltr'><strong>quo</strong></span> <span class='ocrx_word' id='word_1_467' title='bbox 3407 2787 3564 2847; x_wconf 88' lang='lat' dir='ltr'><strong>pacto</strong></span> 
     </span>
    </p>
   </div>
   <div class='ocr_carea' id='block_1_61' title="bbox 1998 2858 3567 2931">
    <p class='ocr_par' dir='ltr' id='par_1_61' title="bbox 1998 2858 3567 2931">
     <span class='ocr_line' id='line_1_61' title="bbox 1998 2858 3567 2931; baseline 0.01 -21"><span class='ocrx_word' id='word_1_468' title='bbox 1998 2858 2203 2929; x_wconf 88' lang='lat' dir='ltr'><strong>justum</strong></span> <span class='ocrx_word' id='word_1_469' title='bbox 2248 2860 2434 2923; x_wconf 82' lang='lat' dir='ltr'><strong>Deum,</strong></span> <span class='ocrx_word' id='word_1_470' title='bbox 2482 2858 2583 2914; x_wconf 92' lang='lat' dir='ltr'><strong>etsi</strong></span> <span class='ocrx_word' id='word_1_471' title='bbox 2632 2868 2689 2913; x_wconf 90' lang='lat' dir='ltr'><strong>ut</strong></span> <span class='ocrx_word' id='word_1_472' title='bbox 2743 2861 3012 2928; x_wconf 79' lang='lat' dir='ltr'><strong>exponitis</strong></span> <span class='ocrx_word' id='word_1_473' title='bbox 3039 2862 3227 2931; x_wconf 89' lang='lat' dir='ltr'><strong>velint,</strong></span> <span class='ocrx_word' id='word_1_474' title='bbox 3278 2869 3567 2925; x_wconf 87' lang='lat' dir='ltr'><strong>ostendere</strong></span> 
     </span>
    </p>
   </div>
   <div class='ocr_carea' id='block_1_62' title="bbox 337 2948 1901 3049">
    <p class='ocr_par' dir='ltr' id='par_1_62' title="bbox 337 2956 1901 3031">
     <span class='ocr_line' id='line_1_62' title="bbox 337 2956 1901 3031; baseline -0.001 -18"><span class='ocrx_word' id='word_1_475' title='bbox 337 2960 569 3031; x_wconf 76' lang='grc' dir='ltr'>εργήσας</span> <span class='ocrx_word' id='word_1_476' title='bbox 620 2959 701 3022; x_wconf 84' lang='grc' dir='ltr'><strong>είς</strong></span> <span class='ocrx_word' id='word_1_477' title='bbox 741 2958 802 3012; x_wconf 79' lang='grc' dir='ltr'>τὸ</span> <span class='ocrx_word' id='word_1_478' title='bbox 828 2957 1076 3027; x_wconf 78' lang='grc' dir='ltr'>γενέσθαι</span> <span class='ocrx_word' id='word_1_479' title='bbox 1116 2957 1275 3011; x_wconf 80' lang='grc' dir='ltr'>αὐτὸν</span> <span class='ocrx_word' id='word_1_480' title='bbox 1304 2956 1650 3012; x_wconf 80' lang='grc' dir='ltr'>ἀδικώτατον.</span> <span class='ocrx_word' id='word_1_481' title='bbox 1670 2958 1784 3010; x_wconf 84' lang='grc' dir='ltr'><strong>Ἐπ’</strong></span> <span class='ocrx_word' id='word_1_482' title='bbox 1815 2959 1901 3011; x_wconf 84' lang='grc' dir='ltr'>ού-</span> 
     </span>
    </p>
   </div>
   <div class='ocr_carea' id='block_1_63' title="bbox 2005 2948 3564 3049">
    <p class='ocr_par' dir='ltr' id='par_1_63' title="bbox 2009 2948 3564 3031">
     <span class='ocr_line' id='line_1_63' title="bbox 2009 2948 3564 3031; baseline 0.005 -24"><span class='ocrx_word' id='word_1_483' title='bbox 2009 2952 2237 3020; x_wconf 85' lang='lat' dir='ltr'><strong>possint,</strong></span> <span class='ocrx_word' id='word_1_484' title='bbox 2270 2953 2358 3021; x_wconf 90' lang='lat' dir='ltr'><strong>qui</strong></span> <span class='ocrx_word' id='word_1_485' title='bbox 2393 2951 2606 3006; x_wconf 90' lang='lat' dir='ltr'><strong>induret</strong></span> <span class='ocrx_word' id='word_1_486' title='bbox 2642 2967 2736 3006; x_wconf 93' lang='lat' dir='ltr'><strong>cor</strong></span> <span class='ocrx_word' id='word_1_487' title='bbox 2778 2948 3098 3009; x_wconf 85' lang='lat' dir='ltr'><strong>Pharaonis.</strong></span> <span class='ocrx_word' id='word_1_488' title='bbox 3128 2956 3305 3024; x_wconf 87' lang='lat' dir='ltr'><strong>Quare</strong></span> <span class='ocrx_word' id='word_1_489' title='bbox 3336 2963 3564 3031; x_wconf 78' lang='lat' dir='ltr'><strong>urgendi</strong></span> 
     </span>
    </p>
   </div>
   <div class='ocr_carea' id='block_1_64' title="bbox 337 3046 1900 3120">
    <p class='ocr_par' dir='ltr' id='par_1_64' title="bbox 337 3046 1900 3120">
     <span class='ocr_line' id='line_1_64' title="bbox 337 3046 1900 3120; baseline 0.001 -20"><span class='ocrx_word' id='word_1_490' title='bbox 337 3048 419 3101; x_wconf 83' lang='grc' dir='ltr'>δὲν</span> <span class='ocrx_word' id='word_1_491' title='bbox 446 3051 555 3120; x_wconf 78' lang='grc' dir='ltr'><strong>γὰρ</strong></span> <span class='ocrx_word' id='word_1_492' title='bbox 583 3046 944 3119; x_wconf 72' lang='grc' dir='ltr'>ἀναφέροντες</span> <span class='ocrx_word' id='word_1_493' title='bbox 975 3046 1121 3113; x_wconf 78' lang='grc' dir='ltr'>ἄξιον</span> <span class='ocrx_word' id='word_1_494' title='bbox 1150 3047 1520 3118; x_wconf 81' lang='grc' dir='ltr'>προαιρέσεως</span> <span class='ocrx_word' id='word_1_495' title='bbox 1549 3046 1756 3100; x_wconf 83' lang='grc' dir='ltr'>δικαίου</span> <span class='ocrx_word' id='word_1_496' title='bbox 1781 3047 1900 3101; x_wconf 83' lang='grc' dir='ltr'>θεοῦ</span> 
     </span>
    </p>
   </div>
   <div class='ocr_carea' id='block_1_65' title="bbox 336 3135 1903 3212">
    <p class='ocr_par' dir='ltr' id='par_1_65' title="bbox 336 3135 1903 3212">
     <span class='ocr_line' id='line_1_65' title="bbox 336 3135 1903 3212; baseline 0.001 -21"><span class='ocrx_word' id='word_1_497' title='bbox 336 3138 429 3209; x_wconf 77' lang='grc' dir='ltr'>τὴν</span> <span class='ocrx_word' id='word_1_498' title='bbox 481 3139 810 3211; x_wconf 79' lang='grc' dir='ltr'>σκλήρυνσιν</span> <span class='ocrx_word' id='word_1_499' title='bbox 841 3140 939 3210; x_wconf 78' lang='grc' dir='ltr'>τῆς</span> <span class='ocrx_word' id='word_1_500' title='bbox 968 3139 1194 3212; x_wconf 58' lang='grc' dir='ltr'>καῷίας</span> <span class='ocrx_word' id='word_1_501' title='bbox 1234 3138 1453 3210; x_wconf 81' lang='grc' dir='ltr'>Φαραὼ,</span> <span class='ocrx_word' id='word_1_502' title='bbox 1488 3140 1607 3195; x_wconf 82' lang='grc' dir='ltr'>οὐκ,</span> <span class='ocrx_word' id='word_1_503' title='bbox 1634 3135 1731 3193; x_wconf 84' lang='grc' dir='ltr'>οἷδ’</span> <span class='ocrx_word' id='word_1_504' title='bbox 1755 3141 1903 3205; x_wconf 83' lang='grc' dir='ltr'>ὅπως</span> 
     </span>
    </p>
   </div>
   <div class='ocr_carea' id='block_1_66' title="bbox 336 3228 1901 3304">
    <p class='ocr_par' dir='ltr' id='par_1_66' title="bbox 336 3228 1901 3304">
     <span class='ocr_line' id='line_1_66' title="bbox 336 3228 1901 3304; baseline 0.001 -21"><span class='ocrx_word' id='word_1_505' title='bbox 336 3228 536 3284; x_wconf 81' lang='grc' dir='ltr'>δίκαιον</span> <span class='ocrx_word' id='word_1_506' title='bbox 567 3230 707 3293; x_wconf 86' lang='grc' dir='ltr'>θεὸν,</span> <span class='ocrx_word' id='word_1_507' title='bbox 741 3231 842 3285; x_wconf 76' lang='grc' dir='ltr'>κᾶν</span> <span class='ocrx_word' id='word_1_508' title='bbox 876 3232 1123 3304; x_wconf 84' lang='grc' dir='ltr'>καθάπερ</span> <span class='ocrx_word' id='word_1_509' title='bbox 1152 3232 1423 3303; x_wconf 75' lang='grc' dir='ltr'>διηγεῖσθε</span> <span class='ocrx_word' id='word_1_510' title='bbox 1451 3232 1765 3302; x_wconf 88' lang='grc' dir='ltr'>βούλωνται,</span> <span class='ocrx_word' id='word_1_511' title='bbox 1798 3250 1901 3285; x_wconf 81' lang='grc' dir='ltr'><strong>πα-</strong></span> 
     </span>
    </p>
   </div>
   <div class='ocr_carea' id='block_1_67' title="bbox 339 3322 1905 3399">
    <p class='ocr_par' dir='ltr' id='par_1_67' title="bbox 339 3322 1905 3399">
     <span class='ocr_line' id='line_1_67' title="bbox 339 3322 1905 3399; baseline 0.003 -24"><span class='ocrx_word' id='word_1_512' title='bbox 339 3323 602 3394; x_wconf 82' lang='grc' dir='ltr'>ραστῆσαι</span> <span class='ocrx_word' id='word_1_513' title='bbox 630 3322 882 3376; x_wconf 83' lang='grc' dir='ltr'>δύνανται</span> <span class='ocrx_word' id='word_1_514' title='bbox 910 3324 999 3377; x_wconf 79' lang='grc' dir='ltr'>τὸν</span> <span class='ocrx_word' id='word_1_515' title='bbox 1030 3324 1397 3399; x_wconf 81' lang='grc' dir='ltr'>σκληρύνοντα</span> <span class='ocrx_word' id='word_1_516' title='bbox 1421 3323 1517 3395; x_wconf 85' lang='grc' dir='ltr'>τὴν</span> <span class='ocrx_word' id='word_1_517' title='bbox 1549 3324 1772 3395; x_wconf 84' lang='grc' dir='ltr'>καρδίαν</span> <span class='ocrx_word' id='word_1_518' title='bbox 1796 3326 1905 3379; x_wconf 82' lang='grc' dir='ltr'><strong>Φα-</strong></span> 
     </span>
    </p>
   </div>
   <div class='ocr_carea' id='block_1_68' title="bbox 337 3415 1903 3488">
    <p class='ocr_par' dir='ltr' id='par_1_68' title="bbox 337 3415 1903 3488">
     <span class='ocr_line' id='line_1_68' title="bbox 337 3415 1903 3488; baseline 0 -19"><span class='ocrx_word' id='word_1_519' title='bbox 337 3415 449 3487; x_wconf 87' lang='grc' dir='ltr'>ραὼ</span> <span class='ocrx_word' id='word_1_520' title='bbox 469 3433 483 3446; x_wconf 74' lang='grc' dir='ltr'><strong><em>ο</em></strong></span> <span class='ocrx_word' id='word_1_521' title='bbox 521 3415 646 3469; x_wconf 86' lang='grc' dir='ltr'>ὅθεν</span> <span class='ocrx_word' id='word_1_522' title='bbox 680 3415 927 3469; x_wconf 80' lang='grc' dir='ltr'>θλιπτέον</span> <span class='ocrx_word' id='word_1_523' title='bbox 954 3417 1149 3479; x_wconf 76' lang='grc' dir='ltr'>αὐτοὺς</span> <span class='ocrx_word' id='word_1_524' title='bbox 1179 3417 1236 3468; x_wconf 81' lang='grc' dir='ltr'>ἐν</span> <span class='ocrx_word' id='word_1_525' title='bbox 1259 3419 1370 3479; x_wconf 82' lang='grc' dir='ltr'>τοῖς</span> <span class='ocrx_word' id='word_1_526' title='bbox 1397 3416 1538 3473; x_wconf 81' lang='grc' dir='ltr'>κατὰ</span> <span class='ocrx_word' id='word_1_527' title='bbox 1561 3416 1651 3470; x_wconf 82' lang='grc' dir='ltr'>τὸν</span> <span class='ocrx_word' id='word_1_528' title='bbox 1682 3417 1903 3488; x_wconf 85' lang='grc' dir='ltr'>προκεί-</span> 
     </span>
    </p>
   </div>
   <div class='ocr_carea' id='block_1_69' title="bbox 338 3508 1900 3581">
    <p class='ocr_par' dir='ltr' id='par_1_69' title="bbox 338 3508 1900 3581">
     <span class='ocr_line' id='line_1_69' title="bbox 338 3508 1900 3581; baseline -0.001 -19"><span class='ocrx_word' id='word_1_529' title='bbox 338 3525 493 3579; x_wconf 81' lang='grc' dir='ltr'>μενον</span> <span class='ocrx_word' id='word_1_530' title='bbox 534 3508 718 3573; x_wconf 75' lang='grc' dir='ltr'>τόπον,</span> <span class='ocrx_word' id='word_1_531' title='bbox 753 3509 901 3571; x_wconf 83' lang='grc' dir='ltr'>ὅπως</span> <span class='ocrx_word' id='word_1_532' title='bbox 942 3508 1061 3580; x_wconf 72' lang='grc' dir='ltr'>ἦτοι</span> <span class='ocrx_word' id='word_1_533' title='bbox 1101 3510 1489 3581; x_wconf 85' lang='grc' dir='ltr'>παραστήσωσι</span> <span class='ocrx_word' id='word_1_534' title='bbox 1529 3508 1646 3571; x_wconf 80' lang='grc' dir='ltr'><strong>πῶς</strong></span> <span class='ocrx_word' id='word_1_535' title='bbox 1694 3508 1900 3571; x_wconf 84' lang='grc' dir='ltr'>δίκαιος</span> 
     </span>
    </p>
   </div>
   <div class='ocr_carea' id='block_1_70' title="bbox 337 3600 1896 3672">
    <p class='ocr_par' dir='ltr' id='par_1_70' title="bbox 337 3600 1896 3672">
     <span class='ocr_line' id='line_1_70' title="bbox 337 3600 1896 3672; baseline -0.001 -18"><span class='ocrx_word' id='word_1_536' title='bbox 337 3600 643 3672; x_wconf 78' lang='grc' dir='ltr'>σκληρύνει,</span> <span class='ocrx_word' id='word_1_537' title='bbox 670 3600 704 3672; x_wconf 83' lang='grc' dir='ltr'>ἢ</span> <span class='ocrx_word' id='word_1_538' title='bbox 735 3600 1077 3670; x_wconf 79' lang='grc' dir='ltr'>τολμήσωσιν</span> <span class='ocrx_word' id='word_1_539' title='bbox 1099 3602 1294 3663; x_wconf 79' lang='grc' dir='ltr'>εἰπεῖν,</span> <span class='ocrx_word' id='word_1_540' title='bbox 1321 3601 1403 3654; x_wconf 81' lang='grc' dir='ltr'><strong>ὅτι</strong></span> <span class='ocrx_word' id='word_1_541' title='bbox 1425 3601 1547 3653; x_wconf 69' lang='grc' dir='ltr'>ἐπεὶ</span> <span class='ocrx_word' id='word_1_542' title='bbox 1583 3600 1714 3671; x_wconf 77' lang='grc' dir='ltr'>σκλη</span> <span class='ocrx_word' id='word_1_543' title='bbox 1726 3600 1896 3671; x_wconf 75' lang='grc' dir='ltr'>ρύνει.</span> 
     </span>
    </p>
   </div>
   <div class='ocr_carea' id='block_1_71' title="bbox 335 3689 1898 3763">
    <p class='ocr_par' dir='ltr' id='par_1_71' title="bbox 335 3689 1898 3763">
     <span class='ocr_line' id='line_1_71' title="bbox 335 3689 1898 3763; baseline -0.003 -19"><span class='ocrx_word' id='word_1_544' title='bbox 335 3692 567 3763; x_wconf 76' lang='grc' dir='ltr'>πονηρὸς</span> <span class='ocrx_word' id='word_1_545' title='bbox 592 3690 1005 3763; x_wconf 68' lang='grc' dir='ltr'>ὁΔημιουργόςι</span> <span class='ocrx_word' id='word_1_546' title='bbox 1050 3690 1083 3762; x_wconf 78' lang='grc' dir='ltr'><strong>ἢ</strong></span> <span class='ocrx_word' id='word_1_547' title='bbox 1120 3691 1253 3761; x_wconf 85' lang='grc' dir='ltr'>μήτε</span> <span class='ocrx_word' id='word_1_548' title='bbox 1294 3690 1652 3760; x_wconf 77' lang='grc' dir='ltr'>εὐποροῦντες</span> <span class='ocrx_word' id='word_1_549' title='bbox 1685 3689 1898 3742; x_wconf 80' lang='grc' dir='ltr'>ἀποδεί-</span> 
     </span>
    </p>
   </div>
   <div class='ocr_carea' id='block_1_72' title="bbox 335 3779 1893 3856">
    <p class='ocr_par' dir='ltr' id='par_1_72' title="bbox 335 3779 1893 3856">
     <span class='ocr_line' id='line_1_72' title="bbox 335 3779 1893 3856; baseline -0.003 -18"><span class='ocrx_word' id='word_1_550' title='bbox 335 3783 467 3849; x_wconf 79' lang='grc' dir='ltr'>ξεων</span> <span class='ocrx_word' id='word_1_551' title='bbox 497 3784 634 3856; x_wconf 86' lang='grc' dir='ltr'>πρὸς</span> <span class='ocrx_word' id='word_1_552' title='bbox 678 3785 739 3838; x_wconf 77' lang='grc' dir='ltr'>τὸ</span> <span class='ocrx_word' id='word_1_553' title='bbox 780 3784 872 3838; x_wconf 83' lang='grc' dir='ltr'>τὸν</span> <span class='ocrx_word' id='word_1_554' title='bbox 906 3785 1111 3838; x_wconf 85' lang='grc' dir='ltr'>δίκαιον</span> <span class='ocrx_word' id='word_1_555' title='bbox 1142 3782 1529 3854; x_wconf 73' lang='grc' dir='ltr'>σκληρυντικὺν</span> <span class='ocrx_word' id='word_1_556' title='bbox 1565 3779 1701 3835; x_wconf 79' lang='grc' dir='ltr'>εἷναί</span> <span class='ocrx_word' id='word_1_557' title='bbox 1732 3799 1893 3844; x_wconf 81' lang='grc' dir='ltr'>τινος,</span> 
     </span>
    </p>
   </div>
   <div class='ocr_carea' id='block_1_73' title="bbox 338 3874 1901 3950">
    <p class='ocr_par' dir='ltr' id='par_1_73' title="bbox 338 3874 1901 3950">
     <span class='ocr_line' id='line_1_73' title="bbox 338 3874 1901 3950; baseline -0.01 -17"><span class='ocrx_word' id='word_1_558' title='bbox 338 3880 472 3950; x_wconf 80' lang='grc' dir='ltr'>μήτε</span> <span class='ocrx_word' id='word_1_559' title='bbox 500 3878 804 3950; x_wconf 85' lang='grc' dir='ltr'>τολμῶντες</span> <span class='ocrx_word' id='word_1_560' title='bbox 835 3878 896 3931; x_wconf 85' lang='grc' dir='ltr'>τὸ</span> <span class='ocrx_word' id='word_1_561' title='bbox 940 3879 1030 3931; x_wconf 80' lang='grc' dir='ltr'><strong>ἐπὶ</strong></span> <span class='ocrx_word' id='word_1_562' title='bbox 1064 3878 1312 3931; x_wconf 88' lang='grc' dir='ltr'>τοσοῦτον</span> <span class='ocrx_word' id='word_1_563' title='bbox 1357 3875 1551 3939; x_wconf 76' lang='grc' dir='ltr'>ἀσεϐὲς</span> <span class='ocrx_word' id='word_1_564' title='bbox 1598 3876 1708 3946; x_wconf 73' lang='grc'><strong>(54)</strong></span> <span class='ocrx_word' id='word_1_565' title='bbox 1738 3874 1901 3947; x_wconf 82' lang='grc' dir='ltr'><strong>προέ..</strong></span> 
     </span>
    </p>
   </div>
   <div class='ocr_carea' id='block_1_74' title="bbox 339 3963 1904 4040">
    <p class='ocr_par' dir='ltr' id='par_1_74' title="bbox 339 3963 1904 4040">
     <span class='ocr_line' id='line_1_74' title="bbox 339 3963 1904 4040; baseline -0.003 -19"><span class='ocrx_word' id='word_1_566' title='bbox 339 3967 458 4022; x_wconf 82' lang='grc' dir='ltr'>σθαι</span> <span class='ocrx_word' id='word_1_567' title='bbox 474 3968 707 4040; x_wconf 76' lang='grc' dir='ltr'>περὶτοῦ</span> <span class='ocrx_word' id='word_1_568' title='bbox 738 3969 1021 4031; x_wconf 85' lang='grc' dir='ltr'>κτίσαντος</span> <span class='ocrx_word' id='word_1_569' title='bbox 1039 3968 1113 4031; x_wconf 83' lang='grc' dir='ltr'>ὡς</span> <span class='ocrx_word' id='word_1_570' title='bbox 1135 3965 1391 4038; x_wconf 77' lang='grc' dir='ltr'>πονηροῦ,</span> <span class='ocrx_word' id='word_1_571' title='bbox 1414 3964 1796 4034; x_wconf 82' lang='grc' dir='ltr'>καταφύγωσιν</span> <span class='ocrx_word' id='word_1_572' title='bbox 1812 3963 1904 4017; x_wconf 74' lang='grc' dir='ltr'><strong>ἐπὶ</strong></span> 
     </span>
    </p>
   </div>
   <div class='ocr_carea' id='block_1_75' title="bbox 335 4058 1896 4133">
    <p class='ocr_par' dir='ltr' id='par_1_75' title="bbox 335 4058 1896 4133">
     <span class='ocr_line' id='line_1_75' title="bbox 335 4058 1896 4133; baseline -0.002 -20"><span class='ocrx_word' id='word_1_573' title='bbox 335 4059 523 4133; x_wconf 73' lang='grc' dir='ltr'>ἑτέραν</span> <span class='ocrx_word' id='word_1_574' title='bbox 556 4061 695 4122; x_wconf 79' lang='grc' dir='ltr'>ὁδὸν,</span> <span class='ocrx_word' id='word_1_575' title='bbox 737 4060 1064 4133; x_wconf 80' lang='grc' dir='ltr'><strong>ὲξηγητικὴν</strong></span> <span class='ocrx_word' id='word_1_576' title='bbox 1099 4060 1214 4122; x_wconf 86' lang='grc' dir='ltr'>τοῦ,</span> <span class='ocrx_word' id='word_1_577' title='bbox 1251 4079 1268 4110; x_wconf 84' lang='grc' dir='ltr'>ι</span> <span class='ocrx_word' id='word_1_578' title='bbox 1316 4059 1643 4130; x_wconf 81' lang='grc' dir='ltr'>Ἐσκλήρυνε</span> <span class='ocrx_word' id='word_1_579' title='bbox 1695 4058 1896 4129; x_wconf 85' lang='grc' dir='ltr'>Κύριος</span> 
     </span>
    </p>
   </div>
   <div class='ocr_carea' id='block_1_76' title="bbox 335 4150 1900 4229">
    <p class='ocr_par' dir='ltr' id='par_1_76' title="bbox 335 4150 1900 4229">
     <span class='ocr_line' id='line_1_76' title="bbox 335 4150 1900 4229; baseline -0.002 -22"><span class='ocrx_word' id='word_1_580' title='bbox 335 4153 434 4226; x_wconf 80' lang='grc' dir='ltr'>τὴν</span> <span class='ocrx_word' id='word_1_581' title='bbox 465 4154 691 4229; x_wconf 85' lang='grc' dir='ltr'>καρδίαν</span> <span class='ocrx_word' id='word_1_582' title='bbox 716 4153 934 4226; x_wconf 78' lang='grc' dir='ltr'>Φαραὼ,</span> <span class='ocrx_word' id='word_1_583' title='bbox 973 4174 992 4207; x_wconf 72' lang='grc' dir='ltr'>ι</span> <span class='ocrx_word' id='word_1_584' title='bbox 1031 4152 1366 4217; x_wconf 82' lang='grc' dir='ltr'>ἀποστάντες</span> <span class='ocrx_word' id='word_1_585' title='bbox 1394 4152 1486 4205; x_wconf 89' lang='grc' dir='ltr'><strong>τοῦ</strong></span> <span class='ocrx_word' id='word_1_586' title='bbox 1517 4153 1581 4206; x_wconf 85' lang='grc' dir='ltr'>ὲκ</span> <span class='ocrx_word' id='word_1_587' title='bbox 1619 4150 1712 4204; x_wconf 89' lang='grc' dir='ltr'><strong>τοῦ</strong></span> <span class='ocrx_word' id='word_1_588' title='bbox 1751 4152 1900 4221; x_wconf 82' lang='grc' dir='ltr'>νομί-</span> 
     </span>
    </p>
   </div>
   <div class='ocr_carea' id='block_1_77' title="bbox 406 4366 735 4439">
    <p class='ocr_par' dir='ltr' id='par_1_77' title="bbox 406 4366 735 4439">
     <span class='ocr_line' id='line_1_77' title="bbox 406 4366 735 4439; baseline -0.003 -2"><span class='ocrx_word' id='word_1_589' title='bbox 406 4366 517 4439; x_wconf 73' lang='lat'><strong>(30)</strong></span> <span class='ocrx_word' id='word_1_590' title='bbox 540 4370 735 4439; x_wconf 65' lang='grc' dir='ltr'><strong>Βου-ζο</strong></span> 
     </span>
    </p>
   </div>
   <div class='ocr_carea' id='block_1_78' title="bbox 339 4431 1900 4501">
    <p class='ocr_par' dir='ltr' id='par_1_78' title="bbox 339 4431 1900 4501">
     <span class='ocr_line' id='line_1_78' title="bbox 339 4431 1900 4501; baseline -0.006 -8"><span class='ocrx_word' id='word_1_591' title='bbox 339 4431 423 4493; x_wconf 74' lang='lat' dir='ltr'><strong>cté</strong></span> <span class='ocrx_word' id='word_1_592' title='bbox 451 4431 649 4492; x_wconf 73' lang='lat' dir='ltr'><strong>habent</strong></span> <span class='ocrx_word' id='word_1_593' title='bbox 678 4431 986 4491; x_wconf 65' lang='lat' dir='ltr'><strong>Philocaliw</strong></span> <span class='ocrx_word' id='word_1_594' title='bbox 1015 4431 1416 4501; x_wconf 63' lang='lat' dir='ltr'><strong>manuscriptzc,</strong></span> <span class='ocrx_word' id='word_1_595' title='bbox 1457 4435 1507 4485; x_wconf 90' lang='lat' dir='ltr'><strong>iu</strong></span> <span class='ocrx_word' id='word_1_596' title='bbox 1539 4431 1691 4484; x_wconf 87' lang='lat' dir='ltr'><strong>libris</strong></span> <span class='ocrx_word' id='word_1_597' title='bbox 1720 4439 1900 4484; x_wconf 85' lang='lat' dir='ltr'><strong>autem</strong></span> 
     </span>
    </p>
   </div>
   <div class='ocr_carea' id='block_1_79' title="bbox 341 4501 1902 4578">
    <p class='ocr_par' dir='ltr' id='par_1_79' title="bbox 341 4501 1902 4578">
     <span class='ocr_line' id='line_1_79' title="bbox 341 4501 1902 4578; baseline -0.007 -16"><span class='ocrx_word' id='word_1_598' title='bbox 341 4518 495 4562; x_wconf 86' lang='lat' dir='ltr'><strong>antea</strong></span> <span class='ocrx_word' id='word_1_599' title='bbox 531 4509 691 4562; x_wconf 82' lang='lat' dir='ltr'><strong>editis</strong></span> <span class='ocrx_word' id='word_1_600' title='bbox 721 4523 820 4576; x_wconf 89' lang='lat' dir='ltr'><strong>pro</strong></span> <span class='ocrx_word' id='word_1_601' title='bbox 847 4506 1171 4578; x_wconf 80' lang='grc' dir='ltr'>βουλομένου</span> <span class='ocrx_word' id='word_1_602' title='bbox 1221 4504 1416 4578; x_wconf 73' lang='lat' dir='ltr'><strong>legitur</strong></span> <span class='ocrx_word' id='word_1_603' title='bbox 1454 4501 1796 4578; x_wconf 68' lang='grc' dir='ltr'>βουλύμενος,</span> <span class='ocrx_word' id='word_1_604' title='bbox 1847 4510 1902 4578; x_wconf 75' lang='lat' dir='ltr'><strong>et</strong></span> 
     </span>
    </p>
   </div>
   <div class='ocr_carea' id='block_1_80' title="bbox 337 4569 1902 4644">
    <p class='ocr_par' dir='ltr' id='par_1_80' title="bbox 337 4569 1902 4644">
     <span class='ocr_line' id='line_1_80' title="bbox 337 4569 1902 4644; baseline -0.006 -12"><span class='ocrx_word' id='word_1_605' title='bbox 337 4579 560 4644; x_wconf 81' lang='lat' dir='ltr'><strong>insuper</strong></span> <span class='ocrx_word' id='word_1_606' title='bbox 589 4569 785 4633; x_wconf 74' lang='lat' dir='ltr'><strong>desunt</strong></span> <span class='ocrx_word' id='word_1_607' title='bbox 814 4569 927 4633; x_wconf 56' lang='lat' dir='ltr'><strong>hiec</strong></span> <span class='ocrx_word' id='word_1_608' title='bbox 948 4569 1115 4631; x_wconf 73' lang='lat' dir='ltr'><strong>verba</strong></span> <span class='ocrx_word' id='word_1_609' title='bbox 1147 4590 1161 4626; x_wconf 87' lang='lat'><strong>:</strong></span> <span class='ocrx_word' id='word_1_610' title='bbox 1199 4573 1369 4628; x_wconf 88' lang='grc' dir='ltr'>ταῦτα</span> <span class='ocrx_word' id='word_1_611' title='bbox 1385 4569 1531 4627; x_wconf 87' lang='grc' dir='ltr'><strong>δοκεί</strong></span> <span class='ocrx_word' id='word_1_612' title='bbox 1554 4569 1803 4640; x_wconf 62' lang='grc' dir='ltr'>λὲῩεσθαι</span> <span class='ocrx_word' id='word_1_613' title='bbox 1834 4569 1902 4624; x_wconf 79' lang='grc' dir='ltr'><strong>τὰ</strong></span> 
     </span>
    </p>
   </div>
   <div class='ocr_carea' id='block_1_81' title="bbox 489 4666 574 4703">
    <p class='ocr_par' dir='ltr' id='par_1_81' title="bbox 489 4666 574 4703">
     <span class='ocr_line' id='line_1_81' title="bbox 489 4666 574 4703; baseline 0.024 -2"><span class='ocrx_word' id='word_1_614' title='bbox 489 4666 574 4703; x_wconf 88' lang='grc' dir='ltr'>τα.</span> 
     </span>
    </p>
   </div>
   <div class='ocr_carea' id='block_1_82' title="bbox 339 4649 1820 4783">
    <p class='ocr_par' dir='ltr' id='par_1_82' title="bbox 339 4649 1820 4783">
     <span class='ocr_line' id='line_1_82' title="bbox 339 4649 1820 4783; baseline 0.001 -13"><span class='ocrx_word' id='word_1_615' title='bbox 339 4649 860 4783; x_wconf 35' lang='lat' dir='ltr'><strong>pﬁliifilii“.I’Itilocolia</strong></span> <span class='ocrx_word' id='word_1_616' title='bbox 894 4717 1057 4778; x_wconf 84' lang='lat' dir='ltr'><strong>edita,</strong></span> <span class='ocrx_word' id='word_1_617' title='bbox 1094 4717 1223 4783; x_wconf 76' lang='grc' dir='ltr'>περὶ</span> <span class='ocrx_word' id='word_1_618' title='bbox 1250 4713 1420 4783; x_wconf 75' lang='grc' dir='ltr'>αὐτῆς</span> <span class='ocrx_word' id='word_1_619' title='bbox 1451 4713 1552 4783; x_wconf 81' lang='grc' dir='ltr'>τῆς</span> <span class='ocrx_word' id='word_1_620' title='bbox 1582 4709 1820 4783; x_wconf 69' lang='grc' dir='ltr'>γραφῆς-</span> 
     </span>
    </p>
   </div>
   <div class='ocr_carea' id='block_1_83' title="bbox 408 4781 1898 4857">
    <p class='ocr_par' dir='ltr' id='par_1_83' title="bbox 408 4781 1898 4857">
     <span class='ocr_line' id='line_1_83' title="bbox 408 4781 1898 4857; baseline -0.008 -15"><span class='ocrx_word' id='word_1_621' title='bbox 408 4781 519 4857; x_wconf 68' lang='grc'><strong>(52)</strong></span> <span class='ocrx_word' id='word_1_622' title='bbox 546 4790 655 4843; x_wconf 82' lang='grc' dir='ltr'><strong>Καὶ</strong></span> <span class='ocrx_word' id='word_1_623' title='bbox 696 4788 923 4841; x_wconf 78' lang='grc' dir='ltr'>οἴεσθαι</span> <span class='ocrx_word' id='word_1_624' title='bbox 962 4786 1049 4839; x_wconf 83' lang='grc' dir='ltr'>ὅτι</span> <span class='ocrx_word' id='word_1_625' title='bbox 1090 4781 1219 4838; x_wconf 74' lang='grc' dir='ltr'><strong>οἷόν</strong></span> <span class='ocrx_word' id='word_1_626' title='bbox 1240 4784 1302 4837; x_wconf 85' lang='grc' dir='ltr'><em>τέ</em></span> <span class='ocrx_word' id='word_1_627' title='bbox 1331 4781 1462 4857; x_wconf 65' lang='grc' dir='ltr'>ἐστι</span> <span class='ocrx_word' id='word_1_628' title='bbox 1506 4781 1898 4857; x_wconf 64' lang='grc' dir='ltr'>δικαιοσύνην</span> 
     </span>
    </p>
   </div>
   <div class='ocr_carea' id='block_1_84' title="bbox 334 4853 1896 4927">
    <p class='ocr_par' dir='ltr' id='par_1_84' title="bbox 334 4853 1896 4927">
     <span class='ocr_line' id='line_1_84' title="bbox 334 4853 1896 4927; baseline -0.007 -16"><span class='ocrx_word' id='word_1_629' title='bbox 334 4853 590 4913; x_wconf 70' lang='grc' dir='ltr'><strong>εἶναι’ἕν</strong></span> <span class='ocrx_word' id='word_1_630' title='bbox 635 4876 753 4912; x_wconf 81' lang='grc' dir='ltr'>τινι</span> <span class='ocrx_word' id='word_1_631' title='bbox 781 4857 956 4927; x_wconf 80' lang='grc' dir='ltr'>χωρὶς</span> <span class='ocrx_word' id='word_1_632' title='bbox 984 4853 1536 4927; x_wconf 39' lang='grc' dir='ltr'><strong>ἀγαθότητοςηηςιεο</strong></span> <span class='ocrx_word' id='word_1_633' title='bbox 1581 4853 1896 4906; x_wconf 82' lang='lat' dir='ltr'><strong>desiderau-</strong></span> 
     </span>
    </p>
   </div>
   <div class='ocr_carea' id='block_1_85' title="bbox 343 4924 1784 4992">
    <p class='ocr_par' dir='ltr' id='par_1_85' title="bbox 343 4924 1784 4992">
     <span class='ocr_line' id='line_1_85' title="bbox 343 4924 1784 4992; baseline -0.008 -10"><span class='ocrx_word' id='word_1_634' title='bbox 343 4940 426 4982; x_wconf 88' lang='lat' dir='ltr'><strong>tur</strong></span> <span class='ocrx_word' id='word_1_635' title='bbox 462 4933 513 4982; x_wconf 91' lang='lat' dir='ltr'><strong>in</strong></span> <span class='ocrx_word' id='word_1_636' title='bbox 544 4931 696 4984; x_wconf 88' lang='lat' dir='ltr'><strong>libris</strong></span> <span class='ocrx_word' id='word_1_637' title='bbox 733 4924 887 4982; x_wconf 68' lang='lat' dir='ltr'><strong>auten</strong></span> <span class='ocrx_word' id='word_1_638' title='bbox 917 4924 1095 4989; x_wconf 85' lang='lat' dir='ltr'><strong>editis,</strong></span> <span class='ocrx_word' id='word_1_639' title='bbox 1127 4926 1217 4980; x_wconf 88' lang='lat' dir='ltr'><strong>sed</strong></span> <span class='ocrx_word' id='word_1_640' title='bbox 1246 4924 1558 4992; x_wconf 84' lang='lat' dir='ltr'><strong>supplentur</strong></span> <span class='ocrx_word' id='word_1_641' title='bbox 1594 4939 1625 4975; x_wconf 89' lang='lat' dir='ltr'><strong>e</strong></span> <span class='ocrx_word' id='word_1_642' title='bbox 1657 4936 1784 4992; x_wconf 73' lang='lat' dir='ltr'><strong>mss.</strong></span> 
     </span>
    </p>
   </div>
   <div class='ocr_carea' id='block_1_86' title="bbox 408 4989 1892 5068">
    <p class='ocr_par' dir='ltr' id='par_1_86' title="bbox 408 4989 1892 5068">
     <span class='ocr_line' id='line_1_86' title="bbox 408 4989 1892 5068; baseline -0.005 -19"><span class='ocrx_word' id='word_1_643' title='bbox 408 4999 519 5068; x_wconf 77' lang='lat'><strong>(55)</strong></span> <span class='ocrx_word' id='word_1_644' title='bbox 542 5000 756 5065; x_wconf 81' lang='grc' dir='ltr'>Αἶτιος,</span> <span class='ocrx_word' id='word_1_645' title='bbox 786 4999 919 5053; x_wconf 80' lang='grc' dir='ltr'><strong>ἀλλ’</strong></span> <span class='ocrx_word' id='word_1_646' title='bbox 949 4995 1118 5061; x_wconf 83' lang='grc' dir='ltr'>ὅσον,</span> <span class='ocrx_word' id='word_1_647' title='bbox 1156 5004 1263 5051; x_wconf 83' lang='lat' dir='ltr'><strong>etc.</strong></span> <span class='ocrx_word' id='word_1_648' title='bbox 1291 4989 1440 5048; x_wconf 79' lang='lat' dir='ltr'><strong>Alias</strong></span> <span class='ocrx_word' id='word_1_649' title='bbox 1477 4995 1649 5053; x_wconf 88' lang='lat' dir='ltr'><strong>deest,</strong></span> <span class='ocrx_word' id='word_1_650' title='bbox 1698 4989 1892 5053; x_wconf 75' lang='grc' dir='ltr'>αἴτιος,</span> 
     </span>
    </p>
   </div>
   <div class='ocr_carea' id='block_1_87' title="bbox 337 5068 1194 5139">
    <p class='ocr_par' dir='ltr' id='par_1_87' title="bbox 337 5068 1194 5139">
     <span class='ocr_line' id='line_1_87' title="bbox 337 5068 1194 5139; baseline -0.007 -17"><span class='ocrx_word' id='word_1_651' title='bbox 337 5072 477 5139; x_wconf 76' lang='lat' dir='ltr'><strong>quod</strong></span> <span class='ocrx_word' id='word_1_652' title='bbox 506 5071 795 5139; x_wconf 78' lang='lat' dir='ltr'><strong>restituunt</strong></span> <span class='ocrx_word' id='word_1_653' title='bbox 824 5068 1037 5139; x_wconf 57' lang='lat' dir='ltr'><strong>codices</strong></span> <span class='ocrx_word' id='word_1_654' title='bbox 1066 5081 1194 5120; x_wconf 88' lang='lat' dir='ltr'><strong>mss.</strong></span> 
     </span>
    </p>
   </div>
   <div class='ocr_carea' id='block_1_88' title="bbox 406 5130 1893 5209">
    <p class='ocr_par' dir='ltr' id='par_1_88' title="bbox 406 5130 1893 5209">
     <span class='ocr_line' id='line_1_88' title="bbox 406 5130 1893 5209; baseline -0.008 -15"><span class='ocrx_word' id='word_1_655' title='bbox 406 5141 520 5207; x_wconf 66' lang='grc' dir='ltr'><strong>(δι)</strong></span> <span class='ocrx_word' id='word_1_656' title='bbox 571 5137 737 5209; x_wconf 66' lang='grc' dir='ltr'>Μῄτε</span> <span class='ocrx_word' id='word_1_657' title='bbox 771 5134 1102 5209; x_wconf 74' lang='grc' dir='ltr'>τολμῷντες</span> <span class='ocrx_word' id='word_1_658' title='bbox 1146 5134 1214 5188; x_wconf 83' lang='grc' dir='ltr'>τὸ</span> <span class='ocrx_word' id='word_1_659' title='bbox 1273 5134 1394 5209; x_wconf 38' lang='lat' dir='ltr'><strong>ﬁxi</strong></span> <span class='ocrx_word' id='word_1_660' title='bbox 1410 5132 1700 5209; x_wconf 77' lang='grc' dir='ltr'>τοσοῦτον</span> <span class='ocrx_word' id='word_1_661' title='bbox 1728 5130 1893 5209; x_wconf 42' lang='grc' dir='ltr'>ἀσε-</span> 
     </span>
    </p>
   </div>
   <div class='ocr_carea' id='block_1_89' title="bbox 337 5200 1896 5275">
    <p class='ocr_par' dir='ltr' id='par_1_89' title="bbox 337 5200 1896 5275">
     <span class='ocr_line' id='line_1_89' title="bbox 337 5200 1896 5275; baseline -0.011 -11"><span class='ocrx_word' id='word_1_662' title='bbox 337 5200 458 5275; x_wconf 66' lang='grc' dir='ltr'><strong>δέξ,</strong></span> <span class='ocrx_word' id='word_1_663' title='bbox 491 5200 600 5263; x_wconf 77' lang='lat' dir='ltr'><strong>etc.</strong></span> <span class='ocrx_word' id='word_1_664' title='bbox 635 5200 727 5262; x_wconf 87' lang='lat' dir='ltr'><strong>Sic</strong></span> <span class='ocrx_word' id='word_1_665' title='bbox 760 5200 906 5263; x_wconf 74' lang='lat' dir='ltr'><strong>recte</strong></span> <span class='ocrx_word' id='word_1_666' title='bbox 939 5200 1141 5275; x_wconf 79' lang='lat' dir='ltr'><strong>habent</strong></span> <span class='ocrx_word' id='word_1_667' title='bbox 1182 5220 1311 5258; x_wconf 88' lang='lat' dir='ltr'><strong>mss.</strong></span> <span class='ocrx_word' id='word_1_668' title='bbox 1348 5204 1483 5257; x_wconf 80' lang='lat' dir='ltr'><strong>Male</strong></span> <span class='ocrx_word' id='word_1_669' title='bbox 1505 5212 1683 5275; x_wconf 68' lang='lat' dir='ltr'><strong>autem</strong></span> <span class='ocrx_word' id='word_1_670' title='bbox 1721 5200 1896 5275; x_wconf 71' lang='lat' dir='ltr'><strong>Philo-</strong></span> 
     </span>
    </p>
   </div>
   <div class='ocr_carea' id='block_1_90' title="bbox 336 5269 1892 5349">
    <p class='ocr_par' dir='ltr' id='par_1_90' title="bbox 336 5269 1892 5349">
     <span class='ocr_line' id='line_1_90' title="bbox 336 5269 1892 5349; baseline -0.008 -17"><span class='ocrx_word' id='word_1_671' title='bbox 336 5269 472 5333; x_wconf 68' lang='grc' dir='ltr'>εσῖὶἱι</span> <span class='ocrx_word' id='word_1_672' title='bbox 493 5278 832 5349; x_wconf 16' lang='grc' dir='ltr'>οιΙίια,ίμήτε</span> <span class='ocrx_word' id='word_1_673' title='bbox 874 5274 1176 5349; x_wconf 66' lang='grc' dir='ltr'>τολμῶντες</span> <span class='ocrx_word' id='word_1_674' title='bbox 1216 5275 1398 5349; x_wconf 14' lang='grc' dir='ltr'>τὺᾲὲπὶ</span> <span class='ocrx_word' id='word_1_675' title='bbox 1425 5271 1689 5326; x_wconf 84' lang='grc' dir='ltr'>τοσούτων</span> <span class='ocrx_word' id='word_1_676' title='bbox 1729 5269 1892 5349; x_wconf 63' lang='grc' dir='ltr'>προέ-</span> 
     </span>
    </p>
   </div>
   <div class='ocr_carea' id='block_1_91' title="bbox 339 5340 1888 5415">
    <p class='ocr_par' dir='ltr' id='par_1_91' title="bbox 339 5340 1888 5415">
     <span class='ocr_line' id='line_1_91' title="bbox 339 5340 1888 5415; baseline -0.006 -13"><span class='ocrx_word' id='word_1_677' title='bbox 339 5349 480 5413; x_wconf 79' lang='grc' dir='ltr'>σθαι,</span> <span class='ocrx_word' id='word_1_678' title='bbox 514 5360 621 5404; x_wconf 91' lang='lat' dir='ltr'><strong>etc.</strong></span> <span class='ocrx_word' id='word_1_679' title='bbox 647 5340 863 5402; x_wconf 44' lang='lat' dir='ltr'><strong>&#39;S&#39;cr&#39;i&#39;oit</strong></span> <span class='ocrx_word' id='word_1_680' title='bbox 903 5340 1231 5415; x_wconf 76' lang='lat' dir='ltr'><strong>Epiphanius</strong></span> <span class='ocrx_word' id='word_1_681' title='bbox 1282 5347 1650 5415; x_wconf 70' lang='lat' dir='ltr'><strong>ltaares._:tt.u,</strong></span> <span class='ocrx_word' id='word_1_682' title='bbox 1682 5356 1800 5406; x_wconf 86' lang='lat' dir='ltr'><strong>cap.</strong></span> <span class='ocrx_word' id='word_1_683' title='bbox 1835 5340 1888 5402; x_wconf 78' lang='grc'>5,</span> 
     </span>
    </p>
   </div>
   <div class='ocr_carea' id='block_1_92' title="bbox 2006 3042 3567 3115">
    <p class='ocr_par' dir='ltr' id='par_1_92' title="bbox 2006 3042 3567 3115">
     <span class='ocr_line' id='line_1_92' title="bbox 2006 3042 3567 3115; baseline 0.006 -18"><span class='ocrx_word' id='word_1_684' title='bbox 2006 3052 2136 3098; x_wconf 92' lang='lat' dir='ltr'><strong>sunt</strong></span> <span class='ocrx_word' id='word_1_685' title='bbox 2170 3043 2223 3096; x_wconf 94' lang='lat' dir='ltr'><strong>in</strong></span> <span class='ocrx_word' id='word_1_686' title='bbox 2260 3042 2326 3096; x_wconf 91' lang='lat' dir='ltr'><strong>iis</strong></span> <span class='ocrx_word' id='word_1_687' title='bbox 2360 3058 2480 3112; x_wconf 83' lang='lat' dir='ltr'><strong>quae</strong></span> <span class='ocrx_word' id='word_1_688' title='bbox 2506 3043 2570 3096; x_wconf 88' lang='lat' dir='ltr'><strong>ad</strong></span> <span class='ocrx_word' id='word_1_689' title='bbox 2612 3042 2759 3097; x_wconf 89' lang='lat' dir='ltr'><strong>hunc</strong></span> <span class='ocrx_word' id='word_1_690' title='bbox 2793 3043 2970 3098; x_wconf 91' lang='lat' dir='ltr'><strong>locum</strong></span> <span class='ocrx_word' id='word_1_691' title='bbox 3006 3043 3233 3115; x_wconf 84' lang='lat' dir='ltr'><strong>faciunt,</strong></span> <span class='ocrx_word' id='word_1_692' title='bbox 3273 3058 3331 3103; x_wconf 93' lang='lat' dir='ltr'><strong>ut</strong></span> <span class='ocrx_word' id='word_1_693' title='bbox 3363 3051 3446 3105; x_wconf 87' lang='lat' dir='ltr'><strong>vel</strong></span> <span class='ocrx_word' id='word_1_694' title='bbox 3471 3067 3567 3107; x_wconf 71' lang='lat' dir='ltr'><strong>es-</strong></span> 
     </span>
    </p>
   </div>
   <div class='ocr_carea' id='block_1_93' title="bbox 2004 3134 3565 3210">
    <p class='ocr_par' dir='ltr' id='par_1_93' title="bbox 2004 3134 3565 3210">
     <span class='ocr_line' id='line_1_93' title="bbox 2004 3134 3565 3210; baseline 0.006 -23"><span class='ocrx_word' id='word_1_695' title='bbox 2004 3134 2208 3206; x_wconf 82' lang='lat' dir='ltr'><strong>plicent</strong></span> <span class='ocrx_word' id='word_1_696' title='bbox 2230 3135 2499 3204; x_wconf 89' lang='lat' dir='ltr'><strong>quomodo</strong></span> <span class='ocrx_word' id='word_1_697' title='bbox 2521 3135 2699 3205; x_wconf 90' lang='lat' dir='ltr'><strong>justus</strong></span> <span class='ocrx_word' id='word_1_698' title='bbox 2730 3136 2965 3203; x_wconf 87' lang='lat' dir='ltr'><strong>induret,</strong></span> <span class='ocrx_word' id='word_1_699' title='bbox 2992 3137 3075 3193; x_wconf 86' lang='lat' dir='ltr'><strong>vel</strong></span> <span class='ocrx_word' id='word_1_700' title='bbox 3098 3139 3282 3195; x_wconf 83' lang='lat' dir='ltr'><strong>dicere</strong></span> <span class='ocrx_word' id='word_1_701' title='bbox 3311 3141 3565 3210; x_wconf 88' lang='lat' dir='ltr'><strong>audeant,</strong></span> 
     </span>
    </p>
   </div>
   <div class='ocr_carea' id='block_1_94' title="bbox 2002 3225 3569 3297">
    <p class='ocr_par' dir='ltr' id='par_1_94' title="bbox 2002 3225 3569 3297">
     <span class='ocr_line' id='line_1_94' title="bbox 2002 3225 3569 3297; baseline -0.001 -19"><span class='ocrx_word' id='word_1_702' title='bbox 2002 3227 2127 3296; x_wconf 88' lang='lat' dir='ltr'><strong>quia</strong></span> <span class='ocrx_word' id='word_1_703' title='bbox 2180 3225 2415 3288; x_wconf 88' lang='lat' dir='ltr'><strong>indurat,</strong></span> <span class='ocrx_word' id='word_1_704' title='bbox 2463 3225 2661 3278; x_wconf 90' lang='lat' dir='ltr'><strong>malum</strong></span> <span class='ocrx_word' id='word_1_705' title='bbox 2696 3242 2817 3280; x_wconf 89' lang='lat' dir='ltr'><strong>esse</strong></span> <span class='ocrx_word' id='word_1_706' title='bbox 2858 3228 3150 3297; x_wconf 87' lang='lat' dir='ltr'><strong>Opilicem;</strong></span> <span class='ocrx_word' id='word_1_707' title='bbox 3196 3230 3282 3286; x_wconf 86' lang='lat' dir='ltr'><strong>vel</strong></span> <span class='ocrx_word' id='word_1_708' title='bbox 3320 3247 3442 3286; x_wconf 78' lang='lat' dir='ltr'><strong>cum</strong></span> <span class='ocrx_word' id='word_1_709' title='bbox 3474 3234 3569 3289; x_wconf 74' lang='lat' dir='ltr'><strong>de-</strong></span> 
     </span>
    </p>
   </div>
   <div class='ocr_carea' id='block_1_95' title="bbox 2006 3315 3564 3393">
    <p class='ocr_par' dir='ltr' id='par_1_95' title="bbox 2006 3315 3564 3393">
     <span class='ocr_line' id='line_1_95' title="bbox 2006 3315 3564 3393; baseline 0.008 -26"><span class='ocrx_word' id='word_1_710' title='bbox 2006 3325 2318 3369; x_wconf 65' lang='lat' dir='ltr'><strong>monstrare</strong></span> <span class='ocrx_word' id='word_1_711' title='bbox 2372 3331 2477 3369; x_wconf 91' lang='lat' dir='ltr'><strong>nou</strong></span> <span class='ocrx_word' id='word_1_712' title='bbox 2517 3316 2725 3384; x_wconf 85' lang='lat' dir='ltr'><strong>possint</strong></span> <span class='ocrx_word' id='word_1_713' title='bbox 2761 3315 2969 3383; x_wconf 90' lang='lat' dir='ltr'><strong>justum</strong></span> <span class='ocrx_word' id='word_1_714' title='bbox 3018 3320 3254 3391; x_wconf 87' lang='lat' dir='ltr'><strong>aliquem</strong></span> <span class='ocrx_word' id='word_1_715' title='bbox 3290 3322 3564 3393; x_wconf 89' lang='lat' dir='ltr'><strong>indurare,</strong></span> 
     </span>
    </p>
   </div>
   <div class='ocr_carea' id='block_1_96' title="bbox 2003 3405 3568 3479">
    <p class='ocr_par' dir='ltr' id='par_1_96' title="bbox 2003 3405 3568 3479">
     <span class='ocr_line' id='line_1_96' title="bbox 2003 3405 3568 3479; baseline 0.008 -22"><span class='ocrx_word' id='word_1_716' title='bbox 2003 3420 2103 3471; x_wconf 78' lang='lat' dir='ltr'><strong>nec</strong></span> <span class='ocrx_word' id='word_1_717' title='bbox 2125 3420 2190 3459; x_wconf 90' lang='lat' dir='ltr'><strong>eo</strong></span> <span class='ocrx_word' id='word_1_718' title='bbox 2220 3405 2514 3477; x_wconf 84' lang='lat' dir='ltr'><strong>procedere</strong></span> <span class='ocrx_word' id='word_1_719' title='bbox 2542 3405 2797 3472; x_wconf 88' lang='lat' dir='ltr'><strong>audeant,</strong></span> <span class='ocrx_word' id='word_1_720' title='bbox 2830 3416 2888 3462; x_wconf 88' lang='lat' dir='ltr'><strong>ut</strong></span> <span class='ocrx_word' id='word_1_721' title='bbox 2923 3407 3183 3479; x_wconf 87' lang='lat' dir='ltr'><strong>Opilicem</strong></span> <span class='ocrx_word' id='word_1_722' title='bbox 3219 3414 3418 3467; x_wconf 85' lang='lat' dir='ltr'><strong>malum</strong></span> <span class='ocrx_word' id='word_1_723' title='bbox 3449 3430 3568 3471; x_wconf 84' lang='lat' dir='ltr'><strong>esse.</strong></span> 
     </span>
    </p>
   </div>
   <div class='ocr_carea' id='block_1_97' title="bbox 2003 3482 3563 3574">
    <p class='ocr_par' dir='ltr' id='par_1_97' title="bbox 2003 3482 3563 3574">
     <span class='ocr_line' id='line_1_97' title="bbox 2003 3482 3563 3574; baseline 0.005 -23"><span class='ocrx_word' id='word_1_724' title='bbox 2003 3482 2209 3560; x_wconf 82' lang='lat' dir='ltr'><strong>dicant,</strong></span> <span class='ocrx_word' id='word_1_725' title='bbox 2251 3498 2318 3551; x_wconf 90' lang='lat' dir='ltr'><strong>ad</strong></span> <span class='ocrx_word' id='word_1_726' title='bbox 2349 3498 2511 3552; x_wconf 88' lang='lat' dir='ltr'><strong>aliam</strong></span> <span class='ocrx_word' id='word_1_727' title='bbox 2543 3499 2683 3553; x_wconf 88' lang='lat' dir='ltr'><strong>viam</strong></span> <span class='ocrx_word' id='word_1_728' title='bbox 2716 3500 3055 3571; x_wconf 76' lang='lat' dir='ltr'><strong>confugiant,</strong></span> <span class='ocrx_word' id='word_1_729' title='bbox 3099 3517 3203 3572; x_wconf 92' lang='lat' dir='ltr'><strong>qua</strong></span> <span class='ocrx_word' id='word_1_730' title='bbox 3246 3504 3519 3574; x_wconf 82' lang='lat' dir='ltr'><strong>explicent</strong></span> <span class='ocrx_word' id='word_1_731' title='bbox 3547 3522 3563 3559; x_wconf 88' lang='lat'><strong>:</strong></span> 
     </span>
    </p>
   </div>
   <div class='ocr_carea' id='block_1_98' title="bbox 2009 3587 3570 3659">
    <p class='ocr_par' dir='ltr' id='par_1_98' title="bbox 2009 3587 3570 3659">
     <span class='ocr_line' id='line_1_98' title="bbox 2009 3587 3570 3659; baseline 0.009 -20"><span class='ocrx_word' id='word_1_732' title='bbox 2009 3607 2029 3639; x_wconf 78' lang='grc' dir='ltr'>ι</span> <span class='ocrx_word' id='word_1_733' title='bbox 2066 3588 2342 3642; x_wconf 80' lang='lat' dir='ltr'><strong>lnduravit</strong></span> <span class='ocrx_word' id='word_1_734' title='bbox 2371 3587 2631 3644; x_wconf 81' lang='lat' dir='ltr'><strong>Deminus</strong></span> <span class='ocrx_word' id='word_1_735' title='bbox 2665 3604 2759 3642; x_wconf 90' lang='lat' dir='ltr'><strong>cor</strong></span> <span class='ocrx_word' id='word_1_736' title='bbox 2788 3589 3121 3659; x_wconf 88' lang='lat' dir='ltr'><strong>Pharaonis;</strong></span> <span class='ocrx_word' id='word_1_737' title='bbox 3159 3612 3178 3645; x_wconf 77' lang='grc' dir='ltr'>ι</span> <span class='ocrx_word' id='word_1_738' title='bbox 3227 3602 3282 3648; x_wconf 90' lang='lat' dir='ltr'><strong>et</strong></span> <span class='ocrx_word' id='word_1_739' title='bbox 3314 3596 3570 3653; x_wconf 73' lang='lat' dir='ltr'><strong>desinant</strong></span> 
     </span>
    </p>
   </div>
   <div class='ocr_carea' id='block_1_99' title="bbox 2003 3684 3570 3761">
    <p class='ocr_par' dir='ltr' id='par_1_99' title="bbox 2003 3684 3570 3761">
     <span class='ocr_line' id='line_1_99' title="bbox 2003 3684 3570 3761; baseline 0.006 -22"><span class='ocrx_word' id='word_1_740' title='bbox 2003 3700 2067 3739; x_wconf 80' lang='lat' dir='ltr'><strong>ex</strong></span> <span class='ocrx_word' id='word_1_741' title='bbox 2096 3699 2161 3738; x_wconf 89' lang='lat' dir='ltr'><strong>eo</strong></span> <span class='ocrx_word' id='word_1_742' title='bbox 2190 3684 2331 3754; x_wconf 89' lang='lat' dir='ltr'><strong>quod</strong></span> <span class='ocrx_word' id='word_1_743' title='bbox 2360 3685 2525 3740; x_wconf 88' lang='lat' dir='ltr'><strong>verba</strong></span> <span class='ocrx_word' id='word_1_744' title='bbox 2564 3684 2871 3752; x_wconf 74' lang='lat' dir='ltr'><strong>intelligere</strong></span> <span class='ocrx_word' id='word_1_745' title='bbox 2898 3700 2955 3740; x_wconf 91' lang='lat' dir='ltr'><strong>se</strong></span> <span class='ocrx_word' id='word_1_746' title='bbox 2983 3697 3196 3756; x_wconf 91' lang='lat' dir='ltr'><strong>putant,</strong></span> <span class='ocrx_word' id='word_1_747' title='bbox 3227 3692 3471 3761; x_wconf 87' lang='lat' dir='ltr'><strong>proprias</strong></span> <span class='ocrx_word' id='word_1_748' title='bbox 3501 3694 3570 3750; x_wconf 93' lang='lat' dir='ltr'><strong>de</strong></span> 
     </span>
    </p>
   </div>
   <div class='ocr_carea' id='block_1_100' title="bbox 1999 3776 3570 3854">
    <p class='ocr_par' dir='ltr' id='par_1_100' title="bbox 1999 3776 3570 3854">
     <span class='ocr_line' id='line_1_100' title="bbox 1999 3776 3570 3854; baseline 0.007 -24"><span class='ocrx_word' id='word_1_749' title='bbox 1999 3776 2147 3847; x_wconf 91' lang='lat' dir='ltr'><strong>justo</strong></span> <span class='ocrx_word' id='word_1_750' title='bbox 2176 3777 2283 3831; x_wconf 90' lang='lat' dir='ltr'><strong>Dco</strong></span> <span class='ocrx_word' id='word_1_751' title='bbox 2336 3778 2641 3831; x_wconf 88' lang='lat' dir='ltr'><strong>sententias</strong></span> <span class='ocrx_word' id='word_1_752' title='bbox 2689 3778 2894 3832; x_wconf 89' lang='lat' dir='ltr'><strong>tollere.</strong></span> <span class='ocrx_word' id='word_1_753' title='bbox 2931 3778 3195 3849; x_wconf 91' lang='lat' dir='ltr'><strong>Denique,</strong></span> <span class='ocrx_word' id='word_1_754' title='bbox 3228 3784 3473 3854; x_wconf 80' lang='lat' dir='ltr'><strong>quisquis</strong></span> <span class='ocrx_word' id='word_1_755' title='bbox 3500 3787 3570 3842; x_wconf 87' lang='lat' dir='ltr'><strong>sit</strong></span> 
     </span>
    </p>
   </div>
   <div class='ocr_carea' id='block_1_101' title="bbox 2005 3868 3570 3940">
    <p class='ocr_par' dir='ltr' id='par_1_101' title="bbox 2005 3868 3570 3940">
     <span class='ocr_line' id='line_1_101' title="bbox 2005 3868 3570 3940; baseline 0.006 -16"><span class='ocrx_word' id='word_1_756' title='bbox 2005 3868 2166 3938; x_wconf 86' lang='lat' dir='ltr'><strong>hujus</strong></span> <span class='ocrx_word' id='word_1_757' title='bbox 2188 3868 2459 3923; x_wconf 88' lang='lat' dir='ltr'><strong>sermonis</strong></span> <span class='ocrx_word' id='word_1_758' title='bbox 2496 3883 2711 3935; x_wconf 86' lang='lat' dir='ltr'><strong>sensus,</strong></span> <span class='ocrx_word' id='word_1_759' title='bbox 2747 3869 2996 3940; x_wconf 88' lang='lat' dir='ltr'><strong>ignorare</strong></span> <span class='ocrx_word' id='word_1_760' title='bbox 3023 3886 3081 3926; x_wconf 91' lang='lat' dir='ltr'><strong>se</strong></span> <span class='ocrx_word' id='word_1_761' title='bbox 3112 3872 3406 3929; x_wconf 80' lang='lat' dir='ltr'><strong>fateantur.</strong></span> <span class='ocrx_word' id='word_1_762' title='bbox 3444 3875 3570 3933; x_wconf 67' lang='lat' dir='ltr'><strong>Haec</strong></span> 
     </span>
    </p>
   </div>
   <div class='ocr_carea' id='block_1_102' title="bbox 2012 3960 3570 4036">
    <p class='ocr_par' dir='ltr' id='par_1_102' title="bbox 2012 3960 3570 4036">
     <span class='ocr_line' id='line_1_102' title="bbox 2012 3960 3570 4036; baseline 0.006 -22"><span class='ocrx_word' id='word_1_763' title='bbox 2012 3961 2177 4031; x_wconf 80' lang='lat' dir='ltr'><strong>igitur</strong></span> <span class='ocrx_word' id='word_1_764' title='bbox 2218 3961 2283 4015; x_wconf 91' lang='lat' dir='ltr'><strong>de</strong></span> <span class='ocrx_word' id='word_1_765' title='bbox 2334 3961 2444 4015; x_wconf 87' lang='lat' dir='ltr'><strong>Deo</strong></span> <span class='ocrx_word' id='word_1_766' title='bbox 2492 3960 2543 4013; x_wconf 91' lang='lat' dir='ltr'><strong>in</strong></span> <span class='ocrx_word' id='word_1_767' title='bbox 2598 3961 2875 4030; x_wconf 87' lang='lat' dir='ltr'><strong>proposita</strong></span> <span class='ocrx_word' id='word_1_768' title='bbox 2923 3963 3225 4030; x_wconf 70' lang='lat' dir='ltr'><strong>quaestione</strong></span> <span class='ocrx_word' id='word_1_769' title='bbox 3256 3980 3353 4036; x_wconf 86' lang='lat' dir='ltr'><strong>per</strong></span> <span class='ocrx_word' id='word_1_770' title='bbox 3387 3977 3570 4036; x_wconf 82' lang='lat' dir='ltr'><strong>partes</strong></span> 
     </span>
    </p>
   </div>
   <div class='ocr_carea' id='block_1_103' title="bbox 2007 4053 3569 4124">
    <p class='ocr_par' dir='ltr' id='par_1_103' title="bbox 2007 4053 3569 4124">
     <span class='ocr_line' id='line_1_103' title="bbox 2007 4053 3569 4124; baseline 0.003 -14"><span class='ocrx_word' id='word_1_771' title='bbox 2007 4056 2118 4110; x_wconf 90' lang='lat' dir='ltr'><strong>sint</strong></span> <span class='ocrx_word' id='word_1_772' title='bbox 2146 4054 2428 4124; x_wconf 87' lang='lat' dir='ltr'><strong>inquisita.</strong></span> <span class='ocrx_word' id='word_1_773' title='bbox 2478 4053 2744 4121; x_wconf 87' lang='lat' dir='ltr'><strong>Quoniam</strong></span> <span class='ocrx_word' id='word_1_774' title='bbox 2801 4055 3097 4110; x_wconf 84' lang='lat' dir='ltr'><strong>autem-ad</strong></span> <span class='ocrx_word' id='word_1_775' title='bbox 3140 4056 3321 4111; x_wconf 91' lang='lat' dir='ltr'><strong>locum</strong></span> <span class='ocrx_word' id='word_1_776' title='bbox 3361 4060 3428 4114; x_wconf 88' lang='lat' dir='ltr'><strong>de</strong></span> <span class='ocrx_word' id='word_1_777' title='bbox 3471 4078 3569 4114; x_wconf 79' lang='lat' dir='ltr'><strong>na-</strong></span> 
     </span>
    </p>
   </div>
   <div class='ocr_carea' id='block_1_104' title="bbox 2010 4145 3573 4219">
    <p class='ocr_par' dir='ltr' id='par_1_104' title="bbox 2010 4145 3573 4219">
     <span class='ocr_line' id='line_1_104' title="bbox 2010 4145 3573 4219; baseline 0.004 -19"><span class='ocrx_word' id='word_1_778' title='bbox 2010 4157 2150 4211; x_wconf 91' lang='lat' dir='ltr'><strong>tura,</strong></span> <span class='ocrx_word' id='word_1_779' title='bbox 2186 4146 2222 4200; x_wconf 89' lang='lat' dir='ltr'><strong>ii</strong></span> <span class='ocrx_word' id='word_1_780' title='bbox 2253 4145 2343 4215; x_wconf 91' lang='lat' dir='ltr'><strong>qui</strong></span> <span class='ocrx_word' id='word_1_781' title='bbox 2373 4146 2582 4215; x_wconf 86' lang='lat' dir='ltr'><strong>aliquos</strong></span> <span class='ocrx_word' id='word_1_782' title='bbox 2603 4145 2917 4201; x_wconf 81' lang='lat' dir='ltr'><strong>existimant</strong></span> <span class='ocrx_word' id='word_1_783' title='bbox 2938 4146 2992 4201; x_wconf 92' lang='lat' dir='ltr'><strong>in</strong></span> <span class='ocrx_word' id='word_1_784' title='bbox 3017 4149 3378 4219; x_wconf 88' lang='lat' dir='ltr'><strong>perditionem</strong></span> <span class='ocrx_word' id='word_1_785' title='bbox 3406 4162 3459 4207; x_wconf 92' lang='lat' dir='ltr'><strong>et</strong></span> <span class='ocrx_word' id='word_1_786' title='bbox 3490 4155 3573 4207; x_wconf 90' lang='lat' dir='ltr'><strong>iu-</strong></span> 
     </span>
    </p>
   </div>
   <div class='ocr_carea' id='block_1_105' title="bbox 848 4353 1901 4435">
    <p class='ocr_par' dir='ltr' id='par_1_105' title="bbox 848 4361 1898 4435">
     <span class='ocr_line' id='line_1_105' title="bbox 848 4361 1898 4435; baseline -0.01 -13"><span class='ocrx_word' id='word_1_787' title='bbox 848 4385 919 4422; x_wconf 83' lang='grc' dir='ltr'>ου</span> <span class='ocrx_word' id='word_1_788' title='bbox 950 4366 1302 4435; x_wconf 75' lang='grc' dir='ltr'>πειθόμενον</span> <span class='ocrx_word' id='word_1_789' title='bbox 1327 4363 1511 4433; x_wconf 77' lang='grc' dir='ltr'>ἔχειν,</span> <span class='ocrx_word' id='word_1_790' title='bbox 1539 4368 1656 4435; x_wconf 79' lang='lat' dir='ltr'><strong>_e_tc._</strong></span> <span class='ocrx_word' id='word_1_791' title='bbox 1690 4361 1781 4415; x_wconf 89' lang='lat' dir='ltr'><strong>Sic</strong></span> <span class='ocrx_word' id='word_1_792' title='bbox 1814 4374 1898 4413; x_wconf 83' lang='lat' dir='ltr'><strong>re-</strong></span> 
     </span>
    </p>
   </div>
   <div class='ocr_carea' id='block_1_106' title="bbox 2005 4353 3567 4435">
    <p class='ocr_par' dir='ltr' id='par_1_106' title="bbox 2008 4353 3567 4435">
     <span class='ocr_line' id='line_1_106' title="bbox 2008 4353 3567 4435; baseline 0.001 -26"><span class='ocrx_word' id='word_1_793' title='bbox 2008 4372 2161 4435; x_wconf 80' lang='lat' dir='ltr'><strong>num,</strong></span> <span class='ocrx_word' id='word_1_794' title='bbox 2190 4355 2392 4435; x_wconf 71' lang='lat' dir='ltr'><strong>justum</strong></span> <span class='ocrx_word' id='word_1_795' title='bbox 2421 4353 2573 4435; x_wconf 64' lang='lat' dir='ltr'><strong>illud,</strong></span> <span class='ocrx_word' id='word_1_796' title='bbox 2611 4356 2829 4435; x_wconf 75' lang='lat' dir='ltr'><strong>tertium</strong></span> <span class='ocrx_word' id='word_1_797' title='bbox 2882 4355 3082 4435; x_wconf 61' lang='lat' dir='ltr'><strong>malum</strong></span> <span class='ocrx_word' id='word_1_798' title='bbox 3136 4371 3256 4435; x_wconf 76' lang='lat' dir='ltr'><strong>esse</strong></span> <span class='ocrx_word' id='word_1_799' title='bbox 3309 4357 3567 4435; x_wconf 76' lang='lat' dir='ltr'><strong>tingebat.</strong></span> 
     </span>
    </p>
   </div>
   <div class='ocr_carea' id='block_1_107' title="bbox 2007 4424 3569 4497">
    <p class='ocr_par' dir='ltr' id='par_1_107' title="bbox 2007 4424 3569 4497">
     <span class='ocr_line' id='line_1_107' title="bbox 2007 4424 3569 4497; baseline -0.001 -16"><span class='ocrx_word' id='word_1_800' title='bbox 2007 4424 2543 4497; x_wconf 13' lang='lat' dir='ltr'><strong>AuctoridialogiDe</strong></span> <span class='ocrx_word' id='word_1_801' title='bbox 2573 4427 2866 4497; x_wconf 67' lang='lat' dir='ltr'><strong>orthodoxa</strong></span> <span class='ocrx_word' id='word_1_802' title='bbox 2910 4426 3016 4491; x_wconf 78' lang='lat' dir='ltr'><strong>ﬁde</strong></span> <span class='ocrx_word' id='word_1_803' title='bbox 3063 4429 3327 4497; x_wconf 90' lang='lat' dir='ltr'><strong>quosdam</strong></span> <span class='ocrx_word' id='word_1_804' title='bbox 3375 4424 3569 4482; x_wconf 71' lang='lat' dir='ltr'><strong>scribit</strong></span> 
     </span>
    </p>
   </div>
   <div class='ocr_carea' id='block_1_108' title="bbox 2010 4495 3565 4567">
    <p class='ocr_par' dir='ltr' id='par_1_108' title="bbox 2010 4495 3565 4567">
     <span class='ocr_line' id='line_1_108' title="bbox 2010 4495 3565 4567; baseline 0.002 -19"><span class='ocrx_word' id='word_1_805' title='bbox 2010 4514 2041 4548; x_wconf 87' lang='lat' dir='ltr'><strong>e</strong></span> <span class='ocrx_word' id='word_1_806' title='bbox 2074 4495 2362 4567; x_wconf 82' lang='lat' dir='ltr'><strong>Marcionis</strong></span> <span class='ocrx_word' id='word_1_807' title='bbox 2391 4495 2573 4567; x_wconf 89' lang='lat' dir='ltr'><strong>schola</strong></span> <span class='ocrx_word' id='word_1_808' title='bbox 2619 4496 2720 4567; x_wconf 82' lang='lat' dir='ltr'><strong>tria</strong></span> <span class='ocrx_word' id='word_1_809' title='bbox 2752 4496 2863 4549; x_wconf 69' lang='lat' dir='ltr'><strong>haec</strong></span> <span class='ocrx_word' id='word_1_810' title='bbox 2916 4495 3120 4567; x_wconf 80' lang='lat' dir='ltr'><strong>ponere</strong></span> <span class='ocrx_word' id='word_1_811' title='bbox 3160 4497 3454 4567; x_wconf 86' lang='lat' dir='ltr'><strong>principia;</strong></span> <span class='ocrx_word' id='word_1_812' title='bbox 3493 4498 3565 4551; x_wconf 87' lang='lat' dir='ltr'><strong>ita</strong></span> 
     </span>
    </p>
   </div>
   <div class='ocr_carea' id='block_1_109' title="bbox 2008 4564 3562 4636">
    <p class='ocr_par' dir='ltr' id='par_1_109' title="bbox 2008 4564 3562 4636">
     <span class='ocr_line' id='line_1_109' title="bbox 2008 4564 3562 4636; baseline 0 -17"><span class='ocrx_word' id='word_1_813' title='bbox 2008 4576 2065 4619; x_wconf 92' lang='lat' dir='ltr'><strong>ut</strong></span> <span class='ocrx_word' id='word_1_814' title='bbox 2092 4565 2416 4636; x_wconf 83' lang='lat' dir='ltr'><strong>principium</strong></span> <span class='ocrx_word' id='word_1_815' title='bbox 2448 4566 2644 4636; x_wconf 82' lang='lat' dir='ltr'><strong>bonum</strong></span> <span class='ocrx_word' id='word_1_816' title='bbox 2673 4564 2874 4636; x_wconf 89' lang='lat' dir='ltr'><strong>justum</strong></span> <span class='ocrx_word' id='word_1_817' title='bbox 2906 4581 3009 4619; x_wconf 89' lang='lat' dir='ltr'><strong>non</strong></span> <span class='ocrx_word' id='word_1_818' title='bbox 3042 4564 3400 4635; x_wconf 50' lang='lat' dir='ltr'><strong>sit;&#39;justu&#39;m</strong></span> <span class='ocrx_word' id='word_1_819' title='bbox 3436 4567 3562 4620; x_wconf 80' lang='lat' dir='ltr'><strong>item</strong></span> 
     </span>
    </p>
   </div>
   <div class='ocr_carea' id='block_1_110' title="bbox 2006 4634 3564 4704">
    <p class='ocr_par' dir='ltr' id='par_1_110' title="bbox 2006 4634 3564 4704">
     <span class='ocr_line' id='line_1_110' title="bbox 2006 4634 3564 4704; baseline 0 -15"><span class='ocrx_word' id='word_1_820' title='bbox 2006 4634 2111 4690; x_wconf 81' lang='lat' dir='ltr'><strong>non</strong></span> <span class='ocrx_word' id='word_1_821' title='bbox 2141 4637 2215 4689; x_wconf 86' lang='lat' dir='ltr'><strong>sit</strong></span> <span class='ocrx_word' id='word_1_822' title='bbox 2246 4634 2482 4695; x_wconf 84' lang='lat' dir='ltr'><strong>bonum;</strong></span> <span class='ocrx_word' id='word_1_823' title='bbox 2518 4634 2714 4687; x_wconf 86' lang='lat' dir='ltr'><strong>malum</strong></span> <span class='ocrx_word' id='word_1_824' title='bbox 2740 4635 3054 4704; x_wconf 83' lang='lat' dir='ltr'><strong>necjustum</strong></span> <span class='ocrx_word' id='word_1_825' title='bbox 3085 4637 3177 4699; x_wconf 88' lang='lat' dir='ltr'><strong>sit,</strong></span> <span class='ocrx_word' id='word_1_826' title='bbox 3196 4634 3300 4691; x_wconf 86' lang='lat' dir='ltr'><strong>nec</strong></span> <span class='ocrx_word' id='word_1_827' title='bbox 3324 4638 3522 4692; x_wconf 91' lang='lat' dir='ltr'><strong>bonum</strong></span> <span class='ocrx_word' id='word_1_828' title='bbox 3549 4653 3564 4689; x_wconf 89' lang='lat'><strong>:</strong></span> 
     </span>
    </p>
   </div>
   <div class='ocr_carea' id='block_1_111' title="bbox 2006 4704 3567 4772">
    <p class='ocr_par' dir='ltr' id='par_1_111' title="bbox 2006 4704 3567 4772">
     <span class='ocr_line' id='line_1_111' title="bbox 2006 4704 3567 4772; baseline 0.002 -15"><span class='ocrx_word' id='word_1_829' title='bbox 2006 4707 2142 4759; x_wconf 84' lang='lat' dir='ltr'><strong>alios</strong></span> <span class='ocrx_word' id='word_1_830' title='bbox 2173 4718 2301 4758; x_wconf 83' lang='lat' dir='ltr'><strong>vero</strong></span> <span class='ocrx_word' id='word_1_831' title='bbox 2341 4719 2406 4759; x_wconf 80' lang='lat' dir='ltr'><strong>ex</strong></span> <span class='ocrx_word' id='word_1_832' title='bbox 2434 4704 2623 4757; x_wconf 88' lang='lat' dir='ltr'><strong>eadem</strong></span> <span class='ocrx_word' id='word_1_833' title='bbox 2672 4704 2856 4758; x_wconf 89' lang='lat' dir='ltr'><strong>schola</strong></span> <span class='ocrx_word' id='word_1_834' title='bbox 2906 4708 3014 4759; x_wconf 88' lang='lat' dir='ltr'><strong>duo</strong></span> <span class='ocrx_word' id='word_1_835' title='bbox 3056 4715 3292 4772; x_wconf 86' lang='lat' dir='ltr'><strong>tantum,</strong></span> <span class='ocrx_word' id='word_1_836' title='bbox 3342 4717 3399 4760; x_wconf 88' lang='lat' dir='ltr'><strong>ut</strong></span> <span class='ocrx_word' id='word_1_837' title='bbox 3442 4722 3567 4761; x_wconf 81' lang='lat' dir='ltr'><strong>mox</strong></span> 
     </span>
    </p>
   </div>
   <div class='ocr_carea' id='block_1_112' title="bbox 2006 4773 3563 4842">
    <p class='ocr_par' dir='ltr' id='par_1_112' title="bbox 2006 4773 3563 4842">
     <span class='ocr_line' id='line_1_112' title="bbox 2006 4773 3563 4842; baseline 0.003 -15"><span class='ocrx_word' id='word_1_838' title='bbox 2006 4775 2367 4838; x_wconf 84' lang='lat' dir='ltr'><strong>ostendimus,</strong></span> <span class='ocrx_word' id='word_1_839' title='bbox 2398 4784 2636 4827; x_wconf 87' lang='lat' dir='ltr'><strong>statuere</strong></span> <span class='ocrx_word' id='word_1_840' title='bbox 2669 4773 2957 4842; x_wconf 87' lang='lat' dir='ltr'><strong>principia,</strong></span> <span class='ocrx_word' id='word_1_841' title='bbox 2995 4778 3193 4830; x_wconf 89' lang='lat' dir='ltr'><strong>bonum</strong></span> <span class='ocrx_word' id='word_1_842' title='bbox 3243 4787 3298 4833; x_wconf 89' lang='lat' dir='ltr'><strong>et</strong></span> <span class='ocrx_word' id='word_1_843' title='bbox 3342 4776 3563 4832; x_wconf 85' lang='lat' dir='ltr'><strong>malum.</strong></span> 
     </span>
    </p>
   </div>
   <div class='ocr_carea' id='block_1_113' title="bbox 2008 4842 3568 4914">
    <p class='ocr_par' dir='ltr' id='par_1_113' title="bbox 2008 4842 3568 4914">
     <span class='ocr_line' id='line_1_113' title="bbox 2008 4842 3568 4914; baseline 0.001 -16"><span class='ocrx_word' id='word_1_844' title='bbox 2008 4845 2281 4898; x_wconf 85' lang='lat' dir='ltr'><strong>Christum</strong></span> <span class='ocrx_word' id='word_1_845' title='bbox 2312 4852 2490 4914; x_wconf 74' lang='lat' dir='ltr'><strong>autem</strong></span> <span class='ocrx_word' id='word_1_846' title='bbox 2521 4842 2713 4914; x_wconf 80' lang='lat' dir='ltr'><strong>opiiice</strong></span> <span class='ocrx_word' id='word_1_847' title='bbox 2743 4854 2926 4897; x_wconf 86' lang='lat' dir='ltr'><strong>natum</strong></span> <span class='ocrx_word' id='word_1_848' title='bbox 2955 4847 3172 4914; x_wconf 89' lang='lat' dir='ltr'><strong>quidam</strong></span> <span class='ocrx_word' id='word_1_849' title='bbox 3200 4862 3231 4901; x_wconf 91' lang='lat' dir='ltr'><strong>e</strong></span> <span class='ocrx_word' id='word_1_850' title='bbox 3276 4846 3568 4901; x_wconf 83' lang='lat' dir='ltr'><strong>Marcioui-</strong></span> 
     </span>
    </p>
   </div>
   <div class='ocr_carea' id='block_1_114' title="bbox 2004 4911 3561 4983">
    <p class='ocr_par' dir='ltr' id='par_1_114' title="bbox 2004 4911 3561 4983">
     <span class='ocr_line' id='line_1_114' title="bbox 2004 4911 3561 4983; baseline 0.005 -19"><span class='ocrx_word' id='word_1_851' title='bbox 2004 4918 2108 4983; x_wconf 76' lang='lat' dir='ltr'><strong>tis;</strong></span> <span class='ocrx_word' id='word_1_852' title='bbox 2152 4914 2240 4967; x_wconf 89' lang='lat' dir='ltr'><strong>alii</strong></span> <span class='ocrx_word' id='word_1_853' title='bbox 2286 4929 2352 4967; x_wconf 80' lang='lat' dir='ltr'><strong>ex</strong></span> <span class='ocrx_word' id='word_1_854' title='bbox 2389 4911 2671 4983; x_wconf 9' lang='lat' dir='ltr'><strong>illisrrmalo</strong></span> <span class='ocrx_word' id='word_1_855' title='bbox 2695 4911 3032 4983; x_wconf 73' lang='lat' dir='ltr'><strong>progenitum</strong></span> <span class='ocrx_word' id='word_1_856' title='bbox 3065 4931 3187 4970; x_wconf 89' lang='lat' dir='ltr'><strong>eum</strong></span> <span class='ocrx_word' id='word_1_857' title='bbox 3230 4918 3561 4972; x_wconf 85' lang='lat' dir='ltr'><strong>statuebant.</strong></span> 
     </span>
    </p>
   </div>
   <div class='ocr_carea' id='block_1_115' title="bbox 2001 4982 3560 5051">
    <p class='ocr_par' dir='ltr' id='par_1_115' title="bbox 2001 4982 3560 5051">
     <span class='ocr_line' id='line_1_115' title="bbox 2001 4982 3560 5051; baseline 0.001 -15"><span class='ocrx_word' id='word_1_858' title='bbox 2001 4982 2057 5036; x_wconf 87' lang='lat' dir='ltr'><strong>Id</strong></span> <span class='ocrx_word' id='word_1_859' title='bbox 2096 4992 2463 5038; x_wconf 88' lang='lat' dir='ltr'><strong>commentum</strong></span> <span class='ocrx_word' id='word_1_860' title='bbox 2497 4982 2696 5051; x_wconf 88' lang='lat' dir='ltr'><strong>Syriuo</strong></span> <span class='ocrx_word' id='word_1_861' title='bbox 2727 4982 2967 5047; x_wconf 83' lang='lat' dir='ltr'><strong>cuidam,</strong></span> <span class='ocrx_word' id='word_1_862' title='bbox 2994 5000 3100 5040; x_wconf 91' lang='lat' dir='ltr'><strong>non</strong></span> <span class='ocrx_word' id='word_1_863' title='bbox 3132 4985 3416 5051; x_wconf 75' lang='lat' dir='ltr'><strong>Marciani,</strong></span> <span class='ocrx_word' id='word_1_864' title='bbox 3451 4988 3560 5040; x_wconf 79' lang='lat' dir='ltr'><strong>Eu-</strong></span> 
     </span>
    </p>
   </div>
   <div class='ocr_carea' id='block_1_116' title="bbox 1999 5053 3563 5118">
    <p class='ocr_par' dir='ltr' id='par_1_116' title="bbox 1999 5053 3563 5118">
     <span class='ocr_line' id='line_1_116' title="bbox 1999 5053 3563 5118; baseline 0.001 -11"><span class='ocrx_word' id='word_1_865' title='bbox 1999 5056 2212 5109; x_wconf 87' lang='lat' dir='ltr'><strong>sebium</strong></span> <span class='ocrx_word' id='word_1_866' title='bbox 2243 5053 2561 5118; x_wconf 75' lang='lat' dir='ltr'><strong>ascripsiSse</strong></span> <span class='ocrx_word' id='word_1_867' title='bbox 2607 5060 2837 5106; x_wconf 87' lang='lat' dir='ltr'><strong>testatur</strong></span> <span class='ocrx_word' id='word_1_868' title='bbox 2888 5065 3080 5108; x_wconf 89' lang='lat' dir='ltr'><strong>auctor</strong></span> <span class='ocrx_word' id='word_1_869' title='bbox 3114 5053 3488 5110; x_wconf 75' lang='lat' dir='ltr'><strong>Pra’deslinuti</strong></span> <span class='ocrx_word' id='word_1_870' title='bbox 3533 5074 3563 5109; x_wconf 88' lang='lat' dir='ltr'><strong>a</strong></span> 
     </span>
    </p>
   </div>
   <div class='ocr_carea' id='block_1_117' title="bbox 2004 5122 3564 5181">
    <p class='ocr_par' dir='ltr' id='par_1_117' title="bbox 2004 5122 3564 5181">
     <span class='ocr_line' id='line_1_117' title="bbox 2004 5122 3564 5181; baseline 0.003 -5"><span class='ocrx_word' id='word_1_871' title='bbox 2004 5122 2296 5180; x_wconf 84' lang='lat' dir='ltr'><strong>Sirmundo</strong></span> <span class='ocrx_word' id='word_1_872' title='bbox 2330 5124 2458 5176; x_wconf 88' lang='lat' dir='ltr'><strong>editi</strong></span> <span class='ocrx_word' id='word_1_873' title='bbox 2514 5123 2612 5175; x_wconf 90' lang='lat' dir='ltr'><strong>lib.</strong></span> <span class='ocrx_word' id='word_1_874' title='bbox 2664 5138 2679 5175; x_wconf 88' lang='grc' dir='ltr'><strong>ι</strong></span> <span class='ocrx_word' id='word_1_875' title='bbox 2737 5124 2927 5176; x_wconf 62' lang='lat' dir='ltr'><strong>haeres.</strong></span> <span class='ocrx_word' id='word_1_876' title='bbox 2958 5124 3049 5178; x_wconf 75' lang='grc'><strong>21.</strong></span> <span class='ocrx_word' id='word_1_877' title='bbox 3081 5125 3150 5180; x_wconf 84' lang='lat' dir='ltr'><strong>At</strong></span> <span class='ocrx_word' id='word_1_878' title='bbox 3197 5126 3564 5181; x_wconf 86' lang='lat' dir='ltr'><strong>Tertulliauus</strong></span> 
     </span>
    </p>
   </div>
   <div class='ocr_carea' id='block_1_118' title="bbox 2001 5190 3564 5264">
    <p class='ocr_par' dir='ltr' id='par_1_118' title="bbox 2001 5190 3564 5264">
     <span class='ocr_line' id='line_1_118' title="bbox 2001 5190 3564 5264; baseline 0.001 -16"><span class='ocrx_word' id='word_1_879' title='bbox 2001 5194 2094 5248; x_wconf 90' lang='lat' dir='ltr'><strong>lib.</strong></span> <span class='ocrx_word' id='word_1_880' title='bbox 2130 5211 2146 5248; x_wconf 87' lang='grc' dir='ltr'>ι</span> <span class='ocrx_word' id='word_1_881' title='bbox 2197 5196 2316 5246; x_wconf 85' lang='lat' dir='ltr'><strong>adv.</strong></span> <span class='ocrx_word' id='word_1_882' title='bbox 2360 5190 2705 5264; x_wconf 74' lang='lat' dir='ltr'><strong>Marcionem,</strong></span> <span class='ocrx_word' id='word_1_883' title='bbox 2735 5206 2854 5257; x_wconf 90' lang='lat' dir='ltr'><strong>cap.</strong></span> <span class='ocrx_word' id='word_1_884' title='bbox 2893 5193 2949 5255; x_wconf 87' lang='lat'><strong>6,</strong></span> <span class='ocrx_word' id='word_1_885' title='bbox 3000 5195 3109 5247; x_wconf 92' lang='lat' dir='ltr'><strong>duo</strong></span> <span class='ocrx_word' id='word_1_886' title='bbox 3149 5195 3414 5251; x_wconf 79' lang='lat' dir='ltr'><strong>duntaxat</strong></span> <span class='ocrx_word' id='word_1_887' title='bbox 3468 5210 3564 5264; x_wconf 91' lang='lat' dir='ltr'><strong>po-</strong></span> 
     </span>
    </p>
   </div>
   <div class='ocr_carea' id='block_1_119' title="bbox 1998 5261 3563 5335">
    <p class='ocr_par' dir='ltr' id='par_1_119' title="bbox 1998 5261 3563 5335">
     <span class='ocr_line' id='line_1_119' title="bbox 1998 5261 3563 5335; baseline 0 -16"><span class='ocrx_word' id='word_1_888' title='bbox 1998 5266 2175 5320; x_wconf 81' lang='lat' dir='ltr'><strong>suisse</strong></span> <span class='ocrx_word' id='word_1_889' title='bbox 2199 5264 2348 5335; x_wconf 86' lang='lat' dir='ltr'><strong>illum</strong></span> <span class='ocrx_word' id='word_1_890' title='bbox 2396 5261 2660 5335; x_wconf 71' lang='lat' dir='ltr'><strong>principia</strong></span> <span class='ocrx_word' id='word_1_891' title='bbox 2705 5264 2903 5335; x_wconf 83' lang='lat' dir='ltr'><strong>asserit</strong></span> <span class='ocrx_word' id='word_1_892' title='bbox 2943 5282 2956 5317; x_wconf 91' lang='lat'>:</span> <span class='ocrx_word' id='word_1_893' title='bbox 2994 5282 3013 5314; x_wconf 83' lang='grc' dir='ltr'>ι</span> <span class='ocrx_word' id='word_1_894' title='bbox 3054 5266 3333 5335; x_wconf 81' lang='lat' dir='ltr'><strong>Alioquin,</strong></span> <span class='ocrx_word' id='word_1_895' title='bbox 3363 5261 3563 5333; x_wconf 81' lang='lat' dir='ltr'><strong>inquit.</strong></span> 
     </span>
    </p>
   </div>
   <div class='ocr_carea' id='block_1_120' title="bbox 1994 5332 3565 5401">
    <p class='ocr_par' dir='ltr' id='par_1_120' title="bbox 1994 5332 3565 5401">
     <span class='ocr_line' id='line_1_120' title="bbox 1994 5332 3565 5401; baseline -0.001 -12"><span class='ocrx_word' id='word_1_896' title='bbox 1994 5337 2128 5389; x_wconf 88' lang='lat' dir='ltr'><strong>certi</strong></span> <span class='ocrx_word' id='word_1_897' title='bbox 2154 5333 2483 5388; x_wconf 82' lang='lat' dir='ltr'><strong>Marcionetn</strong></span> <span class='ocrx_word' id='word_1_898' title='bbox 2509 5332 2751 5399; x_wconf 89' lang='lat' dir='ltr'><strong>dispares</strong></span> <span class='ocrx_word' id='word_1_899' title='bbox 2770 5334 2898 5388; x_wconf 90' lang='lat' dir='ltr'><strong>deos</strong></span> <span class='ocrx_word' id='word_1_900' title='bbox 2925 5332 3255 5391; x_wconf 73' lang='lat' dir='ltr'><strong>constituere</strong></span> <span class='ocrx_word' id='word_1_901' title='bbox 3279 5354 3292 5401; x_wconf 90' lang='lat'><strong>;</strong></span> <span class='ocrx_word' id='word_1_902' title='bbox 3320 5332 3565 5390; x_wconf 82' lang='lat' dir='ltr'><strong>alterum</strong></span> 
     </span>
    </p>
   </div>
   <div class='ocr_carea' id='block_1_121' title="bbox 339 5401 3566 5487">
    <p class='ocr_par' dir='ltr' id='par_1_121' title="bbox 339 5401 3566 5487">
     <span class='ocr_line' id='line_1_121' title="bbox 339 5401 3566 5487; baseline -0.005 -15"><span class='ocrx_word' id='word_1_903' title='bbox 339 5401 479 5485; x_wconf 48' lang='grc' dir='ltr'>δή,</span> <span class='ocrx_word' id='word_1_904' title='bbox 513 5401 619 5487; x_wconf 27' lang='lat'><strong>1—3,-</strong></span> <span class='ocrx_word' id='word_1_905' title='bbox 637 5401 835 5487; x_wconf 82' lang='lat' dir='ltr'><strong>praeter</strong></span> <span class='ocrx_word' id='word_1_906' title='bbox 861 5401 966 5471; x_wconf 75' lang='lat' dir='ltr'><strong>duo</strong></span> <span class='ocrx_word' id='word_1_907' title='bbox 989 5401 1075 5469; x_wconf 70' lang='lat' dir='ltr'><strong>illa</strong></span> <span class='ocrx_word' id='word_1_908' title='bbox 1110 5414 1392 5487; x_wconf 73' lang='lat' dir='ltr'><strong>principia.</strong></span> <span class='ocrx_word' id='word_1_909' title='bbox 1420 5401 1671 5480; x_wconf 85' lang='lat' dir='ltr'><strong>opiﬁcem</strong></span> <span class='ocrx_word' id='word_1_910' title='bbox 1699 5401 1892 5487; x_wconf 76' lang='lat' dir='ltr'><strong>uetnpe</strong></span> <span class='ocrx_word' id='word_1_911' title='bbox 1985 5403 2248 5487; x_wconf 75' lang='lat' dir='ltr'><strong>judicent,</strong></span> <span class='ocrx_word' id='word_1_912' title='bbox 2277 5401 2932 5487; x_wconf 46' lang='lat' dir='ltr'><strong>ferum,bellipoten-tem;</strong></span> <span class='ocrx_word' id='word_1_913' title='bbox 2960 5405 3187 5487; x_wconf 80' lang='lat' dir='ltr'><strong>alterum</strong></span> <span class='ocrx_word' id='word_1_914' title='bbox 3216 5407 3422 5487; x_wconf 76' lang='lat' dir='ltr'><strong>mitem,</strong></span> <span class='ocrx_word' id='word_1_915' title='bbox 3453 5407 3566 5475; x_wconf 75' lang='lat' dir='ltr'><strong>pla-</strong></span> 
     </span>
    </p>
   </div>
   <div class='ocr_carea' id='block_1_122' title="bbox 333 5474 3558 5556">
    <p class='ocr_par' dir='ltr' id='par_1_122' title="bbox 333 5474 3558 5556">
     <span class='ocr_line' id='line_1_122' title="bbox 333 5474 3558 5556; baseline -0.004 -17"><span class='ocrx_word' id='word_1_916' title='bbox 333 5474 668 5556; x_wconf 59' lang='lat' dir='ltr'><strong>jndicem&#39;e&#39;t</strong></span> <span class='ocrx_word' id='word_1_917' title='bbox 717 5488 921 5555; x_wconf 87' lang='lat' dir='ltr'><strong>justum</strong></span> <span class='ocrx_word' id='word_1_918' title='bbox 986 5497 1041 5539; x_wconf 91' lang='lat' dir='ltr'><strong>et</strong></span> <span class='ocrx_word' id='word_1_919' title='bbox 1075 5474 1311 5556; x_wconf 46' lang='lat' dir='ltr'><strong>Iturium:</strong></span> <span class='ocrx_word' id='word_1_920' title='bbox 1348 5474 1553 5546; x_wconf 81' lang='lat' dir='ltr'><strong>Deum,</strong></span> <span class='ocrx_word' id='word_1_921' title='bbox 1600 5474 1888 5556; x_wconf 41' lang='lat' dir='ltr'><strong>tertium’a</strong></span> <span class='ocrx_word' id='word_1_922' title='bbox 1990 5476 2198 5556; x_wconf 72' lang='lat' dir='ltr'><strong>cidum,</strong></span> <span class='ocrx_word' id='word_1_923' title='bbox 2266 5482 2321 5530; x_wconf 88' lang='lat' dir='ltr'><strong>et</strong></span> <span class='ocrx_word' id='word_1_924' title='bbox 2369 5474 2740 5529; x_wconf 86' lang='lat' dir='ltr'><strong>tantummodo</strong></span> <span class='ocrx_word' id='word_1_925' title='bbox 2780 5474 2979 5531; x_wconf 87' lang='lat' dir='ltr'><strong>bonum</strong></span> <span class='ocrx_word' id='word_1_926' title='bbox 3025 5485 3183 5545; x_wconf 83' lang='lat' dir='ltr'><strong>atque</strong></span> <span class='ocrx_word' id='word_1_927' title='bbox 3211 5477 3496 5547; x_wconf 86' lang='lat' dir='ltr'><strong>optimum.</strong></span> <span class='ocrx_word' id='word_1_928' title='bbox 3539 5491 3558 5525; x_wconf 81' lang='grc' dir='ltr'>ι</span> 
     </span>
    </p>
   </div>
   <div class='ocr_carea' id='block_1_123' title="bbox 340 5547 2255 5619">
    <p class='ocr_par' dir='ltr' id='par_1_123' title="bbox 340 5547 2255 5619">
     <span class='ocr_line' id='line_1_123' title="bbox 340 5547 2255 5619; baseline -0.006 -8"><span class='ocrx_word' id='word_1_929' title='bbox 340 5547 610 5614; x_wconf 61' lang='lat' dir='ltr'><strong>Marcione</strong></span> <span class='ocrx_word' id='word_1_930' title='bbox 640 5547 811 5612; x_wconf 67' lang='lat' dir='ltr'><strong>fuisse</strong></span> <span class='ocrx_word' id='word_1_931' title='bbox 865 5557 1162 5615; x_wconf 85' lang='lat' dir='ltr'><strong>inductum,</strong></span> <span class='ocrx_word' id='word_1_932' title='bbox 1208 5553 1408 5608; x_wconf 89' lang='lat' dir='ltr'><strong>malum</strong></span> <span class='ocrx_word' id='word_1_933' title='bbox 1455 5564 1673 5619; x_wconf 89' lang='lat' dir='ltr'><strong>nempe,</strong></span> <span class='ocrx_word' id='word_1_934' title='bbox 1703 5550 1809 5619; x_wconf 81' lang='lat' dir='ltr'><strong>qui</strong></span> <span class='ocrx_word' id='word_1_935' title='bbox 1837 5559 1893 5602; x_wconf 90' lang='lat' dir='ltr'><strong>et</strong></span> <span class='ocrx_word' id='word_1_936' title='bbox 1990 5547 2255 5603; x_wconf 70' lang='lat' dir='ltr'><strong>Hunnus.</strong></span> 
     </span>
    </p>
   </div>
   <div class='ocr_carea' id='block_1_124' title="bbox 342 5618 1890 5694">
    <p class='ocr_par' dir='ltr' id='par_1_124' title="bbox 342 5618 1890 5694">
     <span class='ocr_line' id='line_1_124' title="bbox 342 5618 1890 5694; baseline -0.007 -11"><span class='ocrx_word' id='word_1_937' title='bbox 342 5630 604 5686; x_wconf 78' lang='lat' dir='ltr'><strong>diabolus.</strong></span> <span class='ocrx_word' id='word_1_938' title='bbox 642 5628 829 5682; x_wconf 86' lang='lat' dir='ltr'><strong>Trium</strong></span> <span class='ocrx_word' id='word_1_939' title='bbox 870 5642 998 5694; x_wconf 82' lang='lat' dir='ltr'><strong>ergo</strong></span> <span class='ocrx_word' id='word_1_940' title='bbox 1019 5639 1236 5678; x_wconf 88' lang='lat' dir='ltr'><strong>suorum</strong></span> <span class='ocrx_word' id='word_1_941' title='bbox 1270 5618 1653 5692; x_wconf 80' lang='lat' dir='ltr'><strong>principiorqu</strong></span> <span class='ocrx_word' id='word_1_942' title='bbox 1681 5623 1780 5674; x_wconf 84' lang='lat' dir='ltr'><strong>hoc</strong></span> <span class='ocrx_word' id='word_1_943' title='bbox 1802 5618 1890 5674; x_wconf 87' lang='lat' dir='ltr'><strong>bo-</strong></span> 
     </span>
    </p>
   </div>
   <div class='ocr_carea' id='block_1_125' title="bbox 696 5717 1311 5783">
    <p class='ocr_par' dir='ltr' id='par_1_125' title="bbox 696 5717 1311 5783">
     <span class='ocr_line' id='line_1_125' title="bbox 696 5717 1311 5783; baseline -0.007 0"><span class='ocrx_word' id='word_1_944' title='bbox 696 5725 968 5783; x_wconf 73' lang='lat' dir='ltr'><strong>PATBOL.</strong></span> <span class='ocrx_word' id='word_1_945' title='bbox 1012 5719 1126 5782; x_wconf 77' lang='lat' dir='ltr'><strong>Gn.</strong></span> <span class='ocrx_word' id='word_1_946' title='bbox 1175 5717 1311 5779; x_wconf 79' lang='grc' dir='ltr'><strong>ΧΠ.</strong></span> 
     </span>
    </p>
   </div>
   <div class='ocr_carea' id='block_1_126' title="bbox 3277 5690 3315 5764">
    <p class='ocr_par' dir='ltr' id='par_1_126' title="bbox 3277 5690 3315 5764">
     <span class='ocr_line' id='line_1_126' title="bbox 3277 5690 3315 5764; baseline 0 0"><span class='ocrx_word' id='word_1_947' title='bbox 3277 5690 3315 5764; x_wconf 70' lang='lat'><strong>9</strong></span> 
     </span>
    </p>
   </div>
  </div>
