4050 6142
428 144 537 205 εστ
1837 132 2203 208 oste-‘ENES
3571 153 3675 209 aea

431 267 652 323 teritum
685 281 805 323 esse
850 267 1046 336 factos,
1079 267 1194 322 haec
1245 266 1408 324 etiam
1457 270 1756 336 adducunt,
1786 274 2000 342 probari

2112 272 2224 337 ζειν
2269 272 2337 326 τὰ
2370 271 2512 327 κατὰ
2554 266 2652 336 τὰς
2693 266 2864 337 λέξεις
2915 271 3076 333 νοεῖν,
3107 269 3206 334 τὰς
3252 270 3388 334 ίδίας
3437 271 3679 343 ἀναιρεῖν

431 359 756 416 sententiam
782 359 939 430 113
973 373 1124 414 suam
1149 358 1217 414 iis
1234 360 1444 415 verbis:
1475 381 1494 415 ι
1526 360 2006 418 lnduravitDonri-

2112 365 2240 436 περὶ
2288 363 2498 418 δικαίου
2556 362 2678 416 θεοῦ
2729 366 2962 435 νοήσεις.
3013 363 3086 416 Τὸ
3132 363 3189 417 δὲ
3221 363 3546 428 τελευταῖον,
3578 363 3680 417 κᾶν

428 467 537 507 nus
567 462 662 506 cor
690 447 1030 517 Pharaonis;
1067 468 1087 502 ι
1129 464 1226 520 age
1255 459 1309 507 et
1339 444 1519 508 de'bis
1551 454 1682 510 istos
1711 460 2006 526 interroge-

2112 457 2332 526 ἀπορεῖν
2376 455 2404 508 ὅ
2443 473 2495 509 τι
2540 456 2668 509 ποτὲ
2719 457 2747 509 ὁ
2797 456 2954 525 λόγος
3009 455 3283 530 ὑποϐάλλῃ
3340 456 3678 528 ὁμολογήσω-

429 554 575 599 mus.
613 543 715 608 Qui
749 542 1001 597 conditus
1039 549 1123 597 est
1156 540 1209 595 in
1244 542 1546 612 interitum,
1586 545 1722 600 nihil
1770 561 2005 616 unquam

2112 562 2192 598 σιν
2224 544 2353 616 (55)’
2382 545 2550 601 ταῦτα
2589 547 2686 617 μὲν
2718 541 2808 600 οῦν
2834 548 3153 618 ἐσπαράχθω
3173 548 3530 619 ἐξεταζόμενα
3554 548 3681 616 περὶ

429 634 559 690 1)οηί
609 634 788 688 facere
820 642 1019 704 potest,
1072 649 1193 689 cum
1228 634 1327 703 ipsi
1385 634 1465 688 ad-
1496 636 1720 691 honesta
1764 638 2006 692 tendenti

2112 635 2241 689 Θεοῦ
2306 638 2363 690 ἐν
2423 636 2500 708 τῷ
2576 638 2928 709 προκειμένῳ
2984 638 3344 710 προϐλήματι.
3410 641 3561 693 Ἐπεὶ
3621 640 3682 695 δὲ

429 731 623 782 natura
656 725 769 792 ipsa
814 734 1099 795 repugnet.
1145 724 1284 792 Quid
1317 740 1447 795 ergo
1486 740 1622 795 opus
1647 737 1730 783 est
1756 727 2004 783 Pharao-

2112 729 2188 791 είς
2212 728 2301 783 τὸν
2340 730 2467 801 περὶ
2515 728 2728 799 φύσεως
2772 731 2935 783 τόπον
2968 730 3076 802 (⁸56)
3119 732 3166 784 οἱ
3212 731 3682 803 ὑπολαμϐάνοντές

430 826 575 881 nam,
608 815 797 885 illium,
826 825 885 870 ut
909 817 1107 883 dicitis,
1140 817 1412 884 interitus,
1445 834 1474 872 a
1508 820 1616 875 Deo
1644 820 1905 886 indurati,
1938 837 2006 876 ne

2112 835 2258 884 τινας
2302 821 2368 873 ἐκ
2410 820 2508 891 τῆς
2556 821 2900 891 κατασκευῆς
2960 822 3046 875 ἐπ’
3092 822 3334 894 ἀπωλείᾳ
3378 825 3679 893 γεγονέναι,

431 908 688 978 populum
718 900 996 963 dimittat"!
1022 907 1067 963 si
1112 909 1257 964 enim
1280 925 1385 965 non
1416 911 1557 966 foret
1596 911 1898 979 induratus,
1922 912 2006 967 di-

2112 910 2208 963 καὶ
2268 910 2438 964 ταῦτα
2503 911 2748 982 φέρουσι,
2811 911 3059 980 λέγοντες
3101 912 3389 985 δηλοῦσθαι
3441 915 3469 967 ὃ
3530 915 3680 969 διδά-

431 1004 691 1061 misisset.
756 998 836 1059 "De
891 1005 985 1061 illo
1037 1007 1200 1076 igitur
1230 1008 1334 1061 hoc
1384 1008 1542 1060 modo
1591 1009 1999 1075 respOndeaut:

2112 1020 2294 1057 σκουσι
2329 1003 2414 1057 διὰ
2448 1003 2539 1057 τοῦ
2578 1022 2596 1054 ι
2636 1002 2996 1074 ἐσκληρύνθαι
3029 1005 3135 1058 ὑπὸ
3166 999 3502 1078 Κυρίουτὴν
3542 1025 3681 1079 καρ-

432 1096 562 1167 ιιύἰᾶ
590 1092 806 1153 fecisset
825 1097 1061 1164 Pharao,
1093 1099 1192 1154 nisi
1219 1098 1411 1154 fuisset
1431 1097 1754 1154 induratus?
1776 1098 1832 1154 Si
1853 1099 2002 1154 enim

2112 1096 2223 1149 Βίαν
2278 1094 2503 1167 Φαραὼ,
2536 1112 2555 1146 ι
2610 1095 2743 1168 φέρε
2781 1094 2953 1148 ταῦτα
2995 1096 3173 1149 αὐτῶν
3201 1094 3690 1168 πυνθανώμεϐαεὈ

433 1189 729 1244 dimisisset
757 1205 862 1246 non
894 1190 1194 1255 induratus,
1223 1206 1328 1244 nun
1362 1199 1476 1245 erat
1511 1189 1732 1260 perditte
1758 1198 2001 1255 natura};

2112 1188 2190 1241 ἐπ’
2229 1187 2471 1258 ἀπωλείᾳ¹
2508 1187 2763 1251 κτισθεὶς,
2805 1190 2905 1241 ούκ
2952 1188 3017 1242 ἄν
3066 1206 3191 1241 ποτε
3224 1189 3447 1260 ποιῆσαί
3485 1208 3536 1243 τι
3569 1191 3679 1244 τῶν

433 1290 488 1334 at
518 1280 563 1335 si
602 1295 712 1336 non
752 1281 1071 1349 dimisisset,
1117 1282 1253 1336 nihil
1290 1294 1511 1336 necesse
1542 1289 1662 1335 erat
1711 1281 1883 1351 ipsius
1910 1295 2005 1335 cor

2112 1280 2427 1352 κρειττόνων
2451 1279 2684 1346 δύναιτο,
2711 1281 2879 1352 αὐτῆς
2902 1280 2999 1351 τῆς
3033 1281 3445 1353 ἐνυπαρχούσης
3467 1283 3680 1352 φύσεως

433 1371 672 1427 indurari
699 1386 716 1428 :
748 1386 849 1428 nec
875 1373 1021 1428 enim
1040 1373 1356 1439 dimisisset,
1373 1373 1540 1429 etiam
1562 1389 1667 1428 non
1694 1373 2001 1428 induratus.

2112 1370 2568 1443 ἀντιπραττούσης
2616 1370 2763 1443 αὐτῷ
2795 1373 2931 1443 πρὸς
2979 1371 3047 1425 τὰ
3084 1373 3243 1426 καλά.
3276 1373 3371 1436 Τίς
3405 1370 3497 1429 οὖν
3523 1374 3682 1446 χρεία

433 1464 679 1529 Quanam
733 1474 912 1519 autem
958 1466 1174 1522 actione
1219 1476 1271 1522 et
1304 1466 1354 1520 vi
1393 1466 1462 1520 in‘
1490 1466 1842 1536 principalem
1887 1467 2004 1535 ejus

2112 1466 2192 1520 τὸν
2237 1465 2454 1539 Φαραὼ,
2505 1466 2797 1531 ἀπωλείας,
2846 1466 2921 1531 ὥς
2970 1484 3123 1536 φατε,
3158 1467 3272 1521 υἱόν
3322 1468 3680 1538 τυγχάνοντα,

433 1555 745 1610 facultatem
767 1555 941 1625 ipsum
968 1555 1281 1612 induravit?
1302 1567 1358 1612 et
1393 1558 1664 1627 quomodo
1691 1573 1814 1613 eum
1841 1573 2004 1613 accu-

2112 1558 2508 1629 σκληρύνεσθαι
2555 1559 2659 1612 ὑπὸ
2691 1558 2785 1612 τοῦ
2822 1557 2980 1622 Θεοῦ,
3012 1560 3097 1613 ἵνα
3134 1559 3207 1630 μὴ
3243 1561 3537 1632 ἀποστείλῃ
3589 1561 3682 1615 τὸν

433 1654 539 1713 sat,
573 1647 759 1702 dicens
787 1664 800 1699 :
830 1665 850 1699 ‹
886 1648 1021 1715 Quia
1049 1664 1153 1703 non
1185 1650 1532 1719 obtemperas
1563 1649 1716 1717 mihi,
1750 1664 1880 1705 ecce
1904 1633 2003 1721 ego

2112 1618 2267 1715 λαόν-ξ
2299 1651 2362 1703 Ei
2394 1649 2504 1722 γὰρ
2530 1650 2602 1722 μὴ
2636 1618 3012 1721 ἐσκληρύνετο,
3044 1618 3357 1705 ἀπέστειλεν
3395 1653 3479 1706 ἄν.
3510 1618 3686 1705 "’Atco-

435 1738 760 1794 interficiam
802 1738 982 1794 omnia
1030 1740 1390 1810 primogenita
1433 1751 1544 1805 tua,
1597 1749 1652 1795 et
1679 1748 2005 1810 cognoscent

2112 1741 2471 1814 κρινέσθωσαν
2506 1742 2570 1813 δὴ
2598 1741 2725 1813 περὶ
2760 1742 2948 1795 τούτου
2980 1742 3248 1811 λέγοντες,
3282 1745 3334 1797 τί
3364 1742 3429 1797 ἂν
3460 1744 3682 1815 ἐποίησε

434 1846 625 1888 omnes
672 1830 935 1903 Egyptii,
985 1833 1110 1902 quia
1156 1847 1254 1903 ego
1300 1849 1417 1888 sum
1456 1832 1750 1901 Dominus;
1788 1853 1807 1887 ι
1849 1834 2003 1904 quasi

2112 1830 2300 1902 Φαραὼ
2343 1832 2394 1884 εί
2449 1830 2523 1903 μὴ
2554 1830 2926 1903 ἐσκληρύνθης
2967 1833 3029 1885 Εἰ
3065 1834 3165 1903 μὲν
3209 1834 3318 1905 γὰρ
3350 1835 3554 1888 ἀπέλυε
3604 1837 3681 1909 μὴ

392 1968 395 1971 .
433 1934 744 1995 propterea,
805 1939 925 1994 qua:
969 1932 1230 1994 putantur
1273 1940 1526 1980 azrumnm
1559 1925 1628 1980 iis
1669 1924 2001 1996 inﬂigantur,

2112 1922 2474 1995 σκληρυνθεὶς,
2498 1924 2616 1995 οὐχὶ
2650 1923 2863 1993 φύσεως
2895 1924 3269 1997 ἀπολλυμένης
3298 1922 3384 1998 ἦν·
3421 1930 3469 1981 εἰ
3503 1927 3559 1980 δὲ
3604 1929 3681 2000 μὴ

435 2016 493 2068 tit
518 2013 684 2069 Deum
717 2023 1069 2084 cognoscant.
1093 2016 1268 2084 Atque
1308 2017 1358 2070 in
1388 2015 1543 2073 libris
1574 2015 2004 2073 Machahazorum

2112 2011 2330 2075 ἀπέλυε,
2375 2012 2632 2083 περισσὸν
2679 2012 2739 2066 τὸ
2780 2012 3174 2086 σκληρύνεσθαι
3208 2015 3372 2068 αὐτοῦ
3424 2017 3518 2088 τὴν
3554 2034 3685 2089 καρ-

433 2105 616 2162 simile
661 2107 788 2176 quid
818 2106 1014 2161 dicitur
1053 2107 1101 2137 ⁷¹
1136 2123 1150 2160 :
1186 2125 1207 2159 ι
1239 2108 1512 2164 Adhortor
1558 2124 1775 2175 omnes,
1809 2109 1905 2179 qui
1936 2110 2005 2164 li-

2112 2104 2240 2167 Βίαν,
2277 2105 2477 2177 ὁμοίως
2507 2105 2615 2177 γὰρ
2639 2106 2736 2159 οὐκ
2769 2106 2966 2159 ἀπέλυε
2988 2107 3081 2160 καὶ
3113 2107 3186 2179 μὴ
3220 2108 3589 2178 σκληρυνθείς.
3614 2101 3684 2162 Τί

433 2201 593 2254 brum
624 2198 769 2254 hunc
797 2197 1006 2268 legunt,
1037 2214 1107 2254 ne
1141 2200 1378 2254 animum
1412 2202 1739 2257 contrahant
1786 2210 2006 2274 propter

2112 2195 2162 2250 δὲ
2190 2196 2475 2268 ἐνεργῶνὸ
2504 2197 2635 2261 Θεὸς
2670 2198 2798 2269 περὶ
2839 2199 2898 2251 τὸ
2929 2200 3254 2270 ἡγεμονικὸν
3288 2194 3450 2255 αὑτοῦ
3485 2202 3681 2274 ἐσκλὴ-

433 2288 813 2344 calamitates:
859 2290 954 2343 sed
980 2288 1295 2345 existiment
1325 2304 1388 2345 ea
1428 2306 1547 2360 qua:
1569 2292 1848 2358 eveniunt,
1897 2307 2004 2348 non

2112 2304 2265 2361 ρυνεν
2297 2288 2461 2342 αὐτόν
2481 2304 2495 2354 ;
2519 2289 2612 2342 καὶ¹
2642 2288 2758 2352 πῶς
2789 2289 2948 2345 αὑτὸν
2985 2293 3222 2345 αἰτιᾶται
3260 2292 3455 2361 λέγων,
3487 2311 3506 2344 ι
3541 2292 3683 2347 Ἀνθ’

433 2380 501 2435 ad
541 2380 789 2443 exitium,
820 2378 915 2435 sed
950 2383 1003 2433 in
1040 2379 1380 2448 disciplinam
1414 2382 1629 2452 generis
1654 2384 1819 2438 nostri
1839 2397 1957 2437 esse
1987 2399 2002 2438 :

2112 2375 2183 2435 ὧν
2215 2379 2461 2444 ἀπειθεῖς
2515 2398 2625 2452 μοι,
2669 2381 2778 2435 ἰδοὺ
2813 2381 2922 2451 ἐγὼ
2950 2382 3231 2436 ἀποκτενῶ
3265 2383 3332 2438 τὰ
3367 2384 3686 2457 πρωτότοκά

433 2490 561 2529 nam
596 2473 686 2530 di‘u
714 2480 834 2529 ‘hon
863 2472 1097 2543 relinqui
1130 2474 1347 2543 impios,
1374 2476 1466 2529 sed
1508 2475 1690 2528 statim
1724 2475 1778 2529 in
1821 2490 2006 2545 pmnas

2112 2494 2223 2542 σου,
2256 2477 2350 2530 καὶ
2391 2475 2688 2544 γνώσονται
2718 2478 2847 2549 γὰρ,
2891 2478 3044 2549 φησι,
3081 2480 3278 2543 πάντες
3319 2481 3368 2532 οἱ
3402 2480 3683 2549 Αἰγύπτιοι

433 2566 699 2632 incidere,
750 2566 931 2636 ma‘gni
989 2577 1073 2622 est
1127 2566 1376 2622 beneficii
1436 2575 1833 2636 argumentum.
1889 2566 2004 2622 Non

433 2657 579 2715 enim
614 2667 674 2713 ut
703 2659 755 2713 in
778 2658 910 2713 aliis
941 2659 1196 2730 gentibus
1225 2666 1503 2728 exspectat
1526 2658 1797 2713 sustinens
1828 2658 2008 2714 Domi-

439 2766 563 2818 nus,
599 2758 658 2806 ut
686 2750 920 2821 denique
937 2749 1175 2807 dimissis
1191 2749 1427 2820 peccatis
1450 2750 1709 2818 ipsarum,
1737 2764 1833 2805 eos
1859 2759 2006 2821 post-

438 2861 504 2900 ea
558 2845 881 2911 ulciscatur,
930 2842 1005 2898 ita
1035 2851 1090 2899 et
1125 2842 1191 2898 de
1238 2842 1393 2897 nobis
1424 2842 1636 2907 statuit,
1662 2842 1756 2912 qui
1786 2842 2010 2898 calami-

2104 2568 2186 2620 ὅτι
2244 2566 2354 2636 ἐγὼ
2385 2567 2442 2620 δέ
2469 2569 2584 2638 είμι
2615 2567 2837 2640 Κύριος
2879 2588 2898 2620 ι
2935 2569 3009 2634 ὡς
3041 2570 3126 2624 διὰ
3157 2570 3311 2624 τοῦτο
3344 2572 3450 2625 τῶν
3476 2573 3687 2644 νομιζο-

2110 2660 2283 2731 μένων
2310 2660 2556 2731 χαλεπῶν
2589 2662 2943 2732 ἐπαγομένων
2988 2663 3195 2726 αύτοῖς,
3248 2664 3334 2716 ἵνα
3367 2664 3535 2732 γνῶσι
3594 2666 3685 2720 τὸν

2108 2750 2263 2805 Θεόν.
2306 2751 2395 2804 Ἐν
2414 2750 2472 2804 δὲ
2503 2753 2614 2814 τοῖς
2643 2753 3057 2817 Μακκαϐαῖκοῖς
3087 2754 3329 2808 τοιοῦτόν
3362 2774 3414 2808 τι
3447 2752 3682 2826 λέγεταιο

2115 2860 2134 2894 ι
2169 2842 2481 2913 Παρακαλῶ
2511 2845 2637 2908 τοὺς
2681 2845 3102 2917 ἐντυγχάνοντας
3129 2845 3256 2917 τῇδε
3296 2849 3360 2917 τῇ
3401 2846 3584 2919 βίϐλῳ,
3607 2849 3685 2922 μὴ

435 2948 550 2995 tate
594 2936 851 3008 populum
910 2940 1069 2991 suum
1118 2933 1375 2990 erudiens
1417 2950 1522 2989 non
1563 2934 1836 3004 relinquit.
1874 2952 1895 2986 ι
1948 2933 2005 2990 Si

2112 2940 2491 2995 συστέλλεσθαι
2516 2941 2603 2995 διὰ
2628 2943 2725 3006 τὰς
2758 2943 3064 3014 συμφορὰς.
3088 2941 3327 3011 νομίζειν
3352 2932 3406 2996 δέ
3429 2943 3497 2997 τὰ
3537 2938 3686 3013 γινόο

436 3033 581 3087 enim
611 3032 663 3086 in
704 3044 891 3101 poenas
923 3039 1144 3100 propter
1172 3038 1390 3098 peccata
1431 3029 1674 3084 incidere
1708 3028 1883 3099 magni
1925 3038 2008 3083 est

440 3123 695 3180 beneﬁcii
726 3122 1123 3193 argumentum,
1150 3116 1364 3176 Pharao
1395 3126 1632 3191 quoque,
1663 3120 1755 3191 qui
1787 3130 1903 3190 post
1930 3122 2010 3176 in-

435 3220 688 3272 duratum
751 3231 846 3271 cor
877 3229 1036 3270 suum
1090 3212 1407 3282 objurgatur
1439 3222 1493 3267 et
1519 3229 1624 3266 una
1652 3228 1776 3267 cum
1814 3212 2009 3283 populo

437 3325 536 3366 suo
562 3308 804 3380 punitur,
830 3307 952 3361 vide
979 3321 1106 3360 num
1129 3305 1296 3371 juste,
1321 3313 1481 3373 atque
1508 3303 1577 3358 ob
1610 3304 1886 3374 proprium
1917 3305 2009 3359 de-

436 3403 624 3458 lictum
652 3400 987 3469 vituperetur
1012 3407 1067 3452 et
1097 3398 1376 3467 puniatur.
1413 3386 1581 3448 David
1613 3405 1817 3461 autem,
1849 3404 2011 3465 prout

439 3507 647 3563 tempus
686 3491 965 3561 poscebat,
1003 3488 1094 3542 Dei
1130 3488 1309 3543 factus
1342 3487 1610 3552 imitator,
1645 3487 1711 3540 de
1737 3483 1874 3541 Joab
1907 3484 2010 3540 Sa-

438 3586 637 3641 lomoni
685 3584 906 3639 mandat
936 3581 1013 3637 uti
1047 3597 1171 3637 emn
1217 3587 1439 3651 propter
1467 3578 1667 3633 eadem
1695 3578 1883 3633 Abner
1913 3577 2010 3633 ﬁlii

439 3675 547 3730 Ner
563 3684 618 3730 et
640 3684 856 3745 propter
870 3672 1067 3728 delicta
1090 3671 1397 3726 interﬁciat.
1416 3668 1622 3724 Deinde
1644 3667 2007 3739 subiungit":

443 3789 461 3822 ι
493 3768 558 3822 Ει
589 3767 823 3822 dedoces
849 3780 1016 3821 canos
1055 3763 1171 3832 ejus
1197 3763 1251 3818 in
1296 3775 1429 3832 pace
1463 3760 1529 3814 ad
1565 3759 1787 3815 inferos.
1822 3779 1841 3812 ι
1874 3759 2009 3814 Per-

439 3861 685 3931 spicuum
741 3873 872 3913 vero
917 3869 1018 3925 est,
1074 3868 1132 3912 ut
1178 3855 1337 3910 nobis
1373 3852 1631 3908 Hebraaus
1661 3852 2007 3919 renuntiavit,

438 3969 589 4020 eum,
633 3951 776 4023 quod
819 3950 981 4004 fuerit
1028 3949 1350 4020 castigatus,
1382 3948 1436 4001 in
1465 3959 1595 4014 pace
1624 3943 2007 4010 dormiturum,

440 4060 547 4101 non
591 4042 702 4111 jam
750 4040 928 4095 debita
961 4039 1037 4093 illi
1087 4052 1247 4108 pcena
1296 4046 1350 4091 et
1384 4044 1678 4097 tormento,
1727 4044 2011 4104 propterea

438 4136 582 4209 quod
609 4132 662 4188 id
700 4129 810 4203 jam
846 4128 1168 4199 susceperit,
1214 4136 1503 4196 postquam
1528 4140 1597 4181 ex
1635 4126 1738 4181 hac
1772 4125 1880 4178 vita
1911 4124 2012 4179 dis-

439 4227 687 4285 cesserit.
717 4223 809 4279 Sic
830 4220 996 4276 etiam
1027 4234 1123 4273 nos
1153 4220 1329 4272 minas
1360 4232 1548 4271 omnes
1584 4216 1885 4286 accipimus
1942 4231 2011 4270 ex

2112 3051 2247 3104 μενα
2287 3033 2361 3105 μὴ
2394 3034 2529 3105 πρὸς
2560 3033 2800 3104 ὄλεθρον,
2845 3033 2980 3087 ἀλλά
3013 3032 3146 3105 πρὸς
3194 3033 3440 3087 παιδείαν
3471 3034 3564 3087 τοῦ
3592 3033 3688 3104 γέ-

2108 3139 2231 3186 νους
2259 3121 2413 3193 ἡμῶν
2443 3118 2600 3176 εἶναι’
2637 3122 2730 3175 καὶ
2760 3122 2868 3194 γὰρ
2899 3123 2958 3175 τὸ
2984 3122 3057 3193 μὴ
3077 3121 3240 3175 πολὺν
3274 3124 3461 3194 χρόνον
3493 3123 3685 3177 ἐᾶσθαι

2111 3210 2527 3277 δυσσεϐοῦντας,
2579 3212 2694 3266 ἀλλ’
2751 3212 2953 3276 εὐθέως
2988 3213 3337 3283 περιπίπτειν
3371 3213 3684 3283 ἐπιτιμίοις,

2112 3302 2354 3373 μεγάλης
2399 3301 2715 3374 εὐεργεσίας
2744 3302 2859 3356 ἐστὶ
2907 3305 3148 3374 σημεῖον·
3188 3305 3249 3356 οὐ
3280 3303 3388 3375 γὰρ
3435 3303 3689 3378 καθάπερ

2109 3393 2203 3446 ἐπὶ
2225 3392 2332 3446 τῶν
2369 3392 2544 3447 ἄλλων
2560 3392 2727 3446 ἐθνῶν
2751 3393 3009 3464 ἀναμένει
3040 3393 3405 3466 μακροθυμῶν
3436 3396 3463 3447 ὁ
3481 3395 3689 3449 Δεσπό-

2107 3500 2228 3555 της,
2257 3482 2334 3547 ὡς
2363 3486 2442 3548 εἰς
2479 3484 2630 3546 τέλος
2668 3484 2973 3554 ἀφειμένων
3007 3483 3114 3555 (57)
3172 3485 3347 3537 αὐτῶν
3376 3485 3482 3538 τῶν
3509 3488 3689 3557 ἁμαρ-

2109 3576 2390 3648 τημάτων,
2412 3575 2633 3648 ὕστερον
2663 3577 2858 3639 αὐτοὺς
2893 3578 3102 3648 ἐκδικῇ·
3141 3571 3283 3630 οὕτω
3315 3578 3409 3631 καὶ
3441 3579 3524 3647 ἐφ’
3556 3581 3687 3648 ἡμῖν

2110 3668 2312 3741 ἔκρινε,
2340 3669 2605 3723 παιδεύων
2627 3669 2681 3721 δὲ
2703 3668 2837 3737 μετά
2854 3671 3152 3741 συμφορᾶς,
3188 3671 3287 3724 οὐκ
3305 3670 3686 3740 ἐγκαταλείπει

2109 3763 2203 3815 τὸν
2234 3762 2424 3815 ἐαυτοῦ
2475 3762 2619 3816 λαόν.
2671 3780 2691 3813 ι
2725 3762 2786 3814 Ei
2816 3761 2924 3832 γὰρ
2957 3761 3017 3814 τὸ
3045 3761 3360 3815 ἐπιπίπτειν
3391 3764 3686 3834 ἐπιτιμίοις

2108 3852 2199 3908 διὰ
2241 3855 2310 3909 τὰ
2355 3855 2746 3927 ἁμαρτήματα,
2793 3853 3033 3924 μεγάλης
3082 3853 3399 3926 εὐεργεσίας
3442 3855 3560 3908 ἐστὶ
3590 3873 3688 3927 σησ-

2113 3944 2284 4016 μεῖον,
2314 3942 2715 4015 ἐπι-τιμώμενος
2746 3942 2839 3997 καὶ
2863 3943 2891 3994 ὁ
2915 3941 3109 4015 Φαραὼ
3135 3945 3271 4014 μετά
3298 3946 3358 3999 τὸ
3390 3947 3687 4019 ἐσκληρύν-

2112 4031 2203 4088 θαι
2224 4033 2388 4088 αὐτοῦ
2418 4033 2514 4105 τὴν
2547 4032 2792 4105 καρδίαν,
2816 4031 2912 4085 καὶ
2945 4031 3304 4103 κολαζόμενος
3343 4036 3459 4107 ἅμα
3476 4036 3551 4107 τῷ
3573 4035 3688 4108 λαῷ

2111 4125 2297 4191 αὑτοῦ,
2325 4128 2427 4197 δρα
2454 4128 2502 4179 ει
2530 4124 2605 4197 μὴ
2630 4125 2690 4178 οὐ
2712 4125 2885 4196 μάτην
2906 4124 3301 4196 ἐπιτετίμηται,
3328 4128 3463 4199 μηδέ
3490 4130 3583 4183 ἐπὶ
3610 4129 3689 4201 τῷ

2116 4215 2229 4289 ἰδίῳ
2275 4216 2430 4288 κακῷ
2468 4216 2598 4287 (58).
2649 4205 2825 4269 Οἱονεὶ
2855 4215 2911 4268 δὲ
2954 4214 3087 4269 Θεοῦ
3122 4218 3362 4290 μιμητὴς
3404 4220 3688 4292 γινόμενος

437 4319 609 4376 sacris
636 4311 957 4385 Scripturis,
986 4318 1044 4365 et
1067 4323 1136 4364 ex
1168 4308 1220 4361 vi
1253 4321 1317 4362 ac
1344 4307 1659 4377 operatione
1689 4306 2006 4376 magnitudi-

2119 4308 2261 4362 κατά
2296 4308 2357 4361 τὸ
2386 4306 2670 4361 ἐπιϐάλλον
2698 4308 2810 4370 τοῖς
2862 4307 3070 4376 καιροῖς
3101 4307 3130 4359 ὁ
3157 4303 3338 4371 Δαυῖδ,
3386 4309 3680 4365 ἐντέλλεται

509 4488 627 4555 ’¹,ΙΙ
654 4486 823 4542 Macc.
851 4500 925 4553 vr,
971 4478 1041 4536 t2
1078 4490 1136 4535 ‘et
1166 4493 1282 4548 seq.
1367 4478 1414 4510 ⁷³
1441 4475 1511 4533 ~Ill
1552 4476 1684 4548 Reg.
1728 4493 1786 4543 ιι,
1818 4476 1869 4531 6.

513 4655 624 4729 (55)
663 4654 869 4711 Philae.
900 4670 1023 4721 mu,
1046 4651 1449 4724 ὁμολογήσωσι.
1491 4647 1650 4703 Libb.
1682 4647 1834 4710 editi,
1875 4647 2008 4717 ὁμο-

436 4738 568 4784 λογὴ
576 4743 745 4781 σουσι.

497 4744 823 4921 gygen
846 4794 915 4848 δὲ
943 4797 1030 4860 είς
1059 4790 1166 4846 τὰν
1202 4790 1335 4859 περὶ
1370 4790 1605 4870 φύσεως
1638 4788 1872 4866 τόποι,
1898 4795 2006 4840 etc.

497 4866 813 4921 aentiniani
865 4876 1162 4921 eorumque
1204 4870 1572 4921 consectanei,
1623 4873 1746 4910 cum
1802 4856 2006 4921 triplex

441 4856 813 4922 Valen'tiniani
865 4856 1162 4932 eorumque
1204 4856 1572 4921 consectanei,
1614 4873 1762 4937 _cum_
1802 4856 2006 4937 triplets

439 4940 716 5007 hominum
747 4950 915 5006 genus
941 4924 1264 5007 statuerent,
1296 4925 1702 5007 πνευματικῶν,
1734 4924 2008 5007 ψυχικῶν,

439 5021 496 5064 et
533 4998 872 5072 ὑλικῶνξεθιι
902 5001 1122 5075 χοῖκῶν,
1153 4998 1454 5070 postremos
1483 4998 1603 5053 illos
1635 4998 1700 5049 ad
1734 4998 2011 5075 interitum

438 5078 612 5134 factos
636 5093 666 5130 a
696 5065 823 5137 Deo,
850 5065 974 5129 boni
994 5065 1287 5144 quidquam
1318 5084 1475 5144 agere
1499 5083 1602 5144 non
1634 5080 1793 5144 posse
1821 5065 2010 5144 decer-

439 5132 661 5204 nebant.
699 5132 828 5200 Vide
856 5159 952 5198 nos
990 5132 1056 5197 a'd
1085 5132 1378 5195 Comment:
1408 5140 1464 5192 in
1509 5132 1700 5201 Matth.
1733 5149 1867 5196 xvu,
1909 5132 2002 5197 24,

440 5227 496 5272 et
523 5220 582 5272 in
605 5217 764 5271 Joan.
799 5229 875 5277 Iv,
900 5214 990 5276 46,
1027 5223 1157 5268 tom.
1199 5224 1356 5275 xvrtt,
1384 5217 1439 5263 et
1476 5207 1531 5259 in
1556 5206 1719 5261 Joan.
1754 5219 1869 5267 vm,
1914 5204 2006 5277 εἰ,

442 5298 576 5345 tom.
605 5303 743 5342 χχιι.
774 5272 1054 5357 Videndus
1082 5296 1304 5357 quoque
1343 5272 1609 5357 Origenes
1638 5287 1877 5357 _tom..nt
1923 5272 1996 5357 De

440 5358 736 5428 principiis,
762 5369 882 5424 cap.
921 5355 972 5417 l,
993 5347 1460 5428 ubiquaincunqne
1485 5347 1598 5428 fere
1638 5347 1723 5428 h_ic
1753 5347 1999 5428 disserit,

442 5413 791 5496 igontitientur
829 5413 970 5496 ':__et'
993 5413 1182 5496 homil.
1214 5421 1257 5496 _6
1286 5422 1349 5496 in_
1373 5413 1628 5481 Exod.,et
1658 5415 1843 5496 homil.
1880 5413 1915 5467 2
1944 5413 1999 5466 in

438 5494 666 5562 Jerem.,
727 5496 817 5565 ubi
866 5490 1384 5565 Manem_0rigcnis
1424 5498 1585 5565 aptate
1633 5490 1997 5565 posteriorem

441 5555 731 5640 perstringi
774 5564 910 5624 falso
951 5563 1330 5620 Genebrardus
1367 5555 1718 5640 existimarit,
1750 5565 1818 5640 et,
1848 5555 1943 5610 lib.
1982 5567 1999 5608 ι

2116 4642 2256 4713 Περὶ
2282 4640 2507 4713 ἀρχῶν,
2544 4652 2664 4707 cap.
2690 4637 2801 4713 §_et
2825 4635 2879 4702 8,
2910 4634 3084 4691 et~lib.
3122 4648 3310 4713 thap.
3349 4633 3686 4713 5,_e‘t_tra_ct.

2114 4702 2275 4768 55'in
2319 4702 2540 4773 'M'atthg
2587 4702 2644 4762 et
2690 4707 2788 4762 lib.
2834 4721 2868 4759 v
2912 4716 3094 4760 contra
3146 4702 3373 4758 Celsum.
3413 4703 3686 4763 Videutlus

2115 4785 2244 4838 item
2283 4783 2518 4837 [renatus
2564 4778 2659 4832 lib.
2698 4793 2738 4843 ι,
2767 4791 2889 4845 cap.
2925 4776 2947 4828 i
2981 4792 2996 4841 ;
3045 4783 3098 4829 et
3146 4773 3672 4845 Tertullianus_ndv.

2126 4853 2420 4913 Valentiam,
2455 4859 2507 4904 et
2539 4843 2873 4918 Epiphanius
2899 4847 3095 4918 haeres.
3118 4861 3268 4918 xxxi,
3292 4843 3492 4918 cap._7_.
3516 4843 3677 4918 Purrc

2116 4924 2172 4980 in
2198 4939 2318 4978 eam
2339 4913 2598 4976 videntur
2628 4913 2829 4971 inducti
2872 4917 3192 4970 sententiam
3223 4913 3583 4970 Valentiniani
3614 4928 3686 4969 ex

2117 4992 2140 5046 Ι
2170 4991 2325 5049 Joan.
2354 5006 2438 5053 ut,
2476 4988 2530 5049 9.
2564 4986 2651 5051 10,
2679 4998 2735 5041 et
2766 4989 2779 5039 I
2807 4985 2966 5040 Joan.
2999 5001 3051 5048 v,
3082 4985 3137 5045 4,
3185 4986 3272 5045 18,
3319 4991 3375 5036 et
3412 4982 3562 5036 Judae
3596 4984 3682 5039 19.

2116 5063 2481 5118 Prmluseraut
2507 5058 2641 5124 Ipsis
2666 5057 2830 5110 Stoici
2884 5055 3059 5109 simile
3091 5055 3219 5124 quid
3250 5063 3687 5124 propugnantes;

2116 5149 2255 5202 quos
2310 5119 2591 5200 eleganter
2620 5127 2868 5184 confutat
2906 5119 3180 5181 Cicero'in
3224 5119 3362 5178 libro
3414 5119 3486 5176 De
3519 5119 3683 5178 Fato.

2281 5218 2384 5256 ιυε.

2118 5204 2500 5345 “tigris”
2546 5268 2622 5345 ιῑξς
2677 5268 2758 5345 εἷς
2811 5260 2966 5345 τέλος
3017 5263 3347 5334 ἀφειμένων’
3388 5260 3684 5316 “meum

2112 5336 2382 5406 ρᾱῖιηίὼς
2412 5336 2492 5405 εἰς
2521 5336 3054 5413 τέλ95,ἀφιεμένωγτ.
3431 5400 3445 5413 .
3497 5399 3523 5413 ..

2183 5399 2296 5484 (58')
2323 5399 2577 5481 u'ss.,'«.-q.
2613 5399 2727 5480 ἰδίῳ
2752 5399 2936 5475 ’καςψ
2975 5402 3165 5461 Libelli
3207 5403 3362 5470 editi,
3387 5399 3534 5474 αὐτῷ
3566 5399 3685 5474 ιδίφ

2109 5501 2288 5555 κακῳ.
