4050 6142
436 270 534 323 ‘27!

1872 256 2214 320 ORIGENES

3564 264 3668 319 272

437 381 608 437 ciant.
644 379 768 436 llaec
808 380 1075 434 dicentem
1111 378 1379 433 medicum
1415 379 1458 434 si
1506 376 1626 448 quis
1659 378 1865 448 peritus
1898 396 1997 432 au-

2103 377 2150 430 τί
2220 377 2343 448 χρὴ,
2398 376 2493 430 καὶ
2524 378 2674 431 πότε
2718 374 2930 448 ἑκάστῳ
2982 379 3174 434 ποιεῖν.
3232 379 3441 451 Ὥσπερ
3476 378 3533 432 δὲ
3580 382 3669 436 ἐπί

438 474 581 541 diat,
620 488 728 527 non
762 471 1115 539 vituperabit,
1144 470 1254 525 imo
1286 486 1417 525 vero
1455 471 1713 534 laudabit,
1759 471 1847 540 qui
1886 472 2000 527 huic

437 579 496 617 se
524 562 791 616 facturum
825 560 1104 614 minitetur
1144 578 1156 613 :
1203 561 1296 614 sed
1341 560 1481 615 alius
1530 561 1813 615 medicina:
1844 564 1999 629 igna-

346 674 353 681 ‘
438 669 555 718 rus,
581 653 722 708 dicet
747 651 984 705 alienum
1013 652 1193 706 facere
1217 666 1246 705 a
1275 651 1612 720 professione
1645 653 1997 719 medicorum,

438 746 529 814 qui
565 759 687 799 cum
719 757 914 797 sanare
948 741 1158 805 debeat,
1205 741 1270 795 ad
1307 742 1760 797 inﬂammationes
1786 751 1841 797 et
1877 744 2002 798 abso

438 852 624 893 cessus
660 851 772 890 rem
816 836 1066 891 deducat.
1114 835 1206 889 Sic
1245 835 1405 888 etiam
1432 835 1687 889 existimo
1721 836 1886 890 Deum
1919 836 2002 890 di-

438 929 585 982 xisse
620 945 636 983 :
676 947 695 979 ‹
729 928 838 997 Ego
869 927 1136 982 indurabo
1166 941 1264 980 cor
1294 923 1609 981 Pharaonis.
1629 925 1912 995 illaec,qn‘i
1943 936 2005 980 ut

438 1020 535 1075 Dei
569 1021 783 1076 oracula
816 1019 1029 1090 accipit,
1062 1019 1290 1073 dicentis
1322 1019 1698 1072 auctoritatem
1737 1019 2001 1073 reveritus

437 1111 736 1181 approbat:
768 1119 821 1165 et
852 1110 1029 1164 omnis
1082 1108 1172 1179 qui
1208 1110 1437 1178 quaerit,
1482 1109 1689 1163 invenit
1735 1109 2001 1178 quomodo

437 1202 492 1255 in
529 1201 613 1256 his
639 1201 802 1255 etiam
833 1200 923 1253 Dei
957 1199 1251 1254 bonitatem
1278 1198 1558 1261 ostendat;
1595 1198 1838 1264 apertius
1872 1198 1994 1265 qui-

439 1294 560 1347 dem
591 1291 659 1346 ad
712 1289 939 1345 salutem
986 1287 1199 1358 populi.
1244 1287 1334 1356 qui
1370 1286 1555 1341 multis
1608 1285 1882 1340 miraculis
1933 1285 1999 1340 ad

438 1383 598 1438 ﬁdem
632 1381 946 1448 adducitur;
982 1379 1219 1435 secundo
1260 1381 1313 1433 in
1349 1377 1644 1449 Egyptiis,
1691 1380 2002 1447 quicunque

439 1473 716 1530 miraculis
740 1471 1032 1542 stupefacti
1056 1470 1312 1525 Hebraeos
1349 1470 1586 1525 secuturi
1617 1478 1811 1523 erant:
1843 1468 2005 1523 «Pro-

441 1565 717 1629 miscuus,
770 1563 946 1632 inquit
972 1562 1039 1627 ",
1088 1562 1316 1632 populus
1365 1561 1566 1615 multus
1618 1558 2000 1630 Egyptiorum

440 1670 543 1709 una
581 1669 700 1709 cum
735 1654 801 1708 iis
837 1667 1088 1723 egressus
1116 1660 1233 1718 est;
1257 1671 1278 1704 ι
1310 1652 1562 1705 arcanius
1589 1663 1719 1704 vero
1758 1658 1814 1703 et
1845 1648 2003 1702 altius

2097 486 2254 522 τινων
2298 468 2623 540 σωματικῶν
2685 469 3041 540 παθημάτων,
3093 472 3173 533 είς
3218 469 3379 540 βάθος
3428 470 3543 533 τοῦ,
3602 463 3666 523 ἵν’

2096 561 2269 624 οὕτως
2301 560 2459 624 εἴπω,
2509 561 2887 631 κεχωρηκότος
2920 560 3111 625 κακοῦ,
3145 562 3173 613 6
3198 562 3379 632 ἰατρὸς
3432 564 3511 626 είς
3570 563 3669 634 τὴν

2099 652 2415 721 ἐπιφάνειαν
2442 651 2529 706 διά
2553 669 2714 706 τινων
2740 653 3041 724 φαρμάκων
3061 653 3207 706 ἕλκει
3235 653 3331 706 καὶ
3369 656 3669 708 ἐπισπᾶται

2097 744 2196 814 τὴν
2236 742 2384 815 ὓλην,
2449 742 2753 813 φλεγμονὰς
2818 742 3059 813 χαλεπὰς
3112 744 3353 815 ἐμποιῶν
3409 746 3502 798 καὶ
3541 746 3674 799 διοι-

2098 834 2298 906 δήσεις,
2326 834 2418 888 καὶ
2450 834 2642 898 πόνους
2664 833 2773 904 (62)
2798 835 3044 898 πλείονας
3062 828 3134 889 ὧν
3163 832 3272 906 εἶχέ
3304 853 3387 899 τις
3419 837 3547 907 πρὶν
3577 837 3671 891 ἐπὶ

2098 926 2161 978 τὸ
2195 924 2592 996 Θεραπευθῆναι
2622 924 2856 978 ὁδεῦσαιο
2892 924 3082 996 ὥσπερ
3124 927 3240 991 ἔθος
3282 930 3452 980 ποιεῖν
3488 928 3669 992 αὐτοῖς

2100 1018 2192 1071 ὲπὶ
2207 1017 2600 1088 λυσσοδήκτων,
2632 1016 2727 1070 κα)⁵
2771 1018 2972 1088 ἑτέρων
2995 1017 3161 1071 τινῶν
3205 1017 3275 1070 τὰ
3315 1020 3671 1088 παραπλήσια

2099 1109 2305 1170 τούτοις
2337 1107 2692 1160 πεπονθότων·
2724 1106 2894 1170 οὕτως
2911 1104 3063 1178 οἶμαι
3087 1108 3180 1162 καὶ
3208 1109 3297 1162 τὸν
3315 1108 3445 1161 Θεὸν
3468 1111 3673 1163 οἰκονο-

2104 1203 2222 1270 μεῖν
2255 1199 2351 1270 τὴν
2379 1199 2605 1271 κρύφιον
2646 1200 2842 1252 κακίαν
2882 1202 2962 1262 είς
2993 1200 3052 1253 τὸ
3087 1200 3249 1270 βάθος
3294 1204 3671 1272 κεχωρηκυίαν

2098 1290 2198 1360 τῆς
2239 1290 2433 1362 ψυχῆς.
2472 1291 2582 1345 Καὶ
2631 1291 2819 1363 ὥσπερ
2869 1284 3016 1361 λέγει
3066 1295 3094 1346 ό
3149 1293 3328 1364 ἰατρὸς
3374 1293 3467 1345 ὲπὶ
3516 1293 3673 1346 τοῦδέ

2099 1398 2272 1446 τινος⁶
2300 1380 2440 1447 Ἐγὼ
2457 1381 2761 1453 φλεγμονὰς
2793 1385 3006 1454 ποιήσω
3053 1384 3180 1454 περὶ
3241 1383 3330 1436 τὸν
3375 1385 3537 1437 τόπον
3568 1385 3673 1454 τῆς

2101 1471 2366 1536 ἀνέσεως,
2412 1477 2506 1525 καὶ
2554 1471 2812 1543 διοιδῆσαι
2851 1474 3145 1541 ἀναγκάσω
3182 1473 3306 1527 τάδε
3336 1474 3456 1526 τινὰ
3505 1474 3668 1544 μέρη,

2100 1561 2241 1615 ὥστε
2294 1563 2587 1633 ἀπόστημα
2634 1564 2867 1634 χαλεπὸν
2916 1564 3279 1636 ἐργάσασθαι·
3326 1564 3572 1633 λέγοντος
3612 1565 3673 1619 δὲ

2101 1652 2271 1706 ταῦτα
2301 1652 2392 1706 τοῦ
2430 1652 2636 1724 ἰατροῦ,
2677 1657 2705 1707 6
2741 1654 2839 1725 μὲν
2873 1654 3084 1707 ἀκούων
3128 1655 3290 1708 αὑτοῦ
3319 1659 3670 1726 ἐπιστημονι-

441 1746 674 1801 fortasse
702 1754 757 1799 et
784 1745 850 1798 ad
875 1742 1176 1798 Pharaonis
1205 1742 1370 1813 ipsius
1404 1741 1718 1806 utilitatem,
1761 1741 1853 1808 qui
1887 1741 1998 1810 jam

2103 1742 2341 1816 κώτερος
2374 1744 2507 1814 (45),
2533 1743 2631 1796 οὑκ
2673 1744 2996 1809 αἰτιάσεται,
3032 1743 3166 1798 ἀλλά
3198 1745 3293 1799 καὶ
3325 1746 3671 1799 ἐπαινέσεται

437 1851 699 1893 venenum
730 1850 834 1891 non
877 1834 1194 1901 occultaret,
1241 1848 1414 1904 neque
1444 1834 1795 1903 cupiditatem
1846 1833 2005 1887 cohi-

436 1927 610 1994 beret,
637 1926 734 1981 sed
771 1924 1136 1993 protraheret,
1171 1934 1227 1978 et
1255 1927 1308 1978 in
1338 1933 1583 1993 apertum
1625 1923 1916 1993 proferret,
1949 1933 2005 1976 et

437 2019 670 2071 fortasse
711 2015 923 2084 agendo
951 2014 1291 2077 dissolveret,
1332 2025 1391 2068 ut
1433 2016 1748 2069 inhaerentis
1788 2013 2004 2071 malitiae

416 2108 751 2163 rebuilitione
789 2122 854 2162 ac
899 2107 1166 2175 ejectione
1223 2106 1403 2173 facta,
1451 2106 1776 2161 imbecillam
1821 2117 2003 2175 postea

446 2200 690 2267 haberet,
709 2213 829 2269 quae
852 2199 988 2254 mala
1020 2198 1144 2264 fert,
1170 2199 1438 2262 arborem,
1462 2208 1512 2253 et
1540 2197 1767 2253 fortasse
1787 2198 2002 2252 demum

437 2293 793 2356 exsiccatam,
835 2306 958 2346 cum
1009 2290 1273 2358 mergitur
1323 2289 1578 2356 Pharao;
1634 2303 1811 2357 neque
1856 2289 2000 2353 ideo,

435 2395 498 2440 ut
528 2384 793 2454 quispiam
833 2381 1190 2445 existimarit,
1237 2391 1298 2436 ut
1345 2381 1559 2450 penitus
1595 2382 1872 2446 interiret,
1908 2381 2003 2436 sed

430 2487 495 2531 ut
523 2477 709 2547 ejectis
777 2475 1014 2543 peccatis
1044 2473 1391 2535 allevaretur.
1427 2483 1481 2527 et
1514 2473 1651 2529 forte
1691 2473 1742 2526 in
1772 2487 1906 2540 pace
1935 2487 2002 2526 ex

439 2576 589 2625 tanto
625 2567 766 2624 bello
797 2566 963 2621 animi
994 2565 1064 2619 ad
1103 2564 1308 2619 inferos
1345 2564 1720 2618 descenderet.
1751 2562 1859 2618 Sed
1893 2562 2004 2616 for-

435 2663 578 2716 sitan
603 2672 744 2729 aagre
775 2658 1053 2727 patientur
1082 2654 1335 2720 lectores,
1366 2653 1657 2709 violentum
1686 2664 1740 2710 et
1765 2654 2002 2708 alienum

433 2767 558 2808 esse
597 2748 881 2814 arbitrati,
922 2747 1069 2820 quod
1113 2747 1451 2812 dicebamus,
1482 2746 1614 2801 utile
1651 2745 1820 2802 fuisse
1864 2745 2003 2800 Pha-

437 2842 588 2899 raoni
622 2856 721 2897 cor
753 2840 922 2910 ipsius
959 2839 1200 2894 indurari
1226 2878 1241 2902 ,
1280 2847 1335 2892 et
1378 2852 1478 2906 pro
1513 2853 1579 2892 eo
1623 2837 1821 2893 fecisse
1853 2851 2001 2906 quae-

424 2948 650 3003 cunque
683 2932 885 3000 scripta
918 2917 1047 2985 sunt
1077 2944 1248 2998 usque
1290 2929 1356 2982 ad
1400 2928 1852 2983 submersionem.
1894 2928 2001 2983 Sed

443 3025 566 3080 vide
608 3037 738 3077 num
791 3021 938 3086 inde,
990 3031 1196 3075 remota
1252 3019 1399 3072 omni
1456 3019 1826 3083 dubitatione,
1880 3035 2002 3089 quae

437 3117 581 3172 dicta
615 3125 743 3171 sunt
783 3116 1011 3184 probare
1056 3112 1343 3183 possimus.
1399 3130 1417 3162 ι
1451 3110 1634 3177 Multa,
1681 3112 1858 3180 inquit
1904 3114 2005 3166 Da-

436 3205 626 3273 vid",
667 3204 874 3275 ﬂagella
924 3202 1259 3273 peccatoris;
1290 3220 1308 3253 ι
1357 3212 1413 3256 et
1457 3201 1602 3257 filius
1655 3203 1772 3270 ejus
1817 3206 2004 3270 docet,

441 3301 629 3365 Deum,
658 3310 1035 3368 quemcunque
1076 3296 1254 3364 diligit
1292 3303 1345 3348 et
1387 3295 1648 3363 approbat
1682 3295 1875 3359 tilium,
1905 3295 2002 3350 ila-

440 3392 594 3462 gellis
631 3391 941 3459 obiurgare.
989 3388 1110 3457 Ipse
1152 3396 1413 3455 praeterea
1465 3387 1637 3442 David
1688 3389 2004 3456 promissio-

440 3499 562 3539 nem
589 3487 655 3538 de
683 3482 902 3537 Christo
946 3491 1000 3534 et
1027 3480 1375 3535 credentibus
1413 3480 1465 3532 in
1510 3492 1634 3534 eum
1674 3480 2005 3543 vaticinans,

443 3575 622 3629 ait":
659 3592 679 3626 ι
714 3573 771 3644 Si
803 3573 1195 3644 dereliquerint
1226 3571 1321 3625 filii
1362 3570 1477 3639 ejus
1517 3570 1690 3640 legem
1727 3588 1919 3637 meam,
1954 3581 2009 3627 et

440 3667 494 3721 in
521 3666 737 3736 judiciis
767 3667 901 3722 meis
930 3681 1035 3721 non
1061 3664 1488 3729 ambulaverint;
1517 3663 1563 3718 si
1590 3662 2007 3732 justiﬁcationes

440 3776 589 3816 meas
630 3760 981 3824 violaverim,
1028 3765 1082 3811 et
1115 3756 1367 3811 mandata
1422 3769 1540 3809 mea
1575 3769 1683 3810 non
1733 3755 2007 3811 custodie-

441 3855 586 3914 rint,
626 3853 1054 3906 animadvertam
1090 3848 1143 3901 in
1191 3849 1338 3915 virga
1384 3847 1700 3916 iniquitates
1734 3847 2002 3917 ipsorum,

440 3954 494 3999 et
538 3944 595 3998 in
644 3940 874 4012 ﬂagellis
932 3940 1141 3996 scelera
1199 3953 1428 4003 eorum;
1482 3947 1537 3991 at
1580 3936 2005 3993 misericordiam

442 4048 617 4090 meam
646 4047 755 4087 non
790 4030 1063 4100 dissipabo
1095 4033 1163 4083 ab
1189 4029 1323 4083 eis.i
1364 4027 1456 4082 Dei
1489 4025 1648 4099 116
1676 4040 1806 4097 ergo
1832 4026 2007 4096 gratia

441 4132 525 4179 est
556 4137 678 4177 cum
701 4120 756 4174 in
775 4118 1015 4188 iniquum
1042 4116 1490 4172 animadvertitur
1512 4117 1684 4185 virga,
1717 4128 1771 4169 et
1801 4115 1854 4169 in
1883 4130 2006 4185 pec-

442 4226 685 4274 catorem
718 4212 964 4284 ﬂagellis.
993 4212 1058 4265 Et
1087 4219 1358 4280 quatenus
1408 4227 1516 4266 non
1565 4209 1866 4280 flagellatur
1913 4211 2005 4279 qui

443 4318 653 4381 peccat,
684 4305 1011 4362 correctioni
1053 4314 1106 4359 et
1146 4304 1511 4359 emendationi
1551 4304 1789 4358 nondum
1833 4303 2006 4373 subji-

2102 1835 2191 1888 τὸν
2232 1836 2402 1888 ταῦτα
2452 1835 2612 1888 οἱονεὶ
2653 1836 2978 1890 ἀπειλοῦντα
3028 1835 3391 1909 ἐργάσασθαι·
3426 1838 3454 1888 6
3488 1836 3544 1889 δέ
3587 1854 3674 1900 τις

2102 1925 2243 1991 λέξει
2272 1927 2493 1997 φάσκων
2534 1924 2809 1997 ἀλλότριον
2841 1929 2937 1998 τῆς
2965 1927 3075 1982 τῶν
3111 1927 3308 1998 ἰατρῶν
3341 1928 3674 1996 ἐπαγγελίας

2104 2023 2297 2084 ποιεῖν,
2339 2020 2399 2072 τὸ
2441 2019 2557 2072 δέον
2614 2018 2723 2089 (Μ)
2776 2020 3039 2087 ὑγιάζειν,
3082 2020 3174 2072 ἐπὶ
3224 2018 3528 2089 φλεγμονὰς
3576 2020 3674 2070 καὶ

2103 2112 2463 2181 ἀποστήματα
2515 2110 2743 2178 ἀγοντα’
2801 2110 2941 2163 οὕτω
2973 2111 3029 2163 δὲ
3062 2108 3213 2182 οἶμαι
3259 2111 3356 2165 καὶ
3397 2110 3487 2164 τὸν
3537 2110 3674 2163 Θεὸν

2103 2204 2380 2274 εἰρηκέναι
2426 2203 2518 2255 τό’
2561 2221 2579 2252 ι
2629 2200 2767 2271 Ἐγὼ
2822 2202 3105 2274 σκληρυνῶ
3155 2203 3253 2273 τὴν
3295 2203 3518 2273 καρδίαν
3558 2203 3672 2254 Φα-

2105 2293 2218 2364 ραώ
2236 2309 2249 2322 °
2277 2312 2295 2344 ›
2348 2294 2439 2345 καὶ
2469 2292 2671 2345 τούτων
2716 2292 3134 2363 γεγραμμένων,
3160 2294 3188 2345 ό
3226 2292 3322 2362 μὲν
3355 2291 3566 2345 ἀκούων
3596 2290 3672 2354 ὡς

2101 2385 2235 2438 Θεοῦ
2269 2385 2481 2453 λογίων,
2528 2383 2590 2437 τὸ
2650 2383 2748 2454 μὲν
2793 2384 3004 2453 ἀξίωμα
3052 2384 3145 2437 τοῦ
3196 2383 3445 2452 λέγοντος
3489 2383 3672 2455 τηρῶν

2101 2473 2437 2544 ἀποδέχεται,
2476 2474 2569 2527 καὶ
2603 2471 2779 2544 ζητῶν
2812 2474 2917 2534 πᾶς
2958 2474 3201 2544 εὑρίσκει
3229 2473 3325 2527 καὶ
3370 2475 3427 2526 ἐν
3463 2473 3674 2532 τούτοις

2099 2566 2415 2638 ἀγαθότητα
2459 2565 2553 2619 τοῦ
2600 2564 2735 2617 Θεοῦ
2783 2566 3129 2634 παραστῆσαι
3177 2564 3468 2636 γινομένην
3519 2564 3669 2634 (45)-

2103 2660 2477 2732 φανερώτερον
2515 2659 2611 2730 μὲν
2645 2658 2738 2711 ἐπὶ
2780 2656 3020 2729 σωτηρίᾳ
3050 2657 3143 2712 τοῦ
3177 2657 3325 2722 λαοῦ,
3359 2656 3447 2709 διὰ
3484 2656 3673 2710 ⁷πλειό-

2102 2770 2206 2807 νων
2241 2752 2556 2824 παραδόξων
2585 2753 3062 2822 πιστοποιουμένου
3083 2768 3096 2781 ·
3132 2752 3226 2804 καὶ
3262 2749 3511 2817 δεύτερον
3545 2747 3674 2819 περὶ

2101 2844 2209 2898 τῶν
2225 2843 2562 2912 Αἰγυπτίων,
2597 2844 2709 2895 ὅσοι
2742 2843 2960 2914 ἔμελλον
2991 2842 3061 2896 τά
3084 2842 3339 2911 γινόμενα
3366 2838 3677 2913 καταπλητ-

2102 2936 2320 3005 τόμενοι
2352 2932 2658 2986 ἀκολουθεῖν
2689 2935 2798 2995 τοῖς
2827 2933 3092 3003 Ἑϐραίοις
3112 2950 3124 2963 ·
3158 2952 3174 2983 ι
3199 2932 3510 3003 Ἐπίμικτος
3543 2932 3671 3002 γὰρ,

2105 3027 2257 3097 φησὶ,
2296 3026 2422 3089 λαὸς
2466 3025 2632 3089 πολὺς
2680 3026 2787 3079 τῶν
2838 3026 3144 3094 Αἰγυπτίων
3206 3023 3523 3093 συνεξῆλθεν
3573 3024 3674 3076 αὑ-

2105 3120 2251 3180 τοῖςο
2280 3135 2299 3168 ι
2341 3116 2772 3187 ἀποῤῥητότερον
2815 3116 2872 3169 δὲ
2917 3116 3010 3168 καὶ
3056 3114 3347 3187 βαθύτερον
3379 3116 3539 3186 τάχα.
3578 3113 3675 3167 καὶ

2107 3208 2200 3259 ἐπὶ
2249 3205 2327 3276 τῷ
2359 3205 2548 3275 ὅφελος
2593 3205 2843 3273 γενέσθαι
2891 3204 3042 3275 αὐτῷ
3077 3204 3154 3274 τῷ
3184 3205 3403 3277 Φαραὼ,
3450 3206 3549 3260 οὐκ
3592 3206 3676 3258 ἔτι

2107 3296 2506 3368 ἀποκρύπτοντι
2551 3294 2642 3348 τὸν
2678 3294 2774 3359 ἰὸν,
2804 3295 2924 3348 οὐδὲ
2956 3296 3054 3368 τὴν
3086 3294 3198 3359 ἕξιν
3232 3295 3523 3366 συνέχοντι,
3557 3295 3673 3350 ἀλλ’

2105 3389 2316 3444 ἕλκοντι
2347 3390 2441 3442 καὶ
2479 3391 2557 3452 είς
2606 3388 2910 3459 τούμφανὲς
2953 3387 3138 3456 ἄγοντι
3179 3387 3359 3452 αὐτὸν,
3395 3388 3489 3441 καὶ
3534 3388 3676 3458 τάχα

2105 3481 2192 3536 διὰ
2223 3480 2316 3534 τοῦ
2346 3480 2601 3553 πράττειν
2631 3478 2892 3543 ἐκλύοντι,
2924 3479 3009 3533 ἵνα
3031 3479 3205 3532 πάντα
3225 3477 3294 3532 τά
3314 3476 3413 3549 τῆς
3442 3481 3677 3550 ἐνυπαρ-

2105 3570 2306 3642 χούσης
2383 3568 2581 3632 κακίας
2664 3568 3018 3640 ἐκϐράσματα
3087 3567 3400 3632 ἐπιτελέσας
3419 3608 3435 3631 ,
3489 3569 3675 3622 ἀτονον

2107 3661 2328 3733 ὕστερον
2372 3661 2469 3732 ἔχῃ
2511 3661 2571 3713 τὸ
2601 3659 2709 3712 τῶν
2755 3658 2938 3712 κακῶν
2993 3659 3230 3711 οἰστικὸν
3277 3648 3489 3730 δένδρον
3538 3659 3673 3728 (46),

2107 3754 2243 3824 τάχα
2275 3752 2661 3824 ξηραινόμενον
2693 3751 2784 3803 ἐπὶ
2802 3749 2964 3813 τέλει,
2988 3750 3076 3802 ὅτε
3108 3749 3550 3814 καταποντοῦται,
3578 3750 3677 3820 οὐχ

2106 3847 2182 3910 ὡς
2216 3846 2424 3916 οἰηθείη
2456 3843 2521 3898 άν
2564 3860 2647 3906 τις
2679 3844 2772 3895 ἐπὶ
2802 3840 2879 3912 τῷ
2911 3839 3185 3904 παντελῶς
3207 3839 3527 3902 ἀπολέσθαι,
3561 3838 3674 3892 ἀλλ’

2104 3937 2195 3990 ἐπὶ
2243 3936 2321 4006 τῷ
2358 3934 2698 3988 ἀποϐαλόντα
2743 3934 2812 3988 τά
2859 3932 3228 4004 ἁμαρτήματα
3283 3928 3673 3998 κουφισθῆναι,

2104 4030 2198 4083 καὶ
2224 4028 2364 4099 τάχα
2384 4031 2440 4080 ὲν
2467 4029 2657 4099 εἰρήνῃ
2684 4027 2791 4081 ἀπὸ
2818 4024 3069 4080 τοσούτου
3101 4019 3334 4092 πολέμου
3369 4020 3466 4091 τῆς
3496 4019 3676 4091 ψυχῆς

2104 4122 2184 4183 είς
2211 4118 2337 4189 ᾅδου
2370 4118 2694 4188 καταὸἧναι.
2735 4115 2872 4170 Ἀλλ’
2894 4114 3039 4178 εἰκὸς
3069 4110 3355 4174 δυσπαθῶς
3383 4109 3524 4174 ἕξειν
3551 4111 3676 4172 τοὺς

2106 4210 2537 4281 ἐντευξομένους,
2567 4209 2735 4280 βίαιον
2769 4204 3243 4277 ὑπολαμὸάνοντας
3274 4197 3411 4256 εἶναι
3441 4200 3504 4254 τὸ
3526 4201 3679 4270 λεγόο

2108 4320 2287 4374 μενον,
2331 4303 2406 4366 ὼς
2450 4302 2558 4375 ἄρα
2592 4300 2870 4373 συμφέρον
2923 4295 3202 4368 γεγονέναι
3247 4293 3326 4365 τῷ
3366 4292 3563 4366 Φαραὼ
3616 4294 3677 4347 τό

442 4403 604 4458 citur.
635 4399 814 4466 Quare
849 4396 1084 4450 minatur
1116 4394 1258 4448 Deus
1281 4394 1352 4460 ⁷⁸,
1392 4394 1438 4449 si
1470 4407 1664 4464 magna
1705 4392 1837 4447 fiant
1880 4408 2002 4462 pec-

2109 4394 2469 4467 ὲσκληρύνθαι
2518 4394 2683 4448 αὑτοῦ
2724 4394 2824 4463 τὴν
2864 4390 3110 4463 καρδίαν,
3172 4388 3268 4441 κα)⁵
3318 4386 3459 4458 ὑπὲρ
3511 4384 3675 4441 αὐτοῦ

443 4501 562 4546 cata
595 4489 926 4552 Judzeorum,
960 4503 981 4538 ι
1013 4499 1119 4539 non
1145 4483 1376 4552 amplius
1413 4484 1919 4539 animadversurum
1950 4501 2003 4540 tn

445 4585 584 4637 filias
642 4594 829 4634 eorum
877 4592 998 4631 eum
1038 4590 1099 4631 se
1134 4575 1546 4645 prostituerint,
1588 4584 1643 4629 et
1687 4576 1740 4629 in
1778 4590 2005 4645 sponsas

445 4676 683 4745 ipsorum
709 4685 833 4726 cum
881 4668 1085 4723 fuerint
1134 4666 1467 4721 adulteratae.
1497 4685 1516 4718 ι
1557 4666 1622 4720 Et
1656 4665 1778 4721 alibi
1805 4668 1883 4721 ait
1909 4667 1954 4699 τ’
1988 4686 2001 4722 :

449 4785 471 4819 ι
496 4766 634 4834 Quia
658 4761 951 4833 expurgavi
971 4771 1041 4824 te,
1065 4767 1118 4814 et
1151 4773 1256 4813 non
1283 4773 1343 4813 es
1367 4765 1642 4828 purgatus,
1673 4773 1778 4813 non
1804 4759 2008 4814 irascar

448 4856 541 4909 tibi
573 4852 829 4922 amplius,
859 4865 1035 4921 neque
1070 4849 1363 4904 aemulabor
1393 4859 1615 4919 propter
1638 4858 1690 4903 te
1716 4850 1997 4920 amplius.»

446 4948 587 5017 Ergo
613 4945 809 5015 quibus
843 4959 952 4998 non
989 4941 1242 4998 irascitur
1291 4941 1662 5009 peccantibus,
1709 4950 1768 4995 ut
1808 4943 1880 4995 ita
1925 4943 2005 4995 dim

447 5055 596 5104 eam,
644 5037 749 5093 bile
797 5037 1053 5091 incensus
1112 5048 1221 5088 non
1269 5031 1545 5087 irascitur.
1597 5029 2000 5086 Observandum

448 5140 709 5202 praeterea
745 5128 928 5196 minas.
953 5141 1073 5197 qua}
1115 5139 1213 5195 per
1240 5124 1531 5194 prophetas
1573 5122 1871 5191 iaciuntur,
1919 5124 2002 5179 his

515 5267 562 5299 ⁷⁸
601 5265 771 5320 Exod.
794 5277 892 5331 xu,
923 5261 1014 5318 ‘58.
1084 5259 1133 5291 '"
1171 5258 1315 5314 Psal.
1344 5273 1492 5322 xxxi,
1520 5258 1606 5313 10.
1682 5258 1725 5289 ⁷⁷
1767 5257 2002 5314 Psal.r.x:

2103 5280 2143 5319 LII
2163 5306 2176 5331 ,
2209 5265 2272 5318 51
2299 5274 2352 5320 et
2383 5279 2500 5330 seq.

523 5379 634 5448 (42)
667 5379 901 5442 Πόνους
943 5375 1092 5431 deest
1113 5374 1167 5428 in
1189 5371 1340 5429 libris
1368 5380 1523 5429 antea
1549 5372 1732 5439 editis,
1763 5373 1856 5428 sed
1886 5387 2008 5443 sup-

453 5450 628 5519 pletur
650 5462 827 5519 eqrnss.

523 5518 633 5588 (45)
675 5517 833 5588 Unus
858 5515 1025 5588 codex
1049 5530 1190 5588 _ms.,
1214 5511 1800 5588 ὲπιστημονικῴτερον.

523 5583 633 5659 (44)
670 5586 886 5659 Ποιεῖν,
932 5585 998 5638 τὸ
1037 5583 1195 5654 δέον,
1236 5596 1345 5642 etc.
1396 5583 1701 5656 Legendum
1770 5584 2003 5653 videtur,

454 5656 623 5713 ποιεῖν
650 5657 739 5712 τὸν
767 5656 904 5723 δέον,
929 5664 1034 5712 etc.

2110 4488 2286 4540 πάντα
2316 4486 2384 4540 τά
2429 4484 2891 4557 ἀναγεγραμμένα
2925 4481 3225 4550 γεγονέναι,
3260 4478 3418 4550 μέχρι
3454 4477 3548 4531 καὶ
3578 4477 3676 4548 τῆς

2109 4578 2588 4642 καταποντῶσεως.
2631 4578 2772 4647 Ὅρα
2801 4575 2857 4628 δὲ
2908 4576 2956 4627 εί
3007 4570 3279 4643 δυνάμεθα
3322 4567 3569 4623 ἐντεῦθεν
3615 4567 3677 4622 τὺ

2110 4669 2391 4734 δυσπειθὲς
2424 4669 2760 4740 περιελόντες
2793 4665 2965 4720 πειθὼ
3002 4662 3395 4736 ἐνεργάσασθαι
3425 4659 3519 4714 τοῦ
3550 4660 3678 4732 περὶ

2111 4761 2218 4814 τῶν
2277 4761 2601 4833 εἰρημένων.
2660 4779 2678 4811 ι
2707 4757 2906 4813 Πολλαὶ
2970 4761 3025 4812 αἱ
3091 4757 3383 4829 μάστιγες,
3439 4755 3601 4826 φησὶν
3646 4756 3677 4809 6

2111 4852 2290 4917 Δαυῒδ,
2314 4853 2406 4906 τοῦ
2425 4851 2745 4923 ἀμαρτωλοῦ
2762 4869 2774 4882 ·
2801 4871 2819 4903 ι
2848 4853 2876 4904 ὁ
2894 4851 2950 4904 δὲ
2981 4851 3093 4914 υἱὸς
3124 4847 3285 4902 αὑτοῦ
3306 4848 3561 4908 διδάσκει.
3595 4847 3676 4899 ὃτι

2113 4947 2362 5015 μαστιγοῖ
2394 4946 2423 4997 6
2451 4944 2584 5007 Θεὸς
2620 4944 2798 4998 πάντα
2825 4943 2939 4997 υἱὸν
2970 4942 3030 4996 ὃν
3062 4940 3438 5013 παραδέχεται.
3476 4938 3596 4990 Ἔτι
3622 4937 3677 4990 δε

2109 5037 2267 5100 αὐτὸς
2302 5039 2331 5089 6
2380 5036 2543 5090 Δαυῒδ
2598 5036 2939 5106 ἀπαγγελίαν
3001 5032 3358 5105 προφητεύων
3406 5029 3502 5101 τὴν
3550 5035 3677 5100 περὶ¹

2108 5128 2368 5199 Χριστοῦ,
2413 5129 2507 5181 καὶ
2553 5129 2661 5182 τῶν
2717 5131 2796 5190 εἰς
2849 5127 3009 5181 αὐτὸν
3057 5123 3439 5189 πιστευόντων,
3484 5120 3673 5193 φησίν·

2575 5263 2620 5295 ⁷⁸
2658 5263 2796 5318 Οειε
2824 5277 2894 5326 tv,
2929 5261 3018 5316 14.
3092 5261 3139 5293 τ’
3178 5259 3376 5315 Ezech.
3409 5273 3559 5323 xxiv,
3589 5255 3678 5314 i5.

2185 5377 2298 5450 (45)
2338 5376 2699 5450 umnam,
2729 5372 2894 5450 Forte
2927 5371 3212 5450 legendum
3243 5369 3571 5450 γινομένοις

2181 5435 2294 5518 (‘465
2333 5435 3302 5518 Aérdborfﬂuetiusad'tnarginein
3338 5435 3523 5518 rejet-it
3555 5435 3682 5518 κέλ)-

2108 5506 2439 5657 ἕὲὸνίιιὶιτει
2474 5506 2765 5588 legendum
2800 5514 3028 5581 videtur,
3063 5506 3175 5566 ἀλλ’
3201 5509 3345 5574 εἰκὸς
3377 5506 3679 5571 δυσπειθῶς

2177 5607 2277 5655 ειν,
2309 5605 2338 5644 e
2368 5604 2419 5644 c.

2177 5607 2277 5655 ειν,
2309 5597 2419 5644 etc.
