4050 6142
370 246 474 303 ἱτῦ
1808 243 1873 298 IN
1914 245 1966 300 Εἶ

2072 241 2221 298 )UM.
3545 243 3652 298 ΞΗ

369 392 391 421 ι
434 363 573 420 Ἐἀν
611 365 1099 437 ὲγκαταλείπωσιν
1124 367 1174 419 οἱ
1204 363 1307 419 υἱοὶ
1347 363 1510 418 αὐτοῦ
1540 363 1631 417 τὸν
1659 362 1820 435 νόμον
1853 379 1966 434 μου,

2082 360 2194 416 fere
2254 360 2432 415 verbis
2501 359 2800 417 concludi:
2847 381 2865 414 ι
2914 360 3280 431 Cognoscent,
3368 361 3494 433 quia
3550 378 3653 435 ego

364 459 459 512 καὶ
496 460 633 522 τοῖς
702 459 932 531 κρίμασι
969 477 1069 530 μου
1106 460 1180 531 μὴ
1234 456 1603 527 πορευθῶσινο
1640 455 1735 510 ὲάν
1780 455 1849 509 τά
1898 455 1966 509 δι-

2089 451 2426 517 Βοηιίιιιιε;›
2478 461 2532 505 et
2582 453 2819 507 minatur
2862 468 2968 507 non
3015 452 3274 509 Israelitis
3330 453 3512 521 modo,
3555 458 3651 511 sed

363 546 692 618 atattbpta'cc'r.
747 568 846 620 μου
905 548 1288 620 βεϐηλώσωσι,
1339 550 1434 603 καὶ
1488 548 1588 612 τὰς
1636 539 1855 613 ἐντολὰς
1922 548 1966 602 δέ

2085 543 2248 601 etiam
2272 540 2567 613 Egyptiis,
2599 555 2653 597 et
2683 544 2942 614 Assyriis,
2969 555 3023 599 et
3054 544 3176 599 aliis
3203 544 3436 600 inimicis
3466 546 3651 615 populi

362 654 467 706 μου
506 638 641 709 (47)
691 640 769 711 μὴ
799 639 1127 708 φυλάξωσιν,
1172 638 1536 710 ἐπισκέψομαι
1566 642 1625 693 ἐν
1654 639 1835 711 ῥάϐδῳ
1879 638 1966 703 τάς

2086 635 2189 688 sui.
2222 632 2278 687 ιιι
2310 648 2436 688 vero
2463 635 2606 702 quod
2638 634 2829 689 in'line
2857 636 3100 690 omnium
3135 634 3395 703 ejusmodi
3424 635 3654 690 commi-

358 727 616 797 ἀνομίας
666 729 872 791 αὐτῶν,
908 732 1003 784 καὶ
1044 733 1101 784 ὲν
1138 730 1355 801 μάστιξι
1387 730 1486 795 τὰς
1519 731 1731 795 ἀδικίας
1770 730 1966 785 αὐτῶν⁴

2086 725 2365 780 nationum
2409 725 2644 790 additur,
2679 727 2730 780 in
2765 727 2951 782 Exodo
2984 741 3199 797 quoque
3239 727 3501 795 scriptum
3546 736 3650 782 est.

361 819 424 871 τὸ
476 819 544 873 δὲ
616 821 783 887 ἔλεός
836 841 938 894 μου
985 825 1047 878 ού
1084 826 1157 896 μὴ
1204 824 1541 879 διασκεδάσω
1590 823 1685 877 ἀπ’
1724 822 1966 878 αὐτῶν.ι

2084 816 2338 887 Nunquid
2365 833 2492 888 ergo
2509 818 2600 888 qui
2627 819 2865 884 indurat,
2888 819 3080 873 durum
3114 818 3363 873 indurat?
3402 829 3650 888 apertum

357 909 592 963 Οὐκοῦν
632 913 806 984 χάρις
839 914 974 967 Θεοῦ
1004 916 1122 968 ἐστι
1154 915 1215 969 τὸ
1256 915 1456 988 ἄνομον
1493 914 1606 986 (48)
1648 916 1966 986 ὲπισκεφθῆα

2084 923 2267 965 autem
2305 921 2390 966 est
2434 912 2626 966 durum
2658 926 2762 965 non
2812 911 3081 976 indurari,
3120 913 3215 965 sed
3260 925 3370 980 prae
3406 910 3650 965 mollitu~

356 1018 446 1053 ναι
508 1002 744 1076 ῥάϐδῳ,
773 1006 866 1059 καὶ
909 1006 1001 1060 τὸν
1049 1006 1370 1079 ἁμαρτωλὸν
1426 1007 1659 1079 μάστιξι.
1705 1008 1815 1061 Καὶ
1856 1010 1976 1062 ὅσον

356 1107 422 1158 γε
461 1092 535 1144 οὐ
608 1094 981 1164 μαστιγοῦται
1031 1096 1060 1147 ὀ
1116 1095 1474 1167 ἁμαρτάνων,
1538 1096 1817 1150 παιδεύσει
1884 1099 1978 1151 καὶ

353 1183 679 1254 διορθώσει
712 1186 926 1240 οὐδέπω
966 1187 1235 1255 ὑπάγεται
1256 1204 1270 1218 ο
1301 1187 1381 1241 διὸ
1409 1189 1503 1241 καὶ
1528 1188 1741 1241 ἀπειλεῖ
1765 1190 1793 1241 ὁ
1813 1188 1974 1253 Θεὸς,

355 1276 459 1329 ἐὰν
502 1278 752 1347 μεγάλα
800 1279 1026 1349 γένηται
1059 1278 1127 1332 τά
1171 1280 1541 1350 ἁμαρτήματα
1573 1280 1679 1333 τῶν
1716 1278 1813 1349 τὴν
1849 1279 1978 1333 Ἰου-

354 1369 527 1425 δαίαν
582 1371 924 1437 οἰκούντων,
983 1391 1003 1422 ι
1028 1372 1242 1442 Μηκέτι
1293 1371 1689 1442 ἐπισκέψασθαι
1740 1373 1833 1426 ἐπὶ
1878 1373 1977 1437 τὰς

356 1456 707 1530 θυγατέρας
747 1460 928 1515 αὐτῶν
952 1462 1079 1515 ὃταν
1109 1460 1431 1533 πορνεύωσι,
1469 1462 1686 1515 καὶέπὶ
1717 1463 1817 1526 τὰς
1843 1464 1976 1533 νύμ-

357 1565 472 1616 φας
513 1549 721 1602 αὐτῶν
764 1552 894 1604 ὅταν
938 1551 1248 1623 μοιχεύωσι.
1277 1572 1294 1604 ι
1333 1554 1443 1607 Kal
1493 1553 1726 1623 ἀλλαχοῦ
1777 1571 1966 1624 φησιν·

2082 1556 2280 1611 est?-si
2318 1570 2423 1609 non
2474 1564 2714 1614 temere;
2765 1566 2924 1606 causa
2975 1551 3075 1604 fuit
3109 1561 3486 1621 peccatorum,
3529 1565 3648 1619 qua:

361 1657 397 1690 ιν
422 1640 582 1693 Ἀνθ’
619 1634 702 1697 ὧν
740 1642 1042 1713 ἐκαθάρισά
1074 1660 1133 1696 σε
1163 1642 1272 1712 (49)
1314 1644 1408 1697 καὶ
1442 1644 1541 1696 οὐκ
1572 1644 1966 1716 ἐκαθαρίσοης,

2082 1661 2111 1699 a
2154 1644 2449 1699 Pharaonis
2492 1645 2628 1699 duro
2675 1652 2729 1699 et
2781 1642 3128 1711 immorigero
3184 1642 3364 1695 animo
3403 1639 3644 1710 profecta

358 1731 423 1783 οὐ
488 1731 914 1804 θυμωθήσομαι
976 1734 1068 1789 ἐπὶ
1122 1735 1202 1789 σοὶ
1245 1733 1356 1799 ἔτι,
1406 1735 1535 1787 οὐδὲ
1593 1733 1966 1807 ζηλώσωέπ)

2077 1744 2239 1789 sunt:
2271 1745 2327 1788 at
2363 1734 2407 1789 si
2442 1749 2605 1789 causa
2659 1740 2761 1797 est,
2806 1747 2912 1786 non
2965 1739 3083 1785 erat
3119 1732 3213 1786 ille
3269 1733 3494 1801 perdita:
3541 1748 3641 1787 na-

360 1820 446 1874 σοὶ
504 1823 664 1877 ἔτι.»
707 1825 916 1877 Οὐκοῦν
952 1818 1033 1888 οἷς
1063 1824 1124 1877 ού
1157 1825 1417 1895 Θυμοῦται
1448 1827 1869 1898 ἁμαρτάνουσιν,
1904 1829 1966 1881 ἵν’

2080 1837 2233 1883 tune.
2292 1827 2393 1883 Est
2455 1827 2556 1881 hoc
2612 1838 2826 1895 quoque
2885 1824 3207 1878 credendum
3292 1824 3434 1892 quod
3518 1823 3645 1879 hinc

360 1912 546 1976 οὕτως
578 1914 754 1979 εἴπω,
790 1915 1111 1987 χολούμενος
1135 1916 1196 1969 ού
1230 1916 1514 1988 θυμοῦται.
1546 1917 1966 1989 Παρατηρητέον

2078 1918 2258 1988 petitis
2289 1918 2462 1971 verbis
2495 1929 2625 1970 usus
2655 1912 2946 1982 Apostolus
2977 1913 3110 1966 dicit
3135 1912 3181 1943 ⁸ο
3208 1929 3222 1966 :
3252 1931 3271 1964 ε
3304 1912 3444 1981 Ergo
3481 1928 3640 1982 quem

359 2003 419 2056 δὲ
444 2004 549 2057 καὶ
571 2005 678 2058 ἐπὶ
694 2007 814 2068 ταῖς
836 2008 1197 2078 προφητικαῖς
1217 2005 1467 2070 ἀπειλαῖς
1490 2008 1582 2064 ἐπὶ
1603 2010 1714 2071 τοῖς
1725 2006 1966 2073 πολλοῖς,

2080 2009 2189 2061 vult
2232 2009 2542 2075 miseratur,
2569 2015 2623 2061 et
2654 2020 2812 2077 quem
2856 2002 2970 2056 vult
3014 2003 3250 2058 indurat.
3305 2005 3462 2061 Dices
3507 2020 3636 2076 ergo

360 2095 446 2149 ὅτι
481 2096 817 2165 ἐπιλέγεται
866 2098 957 2150 τό·
1000 2117 1018 2148 ι
1052 2097 1353 2152 Γνώσονται
1397 2100 1479 2152 ὅτι
1530 2099 1638 2169 ἐγώ
1696 2101 1809 2171 εἰμι
1858 2100 1966 2153 Κύ-

2080 2097 2209 2152 mihi
2247 2117 2259 2150 :
2294 2098 2402 2152 Cur
2441 2097 2606 2152 etiam
2657 2092 2984 2150 succenset?
3028 2092 3287 2149 voluntati
3334 2096 3478 2149 enim
3528 2095 3642 2162 ejus

363 2204 504 2255 ριος.
538 2208 561 2241 ι
604 2189 725 2242 Καὶ
757 2190 969 2243 ἀπειλεῖ
997 2190 1056 2244 οὐ
1099 2191 1258 2260 μόνον
1296 2191 1678 2263 Ἰσραηλίταις,
1712 2192 1847 2246 ἀλλὰ
1877 2193 1966 2246 καὶ

2078 2191 2200 2258 quis
2237 2189 2508 2243 restitit?»
2555 2190 2679 2257 quis
2712 2200 2795 2244 est
2837 2192 2931 2261 qui
2981 2191 3199 2246 indurat
3243 2200 3298 2263 et
3341 2189 3432 2259 qui
3482 2191 3642 2245 mise-

362 2281 729 2350 Αἰγυπτίοις,
765 2283 859 2338 καὶ
887 2283 1192 2356 Ἀσσυρίοις
1219 2283 1354 2351 (50),
1377 2259 1484 2337 καί
1515 2285 1727 2355 ἑτέροις
1758 2284 1966 2357 ἐχθροῖς

2080 2283 2265 2336 ratur?
2294 2298 2395 2336 non
2442 2284 2586 2337 enim
2621 2282 2847 2338 alterius
2875 2293 2959 2339 est
2993 2259 3264 2347 miserari:
3298 2284 3525 2338 alterius
3557 2283 3640 2336 in-

362 2374 459 2427 τοῦ
488 2373 659 2429 λαοῦ.
693 2375 862 2429 Τοῦτο
891 2376 948 2429 δὲ
981 2376 1048 2429 τὸ
1071 2377 1164 2429 ἐπὶ
1187 2376 1327 2431 τέλει
1361 2375 1567 2429 πολλῶν
1609 2377 1966 2448 νομιζομένων

2077 2375 2295 2440 durare,
2319 2374 2473 2443 juxta
2521 2391 2706 2431 vocem
2743 2375 3023 2443 Apostoli;
3071 2376 3164 2431 sed
3210 2376 3368 2431 unius
3415 2385 3470 2431 et
3497 2373 3643 2444 ejus-

367 2462 623 2518 ἀπειλῶν
651 2465 751 2518 καὶ
782 2466 839 2518 ἐν
872 2467 936 2537 τῇ
985 2464 1177 2537 Ἐξόδῳ
1222 2466 1655 2538 ἀναγέγραπται.
1685 2462 1832 2539 τΑρα
1862 2467 1993 2538 γὰρ

367 2555 397 2606 ὁ
423 2555 762 2629 σκληρύνων
796 2557 1030 2628 σκληρὸν
1060 2557 1380 2628 σκληρύνει;
1420 2559 1588 2627 σαφὲς
1615 2558 1659 2612 δ’
1691 2559 1773 2612 ὅτι
1808 2558 1972 2628 σκλη-

373 2645 466 2716 ρὸν
507 2648 577 2700 οὐ
623 2648 1006 2721 σκληρύνεται,
1051 2650 1166 2704 ἀλλ’
1206 2651 1315 2703 ἀπὸ
1355 2650 1695 2721 ἀπαλότητος
1734 2653 1767 2721 ἡ
1803 2650 1969 2722 σκλη-

371 2736 541 2810 ρότης
579 2740 699 2811 (51)
726 2743 806 2805 είς
842 2742 1186 2814 σκληρότητα
1217 2743 1573 2814 μεταϐάλλει·
1612 2743 1885 2813 ἀπαλότης
1913 2744 1970 2798 δὲ

373 2830 611 2901 καρδίας
649 2833 790 2887 κατά
826 2833 923 2905 τὴν
973 2835 1196 2907 Γραφὴν
1250 2836 1543 2906 ἐπαινετὴ,
1577 2836 1653 2900 ὼς
1703 2834 1969 2906 πολλαχοῦ

377 2925 801 2996 ⁴υετηρήκαμεν.
853 2926 1175 2995 Λεγέτωσαν
1214 2927 1499 2999 τοιγαροῦν
1531 2930 1580 2981 εί
1649 2929 1883 3001 χρηστὸς
1941 2931 1970 2982 ὁ

373 3011 580 3084 Φαραὼ
612 3016 917 3085 τυγχάνων,
953 3016 1243 3086 γεγένηται
1270 3017 1525 3087 πονηρὸς,
1552 3015 1687 3069 ἀλλά
1719 3016 1812 3069 καὶ
1849 3015 1966 3086 ἤτοι

2077 3018 2458 3085 quisilionem,
2506 3028 2775 3074 tantarum
2827 3032 3011 3073 rerum
3064 3017 3167 3071 sibi
3216 3016 3628 3086 intelligentiam

376 3084 772 3176 αἰτιώμενοςνὸ
808 3107 938 3171 Θεὸς
1085 3084 1283 3179 Φαραὼ
1325 3084 1461 3179 (52),
1495 3109 1670 3179 μάτην
1708 3084 1966 3172 αἰτιᾶται,

2072 3122 2346 3182 arrogant,
2380 3122 2436 3167 et
2476 3119 2780 3167 nostrorum
2811 3108 3143 3180 simplicitati
3185 3108 3466 3173 insultant,
3510 3108 3636 3162 data

2084 1003 2231 1069 dine,
2278 1002 2530 1057 duritiem
2575 1003 2628 1055 in
2684 1003 2934 1057 duritiem
2989 1003 3332 1057 commutari.
3376 1001 3652 1055 Mollitudo

2084 1111 2214 1150 vero
2240 1094 2421 1150 cordis
2453 1094 2750 1162 Scripturae
2788 1093 3060 1149 sententia
3093 1092 3399 1154 laudabilis,
3436 1102 3489 1147 ul
3531 1093 3648 1159 ple-

2084 1188 2269 1257 risque
2297 1189 2350 1242 in
2381 1186 2522 1241 locis
2550 1201 2580 1239 a
2612 1185 2770 1239 nobis
2802 1194 2885 1240 est
2914 1184 3281 1239 observatum.
3326 1184 3513 1237 Dicant
3549 1185 3652 1237 ita-

2055 1297 2189 1352 .que
2225 1297 2292 1336 an
2324 1281 2535 1336 Pharao
2558 1278 2624 1333 de
2662 1278 2802 1333 bono
2831 1278 3000 1331 lactus
3033 1276 3105 1331 sit
3133 1278 3336 1341 malus;
3373 1281 3463 1331 sed
3490 1283 3544 1331 et
3582 1293 3648 1330 an

2083 1373 2248 1437 Deus,
2285 1387 2409 1427 cum
2456 1370 2791 1425 Pharaonem
2835 1368 3201 1438 reprehendit,
3242 1367 3439 1437 injuria
3480 1383 3648 1424 necne

2084 1462 2477 1534 reprehendat:
2505 1462 2554 1517 si
2588 1470 2824 1525 temere;
2852 1459 3124 1526 quomodo
3159 1457 3374 1527 sapiens
3398 1467 3453 1512 et
3467 1456 3647 1528 justus

2078 2466 2221 2523 dem.
2247 2466 2388 2537 Ergo
2411 2468 2500 2536 qui
2536 2467 2966 2523 misericordiam
2998 2468 3050 2522 in
3079 2466 3187 2521 Deo
3215 2476 3640 2536 consequuntur,

2077 2554 2193 2624 ejus
2231 2567 2358 2612 sunt
2413 2559 2502 2626 qui
2549 2574 2646 2614 cor
2699 2559 3003 2614 Pharaonis
3049 2558 3297 2623 indurat;
3343 2569 3398 2613 et
3441 2557 3641 2615 frustra

2078 2648 2211 2717 ipsis
2233 2648 2368 2702 alius
2392 2647 2525 2704 deus
2541 2648 2779 2719 ﬁngitur,
2807 2664 2965 2718 quam
2989 2649 3181 2704 bonus.
3200 2647 3442 2718 ipsorum
3470 2648 3637 2701 etiam

2077 2742 2367 2805 sententia,
2402 2742 2564 2806 Deus,
2601 2755 2705 2795 non
2750 2741 2922 2796 solum
2971 2740 3302 2803 misericors,
3344 2738 3440 2793 sed
3474 2739 3651 2792 etiam.

2078 2834 2358 2901 induratis,
2383 2850 2481 2890 nec
2507 2834 2740 2903 amplius
2770 2834 2958 2896 fuerit,
2992 2841 3051 2887 ut.
3072 2832 3409 2897 existimant,
3442 2833 3632 2886 bonus.

2079 2924 2203 2980 llaec
2239 2936 2418 2980 autem
2459 2929 2722 2983 adversus
2764 2943 2861 2984 eos
2894 2927 2985 2996 qui
3029 2926 3165 2981 citra
3211 2940 3394 2979 curam
3425 2936 3481 2978 et
3525 2925 3638 2978 dis-

376 3194 411 3265 ῆ
441 3196 503 3249 οὗ
543 3198 764 3269 μάτηνο
806 3201 854 3252 εί
890 3198 987 3270 μὲν
1019 3194 1113 3253 οὖν
1162 3200 1359 3270 μάτην,
1397 3199 1516 3263 πῶς
1545 3198 1626 3253 ἐτι
1670 3198 1831 3267 σοφὸς
1878 3199 1970 3252 καὶ

378 3285 625 3353 δίκαιος;
659 3291 708 3343 εὶ
740 3290 798 3343 δὲ
836 3290 908 3362 μὴ
947 3292 1142 3362 μάτην,
1166 3290 1337 3355 αἴτιος
1368 3291 1628 3362 ἐτύγχανε
1657 3288 1766 3344 τῶν
1796 3290 1964 3361 ἁμαρ-

380 3380 649 3449 τημάτων
675 3380 784 3434 τῶν
808 3382 949 3436 κατά
975 3383 1071 3451 τὴν
1097 3382 1379 3437 ἀπείθειαν
1408 3382 1484 3453 τῷ
1523 3381 1722 3453 Φαραώ
1740 3399 1752 3410 ·
1797 3381 1890 3434 καὶ
1921 3383 1969 3434 εί

382 3468 585 3534 αἴτιος,
643 3472 703 3523 οὐ
774 3470 989 3539 φύσεως
1058 3468 1126 3543 ἦν
1188 3472 1558 3545 ἀπολλυμένης
1608 3474 1830 3537 ἐκεῖνος.
1875 3473 1972 3526 Πι-

386 3563 640 3615 στευτέον
675 3561 786 3631 (55)
828 3562 1074 3633 μέντοιγε
1107 3564 1200 3617 καὶ
1234 3564 1409 3626 τοῦτο,
1452 3565 1539 3619 διὰ
1569 3566 1630 3618 τὸ
1676 3564 1967 3638 καταχρώ-

388 3665 547 3718 μενον
603 3653 696 3707 τὸν
721 3651 1038 3706 Ἀπόστολον
1080 3656 1193 3717 τοῖς
1225 3654 1471 3708 ἐντεῦθεν
1517 3657 1701 3724 ῥητοῖς
1752 3654 1931 3718 λέγειν
1952 3672 1964 3685 ·

392 3760 410 3789 ι
437 3743 559 3813 Ἀρ*
592 3738 686 3796 οὖν
727 3742 785 3796 ὃν
838 3743 979 3798 θέλει
1036 3745 1209 3808 ἐλεεῖ,
1256 3745 1317 3799 ὂν
1366 3746 1422 3811 δὲ
1457 3745 1598 3800 θέλει
1653 3746 1964 3818 σκληρύνει.

399 3831 574 3904 Ἐρεῖς
624 3829 717 3887 οὖν
767 3852 877 3905 μοι,
901 3836 966 3890 Τί
1015 3836 1094 3888 ἔτι
1151 3836 1455 3907 pependit;
1501 3835 1580 3904 τῷ
1623 3836 1731 3907 γὰρ
1779 3835 1971 3905 βουλή-

392 3939 515 3989 ματι
560 3924 729 3979 αὑτοῦ
760 3925 845 3989 τίς
886 3927 1218 3999 ἀνθέστηκες
1246 3946 1264 3979 ι
1305 3929 1389 3991 τίς
1435 3931 1464 3982 ὁ
1516 3926 1831 3998 σκληρύνων
1864 3927 1958 3980 καὶ

388 4013 585 4080 ὲλεῶν;
613 4017 675 4069 οὐ
703 4015 814 4087 γὰρ
853 4015 917 4087 δὴ
951 4016 1135 4088 ἐτέρου
1181 4017 1241 4071 τὸ
1276 4018 1613 4090 σκληρύνειν,
1659 4020 1750 4072 καὶ
1782 4020 1967 4091 ἑτέρου

386 4106 445 4160 τὸ
473 4109 650 4164 ἐλεεῖν
694 4108 837 4161 κατά
877 4109 976 4181 τὴν
1022 4111 1382 4181 ἀποστολικὴν
1432 4111 1635 4182 φωνὴν,
1685 4111 1818 4165 ἀλλὰ
1873 4111 1966 4164 τού

389 4198 572 4253 αὐτοῦ.
595 4201 753 4254 Ἤτοι
784 4195 877 4252 οὖν
910 4202 957 4252 οἱ
985 4200 1042 4253 ἐν
1071 4200 1191 4270 Θεῷ
1221 4200 1331 4269 (54)
1359 4200 1662 4271 ὲλεούμενοι
1693 4199 1789 4254 τοῦ
1814 4201 1969 4272 σκλη-

393 4287 637 4357 ρύνοντὸς
668 4291 775 4343 είσι
815 4289 913 4360 τὴν
948 4291 1177 4362 καρδίαν
1206 4291 1422 4363 Φαραὼ,
1464 4294 1558 4346 καὶ
1609 4293 1786 4365 μάτην
1834 4295 1966 4348 ἀνα-

392 4380 690 4434 πλάσσεται
722 4383 905 4446 αὐτοῖς
942 4382 1128 4454 ἓτερος
1169 4383 1321 4446 Θεὸς,
1363 4383 1395 4455 ἢ
1425 4384 1646 4454 ἀγαθός.
1691 4387 1827 4440 Κατ’
1858 4390 1958 4441 αύ-

391 4474 511 4535 τοὺς
540 4471 692 4535 Θεὸς,
713 4472 827 4524 οὐκ
845 4471 1089 4542 ἐλεήμων
1131 4473 1310 4543 μόνον,
1332 4474 1466 4528 ἀλλά
1500 4476 1592 4529 καὶ
1619 4476 1956 4549 σκληρύνων,

391 4561 481 4613 καὶ
494 4562 595 4615 οὐκ
610 4562 684 4615 ἔτ’
707 4561 772 4616 ἂν
800 4562 908 4634 εἴη,
939 4563 1014 4627 ὡς
1042 4563 1529 4635 ὑπολαμϐάνουσιν,
1544 4566 1761 4635 ἀγαθός.
1780 4569 1959 4623 Πάντα

390 4651 441 4705 δὲ
470 4653 647 4707 ταῦτα
675 4655 926 4725 ἐπίτηδες
960 4656 1051 4708 ἐπὶ
1081 4655 1261 4709 πλεῖον
1300 4656 1643 4729 ἐξητάσαμεν
1670 4659 1805 4731 πρὸς
1831 4663 1958 4725 τοὺς

392 4743 760 4809 ἀϐασανίστως
810 4747 1022 4808 ἑαυτοῖς
1071 4746 1458 4817 χαριζομένους
1506 4748 1566 4800 τὸ
1614 4749 1956 4819 νενοηκέναι,

392 4836 480 4888 καὶ
524 4835 900 4900 ἐπιϐαίνοντας
939 4840 1004 4908 τῇ
1038 4837 1302 4909 ἁπλότητι
1348 4838 1454 4892 τῶν
1503 4839 1808 4912 ἡμετέρων,
1847 4843 1958 4895 ὲνι-

395 4927 642 4998 στάμενοι
675 4929 770 4982 καὶ
799 4928 1102 4992 δεικνύντες
1144 4929 1226 4982 ὅτι
1275 4928 1397 4983 οὔτε
1430 4931 1509 4994 εἰς
1560 4929 1596 4984 ἀ
1640 4930 1957 5002 ὑπολαμϐά-

455 5063 504 5095 ⁸⁰
540 5064 696 5118 Rom.
722 5080 803 5131 Ix,
831 5065 917 5130 18,
950 5065 1037 5121 19.
1110 5066 1154 5099 ⁸³
1182 5065 1325 5122 Psal.
1356 5083 1431 5131 vr,
1462 5069 1516 5134 2,
1553 5077 1601 5123 et
1650 5084 1857 5134 xxxv",
1899 5073 1955 5124 2.

456 5198 569 5272 (47)
610 5203 895 5271 Ἐντολὰς

393 5270 551 5326 ticnla
577 5273 657 5326 δέ.

477 5342 569 5429 ἐξ)
613 5345 684 5429 Id
715 5342 964 5429 ξγρμογ.
997 5344 1161 5429 [10.50,
1187 5345 1247 5429 τὸ
1280 5345 1370 5398 τὸν
1399 5345 1623 5429 ἀνομρν.

476 5412 562 5483 49)
614 5414 757 5468 Ἆνθ’
781 5410 868 5468 ὧν
902 5410 1235 5481 ἑκαθιῷισά
1251 5430 1345 5480 σε,
1363 5425 1467 5470 etc.
1507 5410 1641 5471 Haec
1666 5431 1729 5470 ex
1753 5415 1950 5472 Ezech.

394 5497 539 5555 χειν,
566 5484 660 5555 715,
689 5486 861 5554 petita
894 5495 1041 5547 sunt,
1074 5494 1130 5555 ut
1159 5499 1226 5539 ex
1260 5486 1499 5541 Hebraeis
1523 5497 1577 5540 et
1606 5485 1858 5555 Vulgata,
1888 5497 1947 5549 et

394 5552 607 5620 reliquis
656 5552 1200 5624 interpretationibus
1249 5556 1384 5609 satis
1424 5566 1659 5613 constat.
1701 5552 1770 5611 Ᾰι
1820 5555 1954 5610 Vul-

394 5623 680 5749 qlaltgzﬂzgw
730 5623 817 5680 0"
844 5623 1114 5682 editiones
1172 5625 1403 5681 multum
1471 5626 1595 5682 inde
1669 5626 1948 5684 recedunt.

920 5203 988 5258 δέ
1011 5222 1151 5275 μου.
1181 5204 1548 5276 Expungenda
1578 5207 1791 5261 videtur
1821 5223 1948 5277 par-

2053 5421 2247 5475 abesse

2070 3220 2233 3274 opera
2280 3204 2528 3273 pluribus
2574 3217 2763 3258 sumus
2814 3201 3115 3271 persecuti,
3171 3200 3291 3254 nisu
3344 3199 3487 3253 omni
3542 3214 3636 3251 ur-

2046 3300 2266 3360 gentes
2301 3307 2361 3344 ac
2397 3290 2682 3345 ostendere
2716 3301 2997 3354 conantes,
3031 3302 3201 3357 neque
3239 3289 3304 3341 ad
3333 3303 3395 3341 ea
3428 3303 3548 3357 quae
3571 3289 3639 3340 de

2070 3383 2181 3438 Deo
2219 3383 2552 3441 existimant.
2586 3397 2760 3451 neque
2799 3385 2864 3437 ad
2901 3400 2963 3438 ea
3017 3398 3140 3453 qua:
3172 3382 3239 3436 de
3289 3394 3481 3437 natura
3525 3391 3637 3436 tra-

2071 3475 2221 3540 dunt,
2248 3474 2350 3531 sibi
2368 3475 2683 3544 quidquam,
2714 3485 2771 3527 ut
2802 3483 3006 3543 putant,
3028 3473 3170 3528 hunc
3189 3487 3347 3543 quem
3378 3473 3641 3527 habemus

2070 3564 2324 3620 conferre
2372 3579 2697 3618 sermonem.
2751 3562 2859 3618 Nos
2908 3574 3127 3627 autem,
3178 3578 3315 3632 quos
3360 3561 3636 3632 multiplex

2071 3656 2209 3711 ratio
2240 3655 2291 3709 in
2325 3655 2463 3709 hanc
2497 3655 2821 3709 sententiam
2872 3655 3118 3719 induxit,
3153 3654 3536 3708 existimamus
3581 3662 3637 3705 et

2068 3748 2331 3811 dolorem,
2368 3757 2424 3799 et
2457 3744 2791 3810 molestiam,
2820 3755 2874 3800 et
2914 3744 3178 3811 laborem,
3225 3757 3281 3798 et
3323 3744 3639 3815 castigatio-

2070 3855 2192 3892 nem
2233 3852 2354 3907 qme
2383 3854 2410 3891 a
2453 3839 2560 3891 Deo
2588 3836 2912 3902 inferuntur,
2953 3850 3228 3905 nunquam
3259 3845 3447 3891 contra
3478 3836 3635 3907 117

2070 3947 2165 3986 eos
2203 3945 2364 3995 esse;
2405 3929 2500 3983 sed
2545 3928 2611 3981 iis
2658 3942 2873 3996 semper
2916 3927 3222 3982 conducere
3274 3927 3364 3995 qui
3418 3927 3636 3997 patiun-

2073 4033 2179 4076 tur.
2211 4021 2437 4075 Duriora
2482 4020 2672 4089 igitur,
2704 4034 2824 4089 qua:
2868 4018 2976 4073 Deo
3020 4017 3183 4072 tribui
3232 4028 3489 4088 putantur
3544 4033 3640 4073 no.

2071 4112 2416 4174 mina.furor
2450 4123 2505 4168 et
2556 4114 2659 4176 ira,
2712 4126 2942 4180 arguere
2992 4119 3046 4166 et
3087 4111 3307 4165 erudire
3346 4111 3634 4176 dicuntur,

2070 4215 2129 4259 ut
2165 4205 2253 4259 hic
2280 4204 2325 4236 ⁸¹
2359 4221 2373 4257 :
2413 4222 2432 4255 ι
2465 4203 2712 4269 Domine,
2733 4218 2798 4255 ne
2827 4203 2878 4255 in
2917 4201 3099 4256 furore
3127 4212 3221 4255 tuo
3251 4202 3496 4271 argueris
3526 4218 3634 4265 me,

2070 4310 2245 4364 neque
2272 4295 2351 4348 ira
2390 4306 2482 4348 tua
2507 4292 2773 4347 erudieris
2796 4308 2917 4356 me;
2967 4310 2986 4343 ι
3021 4291 3232 4355 cumis,
3261 4292 3351 4359 qui
3377 4291 3491 4346 haec
3511 4307 3633 4361 pre-

2069 4396 2257 4450 catur,
2304 4394 2424 4441 oret
2472 4399 2542 4439 ne
2575 4398 2709 4453 opus
2754 4382 2953 4437 habeat
3013 4382 3439 4452 reprehensione
3477 4400 3508 4436 a
3549 4382 3631 4436 l‘u-

2068 4494 2190 4533 rore
2228 4477 2344 4540 Dei,
2379 4488 2432 4531 et
2470 4477 2773 4532 eruditione
2802 4490 2897 4545 per
2933 4475 3068 4528 iram
3102 4476 3273 4543 ipsius
3304 4515 3318 4541 ,
3354 4475 3509 4544 quasi
3545 4474 3633 4528 l'u-

2070 4581 2246 4624 turum
2290 4572 2364 4625 sit
2409 4579 2465 4624 ut
2518 4570 2683 4639 aliqui
2730 4570 2916 4625 furore
2964 4568 3058 4623 Dei
3099 4579 3398 4638 arguantur
3449 4578 3503 4622 et
3555 4568 3636 4622 ira

2068 4662 2237 4731 ipsius
2279 4664 2622 4719 erudiuntur.
2674 4665 2855 4735 Atque
2901 4670 2959 4716 ut
3007 4662 3093 4716 his
3149 4663 3311 4717 dictis
3362 4662 3533 4733 magis
3572 4677 3634 4715 ac

2067 4755 2240 4818 magis
2291 4755 2689 4821 assentiamur,
2745 4769 2777 4810 e
2820 4754 2973 4809 Novo
3028 4768 3244 4823 quoque
3287 4753 3635 4809 Testamento

2068 4845 2266 4899 similia
2326 4847 2640 4901 testimonia
2689 4846 2918 4915 petenda
2961 4855 3126 4908 sunt,
3180 4846 3393 4902 dicente
3426 4845 3632 4901 Serva-

2068 4947 2183 4990 tore
2228 4937 2313 4991 “z
2352 4956 2371 4988 ι
2408 4936 2588 5008 Ignem
2627 4940 2751 4993 veni
2808 4939 3030 4992 mittere
3082 4937 3137 4991 in
3183 4947 3420 5003 terram,
3469 4948 3635 5008 atque

2066 5071 2113 5103 ⁸²
2147 5071 2278 5126 Luc.
2312 5089 2413 5140 xu,
2440 5072 2531 5127 49.

2133 5207 2246 5280 (50)
2285 5210 2395 5265 Καὶ
2436 5211 2785 5278 Ἀσσυρέοις.
2826 5211 2947 5265 Haec
2979 5213 3031 5265 in
3081 5210 3234 5267 libris
3275 5220 3432 5265 antea
3469 5209 3629 5266 editis

2061 5283 2263 5350 omissa
2292 5290 2436 5343 sunt,
2463 5283 2556 5334 sed
2585 5284 2905 5350 supplentur
2931 5297 2963 5337 e
2989 5296 3122 5338 mss.

2126 5348 2256 5423 (51)
2308 5348 2754 5420 Ἠσκληρόττίς.
2805 5351 2966 5407 Deest
3017 5353 3075 5406 in
3124 5350 3336 5420 aliquot
3384 5366 3516 5405 mss.
3566 5360 3627 5410 et

2120 5436 2247 5475 esse
2281 5429 2479 5488 potest.

2120 5490 2230 5559 (52)
2275 5489 2359 5555 Τῷ
2387 5489 2612 5557 Φαραώ.
2646 5490 2873 5557 Quidam
2905 5506 3062 5555 mss.,
3087 5492 3177 5545 τὸν
3207 5489 3426 5558 Φαραώ.

2123 5560 2234 5633 (35,5)
2272 5560 2653 5633 Πιστευτέον.
2688 5560 2851 5633 Forte
2883 5561 3164 5633 legendum
3194 5561 3476 5616 πευστέον.

2116 5629 2228 5702 (⁷541
2272 5629 2419 5687 Unus
2455 5631 2621 5686 codex
2658 5646 2787 5699 ms.,
2810 5629 3050 5703 Χριστῷ.
