4050 6142
412 253 523 312 975

1862 233 2205 322 emensas

3556 264 3661 322 ετδ

415 376 623 429 utinam
656 374 767 445 jam
818 376 1078 441 arsisset;
1111 397 1130 430 ι
1179 377 1281 434 nisi
1350 378 1494 437 enim
1556 379 1813 437 salutaris
1849 394 1989 440 esset

2096 403 2244 440 νουσι
2276 385 2404 458 περὶ
2445 386 2600 454 Θεοῦ,
2635 387 2756 442 οὔτε
2787 391 2865 453 εἰς
2907 388 2941 444 ἃ
2980 384 3362 458 δογματίζουσι
3395 383 3523 455 περί
3560 383 3662 453 (ρύ-

417 466 580 536 ignis,
615 481 775 534 quem
810 467 955 520 venit
991 465 1205 523 mittere
1243 468 1297 523 in
1332 478 1535 524 terram
1560 510 1575 536 ,
1607 480 1661 526 et
1683 471 1990 530 hominibus

412 558 713 623 salutaris,
762 574 1033 628 nunquam
1078 574 1141 615 ea
1185 561 1411 616 dixisset
1460 563 1585 617 boni
1642 562 1738 617 Dei
1793 564 1987 622 Fi!ius.

415 647 525 703 Sed
561 658 615 703 et
652 648 864 713 Petrus,
908 651 999 719 qui
1043 653 1212 707 verbo
1252 652 1518 707 Ananiam
1556 664 1611 707 et
1664 653 1989 725 Sapphiram

418 740 571 808 quod
583 750 924 810 peccassent,
947 740 1055 797 Deo
1080 743 1310 808 mentiti,
1337 760 1443 799 non
1465 745 1797 811 hominibus,
1820 747 1990 802 inter-

417 830 580 897 fecit,
636 846 744 887 non
793 833 845 886 id
886 835 1044 888 modo
1088 837 1300 890 curavit
1344 844 1401 891 ut
1453 837 1852 892 mdilicarentur
1889 841 1982 909 qui

416 924 473 979 in
506 923 708 979 Christi
760 924 919 980 ﬁdem
951 942 1014 981 eo
1055 928 1170 981 viso
1214 928 1581 1000 religiosiores
1610 939 1664 985 et
1696 933 1868 999 magis
1911 933 1987 1003 pii

415 1023 575 1070 erant
604 1015 804 1082 futuri,
855 1020 946 1072 sed
974 1026 1028 1072 et
1049 1021 1380 1088 morientes;
1418 1006 1605 1078 volens
1646 1038 1740 1079 eos
1774 1040 1869 1094 per
1898 1041 1985 1081 re-

423 1105 698 1173 pentinam
737 1116 965 1161 mortem
996 1110 1261 1177 expiatos,
1299 1126 1400 1165 nec
1433 1112 1720 1181 opinantes
1749 1130 1979 1183 corpore

417 1196 688 1263 liberare,
734 1198 827 1267 qui
860 1207 913 1253 et
952 1198 1153 1270 aliquid
1186 1201 1327 1256 unde
1350 1202 1787 1270 justit‘tcarcntur
1814 1207 1982 1261 habe-

418 1293 597 1358 bant;
630 1292 757 1362 quia
790 1292 871 1347 vel
901 1292 1184 1348 dimidium
1210 1295 1473 1350 honorum
1496 1312 1717 1352 suorum
1744 1298 1796 1353 in
1832 1314 1987 1354 usum

416 1386 693 1453 egent‘um
729 1383 1009 1439 dederant.
1048 1385 1111 1439 Et
1153 1385 1354 1442 Paulus
1389 1402 1533 1454 eum,
1569 1389 1661 1459 qui
1701 1405 1822 1444 cum
1863 1406 1989 1460 pro-

418 1474 640 1530 consule
691 1475 883 1546 Sergio
929 1472 1098 1531 Paulo
1129 1489 1282 1542 erat,
1319 1478 1468 1533 dicto
1523 1481 1841 1544 obraecans,
1894 1498 1991 1552 per

417 1562 636 1617 dolores
678 1572 733 1618 et
765 1564 1071 1619 molestiam
1123 1567 1296 1635 ipsum
1342 1569 1409 1623 ad
1466 1570 1721 1639 pietatem
1764 1587 1989 1626 conver-v

418 1656 503 1719 tit,
541 1655 727 1710 dicens
754 1657 853 1725 ipsi
887 1656 935 1689 ⁸³
965 1676 979 1711 :
1027 1676 1045 1710 ‹
1079 1657 1122 1713 0
1152 1659 1308 1728 plene
1335 1661 1482 1714 omni
1510 1662 1632 1715 dolo
1654 1671 1708 1716 et
1750 1660 1979 1732 fallacia,

2096 495 2264 543 σεως,
2314 477 2676 549 συμϐάλλεται
2726 482 2932 545 αὐτοῖς,
2984 480 3059 543 ὡς
3108 478 3309 530 οἴονται
3330 517 3345 539 ,
3377 477 3406 528 ό
3450 473 3607 543 λόγος
3635 476 3664 529 ὁ

2091 565 2232 619 κατὰ
2263 565 2323 618 τὸ
2361 568 2649 637 ἐνεστηκὸς
2691 569 3091 640 ἐξεταζόμενος.
3137 568 3328 637 Ἡμεῖς
3370 564 3426 617 δὲ
3466 564 3664 621 πολλα-

2092 656 2245 729 χόθεν
2279 658 2607 729 πειθόμενοι,
2643 661 2736 713 καὶ
2778 661 2937 729 πόνον
2982 661 3075 712 καὶ
3105 657 3323 711 κόλασιν
3348 656 3416 709 τὰ
3457 672 3666 727 προσα-

2090 750 2296 821 γόμενα
2344 751 2452 804 ἀπὸ
2496 750 2590 804 τοῦ
2623 752 2758 805 Θεοῦ
2791 751 3082 822 νομίζομεν
3114 747 3383 818 γίνεσθαι,
3414 747 3666 800 οὐδέποτε

2091 841 2233 895 κατὰ
2261 841 2370 896 τῶν
2418 844 2753 913 πασχόντων,
2784 842 2897 895 ἀλλ’
2927 843 3012 895 ἀεὶ
3040 841 3178 911 ὑπὲρ
3212 839 3409 893 αὐτῶν.
3453 839 3562 891 Kal
3597 837 3669 901 τὰ

2092 933 2448 1003 χαλεπώτατα
2467 934 2597 1003 γοῦν
2622 934 2741 1005 Θεῴ
2766 932 3097 1005 νομιζόμενα
3125 929 3531 1001 προσάπτεσθαι
3557 928 3666 982 τῶν

2090 1026 2386 1097 ὀνομάτων,
2439 1026 2608 1096 θυμὸς
2637 1026 2730 1079 καὶ
2767 1026 2925 1098 ὀργὴ,
2976 1027 3216 1097 ἐλέγχειν
3268 1024 3360 1077 καὶ
3382 1020 3667 1077 ’παιδεύειν

2090 1115 2305 1185 λέγεται
2363 1118 2420 1169 ὲν
2479 1116 2589 1187 τῷ·
2630 1135 2648 1168 ι
2675 1116 2868 1189 Κύριε,
2900 1117 2973 1188 μὴ
3025 1116 3103 1188 τῷ
3131 1114 3285 1195 θυμῷ
3320 1132 3411 1167 σου
3444 1112 3668 1195 ἐλέγξῃς

2095 1224 2183 1279 με,
2229 1207 2362 1279 μηδὲ
2394 1211 2461 1280 τῇ
2511 1208 2645 1280 ὀργῇ
2705 1226 2799 1262 σου
2858 1208 3152 1281 παιδεύσῃς
3186 1190 3276 1278 με,
3310 1228 3327 1259 ι
3368 1205 3461 1260 τοῦ
3493 1190 3667 1260 ταῦτα

2091 1298 2404 1369 εὐχομένου,
2454 1298 2705 1369 δεομένου
2764 1298 2837 1369 μὴ
2890 1299 3146 1370 δεηθῆναι
3184 1297 3406 1368 ἐλέγχου
3448 1294 3541 1347 τοῦ
3577 1292 3668 1348 διὰ

2092 1386 2265 1458 θυμοῦ
2298 1388 2453 1452 Θεοῦ,
2488 1389 2581 1442 καὶ
2614 1388 2946 1452 παιδεύσεως
2972 1389 3072 1459 τῆς
3110 1388 3198 1442 διὰ
3227 1387 3327 1458 τῆς
3370 1387 3539 1458 ὀργῆς
3569 1386 3667 1438 αὺ-

2090 1478 2207 1544 τοῦ,
2234 1479 2309 1542 ὼς
2340 1479 2500 1533 τινῶν
2534 1478 3004 1550 ἐλεγχθησομένων
3056 1479 3133 1550 τῷ
3200 1478 3355 1551 θυμῷ
3381 1478 3474 1534 τοῦ
3508 1476 3664 1543 Θεοῦ,

2092 1570 2185 1622 καὶ
2210 1569 2720 1640 παιδευθησομένων
2758 1572 2824 1641 τῇ
2852 1571 2985 1642 ὀργῇ
3017 1569 3203 1623 αὑτοῦ.
3238 1571 3354 1623 Ἵνα
3382 1569 3440 1623 δὲ
3469 1567 3667 1639 μᾶλλον

2093 1661 2435 1733 προσιήμεθα
2489 1660 2556 1714 τά
2600 1661 2888 1733 λεγόμενα,
2919 1661 3013 1715 καὶ
3045 1660 3153 1714 ἀπὸ
3181 1662 3276 1733 τῆς
3297 1661 3502 1732 Καινῆς
3542 1661 3666 1712 Δια-

417 1746 493 1802 ﬁli
531 1748 756 1813 diaboli,
788 1751 967 1805 hostis
998 1753 1175 1807 omnis
1198 1751 1449 1820 jusdtim,
1479 1770 1584 1808 non
1613 1755 1831 1811 desines
1865 1772 1983 1825 per-

2094 1752 2258 1824 θήκης
2295 1753 2696 1826 παραπλησίοις
2730 1757 2912 1826 ῥητοῖς
2942 1754 3240 1825 χρηστέον,
3283 1751 3377 1806 τοῦ
3411 1752 3511 1824 μὲν
3552 1754 3667 1805 Σω-

413 1848 639 1894 vertens
698 1841 816 1896 vias
873 1842 1088 1897 Domini
1138 1846 1356 1900 rectas?
1394 1855 1451 1900 et
1497 1862 1639 1901 nunc
1674 1849 1781 1903 eris
1816 1863 1992 1904 caecus

416 1945 526 1986 non
572 1933 760 1987 videns
811 1934 977 1989 solem
1027 1950 1199 2005 usque
1246 1938 1313 1990 ad
1359 1946 1592 2007 tempus.
1629 1957 1650 1992 ι
1709 1939 1990 2006 Quodnam

417 2024 672 2093 tempus?
702 2024 783 2078 An
814 2041 936 2080 cum
960 2036 1181 2097 propter
1204 2039 1422 2098 peccata
1459 2040 1738 2086 correctus
1762 2074 1776 2099 ,
1813 2041 1992 2088 motus

412 2114 737 2181 paenitentia
773 2115 969 2185 dignus
1000 2124 1119 2172 erat
1149 2115 1390 2184 futurus,
1443 2122 1534 2191 qui
1584 2124 1751 2177 solem
1783 2123 1993 2178 videret

414 2206 602 2260 animo
632 2215 687 2260 et
712 2222 961 2280 corpore,
997 2218 1057 2264 ut
1085 2212 1465 2268 enuntiaretur
1497 2213 1680 2269 divina
1724 2213 1899 2269 virtus
1936 2214 1991 2269 in

415 2300 756 2354 restitutione
802 2300 952 2356 visus
998 2302 1199 2372 ipsius;
1242 2311 1298 2359 et
1332 2305 1537 2376 animo,
1581 2305 1708 2374 quia
1745 2304 1850 2360 ﬁde
1873 2319 1993 2360 sus-

419 2403 601 2462 cepta,
654 2393 751 2447 Dei
782 2393 989 2448 cultum
1020 2406 1140 2449 erat
1178 2398 1514 2466 adepturus?
1559 2395 1666 2453 Sed
1711 2406 1766 2453 et
1795 2397 1991 2453 Dentas

415 2494 469 2538 et
496 2483 885 2555 Hermogenes,
931 2502 1067 2555 quos
1102 2488 1322 2542 tradidit
1364 2488 1581 2544 Satanae
1619 2499 1674 2543 ut
1719 2490 1991 2545 discerent

415 2592 524 2631 non
557 2576 906 2643 maledicere,
940 2578 1118 2633 simile
1150 2579 1279 2648 quid
1311 2579 1417 2634 illis
1443 2580 1586 2650 passi
1620 2587 1746 2635 sunt
1772 2598 1787 2636 :
1816 2589 1871 2636 et
1898 2580 1992 2649 qui

416 2666 665 2722 Corinthi
699 2667 868 2737 patris
902 2682 1126 2722 uxorem
1160 2667 1442 2735 habuerat,
1476 2669 1707 2724 traditur
1740 2670 1855 2739 ipse
1885 2670 1989 2726 Sa-

415 2768 555 2814 tanae
588 2760 641 2814 in
682 2758 979 2829 perniciem
1013 2760 1218 2828 carnis,
1250 2769 1308 2814 ut
1336 2762 1563 2837 spiritus
1596 2774 1911 2818 servaretur
1936 2762 1990 2817 in

413 2852 504 2906 die
533 2852 768 2910 Domini.
795 2850 911 2908 Non
937 2862 1021 2908 est
1050 2853 1215 2924 igitur
1245 2857 1441 2911 mirum
1475 2856 1520 2911 si
1552 2858 1733 2911 omnia
1761 2858 1813 2910 in
1846 2855 1988 2911 Pha-

2092 1846 2260 1917 τῆρος
2291 1846 2571 1915 λέγοντος·
2609 1865 2627 1896 ι
2668 1846 2787 1919 Πῦρ
2824 1841 2985 1926 ἦλθον
3030 1845 3210 1915 βαλεῖν
3254 1845 3345 1898 ἐπὶ
3391 1846 3491 1917 τὴν
3541 1845 3666 1916 γῆν,

2093 1939 2187 1991 καὶ
2216 1938 2325 1991 εἴθε
2364 1938 2421 1991 δὲ
2459 1937 2594 2009 ἐκάη
2646 1937 2779 2008 (55)·
2807 1957 2825 1988 ι
2883 1937 2983 1991 οὐκ
3037 1937 3103 1991 ἂν
3142 1936 3250 2009 γὰρ
3293 1938 3365 2010 μὴ
3401 1939 3667 2010 σωτηρίου

2092 2030 2242 2094 ὄντος
2271 2029 2363 2083 τοῦ
2390 2031 2557 2103 πυρὸς
2585 2071 2598 2094 ,
2647 2030 2675 2082 ὃ
2721 2025 2851 2101 ἦλθε
2884 2028 3064 2100 βαλεῖν
3107 2030 3198 2083 ἐπὶ
3243 2029 3342 2101 τὴν
3394 2028 3521 2099 γῆν,
3570 2029 3667 2082 καὶ

2093 2121 2402 2195 ἀνθρώποις
2436 2123 2704 2194 σωτηρίου
2732 2162 2746 2187 ,
2809 2122 2960 2191 ἔλεγε
3018 2121 3191 2178 ταῦτα
3252 2122 3281 2172 ὁ
3321 2119 3414 2174 τοῦ
3460 2119 3665 2190 ἀγαθοῦ

2092 2214 2227 2269 Θεοῦ
2265 2215 2412 2278 Υἱός.
2447 2214 2605 2268 Ἀλλὰ
2643 2215 2736 2271 καὶ
2762 2217 2791 2268 ό
2817 2214 3021 2286 Πέτρος
3052 2212 3255 2267 ἀνελὼν
3278 2213 3355 2284 τῷ
3382 2213 3525 2285 λόγῳ
3570 2213 3667 2266 τὸν

2106 2305 2352 2359 Ἀνανίαν
2386 2306 2478 2358 καὶ
2506 2303 2604 2376 τὴν
2637 2303 2951 2375 Σάπφειραν
2974 2343 2986 2367 ,
3025 2304 3449 2375 ἁμαρτήσαντας
3487 2304 3545 2355 ἐν
3588 2300 3668 2373 τῷ

2090 2396 2379 2468 ψεύδεσθαι
2408 2398 2508 2450 οὐκ
2539 2396 2869 2468 ἀνθρώποις,
2898 2395 3032 2449 ἀλλὰ
3058 2395 3135 2467 τῷ
3168 2396 3378 2467 Κυρίῳ,
3413 2396 3473 2448 οὐ
3505 2395 3666 2467 μόνον

2093 2489 2414 2561 πεφρόντικε
2462 2489 2560 2559 τῆς
2604 2488 2888 2560 οἰκοδομῆς
2923 2488 3031 2542 τῶν
3063 2491 3127 2542 ἐκ
3161 2487 3254 2541 τοῦ
3299 2490 3428 2560 ὁρᾷν
3471 2489 3533 2541 τὸ
3572 2505 3666 2557 γε-

2091 2594 2219 2650 γενη
2229 2578 2382 2648 μένον
2409 2577 2810 2650 εὐλαϐεστέρων
2839 2579 3113 2650 ἐσομένων
3128 2579 3207 2642 εἰς
3221 2578 3320 2649 τὴν
3335 2580 3415 2642 εἰς
3435 2579 3667 2648 Χριστὸν

2092 2668 2295 2730 πίστιν,
2341 2667 2477 2723 ἀλλὰ
2521 2668 2616 2721 καὶ
2664 2668 2770 2722 τῶν
2816 2669 3303 2739 ἀποθνησκόντων·
3347 2667 3669 2739 βουλόμενος

2092 2759 2289 2823 αὐτοὺς
2310 2758 2753 2830 κεκαθαρμένους
2780 2758 2857 2830 τῷ
2875 2758 3122 2829 αἰφνιδίῳ
3150 2758 3363 2828 θανάτῳ
3394 2759 3487 2812 καὶ
3517 2758 3669 2830 παρὰ

2092 2850 2415 2922 προσδοκίαν
2447 2848 2750 2915 ἀπαλλάξαι
2797 2850 2891 2904 τοῦ
2932 2850 3202 2921 σώματος,
3245 2849 3465 2921 ἔχοντάς
3494 2867 3546 2903 τι
3575 2850 3669 2904 καὶ

417 2961 584 3002 ranne
623 2947 895 3010 indurato,
922 2957 977 3001 et
1020 2956 1097 3003 tot
1140 2948 1377 3019 denique
1410 2949 1585 3018 pcenis
1627 2949 1989 3003 circumsesso

2094 2940 2442 3006 δικαιώσεως,
2470 2942 2589 2995 ἐπεὶ
2618 2941 2725 2996 κᾶν
2759 2942 2819 2995 τὸ
2848 2943 3016 3013 ἥμισυ
3049 2941 3156 2995 τῶν
3198 2941 3544 3012 ὑπαρχόντων
3584 2940 3671 2993 δε-

416 3039 600 3093 divina
658 3041 996 3113 benignitate
1041 3040 1517 3096 administrantur.
1556 3038 1680 3094 Haec
1723 3048 1902 3094 autem
1934 3039 1987 3093 in

2094 3032 2329 3087 δώκασιν
2369 3036 2448 3097 είς
2491 3034 2588 3106 τὴν
2621 3034 2808 3106 χρείαν
2840 3035 2947 3088 τῶν
2980 3034 3270 3107 δεομένων.
3307 3034 3416 3088 Kal
3456 3033 3668 3098 Παῦλος

415 3145 679 3199 praesens,
716 3098 1157 3196 utuinciderunt,
1191 3131 1257 3187 de
1288 3146 1379 3215 ‘eo
1433 3130 1593 3201 118
1645 3131 1790 3186 dicta
1831 3131 1985 3186 sint:

2094 3123 2146 3177 δὲ
2176 3124 2268 3177 τὸν
2301 3126 2397 3177 σὺν
2444 3123 2520 3194 τῷ
2546 3098 2846 3196 ’ἀνθυπάτῳ
2910 3098 3118 3197 Σεργίῳ
3161 3125 3358 3196 Παύλῳ
3407 3123 3486 3195 τῷ
3525 3123 3669 3194 λόγῳ

424 3241 443 3272 ι
484 3222 761 3278 lnduravit
786 3224 1047 3279 Dominus
1073 3238 1170 3279 cor
1196 3222 1515 3279 Pharaonis.
1556 3241 1573 3274 ι
1608 3222 1774 3278 Porro
1801 3223 1844 3278 si
1868 3223 1989 3292 quis

2094 3216 2305 3288 τυφλῶν
2336 3218 2424 3271 διὰ
2466 3217 2575 3272 τῶν
2619 3219 2795 3272 πόνων
2844 3220 3161 3291 ἐπιστρέφει
3189 3221 3350 3274 αὑτὸν
3382 3221 3462 3283 είς
3488 3217 3671 3285 θεοσέ-

416 3325 633 3371 servata
666 3317 719 3371 in
748 3318 914 3371 Deum
950 3317 1169 3386 pietate,
1202 3314 1286 3370 his
1355 3313 1575 3369 meliora
1613 3323 1667 3369 et
1692 3313 1759 3368 ab
1802 3313 1989 3383 impie-

2094 3310 2262 3376 ὕειαν,
2312 3310 2484 3380 λέγων
2519 3309 2697 3382 αὐτῷ·
2749 3331 2767 3363 ι
2804 3306 2874 3364 Ὦ
2907 3312 3120 3384 πλήρης
3150 3315 3349 3376 παντδς
3392 3311 3543 3365 δόλου
3575 3310 3672 3363 καὶ

419 3413 531 3462 tate
562 3403 926 3463 remotissima
952 3448 967 3474 ,
1027 3423 1147 3462 cum
1178 3407 1373 3461 divinae
1403 3406 1699 3475 Seripturaa
1748 3405 1989 3462 testimo—

2094 3403 2268 3473 πάσης
2302 3402 2666 3475 ῥᾳδιουργίας,
2706 3403 2790 3456 υἱὲ
2834 3403 3081 3457 διαϐόλου
3109 3444 3123 3469 ,
3159 3403 3321 3475 ἐχθρὲ
3362 3402 3543 3473 πάσης
3582 3400 3669 3454 δι-

416 3498 545 3564 niis,
582 3499 878 3565 invenerit,
909 3513 972 3553 ea
1009 3498 1213 3553 nostris
1242 3497 1574 3567 prtererenda
1608 3504 1752 3551 sunt.

2094 3496 2397 3568 καιοσύνης,
2432 3498 2491 3550 οὺ
2529 3498 2710 3571 παύσῃ
2742 3498 3079 3571 διαστρέφων
3119 3499 3217 3563 τὰς
3270 3497 3420 3562 ὁδοὺς
3462 3494 3667 3567 Κυρίου

413 3591 517 3655 τὰς
562 3590 807 3657 εὐθείας,
859 3591 953 3645 καὶ
984 3590 1078 3645 νῦν
1104 3588 1201 3661 ἔσῃ
1252 3589 1449 3658 τυφλὸς
1504 3588 1577 3661 μὴ
1631 3587 1841 3658 βλέπων
1888 3587 1981 3642 τὸν
2020 3588 2169 3660 ἥλιον
2212 3589 2335 3660 ἄχρι
2380 3588 2592 3663 καιροῦ.
2650 3610 2669 3643 ι
2728 3592 2887 3645 Ποίου
2939 3591 3163 3664 καιροῦ;
3200 3591 3232 3663 ἢ
3272 3590 3364 3645 τοῦ
3413 3591 3503 3644 ὅτε
3547 3590 3668 3642 ἐπι·

415 3684 678 3756 πληχθείς
720 3685 812 3738 καὶ
862 3682 1206 3755 βασανισθεὶς
1263 3681 1373 3754 (56)
1423 3680 1511 3735 διὰ
1560 3679 1629 3734 τά
1670 3680 2061 3751 ἁμαρτήματα,
2100 3679 2289 3751 ἔμελλε
2316 3682 2586 3752 μετανοῶν
2616 3682 2762 3751 ἄξιος
2795 3684 3036 3752 γίνεσθαι
3056 3684 3374 3755 ἀμφοτέρως
3403 3684 3492 3736 τὸν
3521 3682 3669 3753 ἥλιον

418 3778 551 3832 ἰδεῖν
578 3777 717 3830 κατὰ
740 3777 916 3849 ψυχὴν
944 3777 1038 3831 καὶ
1076 3774 1217 3830 κατὰ
1249 3775 1439 3846 σῶμα,
1472 3776 1560 3828 ἵνα
1598 3771 1988 3844 ἐξαγγέλληται
2015 3776 2049 3846 ὴ
2087 3774 2207 3829 θεία
2230 3774 2457 3846 δύναμις
2501 3777 2593 3830 ἐπὶ
2632 3780 2697 3849 τῇ
2734 3779 3172 3833 ἀποκαταστάσει
3204 3778 3312 3831 τῶν
3349 3778 3523 3846 ἅψεων
3558 3776 3668 3845 (57)

417 3872 583 3928 αὐτοῦ
605 3890 619 3903 ο
661 3874 755 3933 καὶ
783 3872 923 3928 κατὰ
945 3872 1141 3945 ψυχὴν,
1174 3874 1261 3926 ὅτε
1291 3871 1483 3944 ἔμελλε
1523 3868 1791 3924 πιστεύων
1823 3869 2047 3924 ὄνασθαι
2086 3871 2183 3942 τῆς
2222 3869 2557 3938 θεοσεϐείας;
2599 3873 2757 3939 Ἀλλά
2801 3876 2895 3928 καὶ
2926 3876 3134 3946 Δημᾶς,
3182 3876 3275 3929 καὶ
3318 3873 3669 3946 Ἑρμογένης,

414 3968 511 4032 οὓς
562 3968 847 4039 παρέδωκε
906 3968 983 4037 τῷ
1034 3947 1267 4041 Σατανᾷ,
1336 3968 1420 4020 ἵνα
1479 3965 1805 4019 παιδευθῶσι
1849 3965 1923 4037 μὴ
1976 3966 2351 4039 βλασφημεῖν,
2399 3967 2776 4041 παραπλήσιόν
2816 3986 2869 4021 τι
2910 3967 3207 4033 πεπόνθασι
3258 3969 3369 4033 τοῖς
3413 3983 3671 4039 προειρη-

420 4062 626 4135 μένοις.
661 4064 771 4116 Kal
801 4064 829 4116 ὁ
864 4064 921 4115 ἐν
955 4061 1203 4133 Κορίνθῳ
1228 4046 1344 4132 ¹τὴν
1375 4062 1607 4127 γυναῖκα
1643 4058 1737 4111 τοῦ
1765 4059 1969 4129 πατρὸς
2007 4057 2275 4130 ἐσχηκὼς,
2302 4059 2394 4112 καὶ
2426 4060 2587 4123 αὐτὸς
2622 4060 2966 4133 παραδίδοται
3005 4059 3083 4139 τῷ
3113 4060 3323 4113 Σατανᾶ
3348 4059 3427 4121 εἰς
3453 4056 3672 4130 ὄλεθρον

416 4159 517 4230 τῆς
550 4160 770 4232 σαρκὸς,
798 4158 884 4212 ἵνα
913 4157 974 4212 τὸ
1002 4156 1216 4228 πνεῦμα
1250 4155 1395 4227 σωθῇ
1430 4156 1488 4210 ἐν
1510 4156 1575 4225 τῇ
1608 4154 1792 4225 ἡμέρᾳ
1822 4152 1914 4206 τοῦ
1945 4151 2171 4224 Κυρίου.
2210 4153 2283 4206 Οὐ
2314 4152 2619 4224 θαυμαστὸν
2656 4150 2747 4213 οὖν
2777 4156 2825 4207 εἰ
2852 4154 2946 4209 καὶ
2978 4152 3047 4206 τὰ
3088 4153 3216 4225 περὶ
3236 4152 3328 4206 τὸν
3342 4150 3543 4225 Φαραὼ
3579 4151 3672 4204 τὸν

419 4250 874 4324 σκληρυνόμενον,
925 4249 1017 4303 καὶ
1064 4249 1155 4302 ἐπὶ
1192 4247 1335 4301 τέλει
1394 4247 1672 4310 τοιαύταις
1725 4246 1978 4300 κολάσεσι
2036 4247 2490 4322 περιϐαλλόμενον
2539 4247 2646 4301 ἀπὸ
2694 4246 3025 4318 ἁγαθότητος
3076 4248 3433 4318 οἰκονομεῖται
3505 4245 3665 4297 Θεοῦ.

419 4343 605 4418 Ταῦτα
662 4343 719 4405 δὲ
769 4344 900 4416 ἡμῖν
948 4340 1042 4394 ἐπὶ
1086 4338 1180 4393 τοῦ
1234 4338 1538 4411 παρόντος,
1598 4338 1675 4402 ὡς
1721 4337 2028 4402 ὑπέπεσεν,
2067 4338 2307 4411 εἰρήσθω
2341 4337 2620 4411 περὶτοῦ,
2658 4358 2677 4390 ι
2713 4338 3041 4410 Ἐσκλήρυνε
3065 4335 3270 4408 Κύριος
3301 4338 3398 4408 τὴν
3447 4340 3672 4409 καρδίαν

416 4441 634 4513 Φαραώ.
694 4459 713 4492 ›
778 4436 902 4502 Ἐὰν
944 4435 1000 4490 δέ
1043 4454 1126 4501 τις
1166 4436 1227 4489 τὸ
1277 4436 1412 4505 πρὸς
1460 4434 1550 4487 τὸν
1600 4433 1729 4489 Θεὸν
1786 4433 2008 4497 εὐσεϐὲς
2042 4433 2260 4504 τηρῶν,
2308 4435 2624 4505 κρείττονα,
2671 4434 2765 4488 καὶ
2826 4432 3088 4504 μηδαμῶς
3132 4432 3385 4496 ἀσεϐείας
3432 4432 3669 4502 ἐφαπτό-

420 4553 559 4609 μενα
591 4532 840 4607 εὑρίσκῃ,
880 4527 1016 4600 μετὰ
1047 4527 1360 4600 μαρτυριῶν
1392 4525 1502 4579 τῶν
1545 4525 1655 4579 ἀπὸ
1688 4524 1795 4579 τῶν
1836 4524 1993 4588 θείων
2031 4524 2282 4601 Γραφῶν,
2310 4526 2537 4589 ἐκείνοις
2579 4525 2777 4597 μᾶλλον
2806 4523 3087 4597 χρηστέον.

1081 4623 1148 4677 Ει
1186 4623 1336 4680 alibi.

2400 4624 2509 4677 Kal
2534 4624 2604 4677 ὲν
2626 4622 2836 4689 ἄλλοις
2858 4622 2990 4692 περί
3018 4621 3124 4676 τοῦ
3156 4621 3361 4676 αὑτοῦ.

494 4723 574 4777 Ad
625 4721 773 4776 illum
808 4726 1071 4790 praeterea
1130 4717 1308 4771 locum
1366 4714 1481 4770 haec
1539 4714 1802 4777 meditor:
1860 4731 1987 4772 num

2171 4713 2292 4781 Ἔτι
2326 4715 2382 4770 δὲ
2409 4714 2671 4787 ἐφίστημι
2704 4716 2763 4767 ἐν
2794 4714 2906 4777 τοῖς
2944 4713 3084 4767 κατὰ
3114 4713 3294 4780 τόπον,
3328 4714 3536 4786 μήποτε
3557 4712 3671 4787 (58)

496 4863 543 4899 ⁸⁸
578 4864 698 4918 Aul.
735 4865 851 4929 xui,
880 4860 967 4925 10,
996 4862 1084 4914 Η.

2106 5006 2326 5075 pnlatnr
2356 5016 2462 5055 non
2489 4998 2665 5075 Syrus
2685 4996 2884 5075 modo.
2904 4998 2998 5051 sed
3032 4994 3207 5075 Arabs
3230 4993 3393 5049 etiam
3415 5003 3466 5047 et
3481 4991 3667 5060 Persa;

2106 5065 2162 5131 et
2188 5074 2353 5145 multo
2378 5065 2549 5145 magis
2569 5071 2710 5145 ipse,
2750 5077 2808 5121 ut
2838 5067 3038 5145 liquet,
3066 5065 3346 5145 Origenes,
3380 5078 3536 5145 quem
3565 5080 3670 5145 non

2106 5086 2162 5131 et
2188 5086 2353 5130 multo
2378 5086 2461 5124 ma
2503 5086 2549 5124 ts
2578 5086 2710 5137 Ipse,
2750 5086 2808 5121 Ul.
2852 5086 3038 5137 liquet,
3066 5086 3346 5135 urtgenes,
3380 5086 3536 5131 quem
3565 5086 3670 5118 nun

2104 5146 2181 5200 ita
2215 5146 2267 5199 in
2302 5142 2448 5197 Luca
2468 5086 2679 5209 legisse
2722 5138 3047 5209 crediderim
3073 5176 3088 5202 ,
3131 5137 3206 5189 uti
3246 5134 3348 5209 hoc
3388 5134 3504 5209 loco
3535 5135 3671 5187 scri-

2103 5226 2252 5285 ptum
2300 5222 2421 5285 est;
2456 5205 2558 5264 sed
2579 5225 2700 5285 cum
2734 5206 2911 5285 locum
2961 5222 3035 5285 e_x_
3075 5206 3337 5285 memoria
3373 5205 3668 5285 reci-taret,

2103 5274 2430 5340 sententiam
2461 5280 2708 5335 eamdem
2734 5278 2857 5333 aliis
2885 5277 3067 5331 verbis
3094 5276 3344 5330 retulisse
3374 5274 3671 5328 verisimile

495 5008 609 5082 (55)
638 5009 776 5082 Εἴθε
936 5005 1106 5074 ἐκάη.
1168 5004 1243 5059 lla
1276 5006 1328 5059 in
1363 5003 1580 5058 ltontilia
1632 5003 1668 5059 5
1700 5004 1767 5082 _in
1798 5003 1997 5082 Eaech.

423 5067 604 5159 quam'
624 5081 787 5159 vertit
826 5067 1221 5159 Hieronymus,
1255 5084 1549 5159 conceptus
1587 5082 1668 5128 est
1700 5076 1801 5159 iste
1832 5074 1998 5159 leuca!

425 5145 616 5208 locus:
652 5169 671 5202 ι
697 5148 881 5217 Ignem
921 5145 1043 5202 veni
1084 5146 1305 5201 mittere
1338 5145 1391 5199 in
1427 5154 1624 5217 terram
1653 5185 1668 5209 ,
1703 5146 1996 5217 et_t_ttinarn

422 5223 531 5289 jam
580 5213 785 5274 ardeat.
814 5238 833 5272 ι
875 5217 1400 5289 ῌὶηοίοοιιϋηιιιιιυι·
1430 5214 1640 5289 prolata
1671 5213 1740 5289 ab
1768 5213 1999 5289 liugone

424 5284 617 5348 Crotio
662 5290 764 5343 loci
818 5287 978 5354 hujus
1006 5288 1163 5342 Luem
1210 5286 1614 5353 interpretatio,
1643 5286 1734 5353 qui
1768 5286 1818 5337 in
1857 5284 1996 5337 anti-

426 5362 548 5430 quis
584 5359 981 5430 codicibusuita
1018 5359 1255 5425 scriptus
1280 5365 1466 5430 exstat
1488 5356 1654 5430 :‘Kal
1673 5354 1724 5408 τί
1742 5354 1912 5430 θέλω,
1944 5355 1989 5407 εἰ

2099 5354 2511 5430 εει,·,.ῌυε,τῑυε;·
2731 5418 2810 5430 -.
2900 5415 2942 5430 ..

424 5414 525 5499 ἤδη
564 5429 816 5499 ἀνήφθη;
856 5427 1008 5499 Hunc
1047 5414 1228 5499 autem
1280 5426 1353 5479 ita
1396 5426 1692 5499 distiuguit_
1733 5414 1989 5499 Grotius;

2103 5424 2280 5499 ~66)
2307 5422 2416 5477 καὶ
2444 5418 2862 5499 βαέἴίίνισθεῗίς.
2900 5415 2995 5499 liae
3026 5430 3186 5499 voces
3221 5414 3596 5469 desiderantur
3616 5414 3672 5470 in

424 5476 537 5555 ίξάί
559 5476 816 5564 atat};
834 5476 1008 5568 eis;
1045 5476 1361 5568 meamet
1392 5476 1475 5568 {te
1494 5476 1720 5563 ἐἰἷόἰίῑι
1748 5476 1834 5568 ἱ
1853 5476 1989 5559 Quid

2103 5476 2461 5568 librisiantea'
2480 5493 2666 5568 editis,
2697 5490 2789 5568 sed
2820 5476 3143 5568 supplentur
3181 5499 3211 5540 e
3250 5500 3381 5542 mss.

428 5580 604 5640 autem
639 5582 721 5624 est
747 5556 888 5640 quod
919 5556 1046 5635 ὁρίο
1066 5556 1932 5640 latinamiamiam-aagendam}.
1969 5583 1987 5615 ι
2172 5562 2285 5640 (ﬁ?)
2317 5560 2439 5640 rem
2472 5561 2688 5640 ὄψεων.
2724 5558 2865 5640 [:ege
2891 5556 3215 5640 sitquod/stoc;

426 5621 843 5695 Ei'envin'tvcum—
876 5621 1191 5709 indicativo,
1223 5621 1464 5709 utinam;
1496 5638 1638 5703 apud
1670 5633 1989 5709 Hellenistas

2317 5633 2443 5690 Mss.
2473 5621 2709 5706 μῆποτε.
2737 5621 2893 5686 Lihb.
2920 5621 3074 5693 editi,
3109 5625 3399 5698 μηδέποτε,
3438 5621 3598 5680 male.

427 5712 739 5787 signiﬁcare
766 5710 975 5766 erudite
1003 5708 1308 5766 conﬁrmat.
1348 5705 1484 5764 Huic
1507 5704 1833 5778 expositioni
1858 5704 1994 5794 astif
