4050 6142
319 298 416 353 ΞΠ

1744 299 1814 356 ΙΝ
1847 297 2154 358 EXODUM.

3477 292 3585 348 2-78

323 415 504 490 ὥσπερ
534 416 586 470 oi
628 418 808 488 ἰατροὶ
841 420 951 473 τῶν
993 419 1371 493 λυσσοδήκτων
1408 423 1498 477 τὸν
1539 422 1616 477 ἰὸν
1664 424 1913 480 ἐπισπώ-

2019 422 2467 495 quemadmodum
2507 398 2731 493 medici,
2774 434 2962 476 eorum
2995 417 3165 490 quia
3213 415 3401 473 rabido
3451 430 3590 473 cane

327 526 469 582 μενοι
498 510 598 563 ἐπὶ
642 511 745 583 τὴν
792 513 1148 582 ἐπιφάνειαν,
1185 514 1272 567 ἴνα
1313 513 1387 586 μὴ
1428 514 1574 570 ἐνδον
1616 516 1911 587 νεμόμενος

322 601 605 676 διαφθείρῃ
657 603 753 657 τὸν
797 604 1083 679 ἄνθρωπον
1116 646 1130 670 ,
1170 606 1561 679 χαλεπωτέρας
1624 607 1911 679 ἐμποιοῦσι

321 692 584 754 διαθέσεις
643 694 741 745 καὶ
780 678 1112 766 φλεγμονὰς·
1157 694 1330 760 οὕτως
1356 698 1384 750 ὁ
1409 678 1540 760 Θεὸς
1571 678 1668 767 τὴν
1699 699 1906 768 ἐγκρυ-

323 784 591 853 πτομένην
627 786 723 838 καὶ
767 787 1187 857 ἐμφωλεύουσαν
1220 793 1334 853 τοῖς
1379 788 1570 859 βάθεσι
1606 789 1708 859 τῆς
1732 790 1910 861 ψυχῆς

322 875 519 927 κακίαν
542 914 558 937 ,
607 876 697 930 διὰ
741 878 846 948 τῆς
899 879 1062 933 αὐτοῦ
1115 882 1361 953 ἰατρικῆς
1396 883 1692 936 ἐπισπᾶται
1728 884 1807 945 εἰς
1841 881 1911 936 τὰ

323 966 440 1033 ἐξω,
457 965 602 1022 ὥστε
624 971 865 1040 φανερὰν
893 971 1060 1044 αὐτὴν
1082 973 1177 1027 καὶ
1211 975 1608 1046 ἐναργεστέραν
1636 974 1906 1044 γενέσθαι,

324 1059 409 1113 ἵνα
436 1059 578 1130 μετά
611 1061 774 1116 τοῦτο
796 1062 898 1134 τὴν
930 1063 1060 1134 ἑξῆς
1109 1065 1295 1140 ἐπάγῃ
1327 1066 1645 1140 θεραπείαν.
1674 1066 1909 1122 Τοιαῦτα

321 1149 379 1203 δὲ
400 1150 644 1222 ἡγοῦμαι
670 1153 766 1206 καὶ
796 1154 866 1208 τὰ
902 1155 963 1211 ἂν
992 1154 1073 1226 τῷ
1107 1158 1509 1229 Δευτερονομίῳ
1533 1158 1691 1229 ῥητὰ,
1721 1159 1909 1213 τοῦτον

324 1241 523 1311 ἔχοντα
546 1244 639 1297 τὸν
678 1246 913 1317 τρόπον·
956 1267 974 1299 ι
1001 1248 1114 1303 Καὶ
1146 1248 1434 1322 μνησθήσῃ
1466 1252 1644 1305 πᾶσαν
1667 1251 1767 1321 τὴν
1792 1250 1909 1305 ὁδὸν

324 1335 389 1406 ἣν
411 1336 642 1407 διήγαγέ
673 1356 733 1392 σε
759 1340 963 1412 Κύριος
983 1344 1011 1395 ό
1025 1341 1158 1406 Θεός
1181 1359 1274 1395 σου
1296 1342 1454 1396 τοῦτο
1478 1343 1909 1416 τεσσαρακοστὸν

325 1427 443 1490 ἔτος
492 1429 552 1481 ἐν
583 1432 652 1501 τῇ
684 1431 896 1502 ἐρήμῳ,
928 1433 1076 1496 ὅπως
1108 1431 1336 1505 κακώσῃ
1385 1449 1466 1498 σε,
1519 1434 1614 1487 καὶ
1673 1434 1909 1507 πειράσῃ

2018 517 2182 570 morsi
2215 522 2362 579 sunt,
2392 514 2544 568 virus
2586 513 2642 567 in
2676 522 2923 582 apertum
2966 510 3352 572 extrahentes,
3403 521 3473 562 ne
3504 508 3589 561 in-

2020 617 2104 662 tus
2125 608 2424 677 deposcens
2453 605 2726 661 hominem
2752 609 3021 675 perimat,
3053 601 3356 673 graviorem
3382 599 3592 655 faciunt

2017 715 2234 755 sensum
2267 699 2470 753 doloris
2497 707 2553 753 et
2580 697 3034 752 inﬂammationes
3067 712 3081 760 ;
3116 696 3191 749 ita
3230 696 3373 748 Deus
3426 691 3584 747 abdi-

2016 798 2125 844 tam
2180 800 2235 844 et
2269 789 2534 843 inclusam
2589 787 2714 840 imis
2754 776 2920 840 veluti
2957 785 3122 839 animi
3165 782 3412 837 medullis
3467 796 3596 851 pra-

2017 881 2241 936 vitatem
2279 879 2548 935 medicina
2578 892 2673 932 sua
2708 875 2858 931 foras
2903 875 3166 938 extrahit,
3221 884 3278 927 ut
3316 882 3503 944 aperta
3536 881 3594 927 et

2014 973 2240 1028 evidens
2282 971 2412 1036 ﬁat,
2458 979 2521 1024 ιιι
2572 975 2958 1038 congruentem
3006 966 3199 1022 deinde
3257 963 3592 1018 curationem

2014 1064 2295 1119 adhibeat.
2341 1062 2459 1129 Quo
2494 1060 2769 1128 pertinere
2817 1058 3054 1111 arbitror
3093 1056 3209 1111 haec
3238 1056 3290 1109 in
3320 1054 3591 1109 Deutero-

2015 1157 2201 1212 nomio
2260 1154 2466 1224 scripta
2514 1153 2561 1186 ⁸⁸
2608 1166 2623 1204 :
2682 1169 2701 1203 ι
2744 1150 2811 1204 Ει
2865 1148 3241 1204 recordaberis
3283 1148 3591 1200 universam

2015 1249 2156 1302 viam
2187 1262 2283 1316 per
2303 1261 2463 1315 quam
2491 1244 2715 1300 deduxit
2748 1252 2799 1297 te
2828 1239 3092 1294 Dominus
3143 1238 3286 1293 Deus
3316 1247 3460 1315 tuus,
3493 1250 3592 1289 an-

2015 1354 2145 1394 num
2174 1338 2285 1409 jam
2315 1335 2790 1407 quadragesimum
2844 1334 2897 1386 in
2949 1329 3262 1392 solitudine,
3304 1337 3363 1382 ut
3394 1325 3596 1396 aﬂlige-

2018 1442 2098 1487 ret
2123 1445 2175 1487 te
2208 1440 2263 1486 et
2301 1414 2652 1499 tentaret,_et
2698 1434 3162 1497 cognoscerentur
3195 1436 3314 1492 qua:
3345 1421 3399 1473 in
3431 1418 3596 1475 corde

328 1534 408 1584 σε,
443 1520 535 1572 καὶ
561 1520 867 1594 διαγνωσθῇ
905 1522 1015 1595 (59)
1050 1522 1119 1576 τά
1161 1525 1217 1576 ἐν
1243 1526 1309 1596 τῇ
1338 1523 1534 1596 καρδίᾳ
1563 1541 1687 1588 σου,
1727 1525 1776 1576 εί
1808 1542 1909 1594 φυ-

2019 1535 2109 1579 tuo
2143 1531 2301 1589 sunt;
2338 1536 2405 1574 an
2453 1534 2639 1576 serves
2673 1517 2930 1572 mandata
2975 1514 3113 1585 ejus,
3164 1524 3364 1578 necne;
3406 1518 3462 1565 et
3509 1507 3594 1563 af-

327 1608 460 1685 λάξῃ
485 1612 588 1677 τὰς
630 1614 852 1679 ἐντολὰς
895 1615 1082 1681 αὐτοῦ,
1111 1614 1144 1687 ἢ
1179 1614 1263 1669 οῦ.
1299 1617 1412 1681 Καὶ
1442 1615 1691 1670 ὲκάκωσέ
1723 1633 1783 1669 σε
1817 1616 1911 1670 καὶ

2019 1616 2156 1670 dixit
2206 1622 2348 1670 teet
2400 1612 2577 1667 inedia
2632 1608 2918 1678 fatigavit,
2961 1615 3016 1659 et
3062 1604 3210 1675 pavit
3257 1612 3306 1658 te
3356 1616 3596 1667 manna,

329 1701 707 1774 ἐλιμαγχόνισέ
760 1704 869 1778 (60)
904 1722 997 1759 σε·
1047 1707 1142 1760 καὶ
1190 1704 1435 1780 ὲψώμισέ
1463 1725 1522 1761 σε
1546 1707 1607 1761 τὸ
1636 1708 1842 1779 μάννα,
1882 1708 1911 1761 ὂ

2019 1714 2158 1780 quod
2192 1717 2249 1763 tu
2293 1722 2399 1760 non
2430 1718 2687 1768 noveras,
2724 1714 2899 1771 neque
2951 1708 3215 1753 noverant
3258 1705 3441 1765 patres
3475 1692 3596 1760 tui;

327 1796 426 1848 οὐκ
451 1796 601 1867 ᾕδεις
634 1798 723 1862 σὺ,
764 1799 858 1851 καὶ
893 1801 993 1853 οὐκ
1037 1799 1256 1871 ᾔδεισαν
1279 1803 1327 1854 οἱ
1372 1800 1606 1872 πατέρες
1654 1817 1769 1853 σου·
1827 1800 1913 1853 ἵνα

2019 1811 2074 1855 ιιι
2111 1800 2494 1855 enuntiaretur
2532 1795 2629 1850 tibi
2664 1794 2810 1864 qttod
2851 1808 2955 1847 non
3003 1792 3058 1845 in
3101 1788 3217 1844 solo
3270 1802 3408 1856 pane
3453 1785 3599 1840 vivet

331 1888 621 1962 ἀναγγείλῃ
669 1906 753 1942 σοι
811 1890 892 1944 ὅτι
929 1891 1031 1945 οὐκ
1064 1892 1151 1946 ἐπ’
1180 1893 1328 1964 ἄρτῳ
1375 1893 1518 1965 μόνῳ
1553 1892 1773 1965 ζήσεται
1821 1896 1905 1949 ἄν·

2021 1893 2180 1946 ίιοιιιο
2206 1929 2223 1955 ,
2275 1889 2368 1944 sed
2422 1887 2474 1941 in
2522 1887 2668 1941 omni
2712 1884 2916 1952 verbo,
2955 1882 3098 1953 quod
3136 1879 3383 1950 procedit
3410 1892 3506 1946 per
3534 1891 3598 1931 os

335 1978 543 2051 θρωπος
569 2021 585 2045 ,
627 1981 743 2034 ἀλλ’
788 1984 881 2036 ἐπὶ
912 1985 1073 2037 παντὶ
1105 1972 1312 2058 ῥήματι
1367 1987 1784 2058 ἐκπορευομένῳ
1822 1988 1911 2041 διὰ

2019 1985 2137 2049 Dei,
2168 1983 2314 2037 vivet
2366 1981 2550 2034 homo.
2582 1996 2601 2029 ι
2635 1976 2876 2033 Observa
2929 1975 2982 2029 in
3029 1972 3118 2028 his
3159 1972 3326 2026 Deutn
3359 1968 3598 2038 afﬂigere

336 2070 595 2139 στόματος
636 2072 772 2126 Θεοῦ
823 2074 1049 2146 ζήσεται
1103 2076 1408 2149 ἄνθρωπος.
1434 2098 1452 2131 ι
1522 2080 1688 2151 Τήρει
1746 2080 1803 2133 δὲ
1851 2082 1910 2135 ἐν

2019 2085 2072 2132 et
2098 2082 2330 2139 tentare,
2361 2081 2421 2127 ut
2453 2071 2847 2139 dignoscantur
2887 2080 3009 2136 qua:
3039 2065 3093 2119 in
3134 2061 3399 2131 cujusque
3430 2060 3596 2114 corde

333 2160 536 2225 τούτοις
579 2162 663 2216 ὅτι
696 2169 858 2219 κακοί
885 2167 913 2218 ό
948 2165 1082 2231 Θεὸς
1114 2168 1209 2222 καὶ
1242 2168 1531 2241 πειράζει,
1568 2172 1656 2225 ἵνα
1684 2172 1913 2242 διαγνω-

2019 2177 2160 2233 sunt,
2197 2176 2255 2221 ut
2285 2179 2406 2234 qua:
2441 2163 2555 2218 sint
2583 2160 2846 2230 quidem,
2881 2157 2980 2213 sed
3014 2157 3067 2210 in
3100 2153 3371 2226 profundo
3406 2164 3603 2206 recon-

335 2250 435 2340 σθῇ.
457 2254 528 2305 τὰ
556 2256 615 2308 ἐν
646 2258 712 2327 τῇ
761 2257 993 2311 ἑκάστου
1027 2260 1245 2332 καρδίᾳ,
1281 2261 1356 2325 ὡς
1386 2262 1515 2317 ὄντα
1552 2264 1670 2334 μὲν,
1720 2267 1915 2322 ἐναπο-

2019 2261 2158 2325 dita,
2210 2272 2332 2327 qua
2381 2271 2491 2326 per.
2515 2267 2747 2324 angores
2795 2260 2852 2309 ei.
2903 2247 3182 2304 molestias
3238 2246 3291 2299 in
3341 2252 3598 2313 apertum

335 2336 561 2415 κείμενα
590 2346 649 2399 δὲ
680 2347 757 2419 τῷ
800 2348 986 2420 βάθει,
1031 2352 1124 2405 καὶ
1160 2355 1241 2416 είς
1274 2356 1504 2425 φανερὸν
1535 2356 1623 2410 διὰ
1662 2358 1772 2411 τῶν
1815 2377 1914 2413 κα-

2019 2357 2387 2420 prorumpunt.
2425 2345 2701 2416 Ejusmodi
2744 2352 2859 2409 est,
2895 2342 3040 2411 quod
3083 2340 3137 2394 in
3175 2337 3317 2393 libro
3359 2336 3460 2392 Job
3487 2336 3537 2391 ei
3566 2352 3599 2391 ιι

334 2435 550 2490 κώσεων
583 2439 875 2510 ἐρχόμενα.
912 2441 1166 2496 Τοιοῦτόν
1201 2446 1317 2498 ἐστι
1347 2447 1441 2499 καὶ
1470 2447 1530 2501 τὸ
1560 2451 1619 2502 ὲν
1651 2449 1729 2521 τῷ
1788 2450 1908 2505 Ἰὼϐ

2019 2443 2242 2497 Domino
2269 2456 2365 2512 per
2393 2440 2663 2495 turbinem
2693 2445 2748 2491 et
2780 2435 2953 2491 nubes
2985 2432 3294 2489 declaratur
3318 2432 3364 2464 ⁸⁵
3396 2452 3407 2486 :
3440 2449 3459 2484 ι
3486 2429 3594 2484 Ar-

332 2528 430 2581 ὑπὸ
461 2529 557 2582 τοῦ
589 2531 795 2603 Κυρίου
824 2531 911 2586 διὰ
947 2532 1205 2596 λαίλαπος
1247 2538 1341 2589 καὶ
1365 2539 1540 2609 νεφῶν
1566 2541 1908 2610 ἀπαγγελλό-

2019 2534 2239 2590 bitraris
2274 2547 2359 2587 me
2390 2531 2549 2585 aliant
2565 2531 2634 2585 ob
2652 2542 2869 2584 causam
2894 2536 3069 2580 tecum
3093 2540 3214 2581 esse
3234 2524 3593 2588 collocutum,

335 2637 487 2690 μενον
520 2620 633 2692 (61)
659 2625 796 2695 πρὸς
814 2625 904 2679 τὸν
945 2625 1084 2692 Ἰὼϐ,
1116 2628 1317 2693 οὕτως·
1351 2650 1369 2680 ι
1394 2632 1508 2684 Οἴει
1541 2650 1608 2704 με
1634 2633 1807 2700 ἄλλως
1830 2653 1911 2690 σοι

2021 2624 2122 2679 nisi
2168 2621 2326 2694 119
2354 2631 2413 2676 ut
2463 2621 2641 2691 justus
2692 2631 3016 2688 apparares;
3052 2633 3072 2668 ι
3107 2629 3207 2670 nec
3232 2615 3375 2669 enim
3415 2614 3593 2677 dixit.

331 2716 815 2785 κεχρηματικέναι,
845 2717 879 2789 ἢ
915 2718 1000 2771 ἵνα
1030 2720 1311 2793 ἀναφανῇς
1338 2723 1571 2787 δίκαιοςο
1596 2744 1615 2777 ι
1652 2725 1773 2779 οὔτε
1803 2727 1912 2798 γὰρ

2020 2729 2080 2774 ιιι
2114 2717 2274 2772 ﬁeres
2302 2716 2504 2784 justus,
2532 2712 2629 2769 sed
2676 2722 2737 2767 ut
2776 2722 3098 2782 appareres,
3121 2723 3245 2763 cum
3277 2707 3399 2762 talis
3430 2707 3598 2762 etiam

330 2799 466 2869 εἷπε,
485 2806 621 2880 γένῃ
644 2806 868 2874 δίκαιος,
889 2809 1022 2877 ἀλλ’,
1043 2811 1128 2866 ἴνα
1145 2815 1445 2886 ἀναφανῇς,
1469 2816 1707 2883 τοιοῦτος
1725 2817 1800 2874 ῶν
1818 2820 1913 2872 καὶ

2020 2822 2148 2868 ante
2174 2810 2506 2867 tentationes
2537 2809 2751 2875 fuisses,
2781 2820 3076 2876 appareres
3104 2812 3282 2859 autem
3309 2802 3361 2856 in
3391 2802 3456 2858 iis
3474 2815 3599 2873 qua

330 2894 435 2967 πρὸ
454 2897 566 2952 τῶν
586 2901 1217 2976 πειρασμῶνβναφανῇς
1229 2906 1284 2958 δὲ
1297 2908 1353 2959 ἐν
1364 2909 1475 2969 τοῖς
1493 2924 1554 2960 συ
1562 2908 1912 2980 μϐεὸηκόσιν.

2020 2907 2369 2963 accidissent.

338 2946 396 2967 --r
414 2946 430 2949 -
468 2946 527 2949 —“
548 2946 557 2952 -
592 2946 1142 2972 ""r"'t"""""""r""
1158 2946 1214 2976 τιν
1234 2946 1350 2959 *νυ
1375 2946 1472 2969 ’νυν
1494 2946 1912 2980 ννι-υενιιηυυιν·

327 2987 436 3041 Καὶ
463 2988 651 3043 πάλιν
681 2992 946 3072 effigia:
975 2996 1131 3063 τόμῳ
1165 2996 1236 3072 έν
1262 2997 1393 3063 ταῖς
1430 2999 1641 3072 αὑταῖς
1673 3004 1762 3069 εὶς
1801 3002 1917 3072 τὴν

2019 2992 2221 3063 Rursus
2251 2993 2309 3046 in
2336 2990 2441 3046 alio
2465 3001 2624 3055 (omo,
2656 2989 2711 3042 in
2739 2989 2925 3071 iisdem
2952 2988 3021 3042 ad
3060 2987 3307 3058 Eagodum
3334 3002 3617 3050 commeate.

682 3062 932 3127 Ἐξαδον
965 3062 1379 3134 σημειώσεων
1411 3069 1544 3141 (62).

403 3149 594 3220 Ἥλεγε
623 3152 681 3205 δέ
702 3170 785 3217 τις
808 3154 915 3209 τῶν
936 3154 1054 3211 καθ’
1083 3158 1247 3227 ἡμᾶς.
1276 3158 1385 3211 ἀπὸ
1414 3160 1513 3230 τῆς
1546 3161 1831 3233 συνηθείας
1844 3165 1919 3218 τὸ

333 3237 658 3311 ζητούμενον
687 3244 1198 3316 παραμυθούμενος,
1216 3248 1299 3301 ὅτι
1328 3248 1586 3314 πολλάκις
1606 3254 1670 3304 oi.
1688 3255 1913 3324 χρηστοὶ

331 3328 503 3401 κύριοι
537 3334 1018 3406 μακροθυμοῦντες
1066 3338 1161 3390 ἐπὶ
1192 3341 1320 3403 τοὺς
1361 3342 1779 3414 ἁμαρτάνοντας
1804 3346 1912 3400 τῶν

331 3423 578 3490 οἰκετῶν,
607 3425 790 3495 λέγειν
813 3427 1034 3483 εἰώθασι
1055 3430 1163 3502 (63)
1185 3432 1267 3497 τὸ,
1292 3452 1309 3484 ι
1335 3433 1475 3503 Ἐγώ
1510 3453 1569 3489 σε
1597 3438 1906 3505 ἀπώλεσα,ι

333 3516 455 3581 καὶ,
492 3537 509 3568 ι
549 3517 691 3586 Ἐγώ
724 3536 783 3572 σε
816 3522 1050 3593 πονηρὸν
1073 3525 1326 3597 ἐποίησα,
1370 3546 1389 3578 ι
1423 3527 1562 3599 μετά
1604 3530 1698 3584 τοῦ
1751 3532 1913 3604 ἤθους

334 3607 705 3677 ἐμφαίνοντες,
734 3611 817 3664 ὅτι
840 3615 873 3682 ἡ
896 3615 1201 3687 χρηστότης
1230 3617 1409 3672 αὐτῶν
1443 3620 1534 3673 καὶ
1562 3623 1915 3695 μακροθυμία

336 3702 604 3772 πρόφασις
634 3701 784 3756 δοκεῖ
813 3706 1222 3778 γεγονέναι-τῆς
1262 3711 1354 3764 ἐπὶ
1407 3712 1591 3766 πλεῖον
1624 3718 1908 3787 πονηρίας.

336 3790 541 3864 Ὥσπερ
577 3789 672 3849 οὖν
720 3795 926 3857 τούτων
967 3797 1274 3871 λεγομένων
1318 3802 1539 3858 δύναταί
1593 3823 1677 3871 τις
1736 3808 1913 3878 λέγειν

336 3885 683 3952 συκοφαντῶν
702 3927 718 3951 ,
773 3888 857 3941 ὅτι
907 3888 1256 3962 ὡμολόγησεν
1300 3895 1329 3947 ό
1375 3895 1641 3969 δεσπότης
1678 3901 1912 3973 πονηρὸν

322 3976 687 4064 Δ’πεποιηκέναι
714 3980 805 4033 τὸν
832 3982 1049 4053 οἰκέτην
1070 4000 1084 4013 ⁸
1114 3984 1255 4039 οὕτω
1283 3985 1352 4040 τὰ
1381 3988 1486 4041 ὑπὸ
1517 3991 1615 4061 τῆς
1642 3991 1914 4065 άγαθότη-

333 4081 421 4167 τος
459 4068 551 4167 1:06
791 4073 1064 4167 πρόφασις
1102 4077 1366 4167 γενόμενα
1407 4081 1507 4151 τῆς
1551 4082 1915 4156 σκληρότητος

333 4158 421 4210 τοῦ
450 4158 670 4230 Φαραὼ,
701 4162 1097 4234 ἐσκληρυκέναι
1126 4166 1535 4240 ἀναγέγραπται
1561 4173 1658 4244 τὴν
1689 4175 1914 4246 καρδίαν

333 4248 546 4322 Φαραώ.
581 4253 1047 4326 Παραμυθήσεται
1079 4257 1135 4311 δὲ
1178 4250 1335 4324 οὗτος
1370 4260 1479 4331 (64)
1534 4263 1593 4328 ἐξ
1632 4265 1916 4320 ἀποστολι-

2726 3060 2901 3113 tariis.

2091 3156 2316 3210 Dicebat
2341 3153 2537 3224 aliquis
2564 3168 2597 3208 e
2632 3152 2840 3206 nostris
2878 3150 3194 3215 coaetaneis,
3240 3162 3340 3219 per
3377 3164 3440 3204 ea
3474 3164 3605 3218 quae.

2017 3248 2072 3301 in
2124 3261 2225 3302 usu
2277 3254 2450 3314 sunt,
2505 3244 2558 3300 id
2585 3284 2601 3310 ,
2635 3242 2783 3313 quod
2820 3240 2933 3311 jam
2975 3240 3264 3312 quaeritur,
3311 3240 3595 3307 molliens,

2019 3354 2160 3410 saepe
2204 3340 2377 3403 bonos
2431 3337 2684 3392 dominos
2726 3335 2996 3404 patientes
3042 3333 3097 3388 in
3146 3331 3359 3389 delictis
3406 3344 3599 3387 servo-

2020 3448 2140 3487 rum
2190 3431 2373 3485 dicere
2418 3429 2596 3486 solere
2633 3445 2650 3483 :
2682 3445 2702 3479 ι
2734 3426 2849 3497 Ego
2878 3424 3198 3495 teperdidi.
3242 3438 3344 3494 ego
3393 3431 3444 3478 te
3488 3422 3594 3477 im-

2018 3524 2245 3593 probum
2298 3521 2432 3590 feci;
2467 3540 2489 3577 ι
2553 3521 2658 3576 hoc
2705 3528 2862 3591 pacto
2913 3533 3038 3573 cum
3106 3514 3301 3572 affectu
3359 3515 3597 3587 quodam

2019 3616 2375 3675 ostendentes
2426 3612 2726 3667 bonitatem
2773 3616 2829 3663 et
2873 3606 3193 3677 patientiam
3245 3620 3398 3661 suam
3464 3620 3597 3660 cau-

2019 3719 2135 3760 sam
2167 3703 2339 3757 videri
2383 3700 2656 3765 attulisse,
2692 3714 2792 3754 cur
2826 3713 3015 3752 eorum
3057 3704 3340 3751 cresceret
3392 3694 3599 3764 impro-

2018 3796 2179 3852 bitas.
2213 3793 2494 3861 Quomodo
2519 3791 2705 3862 igitur,
2733 3805 2858 3844 cum
2890 3788 3007 3843 hate
3035 3788 3315 3853 dicuntur,
3351 3785 3598 3841 cavillari

2020 3886 2144 3956 quis
2171 3895 2371 3955 potest,
2406 3883 2613 3938 fassum
2645 3896 2767 3937 esse
2801 3881 3102 3945 dominum,
3142 3893 3201 3934 se
3243 3893 3460 3933 servum
3498 3878 3601 3932 im-

2021 3978 2253 4047 probum
2303 3976 2498 4031 fecisse
2540 3990 2556 4028 :
2606 3972 2686 4028 sic
2714 3987 2835 4043 qua:
2865 3987 2895 4026 a
2926 3968 3264 4040 benignitate
3292 3969 3385 4025 Dei
3418 3969 3599 4040 proie-

2020 4080 2105 4127 cta
2136 4078 2282 4137 sunt,
2311 4068 2469 4138 quasi
2495 4080 2658 4120 causa
2685 4064 2888 4119 fuerint
2913 4062 3273 4117 indurationis
3301 4058 3597 4128 Pharaoni,

2021 4179 2119 4218 cor
2153 4160 2453 4216 Pharaonis
2482 4160 2769 4214 indurassc
2799 4157 3077 4211 dicuntur.
3116 4154 3361 4223 Apostoli
3415 4162 3600 4210 autem

2020 4256 2222 4319 verbis,
2253 4255 2345 4309 hic
2370 4268 2434 4308 ea
2482 4266 2602 4322 quae
2635 4248 2942 4318 cogitavit,
2971 4248 3139 4302 leniet
3166 4246 3213 4285 ιθ
3241 4262 3256 4299 :
3296 4263 3316 4296 ι
3355 4244 3435 4299 An
3464 4244 3601 4299 divi-

335 4339 442 4395 κῶν
472 4343 672 4414 ῥητῶν,
699 4344 727 4397 ὃ
752 4345 1005 4413 νενόηκεν
1036 4348 1246 4408 εἰπεῖν·
1283 4368 1302 4400 ι
1332 4352 1413 4405 Ἦν
1427 4351 1519 4406 τοῦ
1555 4354 1785 4408 πλούτου
1814 4359 1915 4429 τῆς

2024 4350 2126 4404 tias
2159 4346 2424 4402 bonitatis
2464 4343 2633 4414 ipsius
2665 4351 2723 4399 et
2772 4339 3188 4395 sustentationis
3219 4347 3276 4392 et
3322 4336 3600 4407 patientia:

334 4434 693 4506 χρηστότητος
727 4437 889 4491 αὑτοῦ
918 4440 1012 4492 καὶ
1043 4440 1143 4510 τῆς
1186 4442 1385 4513 ἀνοχῆς
1414 4444 1510 4497 καὶ
1556 4444 1657 4515 τῆς
1708 4465 1910 4521 μακρο-

335 4527 531 4601 θυμίας
557 4534 936 4604 καταφρονεῖς,
958 4534 1168 4603 ἀγνοῶν
1194 4537 1276 4590 ὄτι
1300 4536 1362 4590 τὸ
1389 4539 1624 4609 χρηστὸν
1653 4541 1748 4594 τοῦ
1781 4542 1915 4596 Θεοῦ

334 4624 411 4686 εἰς
442 4625 727 4694 μετάνοιάν
776 4642 834 4678 σε
866 4627 1026 4695 άγει;
1059 4626 1146 4681 διὰ
1188 4628 1244 4681 δὲ
1287 4630 1388 4701 τὴν
1423 4630 1763 4704 σκληρότητά
1797 4652 1912 4701 σου,

334 4716 426 4770 καὶ
450 4717 820 4789 ἀμετανόητον
848 4719 1075 4790 καρδίαν
1109 4719 1460 4792 θησαυρίζεις
1501 4724 1714 4796 σεαυτῷ
1743 4727 1915 4801 ὀργὴν

334 4807 391 4860 ἐν
417 4808 600 4880 ἡμέρᾳ
629 4810 819 4881 ὀργῆς,
854 4811 955 4864 καί
987 4812 1415 4883 ἀποκαλύψεως,
1447 4814 1542 4868 καὶ
1573 4816 1917 4891 δικαιοσύνης

335 4897 423 4950 τοῦ
456 4898 614 4963 Θεοῦ,
646 4900 705 4962 ὃς
737 4899 1006 4954 ἀποδώσει
1033 4903 1252 4974 ἑκάστῳ
1273 4903 1413 4958 κατὰ
1429 4903 1498 4957 τὰ
1521 4903 1657 4976 ἔργα
1677 4906 1863 4961 αὐτοῦ.
1891 4928 1912 4961 ι

348 4991 406 5046 '0
432 4992 594 5056 αὐτὸς
619 4991 749 5061 γοῦν
779 4993 1096 5057 Ἀπόστολος
1125 4995 1183 5048 ἐν
1216 4998 1280 5067 τῇ
1312 4995 1448 5067 πρὸς
1474 4997 1775 5069 Ῥωμαίους
1800 5003 1919 5054 ἐπι-

403 5107 452 5143 ⁸⁸
483 5108 638 5165 Deut.
673 5124 790 5177 vni,
827 5109 882 5176 2,
910 5110 967 5167 3.

461 5274 519 5347 9)
551 5275 681 5329 Mss.
711 5274 1042 5347 διαγνωσθῇ,
1066 5277 1299 5330 Tarinns
1330 5285 1385 5330 et
1418 5277 1642 5332 Hnetius
1665 5273 1914 5345 γνωσθῇ.

427 5346 517 5418 (ξο)
555 5346 1049 5418 ῘΕλιμᾳγχόνιᾳε.
1077 5347 1255 5402 Serib.
1286 5346 1705 5418 ἐλιμαγχόνησε.

341 5413 711 5549 ρἑἱένὶιεες
739 5413 1240 5489 ἀπαγγελλόμενον.
1283 5413 1404 5472 Lib.
1444 5413 1618 5482 eam;
1649 5413 1919 5485 ἐπαγγελ-

398 5502 578 5556 μενον.

405 5553 513 5628 (62)
544 5558 646 5628 Ἐν
674 5555 806 5622 ταῖς
852 5555 1062 5628 αὐταῖς
1109 5560 1196 5623 εις
1231 5556 1348 5626 τὴν
1376 5555 1632 5628 Ἔξοδον
1660 5553 1914 5628 σημειὼ-

342 5626 533 5707 εζςδσιν.
557 5627 698 5693 Quid
727 5626 1189 5707 δξιιισημειώσεις
1229 5629 1468 5707 diximus
1494 5629 1549 5707 in
1580 5627 1915 5707 Oi‘igenianis

346 5695 437 5751 lib.
468 5713 549 5764 ιιι,
596 5714 722 5766 cap.
754 5696 813 5749 2.
847 5695 960 5751 Hac
997 5698 1357 5766 appellatione
1399 5697 1597 5766 scripta
1637 5712 1698 5751 ea
1730 5699 1875 5751 conti
1897 5726 1911 5737 -

344 5775 537 5829 nentur
576 5783 701 5840 qua:
745 5766 812 5822 ad
846 5767 989 5825 aliud
1033 5767 1296 5844 scriptum
1333 5769 1681 5841 adjiciuntur.
1722 5767 1910 5836 Itaque

2021 4441 2352 4502 contemnis,
2387 4422 2647 4508 ignorans
2673 4433 3062 4505 benignitatem
3107 4432 3200 4486 Dei
3237 4441 3288 4485 te
3329 4430 3393 4484 ad
3425 4430 3601 4501 paeni-

2023 4534 2251 4588 tentiam
2281 4529 2597 4587 deducere?
2624 4530 2717 4584 sed
2750 4535 2970 4597 propter
3003 4524 3255 4580 duritiem
3286 4533 3338 4579 et
3368 4538 3464 4579 cor
3486 4537 3602 4591 pce-

2022 4628 2196 4681 nitere
2220 4625 2492 4690 nescium,
2524 4635 2815 4677 coacervas
2843 4618 2939 4673 tibi
2989 4618 3128 4673 iram
3158 4617 3212 4671 in
3249 4617 3336 4672 die
3370 4616 3463 4670 irae
3489 4656 3504 4680 ,
3542 4622 3600 4669 et

2022 4717 2433 4780 declarationis,
2457 4722 2511 4771 et
2543 4713 2770 4785 justitiaa
2801 4711 2916 4776 Dei,
2946 4709 3040 4779 qui
3079 4708 3272 4764 reddet
3306 4706 3601 4775 unicuique

2023 4827 2123 4882 pro
2151 4810 2414 4881 operibus
2459 4808 2597 4879 ejus.
2636 4826 2657 4860 ι
2694 4806 2810 4875 Ipse
2857 4802 2996 4857 idem
3040 4799 3330 4870 Apostolus
3380 4800 3432 4853 in
3470 4797 3600 4866 Epi-

2023 4903 2163 4959 stola
2197 4883 2265 4958 ad
2308 4901 2583 4957 Romanos
2609 4901 2686 4955 ait
2708 4899 2752 4934 ⁸⁷
2785 4917 2796 4952 :
2837 4915 2857 4949 ι
2899 4895 2959 4950 Si
3002 4904 3183 4949 autem
3236 4894 3379 4948 Deus
3411 4890 3600 4945 volens

2023 4998 2316 5054 ostendere
2358 4998 2526 5059 iram,
2559 5006 2615 5049 et
2647 4998 2942 5063 potentiam
2975 5004 3129 5044 suam
3165 4994 3350 5042 notam
3393 4983 3598 5049 facere,

1079 5110 1124 5144 ⁸⁵
1151 5110 1250 5171 Job
1282 5128 1367 5182 ιιι,
1401 5112 1456 5166 5.
1542 5114 1588 5145 ⁸⁸
1611 5114 1770 5169 Rom.
1812 5131 1875 5181 ιι,
1909 5114 1964 5181 4,
1992 5113 2048 5183 5,
2076 5113 2131 5169 6.
2215 5111 2261 5144 ⁸⁷
2292 5112 2449 5170 Rom.
2482 5128 2556 5178 ιιι,
2586 5110 2676 5166 22.

2025 5272 2178 5343 plena
2212 5273 2629 5337 commentaria,
2649 5286 2783 5340 quos
2806 5280 2981 5343 tomos
3012 5264 3593 5343 inscripsit_0rigenes,

2026 5337 2081 5400 et
2112 5344 2316 5398 scholia
2351 5343 2616 5397 vocabulo
2650 5337 2757 5398 isto
2804 5342 3104 5412 signiﬁcata
3142 5337 3404 5412 reperias,
3461 5352 3587 5412 nam

2027 5426 2264 5483 utraque
2310 5415 2375 5467 ad
2420 5424 2737 5469 contextum
2777 5408 3202 5479 adficiebantur,
3233 5408 3387 5483 cujus
3421 5408 3597 5476 gratia

2025 5479 2242 5609 {iterant
2271 5483 2570 5540 elaborata.
2620 5483 2734 5539 Hoc
2778 5493 2957 5547 autem
3003 5482 3123 5543 loco
3155 5479 3283 5534 tomi
3313 5489 3593 5533 notantur.

2075 5569 2288 5609 UETIUS.

2075 5569 2288 5609 UETIUS.

2093 5626 2216 5695 (65,)»
2252 5623 2403 5695 aliis"
2430 5621 2671 5695 εἰώθασι.
2713 5621 2869 5689 Libb,
2894 5621 3053 5695 editi,
3081 5618 3367 5695 εἰῴθεσαν.

2091 5681 2227 5766 (‘64)
2269 5681 2419 5751 Unus
2464 5693 2637 5750 codex
2682 5683 2829 5761 ms},
2858 5681 3048 5761 οὗτος.
3093 5690 3250 5748 Libb.
3296 5688 3454 5744 editt.
3498 5681 3594 5748 οῦ-

2016 5782 2142 5835 τως.
