4050 6142
458 276 564 332 2⁸79

1899 272 1987 330 EX
2020 273 2178 330 ORIG
2187 273 2319 330 ΕΝΕ

3585 274 3689 330 280

459 398 583 452 tulit
612 396 780 451 multa
811 394 1074 465 patientia
1096 407 1226 448 vasa
1253 393 1343 448 ira!
1368 402 1558 464 parata
1589 394 1642 449 in
1668 393 1949 449 interitum
1968 412 2016 461 ς»

2132 395 2283 468 στολῇ
2327 411 2521 468 φησιν·
2559 413 2581 447 ι
2612 396 2675 448 Ει
2712 395 2769 449 δὲ
2795 393 2960 449 θέλων
2988 396 3017 448 6
3045 393 3176 458 Θεὸς
3222 391 3555 457 ἐνδείξασθαι
3594 394 3689 463 τὴν

455 490 609 559 quasi
638 488 897 558 patientia
929 486 1099 556 ipsius
1126 486 1311 540 tulerit
1344 501 1473 541 vasa
1509 486 1604 541 irae
1627 496 1681 542 et
1703 487 1865 540 veluti
1898 503 2021 555 pro-

456 581 747 637 creaverit.
788 579 845 635 Si
874 579 1058 644 enim,
1108 579 1252 648 quod
1298 579 1437 634 lenis
1483 589 1533 634 et
1585 580 1793 648 patiens
1837 579 2019 647 luerit,

458 690 563 727 non
612 672 846 743 puniens
887 680 1178 741 peccantes
1200 710 1216 735 ,
1271 671 1366 727 sed
1415 670 1703 726 miseratus
1725 711 1742 737 ,
1768 686 1899 727 vasa
1933 672 2023 726 illa

458 767 850 830 abundarunt;
883 764 997 833 ipse
1023 761 1419 833 quodammodo
1465 764 1722 832 patientia
1758 780 1854 819 sua
1893 779 2023 820 vasa

462 858 555 910 ira:
602 855 762 920 tulit,
797 864 884 919 et,
916 866 976 908 ut
1008 854 1082 909 ita
1127 855 1299 910 dicam
1325 894 1341 918 ,
1376 854 1491 925 ipse
1523 855 1705 910 omnia
1736 856 1862 910 fecit
1895 871 2023 910 vasa

462 948 554 1000 ira:
576 955 739 1015 atque
763 945 897 999 adeo
929 946 1040 1014 ipse
1066 945 1340 1000 induravit
1365 961 1461 1001 cor
1483 960 1694 1001 eorum.
1720 946 1853 1002 Cum
1880 949 2021 1003 enim

462 1047 540 1092 tot
556 1038 727 1108 signis
742 1048 796 1091 et
825 1037 1087 1107 prodigiis
1105 1035 1264 1093 iactis
1291 1053 1396 1092 non
1424 1039 1765 1108 obtemperat
1789 1038 2021 1103 Pharao,

461 1130 555 1185 sed
586 1137 704 1199 post
735 1137 813 1182 tot
838 1138 892 1184 et
934 1138 1081 1183 tanta
1127 1139 1371 1184 monstra
1416 1140 1720 1199 repugnat,
1755 1131 2026 1199 quomodo

461 1235 569 1276 non
603 1220 790 1275 durior
820 1229 877 1275 et
929 1219 1197 1275 inﬁdelior
1229 1220 1517 1290 arguitur?
1553 1236 1676 1275 cum
1723 1222 1950 1277 durities
1971 1231 2025 1275 et

465 1313 825 1367 incredulitas
874 1327 940 1366 ex
992 1311 1252 1381 prodigiis
1293 1312 1423 1366 oriri
1474 1313 1713 1380 potuisse
1755 1313 2022 1368 videatur.

462 1404 650 1461 Simile
680 1412 762 1460 est
787 1406 839 1459 id
867 1405 918 1459 in
951 1405 1241 1473 Evangelio
1265 1404 1310 1436 ⁸⁸
1347 1422 1362 1458 :
1396 1422 1415 1455 ι
1450 1403 1561 1468 Ego
1592 1405 1657 1459 ad
1682 1404 1942 1472 judicium
1970 1405 2023 1460 in

465 1500 604 1552 hunc
634 1498 893 1552 mundum
922 1498 1039 1551 veni
1066 1514 1081 1560 ;
1112 1516 1131 1548 ι
1167 1512 1273 1551 non
1301 1498 1445 1553 enini
1472 1497 1750 1551 Servatori
1782 1497 2028 1567 proposi-

464 1595 574 1640 tum
606 1585 707 1640 fuit
743 1588 933 1641 venire
957 1588 1023 1642 ad
1064 1587 1351 1656 judicium,
1378 1588 1473 1641 sed
1502 1602 1565 1641 ex
1594 1602 1660 1642 eo
1690 1589 1833 1656 quod
1864 1604 2026 1643 vene,

469 1682 559 1743 rit,
593 1690 947 1734 consecutum
975 1690 1055 1733 est
1087 1688 1146 1733 ut
1175 1679 1292 1749 ipse
1326 1680 1392 1734 ad
1416 1680 1678 1749 judicium
1709 1681 1920 1735 venerit
1944 1696 2030 1735 eo-

2122 490 2289 561 ὀργὴν
2308 531 2322 554 ,
2358 490 2453 542 καὶ
2489 488 2752 560 γνωρίσαι
2794 488 2855 540 τὺ
2897 488 3117 541 δυνατὸν
3146 485 3309 540 αὑτοῦ
3329 528 3344 551 ,
3377 486 3603 555 ἧνεγκεν
3635 486 3690 539 ἐν

2121 578 2289 650 πολλῇ
2341 578 2690 650 μακροθυμίᾳ
2739 577 2905 650 σκεύη
2950 579 3118 650 ὀργῆς
3166 577 3573 648 κατηρτισμένα
3613 578 3691 640 είς

2122 670 2426 725 ἀπώλειαν·
2466 691 2485 723 ι
2518 671 2595 734 ὡς
2635 672 2733 743 τῆς
2781 670 3158 742 μακροθυμίας
3190 668 3693 740 αὑτοῦὲνηνοχυίας

2120 761 2189 816 τά
2215 763 2379 835 σκεύη
2408 763 2506 834 τῆς
2537 762 2725 834 ὀργῆς,
2753 762 2846 816 καὶ
2873 762 3034 815 οἱονεὶ
3065 761 3471 831 γεγεννηκυίας.
3499 762 3562 813 Εἰ
3586 759 3693 831 γὰρ

2123 856 2277 925 παρά
2307 856 2367 910 s6
2394 855 2762 927 μακροθυμεῖν
2790 854 2950 909 αὐτὸν
2978 855 3037 907 οὐ
3061 852 3356 917 κολάζοντα
3375 853 3498 916 τοὺς
3520 854 3699 923 ἁμαρ-

2121 946 2411 1012 τάνοντας,
2447 946 2559 1001 ἀλλ’
2593 945 2877 1011 ἐλεοῦντα,
2906 945 3195 1000 ἐπλεόνασε
3221 947 3288 1016 τῇ
3317 943 3470 1014 χύσει
3491 984 3505 1007 ,
3535 943 3698 1007 αὐτός

2123 1055 2242 1102 πως
2266 1038 2462 1110 ἤνεγκε
2485 1040 2550 1110 τῇ
2581 1037 2774 1092 ἑαυτοῦ
2802 1036 3154 1108 μακροθυμίᾳ
3180 1035 3249 1090 τά
3283 1034 3451 1106 σκεύη
3483 1036 3581 1105 τῆς
3612 1036 3698 1105 όρ-

2122 1130 2259 1199 γῆς,
2294 1131 2388 1183 καὶ
2424 1129 2489 1183 ἵν’
2533 1127 2706 1194 οὕτως
2731 1130 2900 1195 εἴπω,
2935 1128 3095 1193 αὐτὸς
3127 1128 3193 1182 τὰ
3221 1129 3396 1182 πάντα
3430 1128 3698 1199 πεποίηκε

2126 1220 2293 1291 σκεύη
2323 1220 2493 1292 ὀργῆς
2515 1261 2532 1285 ,
2562 1221 2657 1274 καί
2702 1220 2841 1274 κατὰ
2875 1218 3050 1283 τοῦτο,
3087 1218 3248 1283 αὐτὸς
3277 1219 3571 1291 έσκλήρυνε
3600 1219 3699 1291 τὴν

2125 1312 2349 1385 καρδίαν
2384 1312 2582 1367 αὐτῶν.
2619 1312 2745 1367 Ὅτε
2769 1312 2880 1384 γὰρ
2920 1313 3160 1384 σημείων
3191 1310 3456 1365 τοσούτων
3486 1310 3580 1364 καὶ
3606 1326 3681 1364 τε·

2128 1406 2302 1478 ράτων
2334 1405 2639 1475 γενομένων
2671 1406 2733 1459 οὐ
2778 1406 3021 1459 πείθεται
3063 1407 3092 1458 6
3118 1405 3317 1478 Φαραὼ
3339 1446 3353 1469 ,
3383 1404 3517 1461 ἀλλὰ
3561 1403 3703 1475 μετὰ

2124 1497 2422 1569 τηλικαῦτα
2451 1496 2788 1562 ἀνθίσταται,
2818 1498 2934 1563 πῶς
2964 1498 3023 1551 οὐ
3056 1498 3416 1570 σκληρότερος
3443 1498 3537 1551 καὶ
3572 1499 3702 1551 ἀπι-

2129 1590 2376 1660 στότερος
2408 1589 2686 1660 ἐλέγχεται
2722 1606 2737 1655 ;
2767 1591 2866 1661 τῆς
2917 1590 3279 1663 σκληρότητος
3316 1590 3410 1643 καὶ
3444 1589 3702 1654 ἀπιστίας

2127 1683 2388 1756 δοκούσης
2436 1686 2501 1737 ὲκ
2547 1684 2658 1737 τῶν
2698 1681 2996 1755 τεραστίων
3043 1682 3347 1752 δυναμένης
3399 1681 3701 1750 γεγονέναι.

467 1786 608 1837 rum,
643 1771 732 1841 qui
764 1781 885 1840 post
912 1771 1168 1825 miracula
1197 1747 1314 1841 ipsi
1363 1747 1470 1825 non
1518 1771 1848 1826 crediderint
1880 1787 1896 1838 ;
1932 1774 2025 1827 sed

2132 1747 2355 1846 Ὅμοιον
2400 1776 2455 1830 δὲ
2489 1778 2580 1831 καὶ
2615 1777 2675 1830 τὸ
2716 1747 2776 1829 ὲν
2820 1774 2897 1847 τῷ
2937 1747 3339 1846 Εὑαγγελ-ίῳίι
3382 1747 3487 1838 Εἰς.
3528 1773 3709 1844 κρίμα

463 1870 519 1917 et
546 1863 598 1916 in
629 1863 842 1933 ruinam
877 1877 1061 1917 eorum
1091 1865 1254 1918 venit.

2131 1866 2239 1935 ἐγὼ
2262 1869 2341 1931 είς
2373 1868 2463 1921 τὸν
2493 1868 2695 1940 κόσμον
2724 1866 2909 1921 τοῦτον
2935 1862 3095 1938 ἦλθον
3120 1884 3134 1897 ·
3175 1887 3193 1919 ι
3225 1869 3285 1919 οὐ
3306 1866 3414 1939 γὰρ
3445 1867 3707 1937 προέθετο

462 1958 492 2010 6
545 1957 736 2029 Σωτὴρ
782 1959 863 2021 εἰς
898 1957 1071 2029 κρίμα
1118 1956 1311 2023 ἐλθεῖν,
1349 1957 1463 2012 ἀλλ’
1500 1956 1831 2029 ἠκολούθησε
1889 1957 1966 2029 τῷ
2014 1957 2325 2029 ἐληλυθέναι
2373 1961 2565 2026 αὐτὸν,
2608 1962 2670 2015 τὸ
2708 1962 2787 2024 είς
2829 1960 3000 2031 κρίμα
3034 1958 3195 2013 αὐτὸν
3233 1958 3540 2031 ἐληλυθέναι
3594 1956 3714 2017 τῶν

467 2052 607 2124 μετὰ
635 2053 705 2107 τὰ
734 2054 992 2125 τεράστια
1018 2055 1077 2107 οὐ
1107 2054 1541 2109 πεπιστευκότων
1572 2054 1748 2125 αὐτῷ·
1780 2054 1914 2109 ἀλλὰ
1941 2054 2033 2109 καὶ
2070 2058 2148 2119 είς
2173 2056 2376 2111 πτῶσιν
2407 2057 2653 2129 ἐλήλυθε.

798 2145 865 2199 Et
906 2155 1023 2215 post
1049 2147 1179 2211 alia,
1204 2148 1257 2201 in
1290 2149 1427 2202 hunc
1462 2149 1695 2204 modum.

537 2235 786 2306 Prodigia
815 2236 982 2305 facta,
1024 2239 1442 2308 suscipientibus
1472 2240 1691 2308 quidem
1722 2247 1777 2294 et
1805 2240 2032 2294 creden-

468 2329 637 2394 tibus,
668 2338 727 2383 ut
759 2329 1081 2397 promiscuis
1103 2329 1209 2382 illis
1237 2329 1528 2401 Egyptiis,
1557 2331 1647 2400 qui
1679 2346 1800 2385 cum
1832 2332 2031 2402 populo

466 2421 671 2490 egressi
705 2430 864 2484 sunt,
899 2420 1271 2476 misericordia
1302 2420 1457 2477 fuere
1490 2439 1505 2486 ;
1543 2439 1649 2477 non
1683 2424 2032 2480 credentibus

468 2521 646 2566 autem
674 2513 927 2567 duritiem
970 2514 1155 2568 cordis
1189 2514 1451 2569 inserunt.
1484 2516 1619 2569 Tum
1666 2526 1929 2585 praeterea
1963 2534 2030 2573 ex

473 2601 762 2670 Evangelia
788 2602 1033 2672 quaedam
1059 2603 1141 2656 his
1170 2604 1368 2657 similia
1391 2604 1620 2673 proferri
1646 2618 1895 2675 possunt,
1914 2624 2034 2678 qua:

469 2696 732 2750 malorum
766 2706 1042 2749 auctorem
1078 2695 1348 2764 aliquibus
1388 2696 1734 2753 Servatorem
1765 2699 1909 2768 loqui
1949 2700 2033 2752 vi-

472 2789 671 2843 dentur
692 2788 739 2820 ”
770 2808 782 2843 :
817 2806 835 2838 ι
870 2786 963 2842 Vas
998 2787 1094 2843 tibi
1128 2789 1278 2858 regio
1303 2787 1430 2855 Zin,
1476 2804 1555 2847 vae
1590 2791 1684 2845 tibi
1715 2790 2032 2857 Bethsaida,

472 2880 598 2949 quia
631 2881 674 2935 si
699 2880 827 2950 Tyri
854 2891 909 2935 et
935 2879 1136 2935 Sidone
1156 2879 1300 2935 facta
1332 2882 1559 2938 fuissent
1579 2884 1729 2953 signa
1753 2899 1873 2953 qua:
1894 2887 2034 2955 apud

471 2985 570 3027 vos
598 2971 741 3026 facta
765 2980 911 3038 sunt,
934 2973 1045 3041 jam
1073 2973 1200 3027 olim
1233 2974 1286 3027 in
1311 2989 1471 3029 sacco
1495 2983 1551 3031 et
1585 2977 1765 3031 cinere
1787 2979 2037 3035 sedentes

475 3062 845 3132 paenitentiam
883 3065 1144 3132 egissent.
1177 3066 1443 3121 Caeterum
1469 3068 1593 3123 dico
1621 3068 1775 3123 vobis
1795 3108 1810 3134 ,
1849 3071 2038 3125 tolera-

477 3154 638 3209 bilius
667 3155 773 3208 erit
798 3154 940 3224 Tyro
969 3165 1025 3211 et
1056 3155 1241 3212 Sidoni
1275 3174 1437 3228 quam
1467 3160 1642 3226 vobis,
1683 3179 1704 3212 ι
1735 3171 1789 3216 et
1816 3171 2033 3217 caetera.

482 3250 621 3302 Deus
646 3250 790 3302 enim
823 3249 913 3317 qui
939 3248 1190 3302 duritiem
1212 3259 1265 3304 et
1283 3251 1715 3306 incredulitatem
1742 3254 2034 3309 incolarum

478 3340 712 3411 regionis
739 3340 859 3404 Zin,
889 3350 943 3397 et
966 3340 1254 3396 Bethsaida
1277 3382 1293 3406 ,
1324 3353 1379 3397 et
1406 3342 1788 3413 Capharnaum
1823 3361 2036 3417 praeno-

2551 2151 2659 2206 Καὶ
2685 2150 2813 2221 μεθ’
2847 2149 3019 2218 ἕτερα
3045 2150 3251 2215 οὕτως.

2202 2244 2283 2297 Τὰ
2307 2244 2565 2315 τεράστια
2608 2243 2865 2314 γινόμενα
2889 2282 2903 2307 ,
2938 2245 3050 2307 τοῖς
3100 2242 3199 2313 μὲν
3247 2241 3555 2313 δεχομένοις
3606 2239 3707 2295 καὶ

2135 2333 2509 2399 πιστεύουσιν,
2549 2333 2624 2396 ὡς
2670 2334 2820 2405 παρά
2862 2334 2977 2396 τοῖς
3027 2332 3336 2403 ἐπιμίκτοις
3388 2330 3710 2399 Αἰγυπτίοις

2132 2426 2242 2486 τοῖς
2273 2423 2651 2496 συνεληλυθόσι
2693 2423 2771 2495 τῷ
2809 2423 2953 2495 λαῷ,
2987 2423 3133 2488 ἔλεος
3177 2419 3277 2495 ἦν·
3317 2425 3429 2486 τοῖς
3471 2422 3515 2475 δ’
3544 2422 3711 2475 ἀπειο.

2134 2516 2285 2570 θοῦσι
2305 2517 2645 2590 σκληρότητα
2669 2518 2790 2581 ταῖς
2819 2515 3063 2589 καρδίαις
3083 2514 3263 2568 αὐτῶν
3284 2514 3551 2585 ἐπιφέρει.
3592 2513 3707 2566 Καὶ

2134 2611 2198 2665 ὲκ
2237 2609 2330 2663 τοῦ
2364 2609 2691 2678 Εὑαγγελίου
2729 2608 2789 2662 δὲ
2816 2608 2896 2661 ἔτι
2930 2607 3078 2679 παρὰ
3102 2607 3171 2661 τὰ
3196 2606 3459 2678 εἰρημένα
3497 2608 3612 2659 ἔστι
3633 2605 3709 2659 τὰ

2133 2704 2293 2775 ὃμοια
2321 2701 2659 2775 παραθέσθαι
2704 2702 2831 2773 περὶ
2865 2700 2958 2755 τοῦ
3004 2701 3096 2754 καὶ
3137 2699 3228 2753 τὸν
3266 2700 3495 2770 Σωτῆρα
3519 2697 3707 2752 κακῶν

2135 2795 2304 2851 αἴτιον
2351 2795 2525 2849 δοκεῖν
2590 2794 2869 2863 γεγονέναι
2929 2794 3107 2846 τισίν·
3163 2809 3182 2842 t
3236 2790 3371 2844 Οὐαί
3425 2807 3506 2842 σοι
3550 2787 3706 2859 χώρα

2136 2889 2227 2942 Ζὶν
2251 2888 2390 2960 (65),
2421 2887 2543 2940 οὐαί
2576 2904 2659 2939 σοι
2687 2884 2991 2958 Βηθσαϊδὰ,
3022 2885 3104 2937 ὅτι
3133 2885 3182 2936 εἱ
3214 2883 3273 2935 ὲν
3303 2881 3464 2952 Τύρῳ
3491 2880 3585 2933 καὶ
3610 2879 3704 2931 Σι-

2135 2980 2260 3034 δῶνι
2290 2980 2504 3047 ἐγένετο
2530 2978 2597 3032 τὰ
2627 2980 2826 3049 σημεῖα
2862 2975 2929 3030 τά
2973 2975 3237 3045 γενόμενα
3269 2974 3326 3027 ὲν
3357 2974 3513 3043 ὑμῖν,
3539 2969 3705 3025 πάλαι

2135 3069 2200 3125 ἂν
2232 3073 2287 3123 ὲν
2315 3072 2501 3142 σάκκῳ
2523 3069 2613 3124 καὶ
2638 3068 2813 3139 σποδῷ
2839 3067 3134 3140 καθήμενοι
3180 3063 3524 3137 μετενόησαν.
3557 3061 3705 3132 Πλὴν

2135 3163 2278 3232 λέγω
2318 3163 2475 3233 ὑμῖν,
2522 3161 2682 3234 Τύρῳ
2727 3162 2821 3217 καὶ
2856 3160 3041 3213 Σιδῶνι
3089 3157 3435 3226 ἀνεκτότερον
3478 3153 3627 3207 ἔσται
3669 3151 3704 3223 ἢ

2138 3257 2285 3326 ὑμῖν,
2319 3274 2336 3306 ι
2372 3255 2465 3319 καὶ
2500 3252 2567 3306 τὰ
2595 3253 2752 3325 ἑξῆς·
2787 3251 3140 3325 προγνὼστης
3175 3248 3282 3321 γὰρ
3313 3250 3341 3301 6
3370 3245 3559 3316 Σωτὴρ
3592 3244 3709 3315 (66).

2137 3348 2211 3400 ὢν
2244 3346 2342 3417 τῆς
2366 3345 2621 3409 ἀπιστίας
2654 3346 2762 3397 τῶν
2799 3346 2857 3397 ἐν
2887 3342 3041 3415 χώρᾳ
3072 3342 3185 3403 Ζὶν,
3216 3341 3310 3394 καὶ
3338 3338 3446 3392 τῶν
3477 3339 3533 3389 ὲν
3565 3335 3705 3405 Βηθ-

480 3444 651 3497 verat,
682 3442 737 3487 et
758 3433 968 3488 sciebat
1004 3432 1333 3489 tolerabilius
1359 3434 1475 3489 fore
1502 3439 1644 3505 genti
1677 3437 2031 3494 Sodomorum

2139 3438 2310 3501 σαῐδά,
2347 3440 2441 3492 καὶ
2489 3437 2603 3491 τῶν
2623 3439 2680 3490 ὲν
2709 3438 3100 3508 Καπερναοὺμ,
3129 3437 3222 3490 καὶ
3247 3436 3329 3489 ὅτι
3361 3432 3710 3503 ἀνεκτότερον

479 3526 532 3577 in
568 3523 656 3578 die
678 3524 866 3591 judicii
902 3539 1063 3591 quam
1092 3523 1223 3591 illis,
1258 3539 1356 3580 cur
1386 3526 1544 3597 120
1573 3528 1831 3583 miracula
1858 3539 2037 3599 patra-

478 3619 571 3673 liat
618 3617 672 3671 in
716 3618 935 3686 regione
988 3616 1087 3671 Zin
1123 3627 1179 3671 et
1220 3616 1505 3673 Bethsaida
1533 3662 1547 3685 ,
1584 3619 1772 3673 videns
1819 3632 2040 3691 propter

478 3710 596 3764 haec
627 3707 964 3764 tolerabilius
1001 3709 1116 3764 fore
1143 3710 1196 3763 in
1230 3709 1319 3762 die
1366 3709 1554 3776 judicii
1592 3710 1767 3782 Tyriis
1798 3721 1851 3766 et
1882 3713 2039 3767 Sido-

477 3800 608 3866 niis,
641 3816 801 3872 quam
829 3802 953 3857 his?

1078 3964 1148 4017 Et
1174 3974 1288 4034 post
1310 3963 1438 4018 alia.

555 4078 573 4109 ‹
607 4056 685 4112 Tu
709 4065 893 4111 autem
931 4057 1077 4112 dices
1099 4055 1389 4122 Pharaoni,
1423 4054 1551 4110 Haec
1577 4054 1709 4109 dicit
1740 4054 2035 4112 Dominus:

476 4149 649 4206 Filius
692 4148 1086 4220 pritnogenitus
1133 4162 1285 4203 meus
1326 4145 1513 4201 lsrael.
1567 4145 1686 4201 Dixi
1717 4161 1846 4201 vero
1891 4148 1985 4202 tibi
2021 4165 2035 4201 :

482 4241 702 4297 Dimitte
745 4239 1001 4310 populum
1044 4253 1259 4302 meum,
1302 4246 1362 4290 ut
1390 4252 1475 4291 me
1511 4236 1733 4302 colant;
1778 4236 1824 4290 si
1858 4247 2039 4292 autem

477 4349 586 4389 non
623 4333 708 4389 vis
732 4332 1005 4389 dimittere
1045 4330 1216 4398 ipsum
1246 4368 1261 4394 ,
1292 4328 1494 4383 videsis
1518 4368 1535 4395 ,
1568 4342 1670 4399 ego
1712 4329 2038 4385 interﬂciam

480 4427 649 4481 tilium
679 4436 829 4480 tuum
859 4423 1274 4494 primogenitum
1303 4420 1370 4474 ’°.
1403 4440 1422 4473 ι
1456 4420 1750 4478 Dicendum
1777 4424 1940 4492 igitur
1959 4434 2042 4477 est

480 4520 578 4582 iis,
609 4518 700 4588 qui
743 4517 874 4584 justi
905 4517 997 4572 Dei
1031 4518 1146 4571 base
1174 4529 1296 4571 esse
1330 4518 1622 4590 opinantur
1644 4557 1660 4583 ,
1696 4526 1754 4570 et
1791 4530 1859 4569 ex
1898 4514 2039 4568 nuda

478 4604 719 4661 dictione
756 4607 1063 4661 induratum
1110 4621 1233 4661 esse
1265 4620 1361 4660 cor
1406 4606 1707 4661 Pharaonis
1744 4605 1886 4673 regis
1940 4620 2041 4674 pu-

479 4706 618 4761 tant,
647 4711 718 4752 ne
737 4698 1037 4753 dimitteret
1066 4699 1318 4768 populum
1346 4699 1532 4769 ipsius,
1565 4697 1837 4768 quomodo
1860 4696 2042 4763 justus

479 4800 563 4845 est
600 4790 692 4861 qui
743 4791 1019 4845 induravit
1047 4806 1141 4846 cor
1168 4830 1183 4855 ,
1216 4801 1271 4845 et
1316 4793 1551 4845 minatur
1572 4830 1587 4854 ,
1618 4790 1723 4843 nisi
1754 4787 2041 4854 dimiserit,

2136 3531 2343 3599 γίνεται
2375 3533 2445 3601 γῇ
2479 3529 2586 3600 (67)
2619 3529 2865 3600 Σοδόμων
2898 3532 2955 3582 ὲν
2989 3529 3171 3600 ἡμέρᾳ
3215 3526 3470 3597 κρίσεως,
3501 3523 3535 3595 ἢ
3565 3523 3709 3577 ὲκείο

2136 3640 2276 3685 νοις,
2305 3622 2393 3676 διὰ
2432 3622 2483 3674 τί
2515 3621 2583 3675 τὰ
2611 3621 2871 3692 τεράστια
2901 3620 3142 3674 ἐπετέλει
3176 3621 3233 3673 ὲν
3273 3616 3425 3688 χώρα
3455 3617 3549 3669 Ζὶν
3572 3655 3587 3679 ,
3615 3614 3709 3668 καὶ

2139 3719 2196 3770 ὲν
2231 3715 2514 3779 Βεθσαῖδά,
2550 3715 2690 3786 ὁρῶν
2727 3716 2809 3768 ὅτι
2856 3714 2945 3769 διὰ
2978 3713 3147 3767 ταῦτα
3190 3710 3537 3777 ἀνεκτότερον
3567 3707 3711 3776 γίνε-

2138 3824 2223 3859 ται
2245 3809 2301 3860 ὲν
2326 3806 2509 3880 ἡμέρᾳ
2536 3807 2768 3877 κρίσεως
2801 3806 3043 3877 Τυρίοις,
3074 3805 3169 3859 καὶ
3198 3802 3491 3867 Σιδωνίοις,
3517 3801 3552 3873 ἢ
3584 3802 3704 3855 τού-

2150 3918 2249 3962 ὡς
2274 3941 2288 3963 ’
2686 3967 2791 4021 Καὶ
2810 3968 2935 4037 μεθ’
2962 3966 3150 4035 ἕτερα.

2216 4078 2234 4111 ι
2266 4060 2337 4112 Σὺ
2368 4059 2425 4115 δὲ
2454 4061 2596 4131 ὲρεῖς
2626 4055 2703 4128 τῷ
2736 4054 2954 4128 Φαραώ·
2985 4055 3124 4109 Τάδε
3155 4054 3303 4124 λέγει
3318 4052 3550 4124 Κύριος·
3581 4048 3707 4115 Υίδς

2139 4152 2476 4225 πρωτότοκός
2524 4170 2623 4223 μου
2673 4151 2904 4223 Ἰσραήλ.
2934 4144 3081 4202 Εἶπα
3103 4149 3160 4202 δέ
3179 4163 3281 4207 σοι,
3308 4143 3708 4211 Ἐξαπόστειλον

2138 4245 2229 4298 τὸν
2262 4244 2386 4297 λαόν
2419 4259 2543 4314 μου,
2574 4244 2660 4297 ἵνα
2687 4260 2776 4314 μοι
2804 4240 3191 4313 λατρεύσωσιν.
3222 4240 3284 4291 Εἰ
3324 4238 3380 4291 δὲ
3425 4238 3499 4308 μὴ
3533 4236 3710 4307 βούλει

2140 4336 2511 4401 ἐξαποστεῖλαι
2537 4335 2719 4399 αὐτὸν,
2735 4336 2837 4406 ὅρα
2866 4333 3015 4402 γοῦν,
3038 4328 3149 4399 ἐγὼ
3179 4330 3460 4384 ἀποκτενῶ
3484 4328 3709 4382 τὸν.υἰόν

2143 4445 2235 4481 σου
2264 4427 2351 4481 τὸν
2383 4426 2740 4498 πρωτότοκον.
2778 4444 2796 4477 ι
2827 4423 3057 4478 Λεκτέον
3083 4419 3175 4476 οὖν
3203 4425 3316 4485 τοῖς
3343 4421 3605 4492 φάσκουσι
3630 4418 3709 4471 δια

2141 4520 2293 4572 καίου
2326 4516 2495 4570 ταῦτα
2533 4512 2670 4569 εἶναι
2702 4516 2856 4580 Θεοῦ,
2887 4516 2978 4568 καὶ
3014 4514 3451 4585 ὑπολαμϐάνουσι
3483 4512 3626 4567 κατὰ
3649 4511 3711 4564 τὸ

2142 4610 2426 4681 πρόχειρον
2463 4609 2560 4679 τῆς
2589 4607 2783 4675 λέξεως
2810 4606 3171 4679 ὲσκληρύνθαι
3206 4607 3304 4677 τὴν
3346 4605 3569 4677 καρδίαν
3601 4605 3711 4657 Φα-

2145 4701 2259 4775 ραὼ
2290 4701 2549 4772 βασιλέως
2572 4741 2588 4767 ,
2623 4701 2709 4754 ἵνα
2737 4702 2810 4772 μὴ
2851 4699 3204 4771 ἐξαποστείλῃ
3245 4698 3333 4751 τὸν
3361 4698 3485 4751 λαὸν
3525 4694 3710 4762 αὐτοῦ,

2147 4793 2264 4857 πῶς
2290 4794 2492 4858 δίκαιος
2524 4794 2552 4844 6
2585 4792 2893 4865 σκληρύνας
2923 4809 2981 4844 τε
3026 4791 3123 4862 τὴν
3156 4791 3398 4863 καρδίαν,
3440 4789 3533 4842 καὶ
3559 4790 3715 4842 ἀπει-

480 4883 897 4939 interl'ecturum
925 4883 1095 4938 lilium
1132 4882 1248 4951 ejus
1289 4882 1703 4952 primogenitum
1739 4880 1846 4935 ?Si
1896 4883 2031 4937 enim

2145 4884 2271 4947 λῶν,
2306 4886 2354 4938 εί
2387 4885 2460 4955 μὴ
2494 4883 2771 4945 ἀπολύσει,
2802 4885 3115 4937 ἀποκτεῖναι
3140 4882 3229 4934 τὸν
3255 4879 3590 4950 πρωτότοκον
3618 4878 3715 4934 αὑ-

480 4984 816 5047 urgeantur,
859 4990 982 5030 eum
1031 4976 1234 5039 malum
1287 4990 1408 5029 esse
1454 4973 1788 5029 fatebuntur.
1829 4972 2031 5027 Rursus

2139 4976 2234 5030 τοῦ
2262 4975 2415 5042 υἱόν;
2462 4975 2774 5045 Θλιϐόμενοι
2820 4976 2928 5047 γὰρ
2961 4973 3194 5045 πονηρὸν
3234 4972 3395 5025 αὑτὸν
3451 4970 3715 5043 ὁμολογή-

479 5070 674 5124 deinde
701 5068 806 5122 alia
841 5068 962 5123 illos
996 5067 1123 5122 inde
1154 5075 1405 5121 avertent
1442 5077 1496 5120 et
1527 5082 1593 5121 eo
1630 5067 1932 5131 adducent,
1981 5073 2031 5120 ul

2143 5083 2343 5119 σουσιν.
2373 5061 2505 5119 Εἶτα
2538 5064 2697 5119 πάλιν
2730 5065 2836 5118 ἀπὸ
2869 5066 3069 5137 ἑτέρων
3096 5062 3589 5134 ἀνατραπήσονται,
3621 5058 3712 5113 καὶ

480 5175 583 5214 nou
617 5160 773 5214 nudae
804 5159 1031 5215 dictioni
1059 5157 1455 5223 adluerescant,
1496 5173 1615 5226 quae
1646 5157 1883 5226 ipsorum
1911 5170 2031 5210 sen-

2141 5156 2533 5229 ἀναχθήσονται
2564 5156 2671 5229 (68)
2700 5159 2778 5221 εἰς
2802 5157 2860 5210 τὸ
2890 5157 2962 5229 μὴ
2999 5156 3066 5227 τῇ
3108 5153 3380 5227 προχείρῳ
3426 5152 3567 5219 λέξει
3596 5150 3714 5205 δου-

481 5251 647 5306 teutia
669 5247 892 5320 Opiﬁcis
915 5250 1187 5319 justitiam
1220 5251 1358 5305 tueri
1409 5264 1512 5304 non
1561 5258 1759 5318 potest.
1795 5248 2031 5318 Denique

2143 5247 2351 5312 λεύειν,
2386 5248 2446 5301 οὑ
2494 5248 2767 5321 δυναμένῃ
2815 5250 2932 5300 κατ’
2978 5246 3173 5308 αὐτοὺς
3207 5245 3375 5298 σῶσαι
3406 5244 3468 5297 τὸ
3507 5241 3712 5296 δίκαιον

496 5374 509 5389 ε
569 5343 736 5398 semel
790 5358 939 5398 nunc
980 5344 1155 5398 coacti
1205 5342 1408 5397 fuerint
1455 5342 1569 5396 haec
1618 5340 1945 5409 expendere,
1972 5354 2031 5395 eo

2145 5341 2238 5396 τοῦ
2261 5344 2621 5416 Δημιουργοῦ.
2651 5342 2828 5408 ’Ἃπαξ
2856 5342 2913 5394 δὲ
2946 5339 3041 5393 ὲάν
3071 5340 3164 5393 νῦν
3200 5336 3581 5406 ἀναγκασθῶσι
3624 5336 3716 5405 με·

547 5436 595 5469 ⁸⁸
630 5437 785 5495 Joan.
818 5437 989 5501 ικ,59.
1067 5437 1112 5470 ⁸⁸
1144 5436 1331 5491 Matth.
1361 5452 1437 5499 XI,
1475 5434 1565 5499 2|,
1592 5435 1682 5490 22.
1773 5435 1819 5467 ’°
1845 5433 2016 5491 Exod.

2158 5437 2247 5503 22,
2281 5440 2372 5494 25.

551 5529 994 5608 (65λΧώραΖίν.
1028 5532 1285 5604 Vulgatus
1314 5542 1491 5588 textus
1523 5532 1740 5589 Graacus
1774 5530 2037 5599 Matthxi,
2216 5534 2326 5608 (67)
2351 5535 2463 5589 Vox
2491 5538 2559 5608 γῇ
2589 5551 2707 5608 qua;
2731 5534 2917 5587 deerat
2950 5533 3002 5587 in
3034 5533 3186 5589 libris
3211 5542 3371 5589 antea
3405 5533 3584 5601 editis,
3621 5528 3713 5588 hic

480 5602 813 5681 Χοεὶεεςίγλ-
918 5670 930 5681 .
984 5660 1078 5681 .-.
1133 5602 1155 5681 ξ
1204 5675 1218 5681 ,
1646 5674 1658 5681 ,

2146 5602 2482 5681 suppletttre
2504 5602 2793 5660 codicibus
2822 5620 2951 5657 mss.

479 5744 512 5797 ὁ
768 5670 1003 5741 Σωτήρῖ
1022 5670 1113 5730 Sic
1133 5675 1335 5731 habent
1360 5688 1489 5731 mss.
1511 5672 1661 5731 Libri
1684 5683 1863 5731 autem
1884 5673 2031 5794 editi,

2215 5670 2333 5747 ’(68)
2363 5677 2581 5747 Aliquot
2608 5692 2760 5740 tnss.,
2796 5672 3237 5745 συναχθήσονται.
