4050 6142
339 262 436 320 93!
1573 270 1883 328 SELECTA
1918 273 1933 325 1

2035 273 2325 332 BXODUM.
3475 274 3584 333 289

344 383 649 456 ϐιασμένως
677 386 855 442 ταῦτα
885 387 1179 455 ἐξετάζειν,
1211 389 1570 461 ἀναϐήσονται
1598 393 1691 445 ἐπὶ
1726 392 1785 446 τὺ
1818 410 1920 464 μη-

2035 396 2339 450 aervenient
2358 402 2417 450 ut
2449 410 2555 451 non
2580 395 2812 466 amplius
2829 393 3095 465 Opiﬁeem
3126 392 3458 463 vituperent,
3487 394 3583 448 sed

344 475 453 529 κέτι
480 480 814 547 κατηγορεῖν
834 475 928 531 τοῦ
945 478 1309 550 Δημιουργοῦ,
1331 478 1466 533 ἀλλὰ
1497 481 1723 549 φάσκειν
1753 481 1913 535 αὑτὸν

2035 499 2193 553 psum
2234 485 2433 541 bonum
2482 502 2603 542 esse
2649 486 2941 542 aﬂirment.
3003 486 3143 555 Ergo
3212 483 3584 555 interrogandi

342 567 541 637 ἀγαθὸν
565 564 726 623 εἶναι.
762 570 1003 623 Πυστέον
1032 567 1124 625 οὖν
1159 571 1264 625 τῶν
1305 571 1564 642 οἰομένων
1605 573 1915 644 νενοηκέναι

2035 586 2162 642 sunt,
2195 579 2283 647 qui
2312 593 2372 634 se
2398 579 2451 633 id
2493 589 2683 649 putant
2717 578 3062 648 intelligere:
3104 596 3123 629 ι
3160 576 3437 631 lnduravit
3486 575 3588 631 Do-

341 662 430 716 :6-
471 681 491 714 ι
541 662 874 735 Ἐσκλήρυνε
912 665 1115 736 Κύριος
1158 667 1187 718 ὁ
1228 666 1359 732 Θεὸς
1410 665 1507 738 τὴν
1539 666 1763 737 καρδίαν
1806 668 1916 721 Φαη

348 752 494 825 path.
538 772 557 804 ι
594 754 822 825 πότερον
854 754 1066 826 ἀληθῶς
1104 756 1413 810 πιστεύουσι
1452 755 1703 826 λέγεσθαι
1746 756 1919 810 ταῦτα

344 846 448 899 ὑπὸ
472 845 571 899 τοῦ
593 846 753 911 Θεοῦ,
772 847 860 902 διὰ
889 849 1165 913 Μωῡσέως
1186 849 1586 914 ὲνθουσιῶντος,
1610 850 1642 921 ἢ
1670 849 1876 919 ψευδῶς
1900 866 1915 882 ο

350 938 400 990 εἰ
429 936 530 1008 μὲν
557 936 670 1008 γὰρ
696 937 926 1007 ψευδῶς,
948 936 1071 990 οὔτε
1094 937 1301 1002 δίκαιος
1330 938 1409 991 ἔτι
1434 937 1542 1008 (69)
1573 940 1693 992 κατ’
1724 939 1921 1002 αὐτοὺς

345 1029 377 1082 ὁ
404 1026 558 1091 Θεὸς,
580 1026 708 1080 οὔτε
736 1026 961 1099 ἀληθὴς,
992 1028 1084 1081 καὶ
1113 1029 1235 1081 ὅσον
1264 1029 1357 1081 ἐπὶ
1385 1028 1592 1092 τούτοις
1619 1027 1739 1081 οὐδὲ
1768 1027 1917 1091 Θεὸς

349 1118 400 1171 εί
418 1115 463 1168 δ’
493 1115 730 1187 ἀληθῶς,
753 1117 1177 1171 κατανοείτωσαν
1199 1119 1248 1175 εἰ
1276 1117 1349 1189 μὴ
1374 1118 1450 1181 ὡς
1471 1116 1808 1182 αὐτεξούσιον
1841 1120 1924 1171 ai-

351 1205 531 1257 τιᾶται
553 1204 749 1273 λέγων·
775 1224 793 1256 ι
817 1206 880 1258 Εἰ
905 1206 962 1259 δὲ
991 1206 1065 1277 μὴ
1089 1206 1263 1277 βούλει
1290 1206 1663 1273 ἐξαποστεῖλαι
1691 1207 1870 1261 αὐτόν·
1899 1227 1918 1259 ι

353 1294 447 1348 καὶ
472 1293 707 1367 ἀλλαχοῦ
729 1313 741 1326 ·
766 1296 943 1362 «Ἕως
967 1297 1109 1361 τινος
1131 1298 1192 1350 οὑ
1218 1297 1395 1369 βούλει
1424 1298 1750 1370 ὲντραπῆναί
1777 1317 1873 1371 με;
1899 1319 1918 1352 ι

352 1387 426 1439 Τὸ
453 1386 623 1458 γὰρ,‹
642 1388 940 1453 Ἕωςτίνος
967 1391 1026 1443 οὐ
1056 1389 1233 1461 βούλει
1261 1390 1591 1462 ὲντρατιῆναί
1620 1407 1718 1461 με;
1744 1409 1763 1444 ι
1796 1391 1922 1445 δυσ-

354 1478 656 1550 ωπητικῶς
703 1479 914 1549 λέγεται
947 1481 1083 1552 πρὸς
1109 1482 1199 1535 τὸν
1225 1481 1423 1553 Φαραὼ
1457 1482 1558 1536 οὐκ
1598 1482 1928 1554 ἐντρεπόμε-

355 1587 476 1635 νον,
511 1573 574 1624 ού
617 1571 768 1645 παρὰ
810 1572 872 1626 τὸ
918 1573 993 1645 μὴ
1029 1573 1327 1638 δύνασθαι,
1376 1572 1511 1627 ἀλλὰ
1563 1574 1715 1646 παρὰ
1754 1576 1816 1629 τὸ
1852 1575 1926 1647 μὴ

362 1662 659 1734 βούλεσθαι.
689 1664 799 1718 Καὶ
829 1664 892 1719 τὸ
917 1664 1283 1736 λεγόμενονδὲ
1309 1665 1459 1737 παρὰ
1484 1665 1760 1729 Μωῡσέως
1791 1667 1925 1740 πρὸς

2019 668 2196 721 minus
2228 669 2368 721 Deus
2393 684 2489 722 cor
2516 667 2856 736 Pharaonis,
2899 688 2919 721 ι
2962 684 3030 723 an
3075 670 3191 724 haec
3241 683 3369 723 vere
3406 682 3435 720 a
3473 664 3584 720 Deo

2019 758 2123 813 dici
2158 774 2257 828 per
2288 758 2523 828 Moysem
2563 760 2745 814 divino
2785 760 2978 829 spiritu
3023 759 3259 814 adlatum
3284 799 3301 826 ,
3331 774 3398 813 an
3430 756 3586 825 false,

2019 860 2227 919 putent.
2269 850 2327 904 Si
2354 851 2496 905 enim
2542 850 2708 916 false,
2746 865 2919 919 neque
2953 851 3130 920 justus
3175 851 3417 921 ipsorum
3463 847 3586 918 opi-

2020 943 2185 998 nione
2208 982 2223 1008 ,
2273 958 2453 1012 neque
2491 958 2652 998 verus
2693 942 2799 997 erit
2833 943 2975 998 Deus
3010 960 3024 997 :
3058 958 3233 1013 neque
3259 958 3389 997 vero
3421 940 3585 995 Deus.

2023 1033 2119 1087 Sin
2150 1043 2329 1089 autem
2368 1048 2494 1088 vere
2521 1074 2536 1099 ,
2569 1035 2811 1104 cogitent
2839 1049 2967 1087 num
3001 1049 3126 1088 eum
3163 1043 3225 1088 ut
3267 1033 3491 1087 arbitrio
3523 1031 3589 1085 li-

2022 1123 2155 1178 bero
2178 1124 2461 1192 praeditum
2494 1123 2853 1192 reprehendat
2875 1122 3063 1178 dicens
3095 1123 3139 1156 ἰ
3168 1140 3181 1176 :
3224 1141 3241 1174 ι
3288 1122 3358 1177 At
3398 1120 3445 1177 si
3480 1136 3586 1176 non

2023 1217 2105 1270 vis
2136 1232 2260 1271 eum
2291 1215 2563 1270 dimittere
2594 1231 2609 1273 :
2650 1233 2671 1266 ι
2700 1222 2755 1268 et
2788 1212 2917 1268 alibi
2950 1212 2996 1245 “
3030 1230 3046 1266 :
3085 1231 3105 1264 ι
3143 1214 3437 1281 Quousque
3478 1225 3586 1264 non

2024 1309 2107 1365 vis
2142 1307 2377 1362 revereri
2409 1307 2535 1360 me?
2571 1326 2590 1359 ι
2619 1305 2754 1361 lllud
2781 1308 2961 1360 enim:
2995 1325 3016 1359 ι
3051 1306 3344 1375 Quousque
3373 1319 3478 1358 non
3508 1304 3592 1359 vis

2028 1400 2262 1455 revereri
2303 1398 2434 1453 me?
2463 1417 2483 1450 ι
2523 1398 2789 1453 Pharaoni
2817 1399 3016 1453 dicitur
3041 1437 3056 1462 ,
3109 1397 3176 1452 ad
3208 1412 3331 1451 eum
3382 1395 3591 1466 pudore

2027 1490 2436 1546 sttﬂ‘undendum
2459 1529 2474 1554 ,
2519 1490 2611 1559 qui
2651 1504 2759 1544 non
2797 1499 3117 1554 vereretur;
3154 1502 3259 1541 non
3305 1486 3448 1557 quod
3484 1500 3590 1540 non

2029 1592 2248 1651 posset,
2290 1581 2385 1636 sed
2421 1582 2565 1651 quod
2607 1580 2794 1636 nollet.
2840 1581 2905 1635 Et
2955 1580 3096 1649 quod
3125 1579 3322 1634 dicitur
3350 1594 3378 1632 a
3410 1575 3591 1649 Moyse

2031 1671 2295 1727 Pharaoni
2321 1671 2397 1724 ”:
2434 1689 2453 1722 ‹
2484 1670 2554 1726 Ut
2582 1685 2879 1741 cognoscas
2909 1672 3034 1739 quia
3063 1669 3277 1724 Domini
3310 1678 3392 1724 est
3411 1677 3587 1733 terra;

360 1755 447 1808 τὸν
480 1754 700 1827 ⁴Ιιαραὼ,
738 1774 758 1808 ι
795 1757 911 1811 Ἵνα
940 1756 1083 1828 γνῷς
1126 1757 1207 1810 ὅτι
1245 1755 1338 1810 τοῦ
1381 1755 1588 1828 Κυρίου
1634 1757 1797 1829 ἡγῆ,
1832 1757 1927 1809 καὶ

2035 1768 2082 1814 et
2112 1768 2165 1812 tu
2192 1798 2207 1823 ,
2253 1767 2307 1813 et
2334 1757 2521 1812 famuli
2560 1759 2673 1823 tui,
2719 1759 2835 1814 scio
2871 1760 2996 1828 quia
3033 1774 3306 1828 nunquam
3339 1759 3594 1812 timuistis

366 1848 446 1912 σὺ,
483 1849 577 1900 καὶ
606 1849 659 1900 οι
698 1846 1028 1919 θεράποντές
1054 1867 1168 1916 σου,
1223 1849 1519 1920 ἐπίσταμαι
1557 1849 1638 1902 ὅτι
1675 1849 1928 1902 οὐδέποτε

366 1937 665 2008 πεφόϐησθε
714 1938 804 1992 τὸν
834 1938 1038 2011 Κύριον
1060 1980 1077 2003 ,
1126 1959 1145 1991 ι
1188 1940 1338 2012 δηλοῖ
1372 1941 1455 1993 ὅτι
1493 1938 1887 2011 φοϐηθήσονται
1910 1955 1925 1971 ⁸

367 2031 491 2103 ὅπερ
530 2030 761 2102 ἁρμόζει
799 2030 935 2101 πρὸς
964 2031 1090 2095 τοὺς
1130 2032 1487 2103 ἐτεροδόξους,
1532 2030 1657 2102 περί
1695 2047 1754 2083 τε
1795 2031 1930 2098 ἀγα-

250 2194 257 2199 _
370 2122 577 2194 θότητος
613 2120 787 2188 Θεοῦ,
826 2124 923 2178 καὶ
959 2124 1088 2196 περὶ
1116 2123 1209 2177 τοῦ
1251 2123 1328 2196 μὴ
1373 2121 1511 2179 εἶναι
1550 2122 1929 2195 ἀπολλυμένην

371 2213 535 2287 πτύσιν.

2026 1848 2341 1913 Dominum,
2376 1867 2396 1900 ι
2430 1848 2698 1918 significat
2743 1847 2860 1902 fore
2893 1857 2951 1902 ut
2988 1849 3259 1903 timeant:
3291 1847 3432 1918 quod
3466 1849 3591 1918 qui—

2030 1937 2148 1992 dem
2181 1938 2439 1996 adversus
2469 1942 2751 1994 haereticos
2783 1944 2978 2008 prohat
3017 1939 3184 1996 Deum
3220 1954 3339 1995 esse
3365 1924 3569 1995 bon'um

2031 2037 2087 2083 et
2115 2044 2220 2084 non
2249 2044 2375 2086 esse
2403 2040 2720 2109 pereuntem
2752 2040 3028 2085 naturam.

371 2390 3568 2426 mm

2565 2408 3310 2421 —-———_—---————

1104 2555 2037 2715 ΩΡΙΓΕΝΟΥΣ
2111 2571 2858 2709 ΕΚΛΟΓΑΙ

1435 2820 1607 2909 ΕΙΣ
1641 2818 1870 2904 ΤΗΝ
1905 2805 2360 2905 ΕΞΟΔΟΝ
2389 2807 2529 2903 (⁷ο).

880 3174 1042 3265 EX
1113 3173 1646 3267 ORIGENE
1720 3174 2238 3268 SELECTA
2312 3178 2438 3268 IN
2511 3173 3069 3268 EXODUM.

451 3543 469 3577 I
493 3524 603 3578 Καὶ
645 3522 801 3578 δώσω
849 3523 1006 3599 χάριν
1051 3522 1129 3595 τῷ
1172 3524 1286 3597 λαῷ
1328 3524 1501 3594 τούτῳ
1555 3527 1782 3585 ἐνώπιον
1827 3531 1933 3586 τῶν

2110 3532 2263 3601 121
2295 3548 2314 3582 ι
2337 3530 2402 3585 Et
2421 3529 2561 3587 dabo
2597 3529 2820 3600 gratiam
2856 3526 3051 3599 populo
3065 3526 3190 3583 huic
3220 3542 3402 3584 coram
3434 3526 3602 3600 Egy-

380 3620 696 3688 Αίγυπτίων.
737 3619 903 3672 Ὅταν
931 3619 988 3672 δὲ
1034 3619 1405 3691 ἀποτρέχοιτε,
1440 3621 1540 3675 οὑκ
1580 3623 1939 3681 ἀπελεύσεσθε

381 3713 538 3766 κενοί.
561 3731 580 3763 ι
620 3710 768 3783 Αὕτη
795 3712 829 3781 ἡ
858 3711 1155 3779 ἐπαγγελία
1188 3711 1265 3783 τῷ
1302 3712 1552 3784 Ἀϐραὰμ
1596 3714 1940 3785 προεδέδοτο’

384 3822 401 3853 ι
424 3803 575 3858 Μετὰ
597 3802 790 3867 ταῦτα,
820 3801 1066 3871 λέγοντος
1098 3802 1191 3856 τοῦ
1232 3802 1366 3858 Θεοῦ
1386 3844 1400 3869 ,
1434 3801 1797 3870 ἐξελεύσονται
1839 3800 1943 3861 ὧδε

382 3894 513 3966 μετὰ
542 3895 875 3965 ἀποσκευῆς.
897 3914 917 3946 ι

449 4008 467 4040 ι
494 3988 604 4041 Καὶ
636 3987 963 4057 κατίσχυσεν
1004 3988 1038 4058 ἡ
1072 3987 1268 4058 καρδία
1296 3987 1514 4058 Φαραὼ,
1544 3988 1636 4042 καὶ
1668 3988 1767 4042 οὐκ
1797 3990 1946 4060 εἰσήρ-

376 4097 563 4133 καυσεν
610 4079 809 4145 αὐτῶν,
843 4079 1091 4151 καθάπερ
1146 4078 1445 4132 ἐνετείλατο
1490 4079 1671 4143 αὐτοῖς
1721 4079 1940 4151 Κύριος.

377 4167 508 4226 Εἶπε
538 4172 595 4226 δὲ
643 4173 846 4243 Κύριος
876 4172 1010 4244 πρὸς
1051 4171 1320 4242 Μωῡσῆν·
1360 4171 1659 4245 Βεϐάρυται
1692 4172 1725 4242 ἡ
1750 4171 1947 4244 καρδία

376 4263 593 4337 Φαραὼ,
629 4265 722 4318 τοῦ
756 4265 830 4336 μὴ
858 4262 1231 4328 ἐξαποστεῖλαι
1258 4249 1347 4318 τὸν
1370 4258 1516 4318 λαόν.
1540 4284 1559 4317 ι
1604 4265 1696 4327 Τὸ,
1736 4283 1753 4315 ι
1778 4264 1945 4319 Βεϐά-

380 4372 535 4427 ρυται
558 4358 593 4428 ἡ
626 4355 818 4427 καρδία
845 4354 1060 4425 Φαραὼ,
1090 4374 1108 4406 ι
1148 4354 1434 4425 λεγόμενον
1463 4355 1566 4408 ὑπὸ
1589 4355 1682 4408 τοῦ
1716 4356 1943 4426 Κυρίου,

380 4448 516 4518 μετὰ
536 4448 633 4518 τὴν
656 4447 1061 4518 μεταϐαλοῦσαν
1088 4449 1168 4510 είς
1189 4446 1455 4519 δράκοντα
1485 4446 1675 4519 ῥάϐδον
1702 4447 1794 4501 τοῦ
1832 4449 1948 4501 ’Λα-

380 4537 508 4611 ρὼν,
542 4540 636 4593 καὶ
655 4538 1027 4593 καταπιοῦσαν
1047 4538 1146 4603 τὰς
1166 4538 1274 4594 τῶν
1292 4539 1496 4609 Μάγων
1523 4540 1767 4611 ῥάϐδους,
1799 4540 1947 4604 ἄξιον

380 4630 525 4697 ίδείν,
561 4631 612 4684 εί
659 4630 846 4703 ἕτερον
890 4632 1006 4684 ἐστι
1035 4628 1152 4692 τοῦ,
1172 4648 1189 4678 ι
1208 4631 1563 4703 ὲσκληρύνθαι
1596 4631 1692 4703 τὴν
1722 4632 1946 4703 καρδίαν

377 4723 591 4795 Φαραώ,
611 4743 630 4776 ι
664 4722 951 4793 λεγομένου
962 4723 1343 4788 πολλάκις,καὶ
1352 4723 1497 4787 tofm
1515 4723 1912 4793 κατισχυκέναι.
1929 4743 1948 4776 ι

377 4818 482 4871 Καὶ
512 4815 622 4889 γὰρ
650 4814 745 4870 καὶ
770 4814 929 4868 τοῦτο
961 4813 1135 4878 οὕτως
1162 4813 1397 4885 εἴρηται,
1429 4832 1448 4865 ι
1478 4814 1588 4867 Καὶ
1620 4813 1943 4893 κατίσχυσεν

2042 3625 2190 3696 ptiis.
2207 3626 2339 3679 Cum
2363 3635 2543 3678 autem
2568 3621 2874 3689 aufugietis,
2894 3635 3000 3676 non
3023 3620 3285 3675 recedetis
3305 3620 3460 3675 vacui
3482 3621 3549 3676 ⁸⁵.
3575 3638 3596 3672 ι

2040 3715 2180 3772 Olim
2211 3714 2444 3770 Abrahae
2491 3712 2630 3767 facta
2662 3714 2838 3767 fuerat
2889 3713 3003 3767 haec
3033 3712 3348 3781 promissio,
3388 3711 3601 3765 dicente

2041 3809 2151 3864 Deo
2170 3808 2216 3840 "
2246 3822 2262 3862 :
2299 3825 2318 3860 ι
2342 3807 2471 3862 Post
2495 3806 2609 3861 haec
2637 3804 2985 3871 egrediantur
3027 3805 3133 3859 huc
3161 3819 3283 3859 cum
3317 3803 3481 3858 multa
3514 3818 3604 3857 su-

2041 3900 2322 3972 pellectile.
2344 3917 2365 3953 ι

2117 4012 2136 4042 ι
2161 3992 2228 4046 Et
2252 3990 2596 4046 obfirmatum
2630 3996 2713 4042 est
2745 4002 2842 4042 cor
2871 3985 3194 4050 Pharaonis,
3227 3994 3282 4040 et
3312 4001 3417 4040 non
3453 3987 3606 4041 audi-

2042 4086 2121 4141 vit
2151 4099 2266 4149 eos,
2295 4084 2435 4138 sicut
2463 4088 2797 4149 praeceperat
2820 4080 2899 4134 eis
2928 4079 3208 4133 Dominus.
3248 4080 3392 4133 Dixit
3420 4089 3601 4133 autem

2044 4176 2300 4232 Dominus
2344 4177 2408 4227 ad
2438 4173 2656 4243 Moysen
2685 4186 2700 4225 :
2731 4171 3092 4241 Aggravatum
3135 4180 3217 4223 est
3245 4186 3343 4225 cor
3366 4169 3607 4224 Pharao-

2045 4268 2147 4332 nis,
2180 4276 2239 4320 ttt
2274 4280 2379 4319 non
2407 4265 2643 4319 dimittat
2670 4263 2924 4331 populum
2949 4263 3016 4315 ⁸⁸.
3043 4280 3061 4313 ι
3104 4261 3278 4327 Quod,
3322 4271 3447 4329 post
3489 4274 3606 4314 mu-

2044 4368 2206 4413 tatam
2238 4359 2290 4411 in
2338 4364 2639 4424 serpentem
2689 4355 2894 4423 virgam
2948 4353 3149 4415 Aaron,
3198 4367 3261 4405 ac.
3315 4360 3599 4419 postquam

2045 4454 2134 4507 illa
2166 4452 2437 4522 Magorqu
2471 4451 2656 4517 virgas
2686 4444 3028 4515 degltttierat,
3058 4459 3087 4496 a
3117 4443 3346 4497 Domino
3369 4442 3602 4495 dicitur:

2050 4559 2070 4593 ι
2096 4543 2466 4612 Aggravatum
2500 4548 2584 4592 est
2626 4551 2720 4590 cor
2748 4535 3068 4598 Pharaonis,
3094 4551 3113 4584 ι
3166 4546 3344 4602 opera:
3373 4532 3603 4600 pretium

2043 4641 2129 4686 est
2174 4631 2362 4684 videre
2411 4630 2552 4683 sitne
2587 4626 2729 4680 aliud
2775 4626 2842 4679 ab
2878 4639 2961 4688 eo,
2993 4625 3133 4692 quod
3172 4624 3369 4690 sacpius
3404 4622 3602 4675 dictum

2043 4732 2146 4789 est,
2164 4722 2513 4776 «induratum
2538 4734 2660 4774 esse
2685 4732 2782 4771 cor
2804 4715 3123 4781 Pharaonis,
3155 4729 3219 4768 ac
3247 4713 3557 4769 invaluisse.
3582 4730 3602 4763 ι

2043 4812 2178 4866 Nam
2216 4813 2314 4866 hoc
2346 4826 2560 4881 quoque
2598 4810 2669 4863 ita
2706 4810 2905 4862 dictum
2951 4815 3034 4861 est
3065 4825 3077 4860 :
3112 4826 3131 4856 ι
3156 4806 3222 4859 Et
3255 4805 3482 4879 invaluit
3515 4818 3610 4858 cor

378 4913 408 4981 ἡ
438 4910 636 4983 καρδία
684 4907 901 4982 Φαραὼ,
950 4908 1044 4964 καὶ
1070 4909 1171 4962 οὐκ
1193 4909 1512 4979 είσήκουσεν
1554 4906 1730 4959 αὐτῶν
1762 4906 1933 4971 καθὼς

2049 4903 2365 4969 Pharaonis,
2395 4911 2449 4957 et
2480 4916 2585 4956 non
2620 4898 2825 4955 audivit
2850 4913 2964 4962 eos,
3009 4898 3151 4953 sicut
3181 4897 3393 4952 locutus
3430 4895 3610 4950 fuerat

377 5001 602 5072 ἐλάλησε
630 5000 854 5073 Κύριος.
877 5018 897 5051 ι
932 5000 1086 5052 Δοκεῖ
1110 4998 1166 5050 δέ
1199 5014 1288 5068 μοι
1318 4999 1353 5068 ἡ
1376 4997 1487 5068 ’μὲν
1514 4994 1783 5049 ἐνδιδοῦσα
1811 5012 1945 5067 καρ-

375 5093 462 5147 δία
494 5093 631 5165 πρδς
659 5092 729 5147 τὰ
760 5092 900 5159 θεῖα,
945 5089 1309 5146 ἁπαλύνεσθαι
1333 5089 1428 5143 καὶ
1462 5089 1536 5160 μὴ
1570 5088 1772 5163 ἰσχύειν
1798 5086 1945 5141 ἀνθί-

378 5184 601 5239 στασθαι
624 5187 690 5256 τῇ
719 5183 974 5256 θειότητι,
1007 5181 1104 5236 καὶ
1133 5182 1208 5255 μὴ
1242 5178 1586 5253 βαρύνεσθαι,
1621 5177 1753 5248 μηδὲ
1784 5177 1938 5235 ’ἑλκε-

2050 4997 2327 5051 Dominus.
2355 5013 2375 5046 ι
2421 4993 2550 5048 Mihi
2573 4992 2786 5047 videtur
2811 5005 2905 5045 cor
2936 4990 3063 5043 illud
3091 4990 3234 5059 quod
3265 4989 3427 5056 cedit,
3458 5003 3521 5043 ac
3550 5002 3612 5042 se

2049 5087 2210 5143 facile
2243 5085 2448 5158 praebet
2500 5086 2565 5140 ad
2592 5083 2797 5147 divina,
2844 5080 3098 5147 emolliri,
3147 5095 3247 5135 nec
3277 5095 3434 5150 posse
3469 5077 3609 5133 resi-

2046 5188 2192 5235 stere
2252 5179 2463 5243 deitati,
2515 5193 2615 5232 nec
2663 5176 2896 5247 gravari,
2950 5189 3048 5229 nec
3078 5174 3287 5229 inferne
3322 5173 3375 5226 in
3406 5183 3609 5224 terram

441 5302 487 5336 "
536 5299 706 5354 Exod.
741 5313 871 5366 vttt,
913 5298 970 5353 2.
1060 5295 1108 5333 ⁵³
1152 5294 1323 5351 Exod.
1364 5310 1430 5359 x,
1471 5293 1526 5348 5.
1616 5290 1664 5322 ’³
1702 5292 1873 5349 Exod.
1919 5307 1933 5346 ι

2035 5291 2104 5359 ΒΩ,
2140 5292 2228 5348 '50.
2312 5289 2362 5325 "
2383 5290 2557 5347 Exod.
2580 5305 2664 5355 tu,
2685 5288 2775 5343 2i.
2850 5286 2896 5320 ⁸⁸
2916 5285 3051 5342 Gen.
3077 5300 3165 5349 xv,
3192 5284 3279 5338 14.
3367 5282 3414 5314 ’⁸
3436 5279 3608 5337 Exod.

377 5385 471 5433 vn,
500 5370 587 5431 15.
615 5370 705 5424 14.

450 5465 563 5536 (69)
598 5465 723 5536 Ἔτι
769 5463 930 5536 Deest
956 5462 1007 5516 in
1039 5460 1170 5517 libb.
1191 5468 1348 5536 antea
1376 5459 1556 5536 editis,
1589 5473 1687 5536 nec
1711 5457 1936 5536 nonista

382 5526 503 5614 quae;
521 5526 682 5605 paulo
696 5533 847 5614 ~infra
880 5533 1158 5614 leguntur:
1285 5528 1412 5614 γὰρ,
1441 5528 1545 5593 ἕως
1570 5526 1793 5614 τίνος.ού
1826 5527 1942 5599 βού-

382 5604 459 5657 λει
486 5603 820 5675 ἐντραπῆναί
852 5619 948 5672 με,
977 5603 1071 5654 sed
1109 5603 1478 5659 restituuntur.
1508 5603 1829 5657 auctoritate
1850 5614 1942 5656 co-

386 5676 559 5730 dicum
591 5680 1109 5742 inaltuscriptorum.

2120 5456 2253 5531 (70)_
2271 5454 2590 5531 Fragmenta
2628 5453 2762 5531 haec
2812 5451 3090 5531 desumpta
3139 5455 3266 5501 sunt
3316 5429 3611 5531 eus'ehe‘dis

2048 5512 2198 5652 ηιέεῄ
2214 5512 2645 5608 C9mb§ﬁsii,qui
2674 5538 2738 5578 ea
2767 5512 3053 5590 exscripsit
3095 5533 3126 5572 e
3155 5531 3288 5571 mss.
3323 5512 3615 5570 bibliothea

2047 5614 2124 5654 cae
2199 5612 2349 5669 egw.
