4050 6142
468 282 577 366 283

1873 278 1964 353 'Ex
2009 291 2309 352 ornasse

3622 282 3756 342 284

473 440 668 496 resque
701 439 991 495 corporeas
1039 423 1216 490 trahi;
1268 422 1410 492 quod
1446 429 1630 478 autem
1693 422 1945 477 renititur
1990 430 2034 475 et

2154 414 2277 467 σθαι
2305 413 2456 467 κάτω
2484 412 2565 475 είς
2609 410 2714 482 γῆν
2761 404 2855 464 καὶ
2883 408 3015 481 ὓλην
3034 425 3048 439 ·
3084 408 3117 480 ή
3147 407 3207 462 δὲ
3236 405 3604 461 ἀντιτείνουσα
3631 404 3755 461 καὶ

471 519 667 571 divina:
700 516 1022 570 adversatur
1047 515 1331 580 voluntati,
1369 514 1608 568 indurari
1634 521 1688 568 et
1720 514 1892 568 instar
1919 514 2053 584 lapi-

470 615 553 667 dis
582 622 926 680 repercutere
988 627 1053 667 ac
1081 613 1344 682 repellere
1373 627 1698 679 sermonem,
1731 629 1934 683 perque
1962 630 2053 670 su-

471 704 719 772 perbiam
756 718 875 757 cum
920 703 1155 772 quadam
1192 701 1311 757 falsi
1352 703 1586 757 nominis
1613 704 1927 759 fortitudine
1962 721 2049 760 re-

469 793 684 847 sistere.
726 793 958 847 Necesse
1004 800 1180 847 autem
1213 800 1297 846 est
1340 802 1400 847 ut
1429 808 1525 847 cor
1551 794 1629 848 sic
1655 804 2048 864 comparatum,

472 900 501 937 a
536 884 775 952 nequitia
806 898 925 952 qua:
960 892 1152 951 suapte
1199 883 1358 950 genio
1408 882 1660 936 deorsum
1692 885 1889 952 vergit,
1939 894 2052 937 tra-

470 984 619 1029 ctum
646 985 923 1044 gravetur.
966 972 1080 1026 Non
1117 984 1294 1029 tamen
1327 974 1439 1027 hrec
1469 974 1660 1028 eadem
1697 976 1904 1028 ratione
1931 988 2052 1028 cor-

473 1068 525 1119 di
558 1067 837 1132 eveniunt,
876 1080 1187 1135 quanquam
1235 1066 1328 1120 uni
1375 1066 1660 1135 eidemque
1708 1065 1859 1120 cordi
1907 1064 2050 1120 malo

472 1158 670 1212 accidit
702 1166 761 1212 ut
798 1159 1091 1212 invalescat
1142 1164 1195 1211 ct
1246 1167 1521 1227 gravetur.
1557 1156 1714 1222 Nam,
1762 1166 1824 1211 ut
1850 1156 2048 1212 alicubi

469 1250 674 1304 dictum
720 1259 824 1313 est,
872 1264 968 1304 cor
1006 1249 1166 1303 modo
1195 1248 1462 1317 lapideum
1512 1251 1571 1303 tit
1638 1259 1695 1304 et
1728 1248 2049 1312 indurescit,

470 1343 632 1397 modo
663 1344 862 1398 divina:
893 1352 1102 1397 natura:
1127 1358 1230 1397 non
1263 1342 1406 1397 cedit
1434 1351 1493 1396 ut
1524 1342 1923 1411 praestantiori;
1954 1341 2047 1395 sed

468 1444 657 1487 contra
705 1433 963 1487 obnitens
993 1432 1252 1489 adversus
1283 1431 1454 1487 Deum
1499 1448 1743 1505 pugnare
1800 1443 1857 1488 et
1889 1434 2046 1487 inva-

465 1520 679 1581 lescere
713 1525 936 1579 dicitur.

543 1635 563 1669 ι
591 1618 735 1671 Dixit
765 1625 945 1672 autem
982 1616 1031 1670 ei
1066 1614 1319 1687 Moyses:
1352 1615 1487 1671 Cum
1519 1629 1773 1685 egressus
1808 1615 1957 1669 fuero
1982 1616 2047 1671 de

466 1708 710 1772 civitate,
764 1709 1071 1776 expandam
1114 1722 1305 1761 manus
1344 1722 1492 1762 meas
1539 1707 1607 1760 ad
1648 1708 1950 1773 Dominum,
1991 1716 2046 1762 et

466 1815 630 1857 voces
666 1801 985 1866 cessabunt,
1039 1808 1094 1855 et
1141 1801 1368 1870 grando,
1421 1811 1478 1856 et
1522 1800 1698 1872 pluvia
1751 1800 1889 1853 ultra
1939 1817 2043 1857 non

464 1894 572 1948 erit
594 1893 660 1945 ’⁷.
690 1910 708 1944 ι
748 1892 1002 1947 Omnium
1033 1892 1178 1946 enim
1209 1890 1393 1963 opifex
1424 1891 1648 1963 imperio
1678 1900 1925 1945 naturam
1958 1903 2048 1945 ce-

466 1982 689 2037 dentem
725 1982 909 2038 habet.

578 2073 845 2141 Ejusdem.
927 2071 1340 2130 Observandum
1405 2080 1628 2127 estnon
1678 2070 1860 2125 omnia
1893 2071 2044 2144 Moy-

463 2169 576 2209 sem
607 2161 844 2230 prodigia
883 2160 1068 2216 facere
1092 2162 1264 2229 virga,
1296 2162 1389 2214 sed
1414 2169 1469 2215 et
1499 2162 1747 2217 manibus
1773 2172 1827 2217 et
1854 2164 2039 2230 verbo,

467 2260 535 2298 ne
584 2248 747 2317 virgae
793 2250 901 2305 vim
952 2251 1177 2322 magicis
1213 2251 1506 2321 praestigiis
1546 2252 1763 2321 plurimi
1799 2257 2041 2311 ascribe-

462 2346 602 2391 rent.

535 2446 554 2479 ι
582 2427 760 2483 Tollat
810 2431 1189 2501 unusquisque
1243 2443 1396 2484 ovem
1446 2445 1541 2500 per
1572 2432 1764 2486 domos
1806 2433 2041 2489 familia-

466 2535 585 2573 rum
609 2521 676 2586 ",
702 2540 721 2574 ι
771 2530 878 2577 etc.
920 2523 964 2576 A
999 2523 1211 2577 decimo
1233 2522 1388 2592 jubet
1419 2537 1572 2576 ovem
1605 2539 1845 2589 sumere,
1878 2537 2040 2595 atque

463 2612 530 2665 ad
563 2620 816 2680 quartum
854 2613 1122 2668 decimum
1172 2627 1344 2682 usque
1381 2613 1524 2667 diem
1555 2614 1719 2681 alere,
1755 2616 1911 2689 122
1944 2633 2042 2671 no-

457 2718 688 2772 menque
721 2704 1018 2773 imponere,
1056 2704 1284 2759 dicendo
1319 2721 1333 2759 :
1365 2705 1495 2761 Ovis
1533 2707 1622 2762 hic
1658 2709 1723 2761 ad
1758 2710 1861 2763 hoc
1891 2721 1945 2764 et
1971 2713 2037 2765 ad

457 2794 585 2849 illud
618 2796 957 2860 immolatur;
1006 2796 1082 2849 ita
1118 2804 1176 2850 ut
1205 2795 1283 2850 illi
1321 2797 1510 2853 decem
1547 2800 1763 2853 nomina
1794 2816 1900 2855 non
1939 2816 2035 2855 su-

458 2898 672 2959 perent.
715 2889 1032 2943 lmmolatur
1064 2898 1245 2943 autem
1280 2887 1404 2943 luna
1432 2902 1627 2961 quarta
1660 2895 1868 2948 decima
1898 2895 2038 2948 inter

459 2981 666 3034 medias
694 2995 968 3050 veSperas,
998 2982 1287 3038 inchoante
1317 2986 1505 3052 quinta
1534 2986 1767 3049 decima,
1800 2996 1860 3042 ut
1887 3002 1916 3040 a
1948 2987 2035 3043 die

2153 503 2540 574 ἐναντιουμένη
2572 502 2651 572 τῷ
2683 500 2809 572 θείῳ
2854 501 3173 574 βουλήματι,
3213 498 3605 571 σκληρύνεσθαι
3633 496 3756 555 καὶ

2152 598 2460 651 ἀντιτυπεῖν
2490 595 2645 666 δίκην
2671 592 2837 658 λίθου,
2868 593 2961 647 καὶ
3005 589 3403 662 ἀποκρούεσθαι
3427 589 3516 643 τὸν
3547 589 3747 658 λόγον,

2151 691 2245 743 καὶ
2297 691 2418 742 κατ’
2452 687 2703 741 ἀπόνοιαν
2736 683 3081 739 ἀνθίστασθαι
3118 684 3255 754 μετά
3287 699 3431 744 τινος
3460 680 3750 751 ψευδωνύο

2154 796 2256 850 μου
2288 778 2487 849 ἰσχύος.
2526 777 2761 845 Ἀνάγκη
2790 775 2847 828 δὲ
2876 773 2972 846 τὴν
3000 773 3253 845 τοιαύτην
3278 772 3508 843 ’καρδίαν
3538 772 3747 827 καθελ-

2150 872 2385 944 κομένην
2430 871 2533 923 ὑπὸ
2563 869 2664 939 τῆς
2712 867 2909 930 κακίας
2938 865 3102 936 οὔσης
3158 863 3527 937 κατωφεροῧς,
3560 864 3743 936 βαρύ-

2149 965 2354 1020 νεσθαι.
2410 964 2482 1016 υύ
2523 961 2627 1035 μὴν
2656 960 2797 1015 κατὰ
2845 959 2940 1031 τὴν
2969 959 3138 1030 αὐτὴν
3183 958 3423 1033 διάνοιαν
3447 957 3621 1012 ταῦτα
3657 959 3736 1028 τῇ

2149 1058 2347 1130 καρδίᾳ
2398 1055 2702 1126 συμϐαίνει,
2760 1056 2807 1108 εί
2858 1054 2951 1107 καὶ
2983 1053 3080 1123 μιᾷ
3107 1050 3200 1104 καὶ
3237 1053 3301 1122 τῇ
3344 1050 3481 1121 αὐτῇ
3518 1048 3736 1119 συμϐέ-

2151 1148 2286 1221 ϐηκε
2334 1146 2515 1218 φαύλῃ
2545 1145 2680 1219 ούσῃ
2713 1144 2775 1198 τὸ
2815 1142 3123 1214 κατισχύειν
3154 1140 3247 1195 καὶ
3287 1140 3346 1194 τὸ
3377 1138 3727 1211 βαρύνεσθαι.

2161 1241 2226 1293 Ἦ
2260 1238 2359 1310 μὲν
2385 1238 2516 1310 γὰρ,
2561 1236 2636 1300 ὡς
2666 1235 2880 1307 εἴρηταί
2906 1252 3031 1297 που,
3060 1232 3234 1303 λιθίνη
3276 1233 3484 1301 γίνεται
3589 1246 3730 1301 καρ-

2148 1328 2238 1383 δία
2268 1329 2360 1383 καὶ
2393 1328 2749 1399 σκληρύνεται
2769 1343 2783 1357 ο
2817 1328 2850 1397 ή
2881 1325 2937 1378 δὲ
2962 1325 3022 1378 ού
3069 1326 3390 1397 παραχωρεῖ
3436 1323 3511 1386 ὡς
3543 1320 3730 1392 κρείτ-

2145 1437 2262 1473 τονι
2293 1422 2359 1492 τῇ
2403 1419 2522 1491 θείᾳ
2554 1418 2744 1488 φύσει·
2780 1416 2913 1470 ἀλλὰ
2958 1415 3242 1487 θεομαχεῖν
3296 1414 3556 1485 ισταμένη
3600 1413 3726 1468 κατ’

2146 1512 2317 1583 αὐτῆς
2355 1512 2449 1565 καὶ
2479 1511 2683 1582 ἰσχύειν
2710 1510 2947 1578 λέγεται.

2223 1623 2242 1656 t
2268 1599 2404 1657 Εῐπε
2436 1604 2493 1657 δὲ
2521 1602 2668 1674 αὐτῷ
2701 1603 2960 1672 Μωῦσῆς,
2992 1598 3081 1660 Ὦς
3100 1595 3167 1650 ἂν
3192 1591 3394 1658 ἐξέλθω
3418 1594 3515 1666 τὴν
3544 1593 3720 1662 πόλιν,

2148 1696 2434 1750 ὲκπετάσω
2481 1694 2581 1759 τὰς
2615 1694 2803 1766 χεῖράς
2850 1710 2951 1765 μου
2982 1691 3116 1763 πρὸς
3148 1688 3373 1758 Κύριον,
3400 1686 3497 1740 καὶ
3529 1687 3585 1739 αἱ
3609 1703 3723 1756 φω-

2078 1763 2120 1817 B
2148 1788 2239 1842 ναὶ
2287 1763 2809 1857 παύσονταιξκαὶή
2848 1763 3075 1856 χάλαζα,
3119 1782 3214 1835 καὶ
3264 1782 3293 1834 6
3341 1779 3495 1843 ὑετὸς
3536 1778 3721 1833 οὐκέτι

2150 1879 2321 1933 ἔσται,
2350 1898 2367 1930 ι
2412 1880 2470 1931 'O
2506 1877 2615 1949 γὰρ
2645 1875 2862 1930 πάντων
2882 1872 3211 1946 δημιουργὸς
3243 1871 3383 1943 πρὸς
3406 1871 3506 1942 τὴν
3531 1870 3724 1925 κέλευ-

2151 1987 2234 2026 σιν
2258 1969 2356 2041 τὴν
2382 1968 2542 2040 φύσιν
2566 1969 2819 2021 εἴκουσαν
2848 1966 2980 2038 ἔχει.

2271 2055 2386 2111 Τοῦ
2446 2056 2656 2113 αὑτοῦ.
2704 2058 3042 2129 Σημειωτέον
3084 2055 3167 2109 ὅτι
3211 2055 3271 2107 ού
3306 2053 3483 2107 πάντα
3524 2055 3590 2124 τῇ
3620 2052 3721 2124 ῥά·-

2142 2142 2253 2215 ϐδῳ
2278 2147 2632 2217 τερατουργεῖ
2663 2144 2918 2214 Μωῡσῆς.
2962 2143 3096 2198 ἀλλὰ
3119 2143 3214 2196 καὶ
3249 2143 3403 2215 χερσὶ
3428 2142 3521 2196 καὶ
3548 2143 3717 2215 λόγῳ,

2144 2235 2231 2288 ἵνα
2281 2236 2354 2306 μὴ
2397 2235 2496 2306 τὴν
2538 2234 2728 2306 ῥάϐδον
2780 2236 3038 2305 μαγικαῖς
3085 2232 3322 2296 ἀπάταις
3366 2231 3636 2286 τελεῖσθαι
3664 2233 3718 2286 οἱ

2142 2324 2327 2378 πολλοὶ¹
2356 2326 2641 2396 νομίσωσι.

2217 2437 2235 2468 ι
2260 2419 2587 2473 Λαϐἑτωσαν
2630 2418 2858 2480 ἕκαστος
2900 2414 3170 2487 πρόϐατον
3222 2416 3342 2469 κατ’
3386 2415 3568 2479 οἴκους
3612 2432 3718 2468 πα-

2140 2508 2306 2579 τριῶν
2326 2526 2341 2541 ο
2382 2528 2398 2559 ι
2439 2510 2534 2563 καὶ
2565 2508 2633 2562 τὰ
2657 2508 2803 2580 ἑξῆς.
2832 2508 2962 2561 Ἀπὸ
3001 2509 3099 2578 τῆς
3149 2497 3384 2579 δεκάτης
3414 2508 3545 2577 φησὶ
3574 2506 3715 2580 λαμ-

2141 2598 2322 2653 ϐάνειν
2373 2600 2638 2671 πρόϐατον
2671 2602 2765 2660 καὶ
2793 2601 3010 2672 τρέφειν
3061 2600 3167 2663 ἕως
3201 2599 3277 2653 ιδ’·
3311 2601 3406 2653 καί
3450 2600 3717 2670 ἐπονομά-

2141 2705 2231 2742 σαι
2261 2688 2540 2758 λέγοντας,
2569 2687 2737 2743 Τοῦτο
2765 2693 2825 2744 τὸ
2870 2692 3141 2764 πρόϐατον
3174 2690 3356 2744 θύεται
3394 2692 3532 2762 ὑπὲρ
3558 2690 3715 2745 τοῦδε

2138 2779 2230 2833 καὶ
2275 2778 2460 2833 τοῦδεο
2510 2778 2607 2853 οὐχ
2659 2779 3095 2850 ὑπερϐαινόντων
3138 2779 3316 2835 αὐτῶν
3348 2786 3379 2833 ι’
3412 2779 3708 2850 ὀνομάτων

2137 2870 2232 2923 καὶ
2263 2873 2328 2943 τῇ
2384 2869 2443 2922 ιδ’
2477 2868 2661 2922 θύεται
2709 2871 2979 2940 ἁνάμεσον
3026 2872 3133 2925 τῶν
3178 2871 3499 2944 ὲσπερινῶν,
3549 2873 3712 2942 ἀρχοο

2139 2962 2306 3033 μένης
2346 2961 2449 3032 τῆς
2483 2968 2562 3014 ιε’⁶
2594 2962 2669 3027 ὡς
2715 2964 2958 3032 γίνεσθαι
3003 2965 3110 3018 ἀπὸ
3155 2964 3255 3033 τῆς
3298 2964 3509 3035 λήψεως
3548 2963 3711 3034 μέχρι

456 3085 566 3142 quo
594 3071 849 3136 sumitur,
876 3072 942 3125 ad
976 3088 1099 3126 eum
1125 3088 1235 3142 quo
1266 3074 1601 3141 immolatur,
1652 3077 1891 3147 quinque
1919 3078 2033 3133 dies

2135 3056 2233 3124 τῆς
2263 3053 2469 3118 θύσεως
2498 3055 2709 3127 ἡμέρας
2731 3064 2796 3122 ε’,
2849 3059 2938 3110 ὅτε
2969 3057 3176 3129 πλῆρές
3211 3059 3324 3110 ἐστι
3364 3057 3454 3127 τῆς
3484 3055 3741 3128 σελήνης

456 3163 850 3227 iutercurrant,
888 3165 1103 3232 quando
1127 3165 1284 3234 pleno
1316 3166 1442 3221 luna
1473 3175 1608 3224 orbe
1644 3169 1811 3224 lucet.

530 3253 702 3309 «Ovis
753 3255 1047 3324 perfectus,
1100 3259 1400 3324 masculus,
1451 3262 1736 3316 anniculus
1783 3263 1889 3317 erit
1934 3279 2032 3319 vo-

455 3345 540 3400 bis
563 3346 630 3399 ”.
660 3365 679 3399 ›
734 3347 1036 3402 Anniculus
1087 3351 1206 3404 ovis
1231 3350 1483 3407 Christus
1512 3362 1617 3407 est.
1659 3354 1839 3408 Nihilo
1884 3358 2030 3410 enim

451 3450 575 3488 cum
615 3436 837 3491 destitui
888 3447 984 3492 aut
1030 3439 1081 3496 ei
1130 3440 1335 3510 aliquid
1370 3442 1557 3499 deesse
1585 3460 1682 3515 per
1721 3462 1922 3500 annum
1955 3449 2031 3503 si-

453 3525 765 3595 gniticatur.

529 3633 549 3668 ι
577 3617 641 3671 Et
670 3618 1027 3676 immolabant
1064 3637 1186 3677 eum
1234 3625 1413 3680 omnis
1449 3626 1734 3682 multitudo
1761 3638 1933 3685 etetus
1964 3630 2029 3683 ti-

450 3705 647 3761 iiorum
688 3709 851 3765 lsrael
888 3715 953 3766 ad
991 3727 1272 3784 vesperam
1299 3717 1342 3772 ¹.
1372 3736 1390 3769 ι
1436 3717 1517 3772 Ad
1568 3733 1849 3788 vesperam
1873 3720 2031 3788 jube-

450 3814 573 3853 mur
600 3815 754 3855 ovem
791 3803 1098 3871 immolare,
1132 3808 1275 3877 quod
1302 3820 1544 3864 extrema
1574 3812 1708 3865 hora
1743 3827 1902 3867 verus
1933 3830 2029 3868 no-

448 3897 567 3942 ster
593 3891 728 3954 ovis,
767 3892 1015 3949 Salvator
1048 3896 1103 3950 in
1134 3899 1392 3953 mundum
1428 3901 1659 3955 venerit.

523 4064 634 4120 «Et
680 4079 897 4124 sument
947 4072 1014 4128 de
1065 4077 1355 4144 sanguine,
1404 4084 1455 4132 et
1480 4086 1679 4147 ponent
1701 4092 1864 4147 super
1891 4080 2027 4135 duos

446 4169 629 4229 postes
655 4171 708 4217 et
734 4178 895 4231 super
924 4164 1108 4234 limen,
1140 4168 1193 4221 in
1226 4170 1480 4225 domibus
1504 4171 1547 4234 ⁸,
1568 4188 1587 4221 ι
1627 4179 1730 4226 etc.
1771 4169 2026 4227 lmmola-

447 4268 588 4319 mus,
625 4270 687 4308 ac
719 4254 905 4311 domos
942 4267 1177 4321 nostras,
1207 4260 1312 4314 hoc
1346 4271 1431 4315 est
1478 4277 1700 4331 corpus,
1760 4265 2025 4334 sanguine

447 4342 722 4410 ungimus,
773 4343 816 4397 si
865 4345 1081 4413 quidem
1120 4349 1302 4402 unctio
1329 4348 1466 4404 ﬁdes
1512 4360 1595 4404 est
1638 4352 1691 4406 in
1720 4353 2018 4420 Christum,

2134 3147 2193 3201 τὸ
2221 3147 2356 3201 φῶς.

2261 3167 2304 3200 ω
2342 3187 2356 3201 .

2207 3164 2533 3311 ιφΠέόϐατον
2565 3241 2791 3306 τέλειον,
2827 3241 3012 3313 ἄρσεν,
3041 3241 3307 3295 ἐνιαύσιον
3326 3240 3474 3294 ἔσται
3505 3242 3653 3311 ύμῖν.
3683 3258 3703 3293 ι

2144 3331 2445 3384 Ἐνιαύσιον
2474 3332 2741 3404 πρόϐατον
2783 3336 2811 3386 6
2839 3334 3070 3406 Χριστός
3101 3334 3234 3386 ἐστι.
3277 3333 3350 3385 Τὸ
3382 3333 3488 3403 γὰρ
3518 3335 3576 3386 ὲν
3605 3348 3710 3402 μη-

2129 3416 2241 3470 δενὶ
2272 3420 2614 3492 ὑστερεῖσθαι
2643 3422 2778 3493 μηδὲ
2811 3421 3026 3485 ἐλλιπές
3058 3439 3110 3475 τι
3139 3421 3281 3492 ἔχειν
3308 3421 3396 3475 διὰ
3418 3421 3511 3476 τοῦ
3538 3424 3710 3478 ἐνιαυ-

2130 3508 2223 3563 τοῦ
2248 3510 2521 3584 δηλοῦται.

2206 3620 2224 3652 ι
2248 3604 2358 3656 Καὶ
2406 3603 2696 3673 σφάξουσιν
2742 3604 2873 3663 αὐτὸ
2918 3606 3025 3663 πᾶν
3053 3604 3112 3657 τὸ
3144 3604 3342 3675 πλῆθος
3385 3605 3706 3676 συναγωγῆς

2130 3691 2261 3746 υἱῶν
2306 3694 2521 3765 Ἰσραὴλ
2570 3695 2705 3767 πρὸς
2753 3696 3050 3767 ἑσπέραν.»
3093 3696 3235 3766 Πρὸς
3268 3696 3589 3768 ἑσπέρανδὲ
3615 3713 3707 3750 κε-

2128 3782 2399 3856 λευόμεθα
2447 3785 2645 3854 σφάξαι
2676 3786 2737 3840 τὸ
2780 3786 3071 3858 πρόϐατον,
3123 3787 3310 3858 ἐπειδὴ
3360 3787 3456 3840 καὶ
3500 3786 3706 3861 ἐσχάτῃ

2128 3874 2247 3948 ὥρᾳ
2275 3876 2334 3930 τὸ
2357 3877 2606 3949 ἀληθινὸν
2634 3879 2665 3949 ἡ
2674 3878 2789 3949 μῶν
2814 3879 3079 3951 πρόϐατον
3101 3880 3181 3944 είς
3210 3878 3298 3932 τὸν
3321 3879 3522 3950 κόσμον
3542 3872 3704 3951 ἦλθεν

2126 3969 2154 4021 6
2173 3969 2384 4040 Σωτήρ.

2200 4104 2219 4136 ι
2243 4086 2354 4140 Καὶ
2385 4085 2643 4156 λήψονται
2667 4086 2773 4139 ἀπὸ
2796 4084 2888 4139 τοῦ
2920 4087 3167 4157 αἵματος,
3195 4087 3288 4143 καὶ
3316 4087 3577 4160 θήσουσιν
3609 4089 3703 4143 ἐπὶ

2123 4178 2231 4231 τῶν
2256 4179 2349 4234 δύο
2373 4177 2649 4250 σταθμῶν,
2683 4179 2777 4232 καὶ
2799 4179 2891 4231 ἐπὶ
2920 4179 3021 4246 τὴν
3044 4178 3221 4247 φλιὰν,
3250 4181 3308 4234 ἐν
3331 4183 3442 4244 τοῖς
3463 4179 3630 4245 οἴκοις
3646 4197 3696 4234 ⁸)

2123 4271 2220 4323 καὶ
2250 4269 2320 4322 τὰ
2352 4269 2496 4340 ἑξῆς.
2533 4269 2742 4340 Θύομεν
2773 4268 2850 4333 δὲ,
2887 4268 2979 4321 καὶ
3012 4269 3235 4341 χρίομεν
3262 4270 3388 4333 τοὺς
3426 4269 3607 4335 οἴκους
3635 4271 3700 4342 ή-

2127 4359 2240 4430 μῶν
2271 4358 2349 4429 τῷ
2381 4359 2574 4430 αἵματι
2594 4376 2607 4389 ·
2643 4359 2784 4428 λέγω
2815 4359 2871 4412 δὲ
2899 4358 2958 4412 τὸ
2993 4361 3171 4432 σῶμα,
3205 4363 3363 4434 είπερ
3389 4363 3569 4435 χρίσις
3612 4363 3701 4416 πί-

444 4446 551 4499 qua
574 4437 1014 4491 exterminatoris
1044 4439 1336 4505 potentiam
1377 4441 1546 4494 everti
1577 4444 1866 4499 credimus.
1900 4444 2017 4499 Jam

2134 4429 2240 4514 rw;
2266 4450 2410 4504 ἐστὶν
2455 4454 2488 4522 ὴ
2536 4453 2617 4516 είς
2651 4451 2832 4515 αὑτὸν,
2861 4452 2930 4506 δι’
2953 4447 3020 4524 ἧς
3066 4429 3305 4507 πιστεύω
3330 4429 3546 4526 τοῦ
3580 4454 3698 4508 ὀλο-

446 4534 626 4578 autem
673 4527 843 4592 uncti,
879 4530 930 4582 id
978 4539 1083 4592 est,
1131 4538 1415 4599 postquam
1464 4532 1665 4588 Christi
1715 4536 1876 4591 fidem
1913 4554 2024 4591 am-

445 4614 588 4684 plexi
619 4633 824 4684 sumus,
863 4628 970 4674 tum
1004 4623 1070 4676 ad
1101 4637 1252 4677 esum
1281 4626 1467 4678 venire
1507 4626 1784 4694 jubemur,
1824 4646 1928 4685 non
1964 4640 2023 4685 ut

444 4708 660 4772 crudas,
709 4719 804 4763 aut
839 4720 1021 4768 coctas
1070 4728 1233 4783 aqua,
1264 4716 1361 4770 sed
1409 4724 1467 4770 ut
1497 4717 1604 4787 igni
1633 4734 1786 4776 assas
1824 4736 2020 4777 carnes

446 4803 817 4860 comedamus.

522 4893 879 4966 «Quicunque
925 4910 1106 4958 autem
1154 4903 1454 4960 comederit
1502 4907 1849 4976 fermentum,
1903 4911 2015 4966 dis-

445 4985 705 5052 perdetur
740 4989 916 5042 anima
947 4991 1036 5045 illa
1069 4991 1135 5046 de
1160 4992 1322 5049 Israel
1348 4995 1390 5050 ³.
1412 5015 1430 5046 ι
1468 4996 1670 5052 Peribit
1695 5000 1855 5054 homo
1887 5018 2012 5068 pro-

446 5081 567 5141 pter
617 5073 965 5143 fermentum,
1015 5090 1069 5136 et
1109 5084 1481 5139 universorum
1538 5088 1678 5143 Deus
1718 5091 1810 5159 qui
1874 5091 2015 5160 leges

446 5167 641 5230 sancit,
677 5183 780 5237 qua
816 5172 1023 5226 ratione
1051 5175 1314 5245 disperdit
1354 5180 1644 5242 machum,
1671 5196 1774 5250 qua
1806 5184 2015 5237 ratione

446 5255 711 5326 disperdit
746 5262 1072 5329 adulterum,
1119 5283 1223 5334 qua
1276 5268 1485 5323 ratione
1537 5271 1803 5343 disperdit
1844 5275 2011 5328 cium-

445 5345 598 5412 dum,
628 5351 816 5405 eadem
850 5354 1109 5422 disperdit
1155 5357 1441 5417 habentem
1478 5366 1800 5420 fermentum
1832 5366 1884 5418 in
1914 5366 2011 5419 do-

444 5455 535 5496 mo
565 5457 661 5531 sua
690 5445 777 5499 die
802 5460 1134 5518 azymorum.
1175 5456 1256 5507 Au
1295 5457 1396 5511 huc
1429 5458 1536 5514 Deo
1565 5459 1827 5530 dignum?
1876 5458 2013 5512 linc-

444 5545 516 5587 ne
558 5532 659 5604 legi
694 5536 902 5595 caelesti
929 5552 1395 5607 consentaneum?
1431 5551 1629 5606 Verum
1679 5550 1930 5616 dixerim,
1965 5547 2011 5603 si

2120 4540 2346 4611 θρευτοῦ
2369 4542 2595 4614 δύναμιν
2629 4544 3097 4614 καταργουμένην.
3133 4545 3287 4598 Μετὰ
3317 4544 3371 4598 δὲ
3392 4544 3454 4600 τὸ
3473 4544 3697 4617 χρισθῆ-

2118 4649 2205 4686 ναι
2236 4634 2401 4703 ἡμᾶς,
2436 4634 2684 4688 τουτέστι
2720 4634 3003 4689 πιστεῦσαι
3049 4638 3128 4700 εἰς
3164 4636 3255 4690 τὸν
3285 4637 3534 4708 Χριστὸν,
3576 4636 3698 4689 τότε

2119 4724 2211 4777 καὶ
2238 4725 2331 4777 ἐπὶ
2373 4724 2470 4797 τὴν
2520 4725 2720 4798 βρῶσιν
2773 4727 3029 4800 ἔρχεσθαι
3063 4728 3432 4799 κελευόμεθαο
3470 4730 3605 4799 μήτε
3641 4727 3697 4782 δὲ

2116 4814 2263 4886 ὠμὰ,
2296 4817 2434 4888 μήτε
2465 4817 2709 4889 ὲψημένα
2731 4821 2789 4873 ὲν
2822 4819 2997 4884 ὕδατι,
3028 4821 3141 4874 ἀλλ’
3174 4819 3313 4874 ὀπτὰ
3345 4818 3497 4891 πυρί.

2194 4924 2212 4956 ι
2237 4906 2352 4968 Πᾶς
2379 4907 2439 4970 ὃς
2466 4906 2530 4960 ἂν
2565 4909 2713 4980 φάγῃ
2751 4906 2950 4981 ζύμην,
2986 4911 3490 4984 ὲξολοθρευθήσεται
3518 4912 3551 4982 ἡ
3595 4911 3696 4981 tilu-

2118 4997 2186 5068 χὴ
2214 4998 2394 5069 ἐκείνη
2423 4998 2482 5064 ἐξ
2518 5001 2751 5073 Ἰσραήλ.
2776 5021 2797 5054 δ
2844 5005 3378 5076 Ἦξολοθρευθήσεται
3410 5004 3696 5075 ἄνθρωπος

2117 5089 2301 5143 ἕνεκεν
2334 5090 2510 5163 ζύμης
2532 5111 2545 5123 ·
2598 5094 2693 5149 καὶ
2738 5098 2767 5149 6
2793 5097 2899 5150 τῶν
2932 5098 3065 5152 ὅλων
3113 5098 3244 5162 Θεὸς
3274 5099 3304 5151 ὁ
3342 5095 3693 5169 χρηματίζων

2118 5184 2242 5247 τοὺς
2271 5184 2485 5255 νόμους,
2519 5186 2594 5250 ὡς
2616 5185 2889 5259 ὀλοθρεύει
2920 5189 3122 5260 μοιχὸν,
3158 5190 3232 5254 ὡς
3264 5189 3534 5258 ὀλοθρεύει
3560 5190 3695 5261 πόρ-

2118 5293 2228 5339 νον,
2261 5276 2337 5339 ὠς
2368 5276 2638 5349 ὀλοθρεύει
2670 5280 3049 5355 παιδοφθόρον,
3081 5280 3252 5345 οὓτως
3282 5281 3552 5353 ὀλοθρεύει
3600 5281 3693 5336 τὸν

2120 5366 2308 5437 ἔχοντα
2337 5370 2513 5442 ζύμην
2556 5372 2612 5423 ὲν
2637 5373 2702 5442 τῇ
2751 5373 2897 5443 οἰκίᾳ
2938 5372 3100 5426 αὐτοῦ
3134 5376 3193 5427 ὲν
3222 5377 3288 5445 τῇ
3318 5375 3426 5430 τῶν
3466 5373 3692 5445 ἀζύμων

2118 5459 2321 5532 ἡμέρᾳ.
2363 5462 2533 5516 Τοῦτο
2557 5462 2698 5516 κατὰ
2717 5464 2848 5517 Θεόν
2870 5466 2983 5517 ἐστι
3008 5480 3023 5529 ;
3057 5463 3212 5517 τοῦτο
3244 5465 3384 5518 κατὰ
3409 5466 3570 5536 νόμον
3597 5467 3692 5521 τὸν

2117 5551 2363 5623 οὐράνιόν
2393 5553 2575 5613 ὲστιν;
2614 5552 2750 5607 Ἀλλ’
2780 5553 2988 5626 εἴποιμι
3023 5555 3089 5610 ἂν
3116 5556 3196 5619 ὅτι
3225 5555 3319 5610 ἐὰν
3349 5555 3478 5632 ἔχῃς
3509 5558 3690 5630 ζύμην

515 5688 563 5724 ⁸⁷
589 5691 755 5754 Exod.
785 5711 860 5766 ιι,
883 5698 973 5758 9.9.
1051 5702 1098 5737 ⁸⁸
1122 5702 1288 5765 Exod.
1314 5722 1411 5777 xu,
1437 5708 1493 5769 3.
1569 5709 1615 5744 "
1642 5710 1770 5767 ibid.
1798 5710 1852 5768 5.
1929 5710 2102 5792 ’ibid.
2130 5712 2184 5772 6.
2259 5715 2283 5747 ²
2302 5712 2433 5769 ibit}.
2462 5713 2515 5770 7.
2592 5715 2613 5747 ⁸
2633 5713 2767 5770 ibid.
2794 5711 2880 5769 I5.
