4050 6142
290 246 401 303 285
1539 239 1850 298 SELECTA
1883 237 1950 293 IN
1991 236 2295 294 EXODUM.
3444 233 3550 289 286

292 357 583 432 πονηρίας,
612 358 713 414 καὶ
750 359 825 433 μὴ
858 359 1246 435 ἐξολοθρεύσῃς
1277 361 1456 415 πᾶσαν
1484 358 1662 432 ζύμην
1686 361 1870 423 κακίας

1985 360 2204 428 quidem
2241 356 2442 412 habeas
2494 355 2817 410 fermentum
2873 337 3115 418 malitiae,
3168 365 3267 407 nec
3319 349 3550 406 fermen-

289 449 404 514 ἁπὸ
427 450 522 503 τοῦ
554 451 893 523 ἡγεμονικοῦ
925 469 1049 505 σου·
1080 450 1219 523 αὕτη
1265 451 1373 522 γάρ
1407 453 1554 504 ἐστιν
1584 453 1617 522 ἠ
1652 449 1870 522 ἀληθινὴ

1986 459 2097 503 tum
2145 465 2305 504 omne
2354 446 2612 515 nequitiae
2639 445 2920 516 disperdas
2965 447 3032 499 de
3081 454 3170 498 tua
3205 451 3388 498 mente
3412 441 3550 512 (haec

291 544 440 598 οἰκία
473 560 569 596 σου
592 559 606 572 ·
643 545 672 596 6
706 542 842 607 Θεὸς
868 543 979 597 τῶν
1010 543 1145 597 ὅλων
1182 543 1460 615 νομοθετεῖ
1502 541 1870 614 ἐξολοθρευθῆ-

1981 544 2126 598 enim
2153 558 2280 598 vera
2312 551 2398 595 tua
2431 541 2623 594 domus
2652 540 2776 611 est),
2801 539 3173 593 universorum
3207 537 3373 591 Deum
3396 536 3547 606 jube-

292 636 383 693 ναί
414 652 474 689 σε
512 636 587 706 μὴ
620 635 967 690 ἀποϐαλόντα
1016 636 1113 706 τὴν
1148 635 1325 708 ζύμην
1351 634 1449 706 τὴν
1494 633 1726 688 παλαιὰν
1769 631 1870 686 ἀπὸ

1981 650 2061 699 re,
2088 645 2145 689 ut
2164 633 2517 702 disperdaris,
2550 632 2641 701 qui
2662 641 2816 686 vetus
2843 630 3164 685 fermentum
3186 644 3213 682 a
3240 635 3294 684 te
3319 643 3424 682 non
3450 630 3550 683 ab-

293 726 545 781 σεαυτοῦ.
598 728 721 799 Χρὴ
771 727 881 798 γάρ
928 745 987 780 σε
1038 727 1255 781 ἐλθόντα
1308 728 1387 790 εἰς
1426 727 1516 779 τὸν
1550 725 1736 797 καιρὸν
1767 723 1877 776 τῶν

291 817 451 881 νέων,
484 815 605 869 νέον
634 817 925 888 γενόμενον
956 816 1120 887 μηδὲν
1166 817 1308 888 ἔχειν
1334 819 1577 888 ἀρχαῖον.
1618 834 1635 866 ι
1660 814 1739 867 Τά
1774 816 1875 885 ἁρ-

294 909 421 978 καῖε
449 906 719 978 παρῆλθεν
744 926 764 959 ι
798 906 892 961 καὶ
940 906 1006 960 τὰ
1033 904 1180 977 ἐξῆςο
1215 908 1355 978 Ὅρα
1387 907 1504 971 πῶς
1536 906 1641 960 ἔδει
1686 906 1876 976 ἑορτά·-

296 999 411 1062 ζειν
442 999 502 1052 ἐν
536 997 668 1069 μηνὶ
696 996 805 1050 τῶν
830 997 965 1051 νέων
988 995 1085 1062 τὴν
1112 996 1303 1072 ἑορτὴν
1328 996 1434 1051 τῶν
1465 997 1705 1068 ἀζύμων.

374 1194 392 1226 ι
415 1173 686 1239 Καθίξετε
705 1175 804 1245 τῆς
828 1175 1008 1244 φλιᾶς,
1033 1174 1126 1228 καὶ
1146 1174 1231 1226 ἐπ’
1251 1173 1577 1247 ἀμφοτέρων
1597 1172 1704 1227 τῶν
1722 1171 1875 1227 σταθ·

300 1266 440 1336 μῶν,
492 1265 604 1319 ἀπὸ
652 1264 748 1319 τοῦ
796 1266 1025 1338 αἵματος
1070 1266 1098 1319 ὅ
1146 1267 1263 1320 ἐστι
1308 1264 1458 1336 παρά
1490 1265 1587 1337 τὴν
1633 1264 1822 1335 θύραν.
1850 1285 1869 1318 ι

293 1356 460 1419 ﬁeri;
492 1356 612 1427 μὲν,
640 1356 715 1420 ὡς
740 1356 1043 1410 ἀποδέδωκέ
1073 1372 1158 1419 τις
1183 1355 1289 1410 τῶν
1319 1355 1426 1427 πρὸ
1454 1354 1628 1426 ἡμῶν,
1658 1353 1751 1408 τοῦ
1784 1354 1865 1407 λο-

293 1448 484 1517 γικοῦ·
525 1447 932 1520 ἀμφοτέρωνιδὲ
966 1447 1239 1519 σταθμῶν,
1270 1446 1499 1519 θυμικοῦ
1556 1445 1650 1501 καὶ
1689 1446 1874 1501 ἐπιθυ-

298 1539 556 1613 μητικοῦ.

389 1632 510 1689 Τοῦ
549 1632 760 1688 αὑτοῦ.
811 1632 884 1687 Ού
934 1632 1045 1704 γὰρ
1099 1630 1249 1696 ἐντὸς
1292 1630 1578 1700 γενόμενον
1622 1629 1712 1682 τὸν
1756 1628 1873 1682 ὀλο-

1974 726 2193 797 jeceris.
2236 723 2465 778 Necesse
2509 722 2654 775 enim
2686 730 2771 775 est
2800 729 2878 783 ut,
2908 735 3032 774 cum
3062 720 3274 774 veneris
3307 720 3371 774 ad
3412 730 3544 774 tem-

1980 833 2082 888 pus
2112 830 2397 881 novorum,
2458 828 2630 867 novus
2660 813 2770 881 ipse
2799 810 3045 876 eﬂ'ectus,
3074 810 3205 863 nihil
3236 811 3429 865 vetusti
3463 824 3551 865 re-

1981 910 2175 963 tineas.
2219 905 2455 959 cVelera
2507 902 2912 966 trausiernnt‘,
2939 921 2956 955 ι
3007 911 3112 955 etc.
3155 900 3285 955 Vide
3330 917 3438 971 qua
3470 916 3553 955 ra-

1979 1005 2127 1058 tione
2183 999 2413 1055 debebat
2460 996 2708 1052 solemne
2757 996 2842 1067 agi
2889 996 3087 1051 festum
3135 1009 3445 1065 azymorum
3495 994 3550 1050 in

1978 1108 2164 1150 mense
2190 1108 2475 1147 novorum.

2054 1184 2343 1253 (Tingelis
2403 1183 2590 1244 limen,
2649 1188 2703 1233 et
2764 1191 2928 1246 super
2991 1176 3180 1231 ambos
3226 1183 3429 1247 postes,
3485 1175 3552 1232 de

1977 1277 2242 1348 sanguine
2288 1268 2378 1345 qui
2434 1281 2517 1330 est
2542 1273 2696 1342 juxta
2728 1270 2926 1324 ostium
2950 1269 2991 1323 ⁸.
3021 1288 3039 1321 ι
3082 1269 3270 1323 Limen
3309 1268 3550 1337 quidem,

1978 1381 2037 1426 ut
2068 1369 2334 1439 majorum
2363 1365 2582 1436 quidam
2612 1363 2883 1432 exposuit,
2923 1361 3148 1415 rationis
3178 1360 3322 1426 vim;
3367 1360 3554 1416 ambos

1976 1472 2155 1519 autem
2185 1468 2390 1531 postes,
2422 1458 2528 1512 vim
2559 1457 2653 1512 irae
2685 1472 2746 1512 ac
2771 1454 3104 1525 cupiditatis.

2083 1632 2366 1703 Ejusdem.
2443 1635 2562 1688 Non
2646 1634 2793 1689 enim
2861 1634 3371 1691 exterminatorem.
3429 1646 3550 1687 cum

300 1725 536 1797 θρευτὴν
561 1725 629 1778 δι’
659 1724 899 1788 ἐπινοίας
932 1720 1281 1793 ἐκϐάλλομεν,
1325 1722 1438 1776 ἀλλ’
1466 1722 1613 1786 ὅπως
1645 1720 1708 1775 ἂν
1743 1721 1870 1793 μηδέ

1972 1730 2083 1801 jam
2137 1731 2284 1784 intus
2341 1737 2589 1796 receptus
2645 1737 2751 1793 est,
2789 1734 2907 1780 arte
2953 1724 3291 1794 expellimus,
3337 1724 3429 1779 sed
3482 1739 3552 1778 ne

297 1819 395 1890 τὴν
421 1817 593 1890 ἀρχὴν
626 1816 947 1891 παρεισδύῃ,
982 1815 1227 1887 φυλακὴν
1256 1814 1343 1868 διὰ
1370 1814 1465 1867 τοῦ
1500 1815 1663 1885 νόμου
1694 1813 1875 1868 ποιού-

297 1909 458 1992 μεθα.
496 1909 715 1981 Ψυλακὴ
739 1908 795 1962 δέ
827 1911 942 1961 ἐστι
976 1908 1070 1961 καὶ
1104 1906 1392 1975 ἀσφάλεια,
1441 1906 1522 1970 τὸ,
1570 1904 1647 1976 τῷ
1684 1906 1873 1977 αἵματι

295 2000 391 2054 τοῦ
424 1996 597 2071 ἀμνοῦ
627 2000 727 2069 τήν
748 2015 808 2050 τε
837 1997 996 2067 φλιάν
1029 1998 1123 2050 καὶ
1151 1997 1279 2060 τοὺς
1308 1994 1579 2066 σταθμοὺς
1606 1994 1703 2066 τῆς
1735 1995 1875 2047 εἰσό-

296 2093 386 2147 δου
414 2109 627 2162 καταση
636 2090 937 2161 μαίνεσθαι.
1472 2144 1475 2145 ν

370 2205 391 2237 ι
434 2183 696 2256 Ἐγενήθη
729 2183 785 2237 δὲ
823 2180 1091 2254 μεσούσης
1136 2183 1232 2253 τῆς
1277 2181 1490 2244 νυκτὸς,
1541 2181 1635 2234 καὶ
1668 2179 1874 2252 Κύριος

299 2264 533 2343 ἐπάταξε
573 2278 683 2331 πᾶν
723 2275 1062 2346 πρωτότοκον
1105 2276 1162 2326 ἐν
1196 2275 1267 2343 γῇ
1303 2272 1579 2344 Αἰγύπτῳ.
1608 2292 1626 2324 ι
1665 2274 1742 2326 Δι’
1776 2275 1875 2343 ἀγ-

299 2370 466 2438 γέλων
498 2369 609 2441 γὰρ
640 2371 669 2422 6
699 2367 831 2432 Θεὸς
860 2367 958 2431 τὰς
1004 2364 1409 2437 θανατηφόρους
1437 2364 1638 2427 ταύτας
1677 2364 1871 2434 ἐπάγει

296 2463 530 2534 πληγὰς,
564 2464 641 2526 ὼς
672 2463 766 2516 καὶ
796 2464 853 2515 ἐν
885 2464 1002 2526 ταῖς
1039 2459 1348 2524 Βασιλείαις
1388 2460 1632 2532 ἔγνωμεν
1663 2460 1779 2524 πῶς
1812 2463 1871 2516 ἐν

300 2544 399 2625 μιᾷ
425 2553 581 2608 νυκτὶ
607 2556 635 2606 6
663 2552 890 2623 ἄγγελος
915 2551 1089 2606 ἀνεῖλε
1116 2550 1224 2606 τῶν
1241 2551 1540 2623 Ἀσσυρίων
1570 2558 1684 2624 ρπε¹
1702 2551 1874 2624 χιλιά-

370 2756 390 2789 ‹
418 2728 586 2800 Οὗτος
625 2736 655 2789 ὁ
698 2735 860 2807 νόμος
891 2732 985 2790 τοῦ
1031 2734 1242 2807 Πάσχαο
1281 2735 1397 2798 Πᾶς
1433 2733 1726 2806 ἀλλογενὴς
1773 2734 1873 2788 οὐκ

294 2830 473 2883 ἔδεται
505 2831 601 2883 ἀπ’
630 2827 818 2883 αὐτοῦ.
858 2827 969 2880 Καὶ
1009 2826 1183 2881 πάντα
1213 2826 1429 2897 οἰκέτην
1464 2826 1626 2891 τινὸς,
1653 2825 1747 2879 καὶ
1770 2827 1871 2897 ἀρ-

292 2920 612 2994 γυρώνητον
659 2922 970 2991 περιτεμεῖς
1002 2919 1182 2981 αὑτὸν,
1227 2919 1321 2971 καὶ
1356 2917 1478 2970 τότε
1519 2918 1748 2987 φάγεται
1776 2918 1871 2970 ἀπ’

292 3013 478 3071 αὐτοῦ’
516 3034 534 3066 ι
580 3015 673 3068 καὶ
702 3013 770 3109 τινὰ
804 3012 950 3083 ἐξῆς.
997 3010 1326 3109 Ἀκολούθως
1369 3012 1483 3073 τοῖς
1516 3009 1867 3081 παρατεθεῖσι
1896 3052 1938 3109 c

291 3107 473 3178 τρίτος
511 3106 660 3158 ἐστὶν
690 3095 844 3167 οὗτος
891 3103 1073 3174 νόμος,
1115 3102 1174 3156 ὃν
1217 3097 1337 3154 εἷπε
1388 3101 1548 3155 πάλιν
1592 3103 1621 3154 6
1666 3101 1870 3173 Κύριος

290 3197 444 3270 παρὰ
484 3197 615 3260 τοὺς
654 3196 747 3251 δύο
770 3195 989 3267 νόμους.
1015 3194 1255 3265 Πρόσχες
1283 3194 1341 3247 δέ
1380 3196 1445 3264 τῇ
1490 3193 1743 3265 ἀκριϐείᾳ
1774 3194 1872 3264 τῆς

290 3286 535 3358 Γραφῆς,
562 3288 645 3344 ὅτι
670 3286 772 3340 οὐκ
804 3281 923 3337 εἷπε
960 3283 1145 3338 τοῦτον
1173 3284 1264 3337 τὸν
1300 3283 1462 3355 νόμον
1493 3283 1585 3337 τὸν
1618 3282 1744 3355 περὶ
1776 3282 1867 3337 τοῦ

294 3364 486 3448 Πάσχα
510 3381 541 3433 6
569 3379 775 3452 Κύριος
807 3381 862 3432 ἐν
898 3381 962 3450 τῇ
998 3379 1161 3450 ἀρχῇ.
1192 3378 1255 3430 Ei
1289 3376 1398 3448 γὰρ
1431 3377 1640 3448 εἰρήκει
1672 3376 1752 3430 ἔτι
1784 3376 1870 3430 ὅν-

291 3490 398 3539 των
420 3474 477 3524 ἐν
508 3469 770 3539 Αἰγύπτῳ
804 3469 928 3539 πρὶν
960 3468 1170 3538 ἀπᾷραι
1212 3467 1276 3518 ἐκ
1310 3465 1411 3535 τῆς
1454 3465 1729 3533 Αἰγύπτου
1775 3464 1868 3516 τὸν

305 3563 543 3635 Ἰσραὴλ,
572 3560 654 3626 τὸ,
695 3580 714 3612 ι
744 3561 859 3624 Πᾶς
893 3558 1182 3629 ἀλλογενὴς
1219 3557 1318 3610 ούκ
1345 3555 1519 3615 ἔδεται
1553 3557 1646 3609 ἀπ’
1681 3555 1864 3608 αὐτοῦ.

294 3655 403 3708 Καὶ
434 3652 613 3706 πάντα
648 3650 863 3721 οἰκέτην
904 3648 1067 3713 τινὸς,
1102 3648 1192 3701 καὶ
1233 3646 1618 3723 ἀργυρώνητον
1646 3664 1866 3718 περιτε-

298 3745 434 3815 μεϊς.
468 3741 564 3796 καὶ
589 3741 712 3794 τότε
745 3740 974 3810 φάγεται
1016 3740 1109 3792 ἀπ’
1142 3738 1327 3798 αὐτοῦ,
1364 3756 1382 3788 ι
1438 3737 1538 3790 ούκ
1585 3736 1650 3790 ἂν
1684 3737 1870 3808 ἐξελη-

295 3835 533 3907 λύθησαν
562 3835 591 3886 6
625 3831 952 3903 πολύμικτος
979 3830 1142 3894 πολὺς
1175 3829 1328 3899 ὄχλος
1360 3831 1388 3883 ὁ
1417 3827 1645 3893 ἐξελθὼν
1682 3828 1739 3895 ἐξ
1770 3830 1866 3881 Αί-

297 3928 525 3998 γύπτου.
570 3926 865 3997 Ἐτήρησεν
897 3920 989 3977 οῦν
1026 3924 1116 3976 τὸν
1158 3922 1319 3992 νόμον
1363 3921 1570 3985 τοῦτον,
1607 3920 1696 3974 ἵνα
1732 3919 1868 3991 μετά

292 4023 385 4077 τοῦ
408 4021 644 4089 ἐξελθεῖν
664 4022 791 4083 τοὺς
819 4018 1172 4092 βουλομένους
1201 4016 1326 4087 δοθῇ
1356 4015 1511 4080 ἄλλος
1540 4015 1720 4086 νόμος.
1756 4015 1866 4069 Καὶ

286 4110 411 4181 μετ’
446 4110 644 4179 ὀλίγα.
689 4109 815 4161 Ἐὰν
860 4107 1247 4178 ἀλληγορῶμεν
1288 4106 1462 4159 ταῦτα
1508 4107 1589 4169 εἰς
1631 4106 1728 4177 τὴν
1766 4104 1867 4176 ψυ-

291 4202 391 4275 χὴν
420 4201 599 4273 ἡμῶν,
631 4200 862 4273 ἐροῦμεν
904 4201 984 4254 ὅτι
1023 4201 1314 4266 οἰκογενεῖς
1347 4198 1448 4268 μέν
1480 4199 1616 4250 εἰσιν
1650 4200 1697 4250 οἱ
1729 4214 1869 4268 συμ-

293 4294 594 4363 πεφυκότες
618 4296 750 4365 ήμῖν
776 4293 871 4346 καὶ
898 4291 1300 4363 γεωργηθὲντες
1321 4290 1489 4366 λόγοι,
1521 4291 1614 4343 καὶ
1641 4290 1864 4362 ἐπιστῆ-

1972 1825 2196 1881 omnino
2226 1823 2519 1887 subintret,
2566 1822 2682 1881 lege
2731 1833 3008 1875 cavemus.
3050 1819 3105 1872 In
3132 1833 3197 1873 eo
3234 1826 3409 1871 autem
3457 1832 3553 1887 po-

1972 1918 2074 1972 sita
2126 1916 2310 1970 cautio
2363 1930 2427 1969 ac
2474 1914 2812 1986 praesidium,
2842 1900 2910 1969 'si
2961 1914 3235 1982 ingressus
3284 1911 3446 1966 limen
3489 1925 3554 1966 ac

1972 2019 2152 2079 postes
2183 2008 2305 2080 agni
2338 2008 2604 2078 sanguine
2631 2007 2934 2078 signemus.

2046 2188 2202 2260 123
2248 2187 2511 2242 «Factum
2560 2196 2643 2242 est
2691 2195 2870 2241 autem
2920 2185 3191 2239 mediante
3251 2196 3430 2250 nocte,
3487 2193 3545 2241 et.

1973 2283 2232 2338 Dominus
2293 2279 2563 2349 percussit
2609 2293 2770 2334 omne
2843 2279 3260 2349 primogenitum
3307 2279 3360 2332 in
3410 2286 3552 2332 terra

1972 2373 2293 2444 [Egypti‘n
2338 2372 2480 2426 Deus
2533 2386 2766 2440 namque
2819 2386 2917 2439 per
2970 2371 3192 2440 angelos
3225 2373 3390 2424 hasce
3424 2371 3549 2424 leti-

1972 2462 2120 2516 feras
2156 2461 2342 2531 plagas
2375 2460 2640 2525 immittit,
2669 2461 2743 2513 uti
2771 2461 2938 2514 etiam
2969 2461 3020 2513 in
3052 2454 3361 2527 Regnorum
3399 2459 3549 2515 libris

1972 2552 2202 2623 legimus
2235 2550 2500 2619 quomodo
2542 2549 2769 2620 angelus
2819 2565 2926 2604 uua
2964 2559 3120 2604 nocte
3150 2562 3365 2605 centum
3397 2560 3551 2606 octo-

1971 2646 2120 2717 ginta
2148 2644 2388 2714 quinque
2425 2643 2590 2697 millia
2629 2643 2975 2714 Assyriorum
3008 2643 3271 2702 occidit'.

2048 2756 2067 2791 ‹
2095 2736 2221 2793 Haec
2267 2746 2351 2791 est
2405 2736 2491 2790 lex
2548 2735 2773 2789 Pascha:
2808 2733 3033 2791 :Omuis
3078 2735 3382 2805 alienigena
3442 2751 3549 2791 non

1972 2831 2218 2886 comedet
2281 2829 2348 2882 de
2392 2843 2478 2882 eo.
2532 2826 2599 2881 Et
2643 2841 2862 2881 omnem
2915 2829 3218 2899 cnjuspiam
3268 2827 3548 2893 famulum,

1972 2936 2296 2991 servumque
2346 2921 2651 2989 emptitium
2701 2919 3062 2975 circumcides
3112 2935 3259 2985 eum,
3314 2928 3369 2972 et
3423 2929 3552 2974 tunc

1973 3014 2219 3070 comedet
2250 3013 2316 3067 de
2342 3026 2408 3067 eo
2424 3013 2466 3076 ⁸,
2491 3030 2510 3064 ι
2547 3022 2654 3066 etc.
2693 3010 2895 3067 Ordine
2928 3011 3162 3081 quodam
3194 3010 3260 3064 ad
3293 3024 3387 3064 eas
3430 3025 3550 3079 qtue

1973 3104 2263 3176 proposita:
2292 3111 2439 3166 sunt,
2473 3103 2591 3158 haec
2645 3101 2730 3156 lex
2782 3102 2941 3156 tertia
2975 3111 3060 3155 est
3094 3115 3254 3168 quam
3289 3099 3551 3155 Dominus

1975 3200 2169 3252 iterum
2223 3193 2587 3266 promulgavit
2644 3201 2843 3264 praeter
2905 3191 3051 3262 leges
3110 3193 3264 3246 duas.
3312 3191 3548 3247 Attende

1974 3299 2155 3344 autem
2205 3289 2499 3357 Scriptura:
2555 3285 2936 3355 diligentiam;
3007 3283 3178 3353 legem
3240 3283 3380 3337 banc
3438 3297 3550 3353 qua

1971 3379 2178 3435 Pascha
2213 3379 2476 3442 sancitur,
2534 3393 2642 3432 non
2697 3391 2726 3430 a
2779 3374 3047 3445 principio
3098 3373 3221 3428 tulit
3262 3374 3548 3431 Dominus.

1970 3470 2184 3540 Alioqui
2220 3486 2340 3525 cum
2377 3469 2554 3523 adhuc
2605 3477 2792 3522 essent
2833 3467 2886 3520 in
2918 3465 3176 3536 Egypto,
3220 3481 3280 3521 ac
3311 3468 3544 3520 necdum

1970 3559 2213 3630 profecto
2266 3559 2485 3623 lsraele,
2539 3558 2584 3613 si
2635 3557 2915 3612 dixisset:
2958 3548 3192 3612 «Oinnis
3244 3557 3547 3628 alienigena

1973 3671 2078 3710 non
2116 3654 2362 3709 comedet
2390 3667 2457 3708 ex
2489 3667 2575 3706 eo.
2607 3650 2676 3704 Et
2704 3666 2921 3706 omnem
2974 3651 3280 3722 enjuspiam
3331 3667 3548 3706 servum

1971 3762 2034 3800 ac
2054 3745 2357 3814 emptitimn
2386 3745 2768 3809 circumcides,
2802 3756 2859 3799 et
2889 3755 3017 3799 tunc
3042 3745 3293 3799 comedet
3322 3759 3386 3798 ex
3421 3760 3542 3811 eo,»

1971 3856 2076 3894 non
2111 3839 2334 3894 exiisset
2368 3839 2558 3909 ingens
2606 3838 2692 3892 illa
2746 3837 3058 3908 promiscua
3104 3837 3398 3892 multitudo
3427 3853 3550 3907 qum

1969 3947 2034 3986 ex
2077 3930 2312 4002 IEgypto
2359 3946 2579 4001 egressa
2629 3938 2731 3985 est.
2792 3930 3039 3983 Retinnit
3069 3930 3254 4000 itaque
3290 3930 3432 3984 banc
3466 3930 3550 3983 le-

1970 4039 2113 4095 gem,
2149 4033 2208 4077 ut
2237 4022 2302 4077 iis
2340 4024 2433 4092 qui
2471 4021 2651 4092 egredi
2687 4022 3009 4088 voluissent,
3045 4023 3270 4075 daretur
3302 4022 3404 4076 alia
3441 4022 3548 4078 lex.

1969 4111 2038 4166 Et
2069 4122 2187 4183 post
2230 4129 2421 4181 pauca.
2452 4112 2507 4166 Si
2540 4114 2653 4167 haac
2686 4113 2752 4166 ad
2785 4123 3020 4168 mentem
3058 4123 3302 4167 nostram
3340 4111 3549 4167 refera-

1971 4219 2113 4268 mus,
2160 4203 2407 4258 dicemus
2459 4204 2782 4258 vernaculos
2825 4219 2972 4268 esse,
3025 4205 3342 4274 congenitas
3390 4204 3549 4259 nobis

1969 4312 2035 4350 ac
2072 4304 2257 4351 nostra
2284 4304 2467 4366 partas
2496 4297 2758 4351 industria
2801 4297 3082 4362 scientias,
3112 4296 3309 4367 quibus
3343 4313 3372 4350 a
3419 4311 3550 4350 con-

291 4407 375 4444 ναι
411 4387 521 4440 ἀπὸ
554 4385 844 4457 συμφύτων
874 4383 1089 4440 ἐννοιῶν
1135 4383 1448 4457 ἀρξάμενοι·
1489 4382 1864 4455 ἀργυρώνητοι

1972 4387 2169 4458 genitis
2198 4387 2512 4442 notionibus
2541 4389 2683 4443 scire
2708 4388 3088 4457 auspicantur;
3122 4397 3336 4454 emptos
3364 4396 3545 4439 autem

294 4477 371 4544 δὲ,
399 4478 514 4530 ὅσοι
549 4478 613 4529 ἐκ
639 4476 982 4539 διδασκαλίας
1011 4477 1141 4547 ἡμῖν
1167 4475 1498 4546 ἐπιγίνονται
1530 4475 1727 4543 ἔξωθεν
1759 4475 1866 4528 ἀπὸ

295 4572 396 4626 τῶν
431 4569 788 4641 μαθημάτων.
820 4568 1034 4632 Πάντας
1084 4563 1177 4622 οῦν
1208 4586 1341 4640 φησι
1380 4568 1727 4641 περιτέμνειν
1775 4570 1869 4622 καὶ

295 4661 595 4733 καθαίρειν,
627 4660 720 4713 καὶ
748 4659 873 4721 τοὺς
908 4661 1219 4727 οἰκογενεῖς,
1256 4659 1350 4712 καὶ
1379 4658 1503 4722 τοὺς
1549 4658 1861 4730 ἀργυρωνή-

296 4771 434 4818 τους.
482 4751 766 4822 ’Δλλογενῆ
811 4750 867 4804 δὲ
897 4750 1085 4805 οὐδένα
1128 4751 1209 4804 δεῖ
1248 4748 1708 4822 προσλαμϐάνειν,
1757 4743 1866 4803 οἷον

295 4845 567 4916 ἀλλότριον
593 4843 770 4915 δόγμα
805 4842 1214 4913 προσιεμένουςο
1241 4842 1500 4913 ἀλλογενῆ
1531 4840 1640 4913 γὰρ
1672 4842 1732 4895 ού
1764 4858 1867 4895 πα-

300 4933 594 5007 ραδέχεται,
644 4932 703 4997 ὃς
753 4931 999 5002 βούλεται
1046 4930 1350 5004 βεϐηλῶσαι
1382 4932 1480 5003 τὴν
1529 4931 1720 5002 ἑορτὴν
1769 4929 1864 4984 τοῦ

297 5027 514 5099 Κυρίου.
545 5026 657 5080 Καὶ
683 5024 812 5095 μετ’
836 5024 1031 5096 ὀλίγα.
1062 5023 1250 5096 Εἰγάρ
1267 5026 1325 5079 ἐν
1348 5014 1639 5096 Ἐκκλησία
1668 5022 1865 5088 ἐσθίεις

298 5117 475 5188 λόγους
503 5116 662 5182 Θεοῦ,
696 5116 895 5180 ἐσθίεις
923 5116 980 5169 δὲ
1009 5116 1103 5168 καὶ
1147 5118 1205 5170 ὲν
1249 5116 1519 5170 Ἰουδαίων
1553 5118 1861 5187 συναγωγῇ,

300 5211 645 5284 παραϐαίνεις
675 5209 773 5280 τὴν
796 5207 1060 5277 λέγουσαν
1093 5209 1332 5280 ἐντολὴν,
1373 5228 1391 5261 ι
1440 5210 1528 5262 Ἐν
1575 5209 1721 5280 οἰκία
1770 5209 1867 5280 μιᾷ

303 5304 650 5377 βρωθήσεται.
689 5322 708 5353 ι
740 5301 805 5354 Εἰ
832 5300 886 5354 δὲ
922 5301 1360 5373 μεταλαμϐάνεις
1391 5301 1570 5371 λόγων
1608 5300 1765 5366 Θεοῦ,
1809 5304 1867 5355 ἐν

301 5396 428 5467 οἰκίᾳ
448 5399 551 5470 μιᾷ
567 5398 637 5467 τῇ
670 5392 982 5466 Ἐκκλησία·
1017 5391 1134 5446 εἶτα
1169 5391 1486 5446 καταλιπὼν
1517 5391 1707 5464 αὐτὴν,
1734 5393 1867 5454 ὑπο-

300 5485 583 5559 λαμϐάνεις
616 5483 1053 5557 μεταλαμϐάνειν
1083 5483 1219 5543 Θεοῦ
1268 5486 1327 5541 ὲν
1358 5486 1605 5558 αἱρετικῇ
1637 5472 1870 5556 συναγω-

1972 4480 2168 4549 pretio,
2202 4494 2296 4534 eas
2345 4495 2462 4549 qua:
2508 4479 2645 4535 foris
2686 4495 2750 4534 ex
2801 4479 3049 4534 doctrina
3101 4496 3200 4550 per
3233 4478 3548 4548 disciplinas

1973 4574 2258 4627 accedunt.
2295 4571 2496 4627 Omnes
2535 4589 2665 4645 ergo
2691 4575 2845 4644 jubet
2896 4572 3215 4628 circumcidi
3254 4586 3319 4626 ac
3351 4585 3546 4625 emun-

1974 4662 2093 4717 dari
2129 4670 2239 4716 tum
2275 4664 2617 4732 vernaculos,
2666 4675 2778 4719 tum
2812 4664 3112 4736 emptitios.
3145 4663 3314 4718 Nemo
3363 4675 3543 4717 autem

1974 4755 2277 4825 alienigena
2326 4759 2686 4813 assumendus
2729 4768 2848 4823 est,
2900 4758 3206 4828 cujnsmodl
3266 4766 3394 4813 sunt
3450 4755 3542 4826 qui

1973 4849 2283 4903 doctrinam
2320 4849 2554 4903 allenam
2602 4850 2914 4904 admittunt.
2963 4849 3077 4903 Non
3110 4850 3255 4904 enim
3286 4850 3547 4918 recipitur

1974 4940 2302 5011 alienigena,
2335 4942 2425 5008 qui
2461 4941 2670 4996 Domini
2706 4941 3104 4996 solemnitatem
3138 4941 3251 4996 vult
3282 4941 3545 5010 polluere.

1973 5029 2043 5084 Et
2075 5041 2189 5099 post
2234 5047 2425 5098 pauca.
2471 5031 2545 5086 Si'
2577 5032 2721 5085 enim
2769 5030 2861 5085 Dei
2896 5032 3261 5085 sermones-in
3299 5030 3544 5085 Ecclesia

1969 5124 2233 5191 comedis,
2258 5135 2422 5195 atque
2450 5126 2612 5179 etiam
2644 5126 2695 5179 in
2722 5123 3028 5179 Iudaeorum
3060 5139 3333 5196 synagoga
3364 5138 3544 5179 come-

1966 5216 2071 5282 dis,
2106 5219 2512 5286 transgrederis
2559 5218 2875 5274 mandatum
2909 5220 3051 5290 quod
3096 5220 3270 5275 dicit:
3303 5238 3320 5271 ι
3345 5218 3402 5273 In
3433 5233 3542 5274 una

1967 5309 2127 5374 domo
2156 5308 2545 5366 comedetur.)
2584 5312 2677 5366 Sin
2705 5311 2798 5367 Dei
2833 5328 3112 5370 sermones
3142 5313 3194 5367 in
3230 5328 3333 5367 una
3359 5311 3545 5380 domo,

1965 5412 2163 5468 nempe
2186 5400 2426 5467 Ecclesia
2456 5403 2710 5473 percipis,
2734 5415 2958 5473 tumque
2980 5419 3042 5458 ea
3071 5403 3276 5468 relicta,
3300 5400 3543 5471 opinaris

1969 5497 2025 5546 te
2058 5490 2157 5548 Dei
2190 5493 2508 5581 participem
2542 5494 2680 5550 etIici
2730 5496 2796 5554 in,
2820 5496 3202 5561 haereticorum
3246 5504 3541 5565 synagoga,

355 5681 371 5704 °
394 5672 434 5727 ll
459 5671 591 5728 Cor.
618 5686 679 5738 v,
707 5671 794 5726 Π.
857 5672 879 5705 ⁸
900 5673 1068 5730 Exod.
1092 5691 1192 5744 xu,
1214 5676 1305 5733 9.2.
1385 5677 1405 5708 ⁸
1436 5676 1565 5732 ibid.
1592 5677 1681 5734 29.
1758 5677 1778 5709 "
1805 5676 1872 5734 IV
1899 5678 2032 5748 Reg.
2061 5690 2172 5743 nx,
2198 5673 2289 5732 35.
2369 5675 2391 5708 ⁸
2413 5674 2582 5732 Exod.
2610 5688 2706 5745 xu,
2730 5674 2820 5745 45,
2848 5675 2937 5734 Η.
