  <div class='ocr_page' id='page_1' title='image "/cluster/home/n/w/nwhite01/storage/ocr_20150623/12/mdp.39015028786690/153.png"; bbox 0 0 4050 6142; ppageno 0'>
   <div class='ocr_carea' id='block_1_1' title="bbox 542 234 650 291">
    <p class='ocr_par' dir='ltr' id='par_1_1' title="bbox 542 234 650 291">
     <span class='ocr_line' id='line_1_1' title="bbox 542 234 650 291; baseline -0.019 0"><span class='ocrx_word' id='word_1_1' title='bbox 542 234 650 291; x_wconf 70' lang='grc'><strong>937</strong></span> 
     </span>
    </p>
   </div>
   <div class='ocr_carea' id='block_1_2' title="bbox 1979 233 2403 292">
    <p class='ocr_par' dir='ltr' id='par_1_2' title="bbox 1979 233 2403 292">
     <span class='ocr_line' id='line_1_2' title="bbox 1979 233 2403 292; baseline -0.009 0"><span class='ocrx_word' id='word_1_2' title='bbox 1979 237 2067 292; x_wconf 78' lang='lat' dir='ltr'><strong>EX</strong></span> <span class='ocrx_word' id='word_1_3' title='bbox 2102 233 2403 292; x_wconf 79' lang='lat' dir='ltr'><strong>ORIGENE</strong></span> 
     </span>
    </p>
   </div>
   <div class='ocr_carea' id='block_1_3' title="bbox 3677 230 3829 288">
    <p class='ocr_par' dir='ltr' id='par_1_3' title="bbox 3677 230 3829 288">
     <span class='ocr_line' id='line_1_3' title="bbox 3677 230 3829 288; baseline 0 0"><span class='ocrx_word' id='word_1_4' title='bbox 3677 230 3829 288; x_wconf 71' lang='lat'><strong>288</strong></span> 
     </span>
    </p>
   </div>
   <div class='ocr_carea' id='block_1_4' title="bbox 545 347 2102 424">
    <p class='ocr_par' dir='ltr' id='par_1_4' title="bbox 545 349 2102 419">
     <span class='ocr_line' id='line_1_4' title="bbox 545 349 2102 419; baseline 0.003 -15"><span class='ocrx_word' id='word_1_5' title='bbox 545 366 668 404; x_wconf 91' lang='lat' dir='ltr'><strong>cum</strong></span> <span class='ocrx_word' id='word_1_6' title='bbox 696 349 782 404; x_wconf 79' lang='lat' dir='ltr'><strong>lex</strong></span> <span class='ocrx_word' id='word_1_7' title='bbox 816 350 1002 406; x_wconf 86' lang='lat' dir='ltr'><strong>dicat:</strong></span> <span class='ocrx_word' id='word_1_8' title='bbox 1034 368 1054 403; x_wconf 80' lang='grc' dir='ltr'><strong>ι</strong></span> <span class='ocrx_word' id='word_1_9' title='bbox 1078 350 1135 405; x_wconf 92' lang='lat' dir='ltr'><strong>ln</strong></span> <span class='ocrx_word' id='word_1_10' title='bbox 1169 366 1276 406; x_wconf 90' lang='lat' dir='ltr'><strong>nna</strong></span> <span class='ocrx_word' id='word_1_11' title='bbox 1306 353 1467 407; x_wconf 91' lang='lat' dir='ltr'><strong>domo</strong></span> <span class='ocrx_word' id='word_1_12' title='bbox 1503 353 1840 419; x_wconf 84' lang='lat' dir='ltr'><strong>comedetnr,</strong></span> <span class='ocrx_word' id='word_1_13' title='bbox 1863 372 1885 406; x_wconf 73' lang='grc' dir='ltr'><strong>ι</strong></span> <span class='ocrx_word' id='word_1_14' title='bbox 1915 354 1969 409; x_wconf 94' lang='lat' dir='ltr'><strong>in</strong></span> <span class='ocrx_word' id='word_1_15' title='bbox 2006 369 2102 409; x_wconf 82' lang='lat' dir='ltr'><strong>una</strong></span> 
     </span>
    </p>
   </div>
   <div class='ocr_carea' id='block_1_5' title="bbox 2207 347 3826 424">
    <p class='ocr_par' dir='ltr' id='par_1_5' title="bbox 2214 347 3826 424">
     <span class='ocr_line' id='line_1_5' title="bbox 2214 347 3826 424; baseline 0 -19"><span class='ocrx_word' id='word_1_16' title='bbox 2214 355 2308 424; x_wconf 79' lang='grc' dir='ltr'><strong>γῇ,</strong></span> <span class='ocrx_word' id='word_1_17' title='bbox 2339 352 2602 424; x_wconf 87' lang='grc' dir='ltr'>λεγουσης</span> <span class='ocrx_word' id='word_1_18' title='bbox 2629 350 2729 423; x_wconf 85' lang='grc' dir='ltr'>τῆς</span> <span class='ocrx_word' id='word_1_19' title='bbox 2757 350 2994 422; x_wconf 84' lang='grc' dir='ltr'>ἐντολῆς,</span> <span class='ocrx_word' id='word_1_20' title='bbox 3035 368 3055 401; x_wconf 79' lang='grc' dir='ltr'><strong>ι</strong></span> <span class='ocrx_word' id='word_1_21' title='bbox 3093 350 3181 407; x_wconf 82' lang='grc' dir='ltr'>Ἐν</span> <span class='ocrx_word' id='word_1_22' title='bbox 3210 349 3357 421; x_wconf 77' lang='grc' dir='ltr'>οίκίᾳ</span> <span class='ocrx_word' id='word_1_23' title='bbox 3389 350 3486 420; x_wconf 86' lang='grc' dir='ltr'><strong>μιᾷ</strong></span> <span class='ocrx_word' id='word_1_24' title='bbox 3512 347 3782 421; x_wconf 75' lang='grc' dir='ltr'>βρωθήσε</span> <span class='ocrx_word' id='word_1_25' title='bbox 3807 377 3826 389; x_wconf 70' lang='grc' dir='ltr'><em>α</em></span> 
     </span>
    </p>
   </div>
   <div class='ocr_carea' id='block_1_6' title="bbox 543 441 2114 518">
    <p class='ocr_par' dir='ltr' id='par_1_6' title="bbox 543 441 2114 518">
     <span class='ocr_line' id='line_1_6' title="bbox 543 441 2114 518; baseline 0.004 -21"><span class='ocrx_word' id='word_1_26' title='bbox 543 443 703 497; x_wconf 85' lang='lat' dir='ltr'><strong>domo</strong></span> <span class='ocrx_word' id='word_1_27' title='bbox 734 457 838 496; x_wconf 93' lang='lat' dir='ltr'><strong>non</strong></span> <span class='ocrx_word' id='word_1_28' title='bbox 872 443 1129 497; x_wconf 81' lang='lat' dir='ltr'><strong>comedis.</strong></span> <span class='ocrx_word' id='word_1_29' title='bbox 1166 441 1339 497; x_wconf 89' lang='lat' dir='ltr'><strong>Unam</strong></span> <span class='ocrx_word' id='word_1_30' title='bbox 1387 444 1571 515; x_wconf 96' lang='lat' dir='ltr'><strong>itaque</strong></span> <span class='ocrx_word' id='word_1_31' title='bbox 1611 446 1830 499; x_wconf 86' lang='lat' dir='ltr'><strong>domum</strong></span> <span class='ocrx_word' id='word_1_32' title='bbox 1875 445 2114 518; x_wconf 90' lang='lat' dir='ltr'><strong>intellige</strong></span> 
     </span>
    </p>
   </div>
   <div class='ocr_carea' id='block_1_7' title="bbox 538 532 2111 603">
    <p class='ocr_par' dir='ltr' id='par_1_7' title="bbox 538 532 2111 603">
     <span class='ocr_line' id='line_1_7' title="bbox 538 532 2111 603; baseline 0.006 -17"><span class='ocrx_word' id='word_1_33' title='bbox 538 532 837 586; x_wconf 86' lang='lat' dir='ltr'><strong>Ecclesiam</strong></span> <span class='ocrx_word' id='word_1_34' title='bbox 887 540 943 588; x_wconf 91' lang='lat' dir='ltr'><strong>et</strong></span> <span class='ocrx_word' id='word_1_35' title='bbox 986 548 1255 603; x_wconf 86' lang='lat' dir='ltr'><strong>nusquam</strong></span> <span class='ocrx_word' id='word_1_36' title='bbox 1302 543 1458 591; x_wconf 75' lang='lat' dir='ltr'><strong>extra</strong></span> <span class='ocrx_word' id='word_1_37' title='bbox 1490 534 1789 591; x_wconf 88' lang='lat' dir='ltr'><strong>Ecclesiam</strong></span> <span class='ocrx_word' id='word_1_38' title='bbox 1825 552 1983 593; x_wconf 86' lang='lat' dir='ltr'><strong>ovem</strong></span> <span class='ocrx_word' id='word_1_39' title='bbox 2013 553 2111 595; x_wconf 89' lang='lat' dir='ltr'><strong>co-</strong></span> 
     </span>
    </p>
   </div>
   <div class='ocr_carea' id='block_1_8' title="bbox 534 624 710 679">
    <p class='ocr_par' dir='ltr' id='par_1_8' title="bbox 534 624 710 679">
     <span class='ocr_line' id='line_1_8' title="bbox 534 624 710 679; baseline -0.011 0"><span class='ocrx_word' id='word_1_40' title='bbox 534 624 710 679; x_wconf 83' lang='lat' dir='ltr'><strong>mede.</strong></span> 
     </span>
    </p>
   </div>
   <div class='ocr_carea' id='block_1_9' title="bbox 614 713 2119 774">
    <p class='ocr_par' dir='ltr' id='par_1_9' title="bbox 614 713 2119 774">
     <span class='ocr_line' id='line_1_9' title="bbox 614 713 2119 774; baseline 0.004 -8"><span class='ocrx_word' id='word_1_41' title='bbox 614 732 635 765; x_wconf 82' lang='grc' dir='ltr'><strong>ι</strong></span> <span class='ocrx_word' id='word_1_42' title='bbox 663 714 725 768; x_wconf 86' lang='lat' dir='ltr'><strong>Et</strong></span> <span class='ocrx_word' id='word_1_43' title='bbox 757 728 865 769; x_wconf 93' lang='lat' dir='ltr'><strong>non</strong></span> <span class='ocrx_word' id='word_1_44' title='bbox 896 713 1134 772; x_wconf 80' lang='lat' dir='ltr'><strong>ell&#39;cretis</strong></span> <span class='ocrx_word' id='word_1_45' title='bbox 1171 732 1202 772; x_wconf 92' lang='lat' dir='ltr'><strong>e</strong></span> <span class='ocrx_word' id='word_1_46' title='bbox 1246 717 1410 772; x_wconf 89' lang='lat' dir='ltr'><strong>domo</strong></span> <span class='ocrx_word' id='word_1_47' title='bbox 1444 718 1523 773; x_wconf 82' lang='lat' dir='ltr'><strong>de</strong></span> <span class='ocrx_word' id='word_1_48' title='bbox 1558 716 1819 773; x_wconf 88' lang='lat' dir='ltr'><strong>carnibus</strong></span> <span class='ocrx_word' id='word_1_49' title='bbox 1849 716 2051 774; x_wconf 81' lang='lat' dir='ltr'><strong>foras’.</strong></span> <span class='ocrx_word' id='word_1_50' title='bbox 2086 738 2119 772; x_wconf 59' lang='grc' dir='ltr'><strong>ιι</strong></span> 
     </span>
    </p>
   </div>
   <div class='ocr_carea' id='block_1_10' title="bbox 541 805 2112 866">
    <p class='ocr_par' dir='ltr' id='par_1_10' title="bbox 541 805 2112 866">
     <span class='ocr_line' id='line_1_10' title="bbox 541 805 2112 866; baseline 0.004 -6"><span class='ocrx_word' id='word_1_51' title='bbox 541 805 984 863; x_wconf 85' lang='lat' dir='ltr'><strong>Ecclesiasticum</strong></span> <span class='ocrx_word' id='word_1_52' title='bbox 1022 823 1330 865; x_wconf 86' lang='lat' dir='ltr'><strong>sermonem</strong></span> <span class='ocrx_word' id='word_1_53' title='bbox 1381 818 1534 865; x_wconf 80' lang='lat' dir='ltr'><strong>extra</strong></span> <span class='ocrx_word' id='word_1_54' title='bbox 1579 810 1880 865; x_wconf 89' lang='lat' dir='ltr'><strong>Ecclesiam</strong></span> <span class='ocrx_word' id='word_1_55' title='bbox 1915 812 2112 866; x_wconf 91' lang='lat' dir='ltr'><strong>docere</strong></span> 
     </span>
    </p>
   </div>
   <div class='ocr_carea' id='block_1_11' title="bbox 538 896 2107 961">
    <p class='ocr_par' dir='ltr' id='par_1_11' title="bbox 538 896 2107 961">
     <span class='ocr_line' id='line_1_11' title="bbox 538 896 2107 961; baseline 0.004 -11"><span class='ocrx_word' id='word_1_56' title='bbox 538 912 645 951; x_wconf 92' lang='lat' dir='ltr'><strong>non</strong></span> <span class='ocrx_word' id='word_1_57' title='bbox 689 896 834 961; x_wconf 90' lang='lat' dir='ltr'><strong>licet,</strong></span> <span class='ocrx_word' id='word_1_58' title='bbox 880 899 956 954; x_wconf 90' lang='lat' dir='ltr'><strong>uti</strong></span> <span class='ocrx_word' id='word_1_59' title='bbox 1011 914 1114 954; x_wconf 92' lang='lat' dir='ltr'><strong>nec</strong></span> <span class='ocrx_word' id='word_1_60' title='bbox 1162 910 1320 955; x_wconf 78' lang='lat' dir='ltr'><strong>extra</strong></span> <span class='ocrx_word' id='word_1_61' title='bbox 1367 900 1587 955; x_wconf 90' lang='lat' dir='ltr'><strong>domum</strong></span> <span class='ocrx_word' id='word_1_62' title='bbox 1638 916 1833 957; x_wconf 88' lang='lat' dir='ltr'><strong>carnes</strong></span> <span class='ocrx_word' id='word_1_63' title='bbox 1875 900 2107 956; x_wconf 76' lang='lat' dir='ltr'><strong>cll&#39;erre:</strong></span> 
     </span>
    </p>
   </div>
   <div class='ocr_carea' id='block_1_12' title="bbox 538 985 2112 1063">
    <p class='ocr_par' dir='ltr' id='par_1_12' title="bbox 538 985 2112 1063">
     <span class='ocr_line' id='line_1_12' title="bbox 538 985 2112 1063; baseline 0.003 -21"><span class='ocrx_word' id='word_1_64' title='bbox 538 988 594 1043; x_wconf 88' lang='lat' dir='ltr'><strong>in</strong></span> <span class='ocrx_word' id='word_1_65' title='bbox 646 985 980 1057; x_wconf 71' lang='lat' dir='ltr'><strong>Judaaorum,</strong></span> <span class='ocrx_word' id='word_1_66' title='bbox 1025 991 1270 1060; x_wconf 88' lang='lat' dir='ltr'><strong>inquam,</strong></span> <span class='ocrx_word' id='word_1_67' title='bbox 1306 998 1399 1046; x_wconf 86' lang='lat' dir='ltr'><strong>aut</strong></span> <span class='ocrx_word' id='word_1_68' title='bbox 1448 992 1828 1047; x_wconf 69' lang='lat' dir='ltr'><strong>haereticorum</strong></span> <span class='ocrx_word' id='word_1_69' title='bbox 1881 1007 2112 1063; x_wconf 86' lang='lat' dir='ltr'><strong>synago-</strong></span> 
     </span>
    </p>
   </div>
   <div class='ocr_carea' id='block_1_13' title="bbox 537 1079 2110 1154">
    <p class='ocr_par' dir='ltr' id='par_1_13' title="bbox 537 1079 2110 1154">
     <span class='ocr_line' id='line_1_13' title="bbox 537 1079 2110 1154; baseline 0.004 -23"><span class='ocrx_word' id='word_1_70' title='bbox 537 1094 682 1148; x_wconf 85' lang='lat' dir='ltr'><strong>gam.</strong></span> <span class='ocrx_word' id='word_1_71' title='bbox 711 1079 942 1135; x_wconf 86' lang='lat' dir='ltr'><strong>Perinde</strong></span> <span class='ocrx_word' id='word_1_72' title='bbox 972 1081 1116 1136; x_wconf 85' lang='lat' dir='ltr'><strong>enim</strong></span> <span class='ocrx_word' id='word_1_73' title='bbox 1142 1091 1229 1137; x_wconf 87' lang='lat' dir='ltr'><strong>est</strong></span> <span class='ocrx_word' id='word_1_74' title='bbox 1258 1096 1321 1138; x_wconf 88' lang='lat' dir='ltr'><strong>ac</strong></span> <span class='ocrx_word' id='word_1_75' title='bbox 1347 1082 1395 1137; x_wconf 88' lang='lat' dir='ltr'><strong>si</strong></span> <span class='ocrx_word' id='word_1_76' title='bbox 1419 1082 1728 1153; x_wconf 85' lang='lat' dir='ltr'><strong>margaritae</strong></span> <span class='ocrx_word' id='word_1_77' title='bbox 1755 1091 1885 1137; x_wconf 89' lang='lat' dir='ltr'><strong>ante</strong></span> <span class='ocrx_word' id='word_1_78' title='bbox 1915 1098 2110 1154; x_wconf 88' lang='lat' dir='ltr'><strong>porcos</strong></span> 
     </span>
    </p>
   </div>
   <div class='ocr_carea' id='block_1_14' title="bbox 535 1171 915 1242">
    <p class='ocr_par' dir='ltr' id='par_1_14' title="bbox 535 1171 915 1242">
     <span class='ocr_line' id='line_1_14' title="bbox 535 1171 915 1242; baseline 0 -17"><span class='ocrx_word' id='word_1_79' title='bbox 535 1171 915 1242; x_wconf 90' lang='lat' dir='ltr'><strong>proiiciantur.</strong></span> 
     </span>
    </p>
   </div>
   <div class='ocr_carea' id='block_1_15' title="bbox 614 1262 2113 1321">
    <p class='ocr_par' dir='ltr' id='par_1_15' title="bbox 614 1262 2113 1321">
     <span class='ocr_line' id='line_1_15' title="bbox 614 1262 2113 1321; baseline 0.005 -7"><span class='ocrx_word' id='word_1_80' title='bbox 614 1263 844 1318; x_wconf 69' lang='lat' dir='ltr'><strong>«Omnis</strong></span> <span class='ocrx_word' id='word_1_81' title='bbox 887 1262 1303 1318; x_wconf 89' lang='lat' dir='ltr'><strong>incircumcisus</strong></span> <span class='ocrx_word' id='word_1_82' title='bbox 1358 1278 1464 1317; x_wconf 92' lang='lat' dir='ltr'><strong>non</strong></span> <span class='ocrx_word' id='word_1_83' title='bbox 1516 1268 1764 1320; x_wconf 84' lang='lat' dir='ltr'><strong>comedet</strong></span> <span class='ocrx_word' id='word_1_84' title='bbox 1808 1278 1879 1319; x_wconf 68' lang='lat' dir='ltr'><strong>es</strong></span> <span class='ocrx_word' id='word_1_85' title='bbox 1906 1279 1972 1320; x_wconf 92' lang='lat' dir='ltr'><strong>eo</strong></span> <span class='ocrx_word' id='word_1_86' title='bbox 1992 1267 2056 1321; x_wconf 74' lang='grc' dir='ltr'>ιο.</span> <span class='ocrx_word' id='word_1_87' title='bbox 2084 1286 2113 1320; x_wconf 66' lang='grc' dir='ltr'><strong>ι</strong></span> 
     </span>
    </p>
   </div>
   <div class='ocr_carea' id='block_1_16' title="bbox 535 1354 2109 1424">
    <p class='ocr_par' dir='ltr' id='par_1_16' title="bbox 535 1354 2109 1424">
     <span class='ocr_line' id='line_1_16' title="bbox 535 1354 2109 1424; baseline 0 -14"><span class='ocrx_word' id='word_1_88' title='bbox 535 1355 761 1411; x_wconf 87' lang='lat' dir='ltr'><strong>Omnem</strong></span> <span class='ocrx_word' id='word_1_89' title='bbox 792 1355 956 1409; x_wconf 91' lang='lat' dir='ltr'><strong>animi</strong></span> <span class='ocrx_word' id='word_1_90' title='bbox 984 1354 1152 1408; x_wconf 82' lang='lat' dir='ltr'><strong>fetum</strong></span> <span class='ocrx_word' id='word_1_91' title='bbox 1185 1354 1484 1424; x_wconf 84' lang='lat' dir='ltr'><strong>spiritalem</strong></span> <span class='ocrx_word' id='word_1_92' title='bbox 1520 1364 1864 1424; x_wconf 83' lang='lat' dir='ltr'><strong>superantem</strong></span> <span class='ocrx_word' id='word_1_93' title='bbox 1895 1365 2109 1410; x_wconf 91' lang='lat' dir='ltr'><strong>terrena</strong></span> 
     </span>
    </p>
   </div>
   <div class='ocr_carea' id='block_1_17' title="bbox 535 1444 2111 1516">
    <p class='ocr_par' dir='ltr' id='par_1_17' title="bbox 535 1444 2111 1516">
     <span class='ocr_line' id='line_1_17' title="bbox 535 1444 2111 1516; baseline 0.003 -17"><span class='ocrx_word' id='word_1_94' title='bbox 535 1447 683 1515; x_wconf 92' lang='lat' dir='ltr'><strong>(sunt</strong></span> <span class='ocrx_word' id='word_1_95' title='bbox 707 1455 884 1500; x_wconf 89' lang='lat' dir='ltr'><strong>autem</strong></span> <span class='ocrx_word' id='word_1_96' title='bbox 919 1454 1136 1502; x_wconf 88' lang='lat' dir='ltr'><strong>terrena</strong></span> <span class='ocrx_word' id='word_1_97' title='bbox 1167 1444 1427 1510; x_wconf 74' lang='lat' dir='ltr'><strong>feminea)</strong></span> <span class='ocrx_word' id='word_1_98' title='bbox 1460 1448 1859 1502; x_wconf 89' lang='lat' dir='ltr'><strong>circumcidere</strong></span> <span class='ocrx_word' id='word_1_99' title='bbox 1891 1456 2111 1516; x_wconf 88' lang='lat' dir='ltr'><strong>oportet</strong></span> 
     </span>
    </p>
   </div>
   <div class='ocr_carea' id='block_1_18' title="bbox 533 1537 2111 1609">
    <p class='ocr_par' dir='ltr' id='par_1_18' title="bbox 533 1537 2111 1609">
     <span class='ocr_line' id='line_1_18' title="bbox 533 1537 2111 1609; baseline 0.002 -19"><span class='ocrx_word' id='word_1_100' title='bbox 533 1551 598 1590; x_wconf 87' lang='lat' dir='ltr'><strong>ac</strong></span> <span class='ocrx_word' id='word_1_101' title='bbox 625 1540 943 1603; x_wconf 85' lang='lat' dir='ltr'><strong>emundare,</strong></span> <span class='ocrx_word' id='word_1_102' title='bbox 974 1547 1033 1591; x_wconf 92' lang='lat' dir='ltr'><strong>ut</strong></span> <span class='ocrx_word' id='word_1_103' title='bbox 1064 1538 1144 1592; x_wconf 89' lang='lat' dir='ltr'><strong>sic</strong></span> <span class='ocrx_word' id='word_1_104' title='bbox 1174 1537 1371 1607; x_wconf 86' lang='lat' dir='ltr'><strong>aliquis</strong></span> <span class='ocrx_word' id='word_1_105' title='bbox 1398 1537 1682 1593; x_wconf 82' lang='lat' dir='ltr'><strong>Paschalis</strong></span> <span class='ocrx_word' id='word_1_106' title='bbox 1708 1554 1905 1594; x_wconf 90' lang='lat' dir='ltr'><strong>carnes</strong></span> <span class='ocrx_word' id='word_1_107' title='bbox 1931 1539 2111 1609; x_wconf 90' lang='lat' dir='ltr'><strong>perci-</strong></span> 
     </span>
    </p>
   </div>
   <div class='ocr_carea' id='block_1_19' title="bbox 533 1628 2103 1701">
    <p class='ocr_par' dir='ltr' id='par_1_19' title="bbox 533 1628 2103 1701">
     <span class='ocr_line' id='line_1_19' title="bbox 533 1628 2103 1701; baseline 0.001 -20"><span class='ocrx_word' id='word_1_108' title='bbox 533 1629 666 1696; x_wconf 90' lang='lat' dir='ltr'><strong>piat.</strong></span> <span class='ocrx_word' id='word_1_109' title='bbox 709 1628 862 1683; x_wconf 91' lang='lat' dir='ltr'><strong>Sicut</strong></span> <span class='ocrx_word' id='word_1_110' title='bbox 903 1638 1087 1684; x_wconf 91' lang='lat' dir='ltr'><strong>autem</strong></span> <span class='ocrx_word' id='word_1_111' title='bbox 1131 1629 1404 1698; x_wconf 83' lang='lat' dir='ltr'><strong>indigena.</strong></span> <span class='ocrx_word' id='word_1_112' title='bbox 1450 1629 1530 1686; x_wconf 91' lang='lat' dir='ltr'><strong>sic</strong></span> <span class='ocrx_word' id='word_1_113' title='bbox 1571 1628 1737 1701; x_wconf 62' lang='grc'><strong>124</strong></span> <span class='ocrx_word' id='word_1_114' title='bbox 1781 1638 1835 1683; x_wconf 89' lang='lat' dir='ltr'><strong>et</strong></span> <span class='ocrx_word' id='word_1_115' title='bbox 1877 1631 2103 1684; x_wconf 80' lang='lat' dir='ltr'><strong>advena.</strong></span> 
     </span>
    </p>
   </div>
   <div class='ocr_carea' id='block_1_20' title="bbox 530 1701 2179 1789">
    <p class='ocr_par' dir='ltr' id='par_1_20' title="bbox 530 1701 2179 1789">
     <span class='ocr_line' id='line_1_20' title="bbox 530 1701 2179 1789; baseline 0.001 -15"><span class='ocrx_word' id='word_1_116' title='bbox 530 1717 649 1774; x_wconf 86' lang='lat' dir='ltr'><strong>Non</strong></span> <span class='ocrx_word' id='word_1_117' title='bbox 681 1720 823 1774; x_wconf 92' lang='lat' dir='ltr'><strong>enim</strong></span> <span class='ocrx_word' id='word_1_118' title='bbox 850 1720 1057 1775; x_wconf 86' lang='lat' dir='ltr'><strong>semina</strong></span> <span class='ocrx_word' id='word_1_119' title='bbox 1090 1719 1324 1788; x_wconf 82' lang='lat' dir='ltr'><strong>ingenua</strong></span> <span class='ocrx_word' id='word_1_120' title='bbox 1349 1719 1523 1789; x_wconf 88' lang='lat' dir='ltr'><strong>pluris</strong></span> <span class='ocrx_word' id='word_1_121' title='bbox 1554 1721 1793 1774; x_wconf 60' lang='lat' dir='ltr'><strong>aestimat</strong></span> <span class='ocrx_word' id='word_1_122' title='bbox 1819 1719 1982 1786; x_wconf 86' lang='lat' dir='ltr'><strong>Deus,</strong></span> <span class='ocrx_word' id='word_1_123' title='bbox 2010 1721 2105 1775; x_wconf 89' lang='lat' dir='ltr'><strong>sed</strong></span> <span class='ocrx_word' id='word_1_124' title='bbox 2138 1701 2179 1757; x_wconf 75' lang='grc' dir='ltr'>Β</span> 
     </span>
    </p>
   </div>
   <div class='ocr_carea' id='block_1_21' title="bbox 532 1811 1373 1880">
    <p class='ocr_par' dir='ltr' id='par_1_21' title="bbox 532 1811 1373 1880">
     <span class='ocr_line' id='line_1_21' title="bbox 532 1811 1373 1880; baseline 0 -15"><span class='ocrx_word' id='word_1_125' title='bbox 532 1811 695 1865; x_wconf 92' lang='lat' dir='ltr'><strong>animi</strong></span> <span class='ocrx_word' id='word_1_126' title='bbox 723 1811 1057 1880; x_wconf 82' lang='lat' dir='ltr'><strong>prepositum</strong></span> <span class='ocrx_word' id='word_1_127' title='bbox 1086 1813 1373 1880; x_wconf 86' lang='lat' dir='ltr'><strong>approbat.</strong></span> 
     </span>
    </p>
   </div>
   <div class='ocr_carea' id='block_1_22' title="bbox 601 1901 2105 1973">
    <p class='ocr_par' dir='ltr' id='par_1_22' title="bbox 601 1901 2105 1973">
     <span class='ocr_line' id='line_1_22' title="bbox 601 1901 2105 1973; baseline -0.001 -17"><span class='ocrx_word' id='word_1_128' title='bbox 601 1902 877 1972; x_wconf 76' lang='lat' dir='ltr'><strong>Ejusdem.</strong></span> <span class='ocrx_word' id='word_1_129' title='bbox 916 1901 1360 1958; x_wconf 84' lang='lat' dir='ltr'><strong>lucireumcisum</strong></span> <span class='ocrx_word' id='word_1_130' title='bbox 1395 1916 1561 1958; x_wconf 88' lang='lat' dir='ltr'><strong>carne</strong></span> <span class='ocrx_word' id='word_1_131' title='bbox 1588 1901 1828 1973; x_wconf 87' lang='lat' dir='ltr'><strong>appellat</strong></span> <span class='ocrx_word' id='word_1_132' title='bbox 1860 1901 1953 1971; x_wconf 84' lang='lat' dir='ltr'><strong>qui</strong></span> <span class='ocrx_word' id='word_1_133' title='bbox 1980 1917 2105 1957; x_wconf 86' lang='lat' dir='ltr'><strong>car-</strong></span> 
     </span>
    </p>
   </div>
   <div class='ocr_carea' id='block_1_23' title="bbox 530 1992 2103 2062">
    <p class='ocr_par' dir='ltr' id='par_1_23' title="bbox 530 1992 2103 2062">
     <span class='ocr_line' id='line_1_23' title="bbox 530 1992 2103 2062; baseline 0.001 -17"><span class='ocrx_word' id='word_1_134' title='bbox 530 1992 676 2046; x_wconf 90' lang='lat' dir='ltr'><strong>nalia</strong></span> <span class='ocrx_word' id='word_1_135' title='bbox 705 2009 735 2047; x_wconf 92' lang='lat' dir='ltr'><strong>a</strong></span> <span class='ocrx_word' id='word_1_136' title='bbox 762 2008 820 2047; x_wconf 91' lang='lat' dir='ltr'><strong>sc</strong></span> <span class='ocrx_word' id='word_1_137' title='bbox 851 2009 957 2048; x_wconf 93' lang='lat' dir='ltr'><strong>non</strong></span> <span class='ocrx_word' id='word_1_138' title='bbox 988 1995 1257 2062; x_wconf 87' lang='lat' dir='ltr'><strong>resecuit;</strong></span> <span class='ocrx_word' id='word_1_139' title='bbox 1292 1996 1431 2049; x_wconf 91' lang='lat' dir='ltr'><strong>sicut</strong></span> <span class='ocrx_word' id='word_1_140' title='bbox 1456 1996 1621 2049; x_wconf 90' lang='lat' dir='ltr'><strong>etiam</strong></span> <span class='ocrx_word' id='word_1_141' title='bbox 1660 1996 2103 2050; x_wconf 86' lang='lat' dir='ltr'><strong>incircumcisum</strong></span> 
     </span>
    </p>
   </div>
   <div class='ocr_carea' id='block_1_24' title="bbox 531 2083 1787 2154">
    <p class='ocr_par' dir='ltr' id='par_1_24' title="bbox 531 2083 1787 2154">
     <span class='ocr_line' id='line_1_24' title="bbox 531 2083 1787 2154; baseline 0.001 -17"><span class='ocrx_word' id='word_1_142' title='bbox 531 2083 723 2150; x_wconf 89' lang='lat' dir='ltr'><strong>oculis,</strong></span> <span class='ocrx_word' id='word_1_143' title='bbox 759 2085 851 2153; x_wconf 92' lang='lat' dir='ltr'><strong>qui</strong></span> <span class='ocrx_word' id='word_1_144' title='bbox 886 2101 949 2139; x_wconf 92' lang='lat' dir='ltr'><strong>ea</strong></span> <span class='ocrx_word' id='word_1_145' title='bbox 987 2086 1226 2140; x_wconf 87' lang='lat' dir='ltr'><strong>intuetur</strong></span> <span class='ocrx_word' id='word_1_146' title='bbox 1256 2099 1377 2153; x_wconf 70' lang='lat' dir='ltr'><strong>qua:</strong></span> <span class='ocrx_word' id='word_1_147' title='bbox 1409 2099 1514 2138; x_wconf 93' lang='lat' dir='ltr'><strong>non</strong></span> <span class='ocrx_word' id='word_1_148' title='bbox 1550 2094 1787 2154; x_wconf 84' lang='lat' dir='ltr'><strong>oportet.</strong></span> 
     </span>
    </p>
   </div>
   <div class='ocr_carea' id='block_1_25' title="bbox 601 2171 2106 2245">
    <p class='ocr_par' dir='ltr' id='par_1_25' title="bbox 601 2171 2106 2245">
     <span class='ocr_line' id='line_1_25' title="bbox 601 2171 2106 2245; baseline 0.002 -17"><span class='ocrx_word' id='word_1_149' title='bbox 601 2174 876 2245; x_wconf 79' lang='lat' dir='ltr'><strong>Ejusdem.</strong></span> <span class='ocrx_word' id='word_1_150' title='bbox 908 2176 1099 2231; x_wconf 82' lang='lat' dir='ltr'><strong>Videte</strong></span> <span class='ocrx_word' id='word_1_151' title='bbox 1132 2192 1199 2231; x_wconf 91' lang='lat' dir='ltr'><strong>ne</strong></span> <span class='ocrx_word' id='word_1_152' title='bbox 1239 2177 1363 2245; x_wconf 91' lang='lat' dir='ltr'><strong>quis</strong></span> <span class='ocrx_word' id='word_1_153' title='bbox 1400 2171 1637 2232; x_wconf 82' lang='lat' dir='ltr'><strong>vestrum</strong></span> <span class='ocrx_word' id='word_1_154' title='bbox 1685 2176 2106 2231; x_wconf 88' lang='lat' dir='ltr'><strong>incircumcisus</strong></span> 
     </span>
    </p>
   </div>
   <div class='ocr_carea' id='block_1_26' title="bbox 530 2263 2105 2336">
    <p class='ocr_par' dir='ltr' id='par_1_26' title="bbox 530 2263 2105 2336">
     <span class='ocr_line' id='line_1_26' title="bbox 530 2263 2105 2336; baseline 0.001 -17"><span class='ocrx_word' id='word_1_155' title='bbox 530 2263 604 2319; x_wconf 89' lang='lat' dir='ltr'><strong>sit</strong></span> <span class='ocrx_word' id='word_1_156' title='bbox 635 2267 821 2331; x_wconf 86' lang='lat' dir='ltr'><strong>corde,</strong></span> <span class='ocrx_word' id='word_1_157' title='bbox 866 2281 934 2320; x_wconf 89' lang='lat' dir='ltr'><strong>ne</strong></span> <span class='ocrx_word' id='word_1_158' title='bbox 972 2267 1094 2336; x_wconf 90' lang='lat' dir='ltr'><strong>quis</strong></span> <span class='ocrx_word' id='word_1_159' title='bbox 1127 2266 1544 2322; x_wconf 86' lang='lat' dir='ltr'><strong>incircumcisus</strong></span> <span class='ocrx_word' id='word_1_160' title='bbox 1588 2267 1659 2322; x_wconf 89' lang='lat' dir='ltr'><strong>sit</strong></span> <span class='ocrx_word' id='word_1_161' title='bbox 1702 2267 1771 2323; x_wconf 90' lang='lat' dir='ltr'><strong>iis</strong></span> <span class='ocrx_word' id='word_1_162' title='bbox 1817 2268 2105 2323; x_wconf 84' lang='lat' dir='ltr'><strong>circumci-</strong></span> 
     </span>
    </p>
   </div>
   <div class='ocr_carea' id='block_1_27' title="bbox 529 2355 2098 2428">
    <p class='ocr_par' dir='ltr' id='par_1_27' title="bbox 529 2355 2098 2428">
     <span class='ocr_line' id='line_1_27' title="bbox 529 2355 2098 2428; baseline 0.004 -20"><span class='ocrx_word' id='word_1_163' title='bbox 529 2355 743 2410; x_wconf 90' lang='lat' dir='ltr'><strong>sionum</strong></span> <span class='ocrx_word' id='word_1_164' title='bbox 775 2358 1064 2425; x_wconf 76' lang='lat' dir='ltr'><strong>generibus</strong></span> <span class='ocrx_word' id='word_1_165' title='bbox 1103 2358 1303 2427; x_wconf 90' lang='lat' dir='ltr'><strong>quibus</strong></span> <span class='ocrx_word' id='word_1_166' title='bbox 1344 2359 1629 2428; x_wconf 87' lang='lat' dir='ltr'><strong>Scriptura</strong></span> <span class='ocrx_word' id='word_1_167' title='bbox 1657 2358 1974 2414; x_wconf 86' lang='lat' dir='ltr'><strong>circumcidi</strong></span> <span class='ocrx_word' id='word_1_168' title='bbox 2004 2361 2098 2414; x_wconf 88' lang='lat' dir='ltr'><strong>do-</strong></span> 
     </span>
    </p>
   </div>
   <div class='ocr_carea' id='block_1_28' title="bbox 526 2448 2100 2523">
    <p class='ocr_par' dir='ltr' id='par_1_28' title="bbox 526 2448 2100 2523">
     <span class='ocr_line' id='line_1_28' title="bbox 526 2448 2100 2523; baseline 0.001 -20"><span class='ocrx_word' id='word_1_169' title='bbox 526 2459 636 2505; x_wconf 86' lang='lat' dir='ltr'><strong>cet.</strong></span> <span class='ocrx_word' id='word_1_170' title='bbox 670 2448 928 2516; x_wconf 77' lang='lat' dir='ltr'><strong>Quaenam</strong></span> <span class='ocrx_word' id='word_1_171' title='bbox 958 2465 1086 2506; x_wconf 55' lang='lat' dir='ltr'><strong>vero</strong></span> <span class='ocrx_word' id='word_1_172' title='bbox 1125 2452 1249 2506; x_wconf 86' lang='lat' dir='ltr'><strong>illa?</strong></span> <span class='ocrx_word' id='word_1_173' title='bbox 1297 2462 1427 2508; x_wconf 91' lang='lat' dir='ltr'><strong>sunt</strong></span> <span class='ocrx_word' id='word_1_174' title='bbox 1465 2453 1660 2521; x_wconf 86' lang='lat' dir='ltr'><strong>quibus</strong></span> <span class='ocrx_word' id='word_1_175' title='bbox 1688 2454 1890 2523; x_wconf 91' lang='lat' dir='ltr'><strong>probro</strong></span> <span class='ocrx_word' id='word_1_176' title='bbox 1923 2453 2100 2516; x_wconf 91' lang='lat' dir='ltr'><strong>datur,</strong></span> 
     </span>
    </p>
   </div>
   <div class='ocr_carea' id='block_1_29' title="bbox 527 2540 2101 2615">
    <p class='ocr_par' dir='ltr' id='par_1_29' title="bbox 527 2540 2101 2615">
     <span class='ocr_line' id='line_1_29' title="bbox 527 2540 2101 2615; baseline 0.004 -22"><span class='ocrx_word' id='word_1_177' title='bbox 527 2540 670 2608; x_wconf 91' lang='lat' dir='ltr'><strong>quod</strong></span> <span class='ocrx_word' id='word_1_178' title='bbox 703 2542 1069 2597; x_wconf 87' lang='lat' dir='ltr'><strong>incircumcisi</strong></span> <span class='ocrx_word' id='word_1_179' title='bbox 1105 2544 1213 2598; x_wconf 92' lang='lat' dir='ltr'><strong>sint</strong></span> <span class='ocrx_word' id='word_1_180' title='bbox 1249 2544 1504 2610; x_wconf 89' lang='lat' dir='ltr'><strong>auribus;</strong></span> <span class='ocrx_word' id='word_1_181' title='bbox 1537 2546 1629 2615; x_wconf 90' lang='lat' dir='ltr'><strong>qui</strong></span> <span class='ocrx_word' id='word_1_182' title='bbox 1654 2560 1762 2600; x_wconf 92' lang='lat' dir='ltr'><strong>non</strong></span> <span class='ocrx_word' id='word_1_183' title='bbox 1788 2545 2101 2600; x_wconf 89' lang='lat' dir='ltr'><strong>circumcisi</strong></span> 
     </span>
    </p>
   </div>
   <div class='ocr_carea' id='block_1_30' title="bbox 527 2634 2102 2699">
    <p class='ocr_par' dir='ltr' id='par_1_30' title="bbox 527 2634 2102 2699">
     <span class='ocr_line' id='line_1_30' title="bbox 527 2634 2102 2699; baseline 0.005 -15"><span class='ocrx_word' id='word_1_184' title='bbox 527 2640 655 2685; x_wconf 90' lang='lat' dir='ltr'><strong>sunt</strong></span> <span class='ocrx_word' id='word_1_185' title='bbox 698 2634 942 2699; x_wconf 89' lang='lat' dir='ltr'><strong>auribus,</strong></span> <span class='ocrx_word' id='word_1_186' title='bbox 978 2635 1241 2689; x_wconf 86' lang='lat' dir='ltr'><strong>immundi</strong></span> <span class='ocrx_word' id='word_1_187' title='bbox 1277 2646 1426 2691; x_wconf 91' lang='lat' dir='ltr'><strong>sunt.</strong></span> <span class='ocrx_word' id='word_1_188' title='bbox 1478 2636 1898 2692; x_wconf 90' lang='lat' dir='ltr'><strong>lncircumcisus</strong></span> <span class='ocrx_word' id='word_1_189' title='bbox 1942 2637 2102 2693; x_wconf 85' lang='lat' dir='ltr'><strong>labiis</strong></span> 
     </span>
    </p>
   </div>
   <div class='ocr_carea' id='block_1_31' title="bbox 527 2723 2098 2798">
    <p class='ocr_par' dir='ltr' id='par_1_31' title="bbox 527 2723 2098 2798">
     <span class='ocr_line' id='line_1_31' title="bbox 527 2723 2098 2798; baseline 0.006 -24"><span class='ocrx_word' id='word_1_190' title='bbox 527 2728 632 2787; x_wconf 89' lang='lat' dir='ltr'><strong>est,</strong></span> <span class='ocrx_word' id='word_1_191' title='bbox 660 2723 749 2791; x_wconf 91' lang='lat' dir='ltr'><strong>qui</strong></span> <span class='ocrx_word' id='word_1_192' title='bbox 781 2738 887 2778; x_wconf 94' lang='lat' dir='ltr'><strong>non</strong></span> <span class='ocrx_word' id='word_1_193' title='bbox 916 2735 1164 2794; x_wconf 88' lang='lat' dir='ltr'><strong>amputat</strong></span> <span class='ocrx_word' id='word_1_194' title='bbox 1191 2726 1402 2782; x_wconf 88' lang='lat' dir='ltr'><strong>alienos</strong></span> <span class='ocrx_word' id='word_1_195' title='bbox 1432 2738 1486 2781; x_wconf 91' lang='lat' dir='ltr'><strong>et</strong></span> <span class='ocrx_word' id='word_1_196' title='bbox 1516 2728 1761 2798; x_wconf 90' lang='lat' dir='ltr'><strong>impuros</strong></span> <span class='ocrx_word' id='word_1_197' title='bbox 1794 2743 2098 2783; x_wconf 87' lang='lat' dir='ltr'><strong>sermones.</strong></span> 
     </span>
    </p>
   </div>
   <div class='ocr_carea' id='block_1_32' title="bbox 529 2812 2099 2889">
    <p class='ocr_par' dir='ltr' id='par_1_32' title="bbox 529 2812 2099 2889">
     <span class='ocr_line' id='line_1_32' title="bbox 529 2812 2099 2889; baseline 0.005 -22"><span class='ocrx_word' id='word_1_198' title='bbox 529 2812 623 2867; x_wconf 87' lang='lat' dir='ltr'><strong>Sic</strong></span> <span class='ocrx_word' id='word_1_199' title='bbox 658 2814 1099 2870; x_wconf 86' lang='lat' dir='ltr'><strong>incircumcisum</strong></span> <span class='ocrx_word' id='word_1_200' title='bbox 1129 2832 1294 2873; x_wconf 86' lang='lat' dir='ltr'><strong>carne</strong></span> <span class='ocrx_word' id='word_1_201' title='bbox 1329 2819 1496 2875; x_wconf 89' lang='lat' dir='ltr'><strong>liceat</strong></span> <span class='ocrx_word' id='word_1_202' title='bbox 1526 2820 1727 2885; x_wconf 91' lang='lat' dir='ltr'><strong>dicere,</strong></span> <span class='ocrx_word' id='word_1_203' title='bbox 1745 2820 1835 2889; x_wconf 91' lang='lat' dir='ltr'><strong>qui</strong></span> <span class='ocrx_word' id='word_1_204' title='bbox 1858 2821 2099 2875; x_wconf 81' lang='lat' dir='ltr'><strong>carnalia</strong></span> 
     </span>
    </p>
   </div>
   <div class='ocr_carea' id='block_1_33' title="bbox 528 2908 2097 2981">
    <p class='ocr_par' dir='ltr' id='par_1_33' title="bbox 528 2908 2097 2981">
     <span class='ocr_line' id='line_1_33' title="bbox 528 2908 2097 2981; baseline 0.006 -25"><span class='ocrx_word' id='word_1_205' title='bbox 528 2917 636 2957; x_wconf 88' lang='lat' dir='ltr'><strong>non</strong></span> <span class='ocrx_word' id='word_1_206' title='bbox 677 2914 917 2974; x_wconf 88' lang='lat' dir='ltr'><strong>resecat;</strong></span> <span class='ocrx_word' id='word_1_207' title='bbox 973 2908 1421 2965; x_wconf 88' lang='lat' dir='ltr'><strong>incircumcisum</strong></span> <span class='ocrx_word' id='word_1_208' title='bbox 1471 2912 1663 2976; x_wconf 91' lang='lat' dir='ltr'><strong>oculis,</strong></span> <span class='ocrx_word' id='word_1_209' title='bbox 1709 2914 1801 2981; x_wconf 91' lang='lat' dir='ltr'><strong>qui</strong></span> <span class='ocrx_word' id='word_1_210' title='bbox 1855 2912 2001 2966; x_wconf 84' lang='lat' dir='ltr'><strong>videt</strong></span> <span class='ocrx_word' id='word_1_211' title='bbox 2034 2928 2097 2967; x_wconf 90' lang='lat' dir='ltr'><strong>ea</strong></span> 
     </span>
    </p>
   </div>
   <div class='ocr_carea' id='block_1_34' title="bbox 528 2996 2099 3072">
    <p class='ocr_par' dir='ltr' id='par_1_34' title="bbox 528 2996 2099 3072">
     <span class='ocr_line' id='line_1_34' title="bbox 528 2996 2099 3072; baseline 0.008 -27"><span class='ocrx_word' id='word_1_212' title='bbox 528 3008 649 3062; x_wconf 75' lang='lat' dir='ltr'><strong>qua:</strong></span> <span class='ocrx_word' id='word_1_213' title='bbox 674 3009 779 3048; x_wconf 92' lang='lat' dir='ltr'><strong>non</strong></span> <span class='ocrx_word' id='word_1_214' title='bbox 813 2996 989 3064; x_wconf 87' lang='lat' dir='ltr'><strong>decet,</strong></span> <span class='ocrx_word' id='word_1_215' title='bbox 1023 3014 1124 3054; x_wconf 90' lang='lat' dir='ltr'><strong>nec</strong></span> <span class='ocrx_word' id='word_1_216' title='bbox 1162 3001 1415 3056; x_wconf 90' lang='lat' dir='ltr'><strong>intuitum</strong></span> <span class='ocrx_word' id='word_1_217' title='bbox 1463 3012 1687 3072; x_wconf 84' lang='lat' dir='ltr'><strong>purgat;</strong></span> <span class='ocrx_word' id='word_1_218' title='bbox 1720 3012 1774 3057; x_wconf 89' lang='lat' dir='ltr'><strong>et</strong></span> <span class='ocrx_word' id='word_1_219' title='bbox 1807 3002 2099 3058; x_wconf 77' lang='lat' dir='ltr'><strong>incircum-</strong></span> 
     </span>
    </p>
   </div>
   <div class='ocr_carea' id='block_1_35' title="bbox 527 3084 1824 3163">
    <p class='ocr_par' dir='ltr' id='par_1_35' title="bbox 527 3084 1824 3163">
     <span class='ocr_line' id='line_1_35' title="bbox 527 3084 1824 3163; baseline 0.008 -26"><span class='ocrx_word' id='word_1_220' title='bbox 527 3084 699 3138; x_wconf 88' lang='lat' dir='ltr'><strong>cisum</strong></span> <span class='ocrx_word' id='word_1_221' title='bbox 735 3101 902 3142; x_wconf 87' lang='lat' dir='ltr'><strong>carne</strong></span> <span class='ocrx_word' id='word_1_222' title='bbox 931 3090 1024 3159; x_wconf 91' lang='lat' dir='ltr'><strong>qui</strong></span> <span class='ocrx_word' id='word_1_223' title='bbox 1053 3088 1183 3146; x_wconf 83' lang='lat' dir='ltr'><strong>facit</strong></span> <span class='ocrx_word' id='word_1_224' title='bbox 1212 3107 1276 3147; x_wconf 88' lang='lat' dir='ltr'><strong>ea</strong></span> <span class='ocrx_word' id='word_1_225' title='bbox 1303 3107 1424 3162; x_wconf 65' lang='lat' dir='ltr'><strong>quae</strong></span> <span class='ocrx_word' id='word_1_226' title='bbox 1452 3108 1561 3148; x_wconf 93' lang='lat' dir='ltr'><strong>non</strong></span> <span class='ocrx_word' id='word_1_227' title='bbox 1588 3101 1824 3163; x_wconf 87' lang='lat' dir='ltr'><strong>oportet.</strong></span> 
     </span>
    </p>
   </div>
   <div class='ocr_carea' id='block_1_36' title="bbox 602 3268 2105 3346">
    <p class='ocr_par' dir='ltr' id='par_1_36' title="bbox 602 3268 2105 3346">
     <span class='ocr_line' id='line_1_36' title="bbox 602 3268 2105 3346; baseline 0.007 -23"><span class='ocrx_word' id='word_1_228' title='bbox 602 3289 622 3322; x_wconf 83' lang='grc' dir='ltr'><strong>ι</strong></span> <span class='ocrx_word' id='word_1_229' title='bbox 652 3268 887 3327; x_wconf 81' lang='lat' dir='ltr'><strong>Profecti</strong></span> <span class='ocrx_word' id='word_1_230' title='bbox 921 3281 1097 3327; x_wconf 89' lang='lat' dir='ltr'><strong>autem</strong></span> <span class='ocrx_word' id='word_1_231' title='bbox 1130 3275 1224 3329; x_wconf 84' lang='lat' dir='ltr'><strong>lilii</strong></span> <span class='ocrx_word' id='word_1_232' title='bbox 1261 3276 1425 3331; x_wconf 90' lang='lat' dir='ltr'><strong>Israel</strong></span> <span class='ocrx_word' id='word_1_233' title='bbox 1465 3278 1530 3331; x_wconf 91' lang='lat' dir='ltr'><strong>de</strong></span> <span class='ocrx_word' id='word_1_234' title='bbox 1558 3277 1857 3346; x_wconf 89' lang='lat' dir='ltr'><strong>Soccbotb,</strong></span> <span class='ocrx_word' id='word_1_235' title='bbox 1884 3287 2105 3335; x_wconf 74' lang='lat' dir='ltr'><strong>casu&#39;a-.</strong></span> 
     </span>
    </p>
   </div>
   <div class='ocr_carea' id='block_1_37' title="bbox 525 3363 2098 3437">
    <p class='ocr_par' dir='ltr' id='par_1_37' title="bbox 525 3363 2098 3437">
     <span class='ocr_line' id='line_1_37' title="bbox 525 3363 2098 3437; baseline 0.006 -21"><span class='ocrx_word' id='word_1_236' title='bbox 525 3363 711 3417; x_wconf 81' lang='lat' dir='ltr'><strong>metati</strong></span> <span class='ocrx_word' id='word_1_237' title='bbox 753 3375 882 3420; x_wconf 90' lang='lat' dir='ltr'><strong>sunt</strong></span> <span class='ocrx_word' id='word_1_238' title='bbox 931 3367 980 3419; x_wconf 91' lang='lat' dir='ltr'><strong>in</strong></span> <span class='ocrx_word' id='word_1_239' title='bbox 1014 3364 1208 3421; x_wconf 79' lang='lat' dir='ltr'><strong>Othoni</strong></span> <span class='ocrx_word' id='word_1_240' title='bbox 1252 3368 1409 3437; x_wconf 79' lang='lat' dir='ltr'><strong>iuxta</strong></span> <span class='ocrx_word' id='word_1_241' title='bbox 1454 3369 1809 3425; x_wconf 80' lang='lat' dir='ltr'><strong>desertum“.</strong></span> <span class='ocrx_word' id='word_1_242' title='bbox 1836 3390 1855 3422; x_wconf 84' lang='grc' dir='ltr'><strong>ι</strong></span> <span class='ocrx_word' id='word_1_243' title='bbox 1894 3372 1948 3426; x_wconf 91' lang='lat' dir='ltr'><strong>ln</strong></span> <span class='ocrx_word' id='word_1_244' title='bbox 1988 3369 2098 3425; x_wconf 83' lang='lat' dir='ltr'><strong>Nu-</strong></span> 
     </span>
    </p>
   </div>
   <div class='ocr_carea' id='block_1_38' title="bbox 523 3450 2097 3527">
    <p class='ocr_par' dir='ltr' id='par_1_38' title="bbox 523 3450 2097 3527">
     <span class='ocr_line' id='line_1_38' title="bbox 523 3450 2097 3527; baseline 0.005 -19"><span class='ocrx_word' id='word_1_245' title='bbox 523 3454 690 3509; x_wconf 88' lang='lat' dir='ltr'><strong>meris</strong></span> <span class='ocrx_word' id='word_1_246' title='bbox 725 3457 989 3525; x_wconf 89' lang='lat' dir='ltr'><strong>scriptum</strong></span> <span class='ocrx_word' id='word_1_247' title='bbox 1035 3450 1213 3522; x_wconf 69' lang='lat' dir='ltr'><strong>est“,</strong></span> <span class='ocrx_word' id='word_1_248' title='bbox 1268 3477 1344 3512; x_wconf 78' lang='lat' dir='ltr'><strong>ra</strong></span> <span class='ocrx_word' id='word_1_249' title='bbox 1376 3458 1551 3513; x_wconf 86' lang='lat' dir='ltr'><strong>Butha</strong></span> <span class='ocrx_word' id='word_1_250' title='bbox 1601 3462 1669 3515; x_wconf 91' lang='lat' dir='ltr'><strong>ad</strong></span> <span class='ocrx_word' id='word_1_251' title='bbox 1724 3475 1875 3515; x_wconf 90' lang='lat' dir='ltr'><strong>oram</strong></span> <span class='ocrx_word' id='word_1_252' title='bbox 1928 3462 2097 3527; x_wconf 87' lang='lat' dir='ltr'><strong>lruth,</strong></span> 
     </span>
    </p>
   </div>
   <div class='ocr_carea' id='block_1_39' title="bbox 524 3546 2098 3621">
    <p class='ocr_par' dir='ltr' id='par_1_39' title="bbox 524 3546 2098 3621">
     <span class='ocr_line' id='line_1_39' title="bbox 524 3546 2098 3621; baseline 0.004 -22"><span class='ocrx_word' id='word_1_253' title='bbox 524 3546 668 3615; x_wconf 90' lang='lat' dir='ltr'><strong>quod</strong></span> <span class='ocrx_word' id='word_1_254' title='bbox 696 3558 774 3600; x_wconf 91' lang='lat' dir='ltr'><strong>est</strong></span> <span class='ocrx_word' id='word_1_255' title='bbox 803 3555 989 3601; x_wconf 90' lang='lat' dir='ltr'><strong>contra</strong></span> <span class='ocrx_word' id='word_1_256' title='bbox 1024 3547 1382 3617; x_wconf 85' lang='lat' dir='ltr'><strong>Beelscphron</strong></span> <span class='ocrx_word' id='word_1_257' title='bbox 1413 3565 1582 3621; x_wconf 84' lang='lat' dir='ltr'><strong>prope</strong></span> <span class='ocrx_word' id='word_1_258' title='bbox 1621 3551 1817 3618; x_wconf 89' lang='lat' dir='ltr'><strong>Borra,</strong></span> <span class='ocrx_word' id='word_1_259' title='bbox 1838 3571 1858 3606; x_wconf 81' lang='grc' dir='ltr'><strong>ι</strong></span> <span class='ocrx_word' id='word_1_260' title='bbox 1891 3561 2098 3608; x_wconf 84' lang='lat' dir='ltr'><strong>castra-</strong></span> 
     </span>
    </p>
   </div>
   <div class='ocr_carea' id='block_1_40' title="bbox 524 3639 1281 3696">
    <p class='ocr_par' dir='ltr' id='par_1_40' title="bbox 524 3639 1281 3696">
     <span class='ocr_line' id='line_1_40' title="bbox 524 3639 1281 3696; baseline 0.003 -3"><span class='ocrx_word' id='word_1_261' title='bbox 524 3650 755 3694; x_wconf 83' lang='lat' dir='ltr'><strong>metatos</strong></span> <span class='ocrx_word' id='word_1_262' title='bbox 777 3654 898 3695; x_wconf 90' lang='lat' dir='ltr'><strong>esse</strong></span> <span class='ocrx_word' id='word_1_263' title='bbox 930 3639 1070 3695; x_wconf 84' lang='lat' dir='ltr'><strong>ﬁlios</strong></span> <span class='ocrx_word' id='word_1_264' title='bbox 1095 3640 1281 3696; x_wconf 91' lang='lat' dir='ltr'><strong>Israel.</strong></span> 
     </span>
    </p>
   </div>
   <div class='ocr_carea' id='block_1_41' title="bbox 600 3732 2095 3801">
    <p class='ocr_par' dir='ltr' id='par_1_41' title="bbox 600 3732 2095 3801">
     <span class='ocr_line' id='line_1_41' title="bbox 600 3732 2095 3801; baseline 0.005 -19"><span class='ocrx_word' id='word_1_265' title='bbox 600 3749 621 3782; x_wconf 73' lang='grc' dir='ltr'><strong>ε</strong></span> <span class='ocrx_word' id='word_1_266' title='bbox 655 3732 721 3785; x_wconf 87' lang='grc' dir='ltr'>Ει</span> <span class='ocrx_word' id='word_1_267' title='bbox 765 3732 889 3786; x_wconf 88' lang='lat' dir='ltr'><strong>tulit</strong></span> <span class='ocrx_word' id='word_1_268' title='bbox 936 3745 1223 3788; x_wconf 81' lang='lat' dir='ltr'><strong>sexcentos</strong></span> <span class='ocrx_word' id='word_1_269' title='bbox 1267 3750 1462 3789; x_wconf 92' lang='lat' dir='ltr'><strong>currus</strong></span> <span class='ocrx_word' id='word_1_270' title='bbox 1512 3734 1737 3801; x_wconf 88' lang='lat' dir='ltr'><strong>electos,</strong></span> <span class='ocrx_word' id='word_1_271' title='bbox 1784 3745 1839 3791; x_wconf 93' lang='lat' dir='ltr'><strong>et</strong></span> <span class='ocrx_word' id='word_1_272' title='bbox 1881 3752 2095 3791; x_wconf 88' lang='lat' dir='ltr'><strong>omnem</strong></span> 
     </span>
    </p>
   </div>
   <div class='ocr_carea' id='block_1_42' title="bbox 523 3823 2090 3896">
    <p class='ocr_par' dir='ltr' id='par_1_42' title="bbox 523 3823 2090 3896">
     <span class='ocr_line' id='line_1_42' title="bbox 523 3823 2090 3896; baseline 0.001 -18"><span class='ocrx_word' id='word_1_273' title='bbox 523 3823 823 3892; x_wconf 81' lang='lat' dir='ltr'><strong>equitatum</strong></span> <span class='ocrx_word' id='word_1_274' title='bbox 835 3823 1232 3895; x_wconf 67' lang='lat' dir='ltr'><strong>Egyptiorum,</strong></span> <span class='ocrx_word' id='word_1_275' title='bbox 1261 3835 1315 3881; x_wconf 88' lang='lat' dir='ltr'><strong>et</strong></span> <span class='ocrx_word' id='word_1_276' title='bbox 1334 3827 1572 3881; x_wconf 89' lang='lat' dir='ltr'><strong>tristatas</strong></span> <span class='ocrx_word' id='word_1_277' title='bbox 1595 3842 1757 3896; x_wconf 88' lang='lat' dir='ltr'><strong>super</strong></span> <span class='ocrx_word' id='word_1_278' title='bbox 1783 3843 1977 3883; x_wconf 84' lang='lat' dir='ltr'><strong>onmes</strong></span> <span class='ocrx_word' id='word_1_279' title='bbox 1994 3829 2090 3882; x_wconf 72' lang='grc'><strong>⁸³.»</strong></span> 
     </span>
    </p>
   </div>
   <div class='ocr_carea' id='block_1_43' title="bbox 524 3914 2098 3990">
    <p class='ocr_par' dir='ltr' id='par_1_43' title="bbox 524 3914 2098 3990">
     <span class='ocr_line' id='line_1_43' title="bbox 524 3914 2098 3990; baseline 0.006 -24"><span class='ocrx_word' id='word_1_280' title='bbox 524 3914 625 3982; x_wconf 80' lang='lat' dir='ltr'><strong>Qui</strong></span> <span class='ocrx_word' id='word_1_281' title='bbox 670 3926 856 3969; x_wconf 87' lang='lat' dir='ltr'><strong>contra</strong></span> <span class='ocrx_word' id='word_1_282' title='bbox 903 3926 1012 3973; x_wconf 87' lang='lat' dir='ltr'><strong>tres</strong></span> <span class='ocrx_word' id='word_1_283' title='bbox 1050 3935 1290 3990; x_wconf 85' lang='lat' dir='ltr'><strong>pugnare</strong></span> <span class='ocrx_word' id='word_1_284' title='bbox 1337 3931 1622 3990; x_wconf 85' lang='lat' dir='ltr'><strong>poterant,</strong></span> <span class='ocrx_word' id='word_1_285' title='bbox 1658 3921 1745 3975; x_wconf 86' lang='lat' dir='ltr'><strong>vel</strong></span> <span class='ocrx_word' id='word_1_286' title='bbox 1772 3922 1864 3990; x_wconf 90' lang='lat' dir='ltr'><strong>qui</strong></span> <span class='ocrx_word' id='word_1_287' title='bbox 1900 3923 1952 3974; x_wconf 92' lang='lat' dir='ltr'><strong>in</strong></span> <span class='ocrx_word' id='word_1_288' title='bbox 1980 3924 2098 3977; x_wconf 89' lang='lat' dir='ltr'><strong>acie</strong></span> 
     </span>
    </p>
   </div>
   <div class='ocr_carea' id='block_1_44' title="bbox 525 4010 2096 4079">
    <p class='ocr_par' dir='ltr' id='par_1_44' title="bbox 525 4010 2096 4079">
     <span class='ocr_line' id='line_1_44' title="bbox 525 4010 2096 4079; baseline 0.005 -18"><span class='ocrx_word' id='word_1_289' title='bbox 525 4015 647 4078; x_wconf 88' lang='lat' dir='ltr'><strong>post</strong></span> <span class='ocrx_word' id='word_1_290' title='bbox 669 4010 1076 4078; x_wconf 81' lang='lat' dir='ltr'><strong>antesignanum</strong></span> <span class='ocrx_word' id='word_1_291' title='bbox 1102 4029 1165 4067; x_wconf 89' lang='lat' dir='ltr'><strong>ac</strong></span> <span class='ocrx_word' id='word_1_292' title='bbox 1188 4015 1484 4069; x_wconf 88' lang='lat' dir='ltr'><strong>secundum</strong></span> <span class='ocrx_word' id='word_1_293' title='bbox 1513 4014 1581 4068; x_wconf 90' lang='lat' dir='ltr'><strong>ab</strong></span> <span class='ocrx_word' id='word_1_294' title='bbox 1603 4029 1688 4079; x_wconf 89' lang='lat' dir='ltr'><strong>eo,</strong></span> <span class='ocrx_word' id='word_1_295' title='bbox 1722 4016 1882 4069; x_wconf 88' lang='lat' dir='ltr'><strong>tertio</strong></span> <span class='ocrx_word' id='word_1_296' title='bbox 1904 4015 2096 4069; x_wconf 88' lang='lat' dir='ltr'><strong>ordine</strong></span> 
     </span>
    </p>
   </div>
   <div class='ocr_carea' id='block_1_45' title="bbox 527 4100 2097 4173">
    <p class='ocr_par' dir='ltr' id='par_1_45' title="bbox 527 4100 2097 4173">
     <span class='ocr_line' id='line_1_45' title="bbox 527 4100 2097 4173; baseline 0.004 -18"><span class='ocrx_word' id='word_1_297' title='bbox 527 4100 763 4155; x_wconf 90' lang='lat' dir='ltr'><strong>stabant.</strong></span> <span class='ocrx_word' id='word_1_298' title='bbox 793 4101 897 4154; x_wconf 83' lang='lat' dir='ltr'><strong>Alii</strong></span> <span class='ocrx_word' id='word_1_299' title='bbox 950 4102 1026 4156; x_wconf 87' lang='lat' dir='ltr'><strong>ita</strong></span> <span class='ocrx_word' id='word_1_300' title='bbox 1079 4115 1383 4173; x_wconf 79' lang='lat' dir='ltr'><strong>exponunt,</strong></span> <span class='ocrx_word' id='word_1_301' title='bbox 1422 4116 1613 4161; x_wconf 86' lang='lat' dir='ltr'><strong>contra</strong></span> <span class='ocrx_word' id='word_1_302' title='bbox 1653 4107 1877 4161; x_wconf 81' lang='lat' dir='ltr'><strong>hostiles</strong></span> <span class='ocrx_word' id='word_1_303' title='bbox 1905 4122 2097 4161; x_wconf 91' lang='lat' dir='ltr'><strong>manus</strong></span> 
     </span>
    </p>
   </div>
   <div class='ocr_carea' id='block_1_46' title="bbox 526 4194 2098 4268">
    <p class='ocr_par' dir='ltr' id='par_1_46' title="bbox 526 4194 2098 4268">
     <span class='ocr_line' id='line_1_46' title="bbox 526 4194 2098 4268; baseline 0.007 -25"><span class='ocrx_word' id='word_1_304' title='bbox 526 4205 750 4259; x_wconf 84' lang='lat' dir='ltr'><strong>magnos</strong></span> <span class='ocrx_word' id='word_1_305' title='bbox 784 4194 1076 4249; x_wconf 80' lang='lat' dir='ltr'><strong>adornatos</strong></span> <span class='ocrx_word' id='word_1_306' title='bbox 1101 4211 1223 4252; x_wconf 89' lang='lat' dir='ltr'><strong>esse</strong></span> <span class='ocrx_word' id='word_1_307' title='bbox 1251 4213 1447 4253; x_wconf 90' lang='lat' dir='ltr'><strong>currus</strong></span> <span class='ocrx_word' id='word_1_308' title='bbox 1477 4199 1567 4268; x_wconf 86' lang='lat' dir='ltr'><strong>qui</strong></span> <span class='ocrx_word' id='word_1_309' title='bbox 1603 4209 1713 4253; x_wconf 90' lang='lat' dir='ltr'><strong>tres</strong></span> <span class='ocrx_word' id='word_1_310' title='bbox 1740 4198 1989 4253; x_wconf 86' lang='lat' dir='ltr'><strong>homines</strong></span> <span class='ocrx_word' id='word_1_311' title='bbox 2012 4214 2098 4254; x_wconf 84' lang='lat' dir='ltr'><strong>ca-</strong></span> 
     </span>
    </p>
   </div>
   <div class='ocr_carea' id='block_1_47' title="bbox 525 4288 2092 4361">
    <p class='ocr_par' dir='ltr' id='par_1_47' title="bbox 525 4288 2092 4361">
     <span class='ocr_line' id='line_1_47' title="bbox 525 4288 2092 4361; baseline 0.004 -25"><span class='ocrx_word' id='word_1_312' title='bbox 525 4292 735 4353; x_wconf 87' lang='lat' dir='ltr'><strong>perent,</strong></span> <span class='ocrx_word' id='word_1_313' title='bbox 789 4299 1020 4354; x_wconf 88' lang='lat' dir='ltr'><strong>quorum</strong></span> <span class='ocrx_word' id='word_1_314' title='bbox 1081 4303 1221 4342; x_wconf 90' lang='lat' dir='ltr'><strong>unus</strong></span> <span class='ocrx_word' id='word_1_315' title='bbox 1276 4291 1480 4358; x_wconf 68' lang='lat' dir='ltr'><strong>auriga:</strong></span> <span class='ocrx_word' id='word_1_316' title='bbox 1531 4288 1712 4345; x_wconf 84' lang='lat' dir='ltr'><strong>olIicio</strong></span> <span class='ocrx_word' id='word_1_317' title='bbox 1762 4290 2092 4361; x_wconf 80' lang='lat' dir='ltr'><strong>fungeretur,</strong></span> 
     </span>
    </p>
   </div>
   <div class='ocr_carea' id='block_1_48' title="bbox 2211 436 3826 513">
    <p class='ocr_par' dir='ltr' id='par_1_48' title="bbox 2211 436 3826 513">
     <span class='ocr_line' id='line_1_48' title="bbox 2211 436 3826 513; baseline -0.002 -16"><span class='ocrx_word' id='word_1_318' title='bbox 2211 461 2322 508; x_wconf 92' lang='grc' dir='ltr'>ται,</span> <span class='ocrx_word' id='word_1_319' title='bbox 2364 463 2383 495; x_wconf 80' lang='grc' dir='ltr'><strong>ι</strong></span> <span class='ocrx_word' id='word_1_320' title='bbox 2422 444 2486 497; x_wconf 83' lang='grc' dir='ltr'>σὺ</span> <span class='ocrx_word' id='word_1_321' title='bbox 2516 443 2618 496; x_wconf 81' lang='grc' dir='ltr'>οὐκ</span> <span class='ocrx_word' id='word_1_322' title='bbox 2648 442 2846 505; x_wconf 80' lang='grc' dir='ltr'><strong>ἐσθίεις</strong></span> <span class='ocrx_word' id='word_1_323' title='bbox 2871 444 2927 495; x_wconf 91' lang='grc' dir='ltr'><strong>ἐν</strong></span> <span class='ocrx_word' id='word_1_324' title='bbox 2952 441 3098 513; x_wconf 80' lang='grc' dir='ltr'>οἰκίᾳ</span> <span class='ocrx_word' id='word_1_325' title='bbox 3127 442 3240 513; x_wconf 81' lang='grc' dir='ltr'>μιᾷ.</span> <span class='ocrx_word' id='word_1_326' title='bbox 3274 441 3420 495; x_wconf 88' lang='grc' dir='ltr'>Μίαν</span> <span class='ocrx_word' id='word_1_327' title='bbox 3454 436 3546 494; x_wconf 83' lang='grc' dir='ltr'>οὖν</span> <span class='ocrx_word' id='word_1_328' title='bbox 3596 443 3826 513; x_wconf 78' lang='grc' dir='ltr'>νοήσαι</span> 
     </span>
    </p>
   </div>
   <div class='ocr_carea' id='block_1_49' title="bbox 2211 529 3823 609">
    <p class='ocr_par' dir='ltr' id='par_1_49' title="bbox 2211 529 3823 609">
     <span class='ocr_line' id='line_1_49' title="bbox 2211 529 3823 609; baseline -0.002 -18"><span class='ocrx_word' id='word_1_329' title='bbox 2211 537 2385 591; x_wconf 80' lang='grc' dir='ltr'>οἰκίαν</span> <span class='ocrx_word' id='word_1_330' title='bbox 2400 537 2498 609; x_wconf 84' lang='grc' dir='ltr'>τὴν</span> <span class='ocrx_word' id='word_1_331' title='bbox 2526 535 2868 605; x_wconf 84' lang='grc' dir='ltr'>Ἐκκλησίαν·</span> <span class='ocrx_word' id='word_1_332' title='bbox 2905 534 3150 605; x_wconf 87' lang='grc' dir='ltr'>μηδαμοῦ</span> <span class='ocrx_word' id='word_1_333' title='bbox 3177 529 3269 587; x_wconf 80' lang='grc' dir='ltr'>οὖν</span> <span class='ocrx_word' id='word_1_334' title='bbox 3289 532 3436 587; x_wconf 85' lang='grc' dir='ltr'>ἐσθιε</span> <span class='ocrx_word' id='word_1_335' title='bbox 3461 530 3556 585; x_wconf 77' lang='grc' dir='ltr'><strong>τοῦ</strong></span> <span class='ocrx_word' id='word_1_336' title='bbox 3580 532 3823 606; x_wconf 78' lang='grc' dir='ltr'>προΰὰ-</span> 
     </span>
    </p>
   </div>
   <div class='ocr_carea' id='block_1_50' title="bbox 2210 624 3251 698">
    <p class='ocr_par' dir='ltr' id='par_1_50' title="bbox 2210 624 3251 698">
     <span class='ocr_line' id='line_1_50' title="bbox 2210 624 3251 698; baseline -0.003 -16"><span class='ocrx_word' id='word_1_337' title='bbox 2210 646 2305 683; x_wconf 89' lang='grc' dir='ltr'><strong>του</strong></span> <span class='ocrx_word' id='word_1_338' title='bbox 2331 626 2435 693; x_wconf 79' lang='grc' dir='ltr'>ἐξω</span> <span class='ocrx_word' id='word_1_339' title='bbox 2458 627 2748 698; x_wconf 87' lang='grc' dir='ltr'>γενόμενος</span> <span class='ocrx_word' id='word_1_340' title='bbox 2764 626 2863 697; x_wconf 82' lang='grc' dir='ltr'>τῆς</span> <span class='ocrx_word' id='word_1_341' title='bbox 2907 624 3251 695; x_wconf 86' lang='grc' dir='ltr'>Ἐκκλησίας.</span> 
     </span>
    </p>
   </div>
   <div class='ocr_carea' id='block_1_51' title="bbox 2287 713 3809 789">
    <p class='ocr_par' dir='ltr' id='par_1_51' title="bbox 2287 713 3809 789">
     <span class='ocr_line' id='line_1_51' title="bbox 2287 713 3809 789; baseline -0.005 -16"><span class='ocrx_word' id='word_1_342' title='bbox 2287 741 2305 773; x_wconf 76' lang='grc' dir='ltr'><strong>ι</strong></span> <span class='ocrx_word' id='word_1_343' title='bbox 2334 722 2445 775; x_wconf 75' lang='grc' dir='ltr'><strong>Καὶ</strong></span> <span class='ocrx_word' id='word_1_344' title='bbox 2474 721 2574 774; x_wconf 82' lang='grc' dir='ltr'>οὐκ</span> <span class='ocrx_word' id='word_1_345' title='bbox 2601 719 2836 784; x_wconf 78' lang='grc' dir='ltr'>ἐξοίσετε</span> <span class='ocrx_word' id='word_1_346' title='bbox 2869 721 2933 773; x_wconf 90' lang='grc' dir='ltr'><strong>ἐκ</strong></span> <span class='ocrx_word' id='word_1_347' title='bbox 2956 718 3058 789; x_wconf 80' lang='grc' dir='ltr'>τῆς</span> <span class='ocrx_word' id='word_1_348' title='bbox 3089 717 3263 780; x_wconf 79' lang='grc' dir='ltr'><strong>οἰκίας</strong></span> <span class='ocrx_word' id='word_1_349' title='bbox 3286 715 3395 768; x_wconf 81' lang='grc' dir='ltr'><strong>τῶν</strong></span> <span class='ocrx_word' id='word_1_350' title='bbox 3421 714 3595 783; x_wconf 86' lang='grc' dir='ltr'>κρεῶν</span> <span class='ocrx_word' id='word_1_351' title='bbox 3622 713 3759 781; x_wconf 72' lang='grc' dir='ltr'>ἔξω.</span> <span class='ocrx_word' id='word_1_352' title='bbox 3780 731 3809 765; x_wconf 68' lang='grc' dir='ltr'><strong>ι</strong></span> 
     </span>
    </p>
   </div>
   <div class='ocr_carea' id='block_1_52' title="bbox 2223 805 3815 884">
    <p class='ocr_par' dir='ltr' id='par_1_52' title="bbox 2223 805 3815 884">
     <span class='ocr_line' id='line_1_52' title="bbox 2223 805 3815 884; baseline -0.006 -17"><span class='ocrx_word' id='word_1_353' title='bbox 2223 812 2701 884; x_wconf 89' lang='grc' dir='ltr'>Ἐκκλησιαστικὸν</span> <span class='ocrx_word' id='word_1_354' title='bbox 2748 810 2905 880; x_wconf 92' lang='grc' dir='ltr'>λόγον</span> <span class='ocrx_word' id='word_1_355' title='bbox 2950 810 3012 862; x_wconf 86' lang='grc' dir='ltr'>οὐ</span> <span class='ocrx_word' id='word_1_356' title='bbox 3064 810 3145 863; x_wconf 88' lang='grc' dir='ltr'><strong>δεῖ</strong></span> <span class='ocrx_word' id='word_1_357' title='bbox 3191 808 3294 873; x_wconf 75' lang='grc' dir='ltr'><strong>ἔξω</strong></span> <span class='ocrx_word' id='word_1_358' title='bbox 3323 810 3423 879; x_wconf 84' lang='grc' dir='ltr'>τῆς</span> <span class='ocrx_word' id='word_1_359' title='bbox 3462 805 3815 878; x_wconf 80' lang='grc' dir='ltr'>Ἐκκλησίας</span> 
     </span>
    </p>
   </div>
   <div class='ocr_carea' id='block_1_53' title="bbox 2211 897 3816 975">
    <p class='ocr_par' dir='ltr' id='par_1_53' title="bbox 2211 897 3816 975">
     <span class='ocr_line' id='line_1_53' title="bbox 2211 897 3816 975; baseline -0.003 -18"><span class='ocrx_word' id='word_1_360' title='bbox 2211 902 2554 975; x_wconf 79' lang='grc' dir='ltr'>πρεσϐεύειν,</span> <span class='ocrx_word' id='word_1_361' title='bbox 2615 902 2692 967; x_wconf 88' lang='grc' dir='ltr'>ὡς</span> <span class='ocrx_word' id='word_1_362' title='bbox 2743 901 2849 968; x_wconf 80' lang='grc' dir='ltr'>ἐξω</span> <span class='ocrx_word' id='word_1_363' title='bbox 2906 901 3006 970; x_wconf 86' lang='grc' dir='ltr'>τῆς</span> <span class='ocrx_word' id='word_1_364' title='bbox 3048 899 3224 963; x_wconf 79' lang='grc' dir='ltr'><strong>οἰκίας</strong></span> <span class='ocrx_word' id='word_1_365' title='bbox 3282 899 3355 970; x_wconf 84' lang='grc' dir='ltr'><strong>μὴ</strong></span> <span class='ocrx_word' id='word_1_366' title='bbox 3416 897 3666 971; x_wconf 81' lang='grc' dir='ltr'>ἐκφέρειν</span> <span class='ocrx_word' id='word_1_367' title='bbox 3714 898 3816 952; x_wconf 78' lang='grc' dir='ltr'><strong>τὰ</strong></span> 
     </span>
    </p>
   </div>
   <div class='ocr_carea' id='block_1_54' title="bbox 2209 990 3805 1069">
    <p class='ocr_par' dir='ltr' id='par_1_54' title="bbox 2209 990 3805 1069">
     <span class='ocr_line' id='line_1_54' title="bbox 2209 990 3805 1069; baseline -0.005 -18"><span class='ocrx_word' id='word_1_368' title='bbox 2209 998 2365 1069; x_wconf 82' lang='grc' dir='ltr'>κρέα·</span> <span class='ocrx_word' id='word_1_369' title='bbox 2396 996 2537 1068; x_wconf 73' lang='grc' dir='ltr'>φημὶ</span> <span class='ocrx_word' id='word_1_370' title='bbox 2563 995 2620 1049; x_wconf 86' lang='grc' dir='ltr'><strong>δέ</strong></span> <span class='ocrx_word' id='word_1_371' title='bbox 2653 996 2732 1058; x_wconf 83' lang='grc' dir='ltr'><strong>είς</strong></span> <span class='ocrx_word' id='word_1_372' title='bbox 2763 991 3079 1065; x_wconf 81' lang='grc' dir='ltr'>συναγωγὴν</span> <span class='ocrx_word' id='word_1_373' title='bbox 3117 991 3380 1046; x_wconf 83' lang='grc' dir='ltr'><strong>Ἰουδαίων</strong></span> <span class='ocrx_word' id='word_1_374' title='bbox 3409 991 3443 1062; x_wconf 75' lang='grc' dir='ltr'>ἦ</span> <span class='ocrx_word' id='word_1_375' title='bbox 3471 990 3805 1062; x_wconf 76' lang='grc' dir='ltr'>αἱρετικῶνο</span> 
     </span>
    </p>
   </div>
   <div class='ocr_carea' id='block_1_55' title="bbox 2209 1080 3808 1157">
    <p class='ocr_par' dir='ltr' id='par_1_55' title="bbox 2209 1080 3808 1157">
     <span class='ocr_line' id='line_1_55' title="bbox 2209 1080 3808 1157; baseline -0.003 -18"><span class='ocrx_word' id='word_1_376' title='bbox 2209 1086 2392 1157; x_wconf 85' lang='grc' dir='ltr'>ὅμοιον</span> <span class='ocrx_word' id='word_1_377' title='bbox 2419 1085 2528 1157; x_wconf 91' lang='grc' dir='ltr'><strong>γάρ</strong></span> <span class='ocrx_word' id='word_1_378' title='bbox 2550 1086 2665 1139; x_wconf 90' lang='grc' dir='ltr'>ἐστι</span> <span class='ocrx_word' id='word_1_379' title='bbox 2685 1084 2764 1156; x_wconf 84' lang='grc' dir='ltr'>τῷ</span> <span class='ocrx_word' id='word_1_380' title='bbox 2784 1083 2937 1157; x_wconf 72' lang='grc' dir='ltr'>ῥίψαι</span> <span class='ocrx_word' id='word_1_381' title='bbox 2958 1084 3085 1147; x_wconf 85' lang='grc' dir='ltr'>τοὺς</span> <span class='ocrx_word' id='word_1_382' title='bbox 3108 1081 3449 1155; x_wconf 81' lang='grc' dir='ltr'><strong>μαργαρίτας</strong></span> <span class='ocrx_word' id='word_1_383' title='bbox 3476 1080 3808 1153; x_wconf 79' lang='grc' dir='ltr'>ἔμπροσθεν</span> 
     </span>
    </p>
   </div>
   <div class='ocr_carea' id='block_1_56' title="bbox 2209 1178 2571 1249">
    <p class='ocr_par' dir='ltr' id='par_1_56' title="bbox 2209 1178 2571 1249">
     <span class='ocr_line' id='line_1_56' title="bbox 2209 1178 2571 1249; baseline -0.003 -17"><span class='ocrx_word' id='word_1_384' title='bbox 2209 1178 2316 1232; x_wconf 82' lang='grc' dir='ltr'>τῶν</span> <span class='ocrx_word' id='word_1_385' title='bbox 2352 1178 2571 1249; x_wconf 89' lang='grc' dir='ltr'>χοίρων.</span> 
     </span>
    </p>
   </div>
   <div class='ocr_carea' id='block_1_57' title="bbox 2284 1263 3808 1340">
    <p class='ocr_par' dir='ltr' id='par_1_57' title="bbox 2284 1263 3808 1340">
     <span class='ocr_line' id='line_1_57' title="bbox 2284 1263 3808 1340; baseline 0.001 -21"><span class='ocrx_word' id='word_1_386' title='bbox 2284 1288 2301 1319; x_wconf 85' lang='grc' dir='ltr'><strong>ι</strong></span> <span class='ocrx_word' id='word_1_387' title='bbox 2316 1270 2430 1332; x_wconf 81' lang='grc' dir='ltr'>Πᾶς</span> <span class='ocrx_word' id='word_1_388' title='bbox 2454 1268 2827 1340; x_wconf 77' lang='grc' dir='ltr'><strong>ἀπερίτμητος</strong></span> <span class='ocrx_word' id='word_1_389' title='bbox 2853 1267 2953 1319; x_wconf 81' lang='grc' dir='ltr'>οὐκ</span> <span class='ocrx_word' id='word_1_390' title='bbox 2969 1264 3145 1319; x_wconf 77' lang='grc' dir='ltr'><strong>ἔδεται</strong></span> <span class='ocrx_word' id='word_1_391' title='bbox 3169 1264 3262 1318; x_wconf 85' lang='grc' dir='ltr'><strong>ἀπ’</strong></span> <span class='ocrx_word' id='word_1_392' title='bbox 3288 1263 3473 1320; x_wconf 79' lang='grc' dir='ltr'>αὐτοῦ.</span> <span class='ocrx_word' id='word_1_393' title='bbox 3488 1284 3507 1317; x_wconf 79' lang='grc' dir='ltr'><strong>ι</strong></span> <span class='ocrx_word' id='word_1_394' title='bbox 3528 1265 3644 1319; x_wconf 80' lang='grc' dir='ltr'><strong>Πᾶν</strong></span> <span class='ocrx_word' id='word_1_395' title='bbox 3660 1266 3808 1335; x_wconf 79' lang='grc' dir='ltr'>γέν-</span> 
     </span>
    </p>
   </div>
   <div class='ocr_carea' id='block_1_58' title="bbox 2210 1355 3805 1433">
    <p class='ocr_par' dir='ltr' id='par_1_58' title="bbox 2210 1355 3805 1433">
     <span class='ocr_line' id='line_1_58' title="bbox 2210 1355 3805 1433; baseline -0.002 -21"><span class='ocrx_word' id='word_1_396' title='bbox 2210 1377 2358 1433; x_wconf 83' lang='grc' dir='ltr'>νημα</span> <span class='ocrx_word' id='word_1_397' title='bbox 2402 1360 2581 1432; x_wconf 78' lang='grc' dir='ltr'>ψυχῆς</span> <span class='ocrx_word' id='word_1_398' title='bbox 2629 1359 2816 1431; x_wconf 90' lang='grc' dir='ltr'>νοητὸν</span> <span class='ocrx_word' id='word_1_399' title='bbox 2846 1356 3169 1429; x_wconf 61' lang='grc' dir='ltr'>ὑπρὸαῖνον</span> <span class='ocrx_word' id='word_1_400' title='bbox 3215 1355 3283 1410; x_wconf 82' lang='grc' dir='ltr'>τὰ</span> <span class='ocrx_word' id='word_1_401' title='bbox 3325 1355 3483 1409; x_wconf 80' lang='grc' dir='ltr'>ὑλικά</span> <span class='ocrx_word' id='word_1_402' title='bbox 3511 1355 3693 1426; x_wconf 80' lang='grc' dir='ltr'>(ὑλικά</span> <span class='ocrx_word' id='word_1_403' title='bbox 3724 1356 3805 1409; x_wconf 82' lang='grc' dir='ltr'>δὲ</span> 
     </span>
    </p>
   </div>
   <div class='ocr_carea' id='block_1_59' title="bbox 2209 1446 3800 1525">
    <p class='ocr_par' dir='ltr' id='par_1_59' title="bbox 2209 1446 3800 1525">
     <span class='ocr_line' id='line_1_59' title="bbox 2209 1446 3800 1525; baseline -0.004 -19"><span class='ocrx_word' id='word_1_404' title='bbox 2209 1452 2277 1506; x_wconf 82' lang='grc' dir='ltr'><strong>τὰ</strong></span> <span class='ocrx_word' id='word_1_405' title='bbox 2303 1452 2491 1524; x_wconf 85' lang='grc' dir='ltr'>θήλεα)</span> <span class='ocrx_word' id='word_1_406' title='bbox 2532 1450 2876 1525; x_wconf 82' lang='grc' dir='ltr'>περιτέμνειν</span> <span class='ocrx_word' id='word_1_407' title='bbox 2908 1449 3002 1502; x_wconf 76' lang='grc' dir='ltr'>καὶ</span> <span class='ocrx_word' id='word_1_408' title='bbox 3044 1447 3325 1518; x_wconf 88' lang='grc' dir='ltr'>καθαίρειν</span> <span class='ocrx_word' id='word_1_409' title='bbox 3355 1446 3453 1511; x_wconf 85' lang='grc' dir='ltr'>δεῖ,</span> <span class='ocrx_word' id='word_1_410' title='bbox 3484 1446 3571 1502; x_wconf 84' lang='grc' dir='ltr'>ἵνα</span> <span class='ocrx_word' id='word_1_411' title='bbox 3607 1447 3800 1512; x_wconf 76' lang='grc' dir='ltr'>οὕτως</span> 
     </span>
    </p>
   </div>
   <div class='ocr_carea' id='block_1_60' title="bbox 2213 1537 3799 1615">
    <p class='ocr_par' dir='ltr' id='par_1_60' title="bbox 2213 1537 3799 1615">
     <span class='ocr_line' id='line_1_60' title="bbox 2213 1537 3799 1615; baseline -0.003 -19"><span class='ocrx_word' id='word_1_412' title='bbox 2213 1542 2600 1615; x_wconf 79' lang='grc' dir='ltr'>μεταλαμϐάνῃ</span> <span class='ocrx_word' id='word_1_413' title='bbox 2629 1559 2713 1605; x_wconf 90' lang='grc' dir='ltr'><strong>τις</strong></span> <span class='ocrx_word' id='word_1_414' title='bbox 2741 1540 2847 1594; x_wconf 86' lang='grc' dir='ltr'>τῶν</span> <span class='ocrx_word' id='word_1_415' title='bbox 2868 1538 3045 1611; x_wconf 84' lang='grc' dir='ltr'>κρεῶν</span> <span class='ocrx_word' id='word_1_416' title='bbox 3063 1537 3156 1592; x_wconf 82' lang='grc' dir='ltr'><strong>τοῦ</strong></span> <span class='ocrx_word' id='word_1_417' title='bbox 3180 1538 3390 1609; x_wconf 82' lang='grc' dir='ltr'><strong>Πάσχα·</strong></span> <span class='ocrx_word' id='word_1_418' title='bbox 3406 1537 3481 1601; x_wconf 84' lang='grc' dir='ltr'>ὡς</span> <span class='ocrx_word' id='word_1_419' title='bbox 3504 1537 3799 1608; x_wconf 78' lang='grc' dir='ltr'><strong>αὐτόχθων</strong></span> 
     </span>
    </p>
   </div>
   <div class='ocr_carea' id='block_1_61' title="bbox 2209 1628 3798 1706">
    <p class='ocr_par' dir='ltr' id='par_1_61' title="bbox 2209 1628 3798 1706">
     <span class='ocr_line' id='line_1_61' title="bbox 2209 1628 3798 1706; baseline -0.003 -19"><span class='ocrx_word' id='word_1_420' title='bbox 2209 1633 2265 1687; x_wconf 84' lang='grc' dir='ltr'>δὲ</span> <span class='ocrx_word' id='word_1_421' title='bbox 2285 1636 2383 1705; x_wconf 80' lang='grc' dir='ltr'>τῆς</span> <span class='ocrx_word' id='word_1_422' title='bbox 2408 1635 2530 1706; x_wconf 81' lang='grc' dir='ltr'>γῆς,</span> <span class='ocrx_word' id='word_1_423' title='bbox 2549 1634 2641 1688; x_wconf 80' lang='grc' dir='ltr'>καὶ</span> <span class='ocrx_word' id='word_1_424' title='bbox 2666 1635 2695 1686; x_wconf 99' lang='lat'><strong>6</strong></span> <span class='ocrx_word' id='word_1_425' title='bbox 2711 1631 3041 1703; x_wconf 80' lang='grc' dir='ltr'>προσήλυτος</span> <span class='ocrx_word' id='word_1_426' title='bbox 3061 1629 3285 1699; x_wconf 88' lang='grc' dir='ltr'>γίνεται·</span> <span class='ocrx_word' id='word_1_427' title='bbox 3309 1631 3370 1682; x_wconf 87' lang='grc' dir='ltr'>οὺ</span> <span class='ocrx_word' id='word_1_428' title='bbox 3394 1628 3504 1701; x_wconf 75' lang='grc' dir='ltr'><strong>γὰρ</strong></span> <span class='ocrx_word' id='word_1_429' title='bbox 3526 1629 3595 1682; x_wconf 85' lang='grc' dir='ltr'>τὰ</span> <span class='ocrx_word' id='word_1_430' title='bbox 3617 1629 3798 1701; x_wconf 80' lang='grc' dir='ltr'>σπέρ-</span> 
     </span>
    </p>
   </div>
   <div class='ocr_carea' id='block_1_62' title="bbox 2211 1721 3796 1798">
    <p class='ocr_par' dir='ltr' id='par_1_62' title="bbox 2211 1721 3796 1798">
     <span class='ocr_line' id='line_1_62' title="bbox 2211 1721 3796 1798; baseline -0.004 -17"><span class='ocrx_word' id='word_1_431' title='bbox 2211 1745 2355 1798; x_wconf 75' lang='grc' dir='ltr'>ματα</span> <span class='ocrx_word' id='word_1_432' title='bbox 2399 1727 2640 1798; x_wconf 77' lang='grc' dir='ltr'>προτιμᾷ</span> <span class='ocrx_word' id='word_1_433' title='bbox 2685 1728 2712 1780; x_wconf 91' lang='lat'><strong>6</strong></span> <span class='ocrx_word' id='word_1_434' title='bbox 2749 1723 2882 1788; x_wconf 88' lang='grc' dir='ltr'>Θεὸς</span> <span class='ocrx_word' id='word_1_435' title='bbox 2923 1723 2993 1777; x_wconf 82' lang='grc' dir='ltr'>τὰ</span> <span class='ocrx_word' id='word_1_436' title='bbox 3033 1722 3249 1793; x_wconf 81' lang='grc' dir='ltr'><strong>εὐγενῆ,</strong></span> <span class='ocrx_word' id='word_1_437' title='bbox 3280 1721 3417 1777; x_wconf 86' lang='grc' dir='ltr'>ἀλλὰ</span> <span class='ocrx_word' id='word_1_438' title='bbox 3463 1722 3796 1794; x_wconf 84' lang='grc' dir='ltr'>προαίρεσιν</span> 
     </span>
    </p>
   </div>
   <div class='ocr_carea' id='block_1_63' title="bbox 2206 1819 2547 1888">
    <p class='ocr_par' dir='ltr' id='par_1_63' title="bbox 2206 1819 2547 1888">
     <span class='ocr_line' id='line_1_63' title="bbox 2206 1819 2547 1888; baseline 0.003 -15"><span class='ocrx_word' id='word_1_439' title='bbox 2206 1819 2547 1888; x_wconf 81' lang='grc' dir='ltr'>ἀποδέχεται.</span> 
     </span>
    </p>
   </div>
   <div class='ocr_carea' id='block_1_64' title="bbox 2282 1903 3798 1979">
    <p class='ocr_par' dir='ltr' id='par_1_64' title="bbox 2282 1903 3798 1979">
     <span class='ocr_line' id='line_1_64' title="bbox 2282 1903 3798 1979; baseline -0.005 -13"><span class='ocrx_word' id='word_1_440' title='bbox 2282 1912 2390 1966; x_wconf 85' lang='grc' dir='ltr'><strong>Τοῦ</strong></span> <span class='ocrx_word' id='word_1_441' title='bbox 2421 1908 2629 1964; x_wconf 81' lang='grc' dir='ltr'>αὐτοῦ.</span> <span class='ocrx_word' id='word_1_442' title='bbox 2673 1906 3069 1979; x_wconf 85' lang='grc' dir='ltr'>Ἀπερίτμητον</span> <span class='ocrx_word' id='word_1_443' title='bbox 3098 1909 3164 1977; x_wconf 84' lang='grc' dir='ltr'><strong>τῇ</strong></span> <span class='ocrx_word' id='word_1_444' title='bbox 3213 1905 3374 1977; x_wconf 77' lang='grc' dir='ltr'>σαρκὶ</span> <span class='ocrx_word' id='word_1_445' title='bbox 3402 1906 3492 1961; x_wconf 88' lang='grc' dir='ltr'><strong>τὸν</strong></span> <span class='ocrx_word' id='word_1_446' title='bbox 3526 1903 3601 1977; x_wconf 81' lang='grc' dir='ltr'><strong>μὴ</strong></span> <span class='ocrx_word' id='word_1_447' title='bbox 3624 1921 3798 1976; x_wconf 87' lang='grc' dir='ltr'>περι-</span> 
     </span>
    </p>
   </div>
   <div class='ocr_carea' id='block_1_65' title="bbox 2205 1997 3796 2074">
    <p class='ocr_par' dir='ltr' id='par_1_65' title="bbox 2205 1997 3796 2074">
     <span class='ocr_line' id='line_1_65' title="bbox 2205 1997 3796 2074; baseline -0.005 -17"><span class='ocrx_word' id='word_1_448' title='bbox 2205 2003 2534 2074; x_wconf 86' lang='grc' dir='ltr'>τεμνόμενον</span> <span class='ocrx_word' id='word_1_449' title='bbox 2582 2000 2650 2053; x_wconf 86' lang='grc' dir='ltr'>τὰ</span> <span class='ocrx_word' id='word_1_450' title='bbox 2699 2002 2937 2073; x_wconf 77' lang='grc' dir='ltr'>σαρκικὰ</span> <span class='ocrx_word' id='word_1_451' title='bbox 2982 2016 3164 2070; x_wconf 77' lang='grc' dir='ltr'>φησιν,</span> <span class='ocrx_word' id='word_1_452' title='bbox 3199 1997 3391 2070; x_wconf 80' lang='grc' dir='ltr'>ὥσπερ</span> <span class='ocrx_word' id='word_1_453' title='bbox 3435 1999 3529 2051; x_wconf 76' lang='grc' dir='ltr'>καὶ</span> <span class='ocrx_word' id='word_1_454' title='bbox 3586 1998 3796 2070; x_wconf 86' lang='grc' dir='ltr'>ἀπερί-</span> 
     </span>
    </p>
   </div>
   <div class='ocr_carea' id='block_1_66' title="bbox 2202 2089 3588 2165">
    <p class='ocr_par' dir='ltr' id='par_1_66' title="bbox 2202 2089 3588 2165">
     <span class='ocr_line' id='line_1_66' title="bbox 2202 2089 3588 2165; baseline -0.003 -19"><span class='ocrx_word' id='word_1_455' title='bbox 2202 2110 2405 2165; x_wconf 88' lang='grc' dir='ltr'>τμητον</span> <span class='ocrx_word' id='word_1_456' title='bbox 2430 2091 2723 2162; x_wconf 74' lang='grc' dir='ltr'>ὀφθαλμοῖς</span> <span class='ocrx_word' id='word_1_457' title='bbox 2746 2092 2837 2145; x_wconf 91' lang='grc' dir='ltr'><strong>τὸν</strong></span> <span class='ocrx_word' id='word_1_458' title='bbox 2868 2092 3131 2162; x_wconf 78' lang='grc' dir='ltr'>βλέποντα</span> <span class='ocrx_word' id='word_1_459' title='bbox 3158 2090 3295 2160; x_wconf 86' lang='grc' dir='ltr'>πρὸς</span> <span class='ocrx_word' id='word_1_460' title='bbox 3319 2089 3356 2143; x_wconf 80' lang='grc' dir='ltr'><strong>ἀ</strong></span> <span class='ocrx_word' id='word_1_461' title='bbox 3390 2089 3463 2160; x_wconf 85' lang='grc' dir='ltr'>μὴ</span> <span class='ocrx_word' id='word_1_462' title='bbox 3488 2089 3588 2142; x_wconf 87' lang='grc' dir='ltr'>δεῖ.</span> 
     </span>
    </p>
   </div>
   <div class='ocr_carea' id='block_1_67' title="bbox 2280 2179 3793 2255">
    <p class='ocr_par' dir='ltr' id='par_1_67' title="bbox 2280 2179 3793 2255">
     <span class='ocr_line' id='line_1_67' title="bbox 2280 2179 3793 2255; baseline -0.003 -18"><span class='ocrx_word' id='word_1_463' title='bbox 2280 2182 2389 2237; x_wconf 85' lang='grc' dir='ltr'><strong>Τοῦ</strong></span> <span class='ocrx_word' id='word_1_464' title='bbox 2416 2181 2625 2236; x_wconf 80' lang='grc' dir='ltr'>αὐτοῦ-</span> <span class='ocrx_word' id='word_1_465' title='bbox 2663 2182 2855 2255; x_wconf 79' lang='grc' dir='ltr'>Ὁρᾶτε</span> <span class='ocrx_word' id='word_1_466' title='bbox 2878 2184 2951 2251; x_wconf 90' lang='grc' dir='ltr'>μή</span> <span class='ocrx_word' id='word_1_467' title='bbox 2972 2198 3056 2244; x_wconf 90' lang='grc' dir='ltr'><strong>τις</strong></span> <span class='ocrx_word' id='word_1_468' title='bbox 3082 2179 3235 2249; x_wconf 84' lang='grc' dir='ltr'>ὑμῶν</span> <span class='ocrx_word' id='word_1_469' title='bbox 3272 2180 3638 2252; x_wconf 86' lang='grc' dir='ltr'>ἀπερίτμητός</span> <span class='ocrx_word' id='word_1_470' title='bbox 3659 2180 3793 2233; x_wconf 82' lang='grc' dir='ltr'>ἐστι</span> 
     </span>
    </p>
   </div>
   <div class='ocr_carea' id='block_1_68' title="bbox 2201 2271 3793 2346">
    <p class='ocr_par' dir='ltr' id='par_1_68' title="bbox 2201 2271 3793 2346">
     <span class='ocr_line' id='line_1_68' title="bbox 2201 2271 3793 2346; baseline -0.003 -17"><span class='ocrx_word' id='word_1_471' title='bbox 2201 2278 2267 2346; x_wconf 80' lang='grc' dir='ltr'>τῇ</span> <span class='ocrx_word' id='word_1_472' title='bbox 2299 2274 2510 2346; x_wconf 72' lang='grc' dir='ltr'>καρδία·</span> <span class='ocrx_word' id='word_1_473' title='bbox 2540 2273 2713 2342; x_wconf 86' lang='grc' dir='ltr'>μήτις</span> <span class='ocrx_word' id='word_1_474' title='bbox 2738 2274 2799 2326; x_wconf 83' lang='grc' dir='ltr'>οὐ</span> <span class='ocrx_word' id='word_1_475' title='bbox 2827 2273 3219 2345; x_wconf 85' lang='grc' dir='ltr'>περιτέτμηται</span> <span class='ocrx_word' id='word_1_476' title='bbox 3248 2272 3343 2336; x_wconf 74' lang='grc' dir='ltr'><strong>τὰς</strong></span> <span class='ocrx_word' id='word_1_477' title='bbox 3374 2272 3672 2342; x_wconf 86' lang='grc' dir='ltr'>περιτομάς</span> <span class='ocrx_word' id='word_1_478' title='bbox 3713 2271 3793 2335; x_wconf 69' lang='grc' dir='ltr'>ἃς</span> 
     </span>
    </p>
   </div>
   <div class='ocr_carea' id='block_1_69' title="bbox 2198 2363 3788 2436">
    <p class='ocr_par' dir='ltr' id='par_1_69' title="bbox 2198 2363 3788 2436">
     <span class='ocr_line' id='line_1_69' title="bbox 2198 2363 3788 2436; baseline 0 -16"><span class='ocrx_word' id='word_1_479' title='bbox 2198 2369 2229 2421; x_wconf 92' lang='lat'><strong>6</strong></span> <span class='ocrx_word' id='word_1_480' title='bbox 2261 2366 2416 2434; x_wconf 81' lang='grc' dir='ltr'>λόγος</span> <span class='ocrx_word' id='word_1_481' title='bbox 2459 2364 2699 2419; x_wconf 76' lang='grc' dir='ltr'>διδάσκει</span> <span class='ocrx_word' id='word_1_482' title='bbox 2740 2364 3184 2436; x_wconf 85' lang='grc' dir='ltr'>περιτέμνεσθαι.</span> <span class='ocrx_word' id='word_1_483' title='bbox 3232 2363 3403 2427; x_wconf 59' lang='grc' dir='ltr'>Ποίας,</span> <span class='ocrx_word' id='word_1_484' title='bbox 3437 2363 3495 2416; x_wconf 88' lang='grc' dir='ltr'><strong>δέ</strong></span> <span class='ocrx_word' id='word_1_485' title='bbox 3535 2363 3788 2428; x_wconf 78' lang='grc' dir='ltr'>ταύταςς</span> 
     </span>
    </p>
   </div>
   <div class='ocr_carea' id='block_1_70' title="bbox 2199 2450 3791 2529">
    <p class='ocr_par' dir='ltr' id='par_1_70' title="bbox 2199 2450 3791 2529">
     <span class='ocr_line' id='line_1_70' title="bbox 2199 2450 3791 2529; baseline -0.003 -17"><span class='ocrx_word' id='word_1_486' title='bbox 2199 2457 2560 2529; x_wconf 85' lang='grc' dir='ltr'>ἀπερίτμητοι</span> <span class='ocrx_word' id='word_1_487' title='bbox 2602 2456 2672 2510; x_wconf 72' lang='grc' dir='ltr'><strong>τὰ</strong></span> <span class='ocrx_word' id='word_1_488' title='bbox 2721 2450 2839 2510; x_wconf 82' lang='grc' dir='ltr'>ὦτα</span> <span class='ocrx_word' id='word_1_489' title='bbox 2873 2453 3219 2519; x_wconf 77' lang='grc' dir='ltr'>όνειδίζονταί</span> <span class='ocrx_word' id='word_1_490' title='bbox 3264 2471 3411 2517; x_wconf 87' lang='grc' dir='ltr'>τινες</span> <span class='ocrx_word' id='word_1_491' title='bbox 3456 2454 3629 2520; x_wconf 76' lang='grc' dir='ltr'>ὄντες·</span> <span class='ocrx_word' id='word_1_492' title='bbox 3679 2455 3791 2508; x_wconf 75' lang='grc' dir='ltr'><strong>καὶ</strong></span> 
     </span>
    </p>
   </div>
   <div class='ocr_carea' id='block_1_71' title="bbox 2200 2547 3785 2622">
    <p class='ocr_par' dir='ltr' id='par_1_71' title="bbox 2200 2547 3785 2622">
     <span class='ocr_line' id='line_1_71' title="bbox 2200 2547 3785 2622; baseline -0.003 -17"><span class='ocrx_word' id='word_1_493' title='bbox 2200 2552 2314 2605; x_wconf 82' lang='grc' dir='ltr'>ὅσοι</span> <span class='ocrx_word' id='word_1_494' title='bbox 2360 2552 2420 2603; x_wconf 75' lang='grc' dir='ltr'>οὐ</span> <span class='ocrx_word' id='word_1_495' title='bbox 2460 2550 2887 2622; x_wconf 84' lang='grc' dir='ltr'>περιτέτμηνται</span> <span class='ocrx_word' id='word_1_496' title='bbox 2927 2547 3025 2620; x_wconf 82' lang='grc' dir='ltr'>τὴν</span> <span class='ocrx_word' id='word_1_497' title='bbox 3072 2548 3260 2621; x_wconf 84' lang='grc' dir='ltr'>ἀκοὴν,</span> <span class='ocrx_word' id='word_1_498' title='bbox 3286 2547 3586 2619; x_wconf 86' lang='grc' dir='ltr'>ἀκάθαρτοί</span> <span class='ocrx_word' id='word_1_499' title='bbox 3618 2550 3785 2601; x_wconf 71' lang='grc' dir='ltr'>εἰσιν.</span> 
     </span>
    </p>
   </div>
   <div class='ocr_carea' id='block_1_72' title="bbox 2213 2638 3792 2712">
    <p class='ocr_par' dir='ltr' id='par_1_72' title="bbox 2213 2638 3792 2712">
     <span class='ocr_line' id='line_1_72' title="bbox 2213 2638 3792 2712; baseline 0.023 -20"><span class='ocrx_word' id='word_1_500' title='bbox 2213 2639 2608 2712; x_wconf 74' lang='grc' dir='ltr'>Ἀπερίτμητος</span> <span class='ocrx_word' id='word_1_501' title='bbox 2659 2638 2916 2709; x_wconf 78' lang='grc' dir='ltr'>χείλεσιν›</span> <span class='ocrx_word' id='word_1_502' title='bbox 2964 2641 2994 2691; x_wconf 81' lang='grc' dir='ltr'>ὁ</span> <span class='ocrx_word' id='word_1_503' title='bbox 3040 2638 3114 2709; x_wconf 82' lang='grc' dir='ltr'>μὴ</span> <span class='ocrx_word' id='word_1_504' title='bbox 3161 2638 3614 2710; x_wconf 68' lang='grc' dir='ltr'><strong>περιτεμνόμενος</strong></span> <span class='ocrx_word' id='word_1_505' title='bbox 3651 2639 3792 2703; x_wconf 65' lang='grc' dir='ltr'><strong>τοὺς</strong></span> 
     </span>
    </p>
   </div>
   <div class='ocr_carea' id='block_1_73' title="bbox 2199 2728 3788 2801">
    <p class='ocr_par' dir='ltr' id='par_1_73' title="bbox 2199 2728 3788 2801">
     <span class='ocr_line' id='line_1_73' title="bbox 2199 2728 3788 2801; baseline -0.002 -16"><span class='ocrx_word' id='word_1_506' title='bbox 2199 2731 2389 2800; x_wconf 85' lang='grc' dir='ltr'>λόγους</span> <span class='ocrx_word' id='word_1_507' title='bbox 2438 2731 2562 2795; x_wconf 82' lang='grc' dir='ltr'>τοὺς</span> <span class='ocrx_word' id='word_1_508' title='bbox 2606 2732 2881 2793; x_wconf 79' lang='grc' dir='ltr'>ἐναντίους</span> <span class='ocrx_word' id='word_1_509' title='bbox 2912 2730 3008 2783; x_wconf 82' lang='grc' dir='ltr'>καὶ</span> <span class='ocrx_word' id='word_1_510' title='bbox 3036 2730 3397 2801; x_wconf 85' lang='grc' dir='ltr'>ἀκαθάρτους.</span> <span class='ocrx_word' id='word_1_511' title='bbox 3432 2729 3617 2792; x_wconf 80' lang='grc' dir='ltr'>Οὕτως</span> <span class='ocrx_word' id='word_1_512' title='bbox 3660 2728 3788 2782; x_wconf 76' lang='grc' dir='ltr'>ἐστι</span> 
     </span>
    </p>
   </div>
   <div class='ocr_carea' id='block_1_74' title="bbox 2199 2819 3787 2894">
    <p class='ocr_par' dir='ltr' id='par_1_74' title="bbox 2199 2819 3787 2894">
     <span class='ocr_line' id='line_1_74' title="bbox 2199 2819 3787 2894; baseline -0.003 -18"><span class='ocrx_word' id='word_1_513' title='bbox 2199 2823 2293 2876; x_wconf 72' lang='grc' dir='ltr'>καὶ</span> <span class='ocrx_word' id='word_1_514' title='bbox 2322 2823 2697 2894; x_wconf 81' lang='grc' dir='ltr'>ἀπερίτμητον</span> <span class='ocrx_word' id='word_1_515' title='bbox 2722 2823 2789 2893; x_wconf 79' lang='grc' dir='ltr'>τῇ</span> <span class='ocrx_word' id='word_1_516' title='bbox 2820 2822 2983 2892; x_wconf 76' lang='grc' dir='ltr'>σαρκὶ</span> <span class='ocrx_word' id='word_1_517' title='bbox 3008 2823 3202 2885; x_wconf 79' lang='grc' dir='ltr'>εἰπεῖν,</span> <span class='ocrx_word' id='word_1_518' title='bbox 3230 2822 3321 2875; x_wconf 92' lang='grc' dir='ltr'><strong>τὸν</strong></span> <span class='ocrx_word' id='word_1_519' title='bbox 3350 2822 3425 2892; x_wconf 84' lang='grc' dir='ltr'>μὴ</span> <span class='ocrx_word' id='word_1_520' title='bbox 3457 2819 3787 2890; x_wconf 86' lang='grc' dir='ltr'>περιτεμνό-</span> 
     </span>
    </p>
   </div>
   <div class='ocr_carea' id='block_1_75' title="bbox 2203 2911 3785 2984">
    <p class='ocr_par' dir='ltr' id='par_1_75' title="bbox 2203 2911 3785 2984">
     <span class='ocr_line' id='line_1_75' title="bbox 2203 2911 3785 2984; baseline 0.001 -20"><span class='ocrx_word' id='word_1_521' title='bbox 2203 2929 2360 2983; x_wconf 92' lang='grc' dir='ltr'>μενον</span> <span class='ocrx_word' id='word_1_522' title='bbox 2427 2912 2496 2966; x_wconf 77' lang='grc' dir='ltr'><strong>τὰ</strong></span> <span class='ocrx_word' id='word_1_523' title='bbox 2568 2913 2805 2983; x_wconf 79' lang='grc' dir='ltr'>σαρκικὰ</span> <span class='ocrx_word' id='word_1_524' title='bbox 2877 2912 3199 2984; x_wconf 88' lang='grc' dir='ltr'>πράγματα·</span> <span class='ocrx_word' id='word_1_525' title='bbox 3260 2912 3357 2965; x_wconf 73' lang='grc' dir='ltr'>καὶ</span> <span class='ocrx_word' id='word_1_526' title='bbox 3404 2911 3785 2982; x_wconf 66' lang='grc' dir='ltr'>ἀπερίτμητοι)</span> 
     </span>
    </p>
   </div>
   <div class='ocr_carea' id='block_1_76' title="bbox 2200 3002 3787 3076">
    <p class='ocr_par' dir='ltr' id='par_1_76' title="bbox 2200 3002 3787 3076">
     <span class='ocr_line' id='line_1_76' title="bbox 2200 3002 3787 3076; baseline 0 -19"><span class='ocrx_word' id='word_1_527' title='bbox 2200 3003 2514 3075; x_wconf 76' lang='grc' dir='ltr'>ὀφθαλμοῖς,</span> <span class='ocrx_word' id='word_1_528' title='bbox 2536 3004 2628 3057; x_wconf 91' lang='grc' dir='ltr'><strong>τὸν</strong></span> <span class='ocrx_word' id='word_1_529' title='bbox 2654 3003 2918 3074; x_wconf 85' lang='grc' dir='ltr'>βλέποντα</span> <span class='ocrx_word' id='word_1_530' title='bbox 2942 3003 2977 3058; x_wconf 83' lang='grc' dir='ltr'><strong>ἀ</strong></span> <span class='ocrx_word' id='word_1_531' title='bbox 3003 3004 3077 3076; x_wconf 80' lang='grc' dir='ltr'>μὴ</span> <span class='ocrx_word' id='word_1_532' title='bbox 3095 3004 3193 3068; x_wconf 87' lang='grc' dir='ltr'>δεῖ,</span> <span class='ocrx_word' id='word_1_533' title='bbox 3227 3004 3320 3057; x_wconf 79' lang='grc' dir='ltr'>καὶ</span> <span class='ocrx_word' id='word_1_534' title='bbox 3347 3002 3420 3076; x_wconf 82' lang='grc' dir='ltr'>μὴ</span> <span class='ocrx_word' id='word_1_535' title='bbox 3448 3002 3787 3074; x_wconf 79' lang='grc' dir='ltr'>καθαίροντα</span> 
     </span>
    </p>
   </div>
   <div class='ocr_carea' id='block_1_77' title="bbox 2199 3094 3786 3167">
    <p class='ocr_par' dir='ltr' id='par_1_77' title="bbox 2199 3094 3786 3167">
     <span class='ocr_line' id='line_1_77' title="bbox 2199 3094 3786 3167; baseline 0.001 -21"><span class='ocrx_word' id='word_1_536' title='bbox 2199 3094 2260 3146; x_wconf 91' lang='grc' dir='ltr'><strong>τὸ</strong></span> <span class='ocrx_word' id='word_1_537' title='bbox 2280 3095 2552 3165; x_wconf 80' lang='grc' dir='ltr'>ὁρατικόν·</span> <span class='ocrx_word' id='word_1_538' title='bbox 2581 3096 2674 3148; x_wconf 72' lang='grc' dir='ltr'>καὶ</span> <span class='ocrx_word' id='word_1_539' title='bbox 2713 3095 3083 3167; x_wconf 84' lang='grc' dir='ltr'>ἀπερίτμητον</span> <span class='ocrx_word' id='word_1_540' title='bbox 3121 3095 3303 3166; x_wconf 70' lang='grc' dir='ltr'>σαρκὶ,</span> <span class='ocrx_word' id='word_1_541' title='bbox 3347 3094 3439 3152; x_wconf 92' lang='grc' dir='ltr'><strong>τὸν</strong></span> <span class='ocrx_word' id='word_1_542' title='bbox 3468 3094 3786 3166; x_wconf 81' lang='grc' dir='ltr'>πράττοντα</span> 
     </span>
    </p>
   </div>
   <div class='ocr_carea' id='block_1_78' title="bbox 2199 3185 2464 3258">
    <p class='ocr_par' dir='ltr' id='par_1_78' title="bbox 2199 3185 2464 3258">
     <span class='ocr_line' id='line_1_78' title="bbox 2199 3185 2464 3258; baseline 0.008 -19"><span class='ocrx_word' id='word_1_543' title='bbox 2199 3185 2236 3239; x_wconf 77' lang='grc' dir='ltr'><strong>ἀ</strong></span> <span class='ocrx_word' id='word_1_544' title='bbox 2265 3187 2340 3258; x_wconf 83' lang='grc' dir='ltr'>μὴ</span> <span class='ocrx_word' id='word_1_545' title='bbox 2365 3186 2464 3241; x_wconf 86' lang='grc' dir='ltr'>δεῖ.</span> 
     </span>
    </p>
   </div>
   <div class='ocr_carea' id='block_1_79' title="bbox 2275 3275 3784 3351">
    <p class='ocr_par' dir='ltr' id='par_1_79' title="bbox 2275 3275 3784 3351">
     <span class='ocr_line' id='line_1_79' title="bbox 2275 3275 3784 3351; baseline 0.002 -22"><span class='ocrx_word' id='word_1_546' title='bbox 2275 3296 2294 3329; x_wconf 76' lang='grc' dir='ltr'><strong>ι</strong></span> <span class='ocrx_word' id='word_1_547' title='bbox 2334 3275 2654 3350; x_wconf 82' lang='grc' dir='ltr'>Ἐξάραντες</span> <span class='ocrx_word' id='word_1_548' title='bbox 2684 3278 2742 3331; x_wconf 73' lang='grc' dir='ltr'>δὲ</span> <span class='ocrx_word' id='word_1_549' title='bbox 2764 3280 2814 3331; x_wconf 83' lang='grc' dir='ltr'><strong>οί</strong></span> <span class='ocrx_word' id='word_1_550' title='bbox 2841 3278 2944 3331; x_wconf 70' lang='grc' dir='ltr'>υἱοὶ</span> <span class='ocrx_word' id='word_1_551' title='bbox 2981 3278 3195 3351; x_wconf 77' lang='grc' dir='ltr'>Ἰσραὴλ</span> <span class='ocrx_word' id='word_1_552' title='bbox 3218 3280 3281 3331; x_wconf 87' lang='grc' dir='ltr'><strong>ἐκ</strong></span> <span class='ocrx_word' id='word_1_553' title='bbox 3303 3277 3546 3350; x_wconf 89' lang='grc' dir='ltr'>Σοκχὼθ,</span> <span class='ocrx_word' id='word_1_554' title='bbox 3578 3281 3784 3351; x_wconf 87' lang='grc' dir='ltr'>ἐστρα-</span> 
     </span>
    </p>
   </div>
   <div class='ocr_carea' id='block_1_80' title="bbox 2197 3369 3784 3442">
    <p class='ocr_par' dir='ltr' id='par_1_80' title="bbox 2197 3369 3784 3442">
     <span class='ocr_line' id='line_1_80' title="bbox 2197 3369 3784 3442; baseline 0 -20"><span class='ocrx_word' id='word_1_555' title='bbox 2197 3369 2525 3424; x_wconf 84' lang='grc' dir='ltr'>τοπέδευσαν</span> <span class='ocrx_word' id='word_1_556' title='bbox 2574 3373 2631 3423; x_wconf 85' lang='grc' dir='ltr'><strong>ἐν</strong></span> <span class='ocrx_word' id='word_1_557' title='bbox 2678 3369 2859 3440; x_wconf 88' lang='grc' dir='ltr'>Ὀθὼμ</span> <span class='ocrx_word' id='word_1_558' title='bbox 2882 3369 3033 3442; x_wconf 81' lang='grc' dir='ltr'>παρὰ</span> <span class='ocrx_word' id='word_1_559' title='bbox 3070 3369 3167 3440; x_wconf 89' lang='grc' dir='ltr'>τὴν</span> <span class='ocrx_word' id='word_1_560' title='bbox 3208 3369 3430 3442; x_wconf 77' lang='grc' dir='ltr'>ἔρημον.</span> <span class='ocrx_word' id='word_1_561' title='bbox 3456 3389 3474 3420; x_wconf 83' lang='grc' dir='ltr'><strong>ι</strong></span> <span class='ocrx_word' id='word_1_562' title='bbox 3536 3370 3624 3422; x_wconf 83' lang='grc' dir='ltr'>Ἐν</span> <span class='ocrx_word' id='word_1_563' title='bbox 3664 3373 3784 3433; x_wconf 86' lang='grc' dir='ltr'>τοῖς</span> 
     </span>
    </p>
   </div>
   <div class='ocr_carea' id='block_1_81' title="bbox 2212 3458 3783 3532">
    <p class='ocr_par' dir='ltr' id='par_1_81' title="bbox 2212 3458 3783 3532">
     <span class='ocr_line' id='line_1_81' title="bbox 2212 3458 3783 3532; baseline -0.001 -18"><span class='ocrx_word' id='word_1_564' title='bbox 2212 3459 2491 3532; x_wconf 84' lang='grc' dir='ltr'>Ἀριθμοῖς</span> <span class='ocrx_word' id='word_1_565' title='bbox 2539 3463 2736 3525; x_wconf 89' lang='grc' dir='ltr'>κεῖται,</span> <span class='ocrx_word' id='word_1_566' title='bbox 2788 3459 2937 3513; x_wconf 83' lang='grc' dir='ltr'>(ἀπὸ</span> <span class='ocrx_word' id='word_1_567' title='bbox 2963 3458 3139 3513; x_wconf 78' lang='grc' dir='ltr'>Βουθὰ</span> <span class='ocrx_word' id='word_1_568' title='bbox 3189 3461 3283 3512; x_wconf 75' lang='grc' dir='ltr'>ἐπὶ</span> <span class='ocrx_word' id='word_1_569' title='bbox 3326 3460 3499 3531; x_wconf 85' lang='grc' dir='ltr'>στόμα</span> <span class='ocrx_word' id='word_1_570' title='bbox 3549 3458 3720 3530; x_wconf 83' lang='grc' dir='ltr'>Ἰρὼθ·</span> <span class='ocrx_word' id='word_1_571' title='bbox 3750 3462 3783 3513; x_wconf 85' lang='grc' dir='ltr'><strong>ὃ</strong></span> 
     </span>
    </p>
   </div>
   <div class='ocr_carea' id='block_1_82' title="bbox 2198 3547 3770 3625">
    <p class='ocr_par' dir='ltr' id='par_1_82' title="bbox 2198 3547 3770 3625">
     <span class='ocr_line' id='line_1_82' title="bbox 2198 3547 3770 3625; baseline 0.001 -26"><span class='ocrx_word' id='word_1_572' title='bbox 2198 3549 2345 3600; x_wconf 88' lang='grc' dir='ltr'>ἐστιν</span> <span class='ocrx_word' id='word_1_573' title='bbox 2388 3548 2646 3602; x_wconf 85' lang='grc' dir='ltr'>ἀπέναντι</span> <span class='ocrx_word' id='word_1_574' title='bbox 2698 3547 3049 3619; x_wconf 88' lang='grc' dir='ltr'>Βεελσεπρὼν</span> <span class='ocrx_word' id='word_1_575' title='bbox 3088 3549 3321 3620; x_wconf 83' lang='grc' dir='ltr'>ἐχόμενα.</span> <span class='ocrx_word' id='word_1_576' title='bbox 3368 3549 3460 3609; x_wconf 72' lang='grc' dir='ltr'>τοῦ</span> <span class='ocrx_word' id='word_1_577' title='bbox 3513 3549 3715 3625; x_wconf 74' lang='grc' dir='ltr'>Βορρᾶ,</span> <span class='ocrx_word' id='word_1_578' title='bbox 3750 3570 3770 3600; x_wconf 73' lang='grc' dir='ltr'><strong>ι</strong></span> 
     </span>
    </p>
   </div>
   <div class='ocr_carea' id='block_1_83' title="bbox 2199 3639 3311 3713">
    <p class='ocr_par' dir='ltr' id='par_1_83' title="bbox 2199 3639 3311 3713">
     <span class='ocr_line' id='line_1_83' title="bbox 2199 3639 3311 3713; baseline 0.003 -21"><span class='ocrx_word' id='word_1_579' title='bbox 2199 3639 2714 3711; x_wconf 78' lang='grc' dir='ltr'>παρεμϐεϐληκέναι</span> <span class='ocrx_word' id='word_1_580' title='bbox 2738 3642 2864 3704; x_wconf 85' lang='grc' dir='ltr'>τοὺς</span> <span class='ocrx_word' id='word_1_581' title='bbox 2889 3641 3035 3705; x_wconf 83' lang='grc' dir='ltr'>υἱοὺς</span> <span class='ocrx_word' id='word_1_582' title='bbox 3078 3641 3311 3713; x_wconf 87' lang='grc' dir='ltr'>Ἰσραήλ.</span> 
     </span>
    </p>
   </div>
   <div class='ocr_carea' id='block_1_84' title="bbox 2276 3733 3779 3803">
    <p class='ocr_par' dir='ltr' id='par_1_84' title="bbox 2276 3733 3779 3803">
     <span class='ocr_line' id='line_1_84' title="bbox 2276 3733 3779 3803; baseline 0.001 -18"><span class='ocrx_word' id='word_1_583' title='bbox 2276 3752 2294 3785; x_wconf 82' lang='grc' dir='ltr'><strong>ι</strong></span> <span class='ocrx_word' id='word_1_584' title='bbox 2320 3734 2428 3786; x_wconf 78' lang='grc' dir='ltr'><strong>Καὶ</strong></span> <span class='ocrx_word' id='word_1_585' title='bbox 2464 3733 2622 3786; x_wconf 71' lang='grc' dir='ltr'>ἔλαϐε</span> <span class='ocrx_word' id='word_1_586' title='bbox 2655 3733 2915 3799; x_wconf 79' lang='grc' dir='ltr'>ἑξακόσια</span> <span class='ocrx_word' id='word_1_587' title='bbox 2939 3734 3159 3803; x_wconf 76' lang='grc' dir='ltr'>ἅρματα</span> <span class='ocrx_word' id='word_1_588' title='bbox 3188 3733 3439 3798; x_wconf 86' lang='grc' dir='ltr'>ἐκλεκτά,</span> <span class='ocrx_word' id='word_1_589' title='bbox 3468 3733 3562 3787; x_wconf 77' lang='grc' dir='ltr'>καὶ</span> <span class='ocrx_word' id='word_1_590' title='bbox 3596 3735 3779 3787; x_wconf 75' lang='grc' dir='ltr'>πᾶσαν</span> 
     </span>
    </p>
   </div>
   <div class='ocr_carea' id='block_1_85' title="bbox 2197 3824 3773 3896">
    <p class='ocr_par' dir='ltr' id='par_1_85' title="bbox 2197 3824 3773 3896">
     <span class='ocr_line' id='line_1_85' title="bbox 2197 3824 3773 3896; baseline -0.001 -20"><span class='ocrx_word' id='word_1_591' title='bbox 2197 3824 2296 3895; x_wconf 78' lang='grc' dir='ltr'>τὴν</span> <span class='ocrx_word' id='word_1_592' title='bbox 2318 3825 2482 3877; x_wconf 78' lang='grc' dir='ltr'>ἵππον</span> <span class='ocrx_word' id='word_1_593' title='bbox 2503 3824 2610 3877; x_wconf 84' lang='grc' dir='ltr'>τῶν</span> <span class='ocrx_word' id='word_1_594' title='bbox 2630 3826 3053 3892; x_wconf 80' lang='grc' dir='ltr'>Αίγυπτίων,κα“ι</span> <span class='ocrx_word' id='word_1_595' title='bbox 3073 3825 3363 3896; x_wconf 78' lang='grc' dir='ltr'>τριστάτας</span> <span class='ocrx_word' id='word_1_596' title='bbox 3388 3824 3479 3877; x_wconf 79' lang='grc' dir='ltr'>ἐπὶ</span> <span class='ocrx_word' id='word_1_597' title='bbox 3504 3825 3735 3877; x_wconf 88' lang='grc' dir='ltr'>πάντων.</span> <span class='ocrx_word' id='word_1_598' title='bbox 3750 3843 3773 3875; x_wconf 72' lang='grc' dir='ltr'><strong>ι</strong></span> 
     </span>
    </p>
   </div>
   <div class='ocr_carea' id='block_1_86' title="bbox 2199 3915 3777 3988">
    <p class='ocr_par' dir='ltr' id='par_1_86' title="bbox 2199 3915 3777 3988">
     <span class='ocr_line' id='line_1_86' title="bbox 2199 3915 3777 3988; baseline 0 -20"><span class='ocrx_word' id='word_1_599' title='bbox 2199 3916 2337 3979; x_wconf 77' lang='grc' dir='ltr'>Τοὺς</span> <span class='ocrx_word' id='word_1_600' title='bbox 2368 3916 2503 3987; x_wconf 90' lang='grc' dir='ltr'>πρὸς</span> <span class='ocrx_word' id='word_1_601' title='bbox 2538 3919 2688 3988; x_wconf 87' lang='grc' dir='ltr'>τρεῖς</span> <span class='ocrx_word' id='word_1_602' title='bbox 2723 3917 3055 3988; x_wconf 86' lang='grc' dir='ltr'>δυναμένους</span> <span class='ocrx_word' id='word_1_603' title='bbox 3089 3915 3374 3988; x_wconf 88' lang='grc' dir='ltr'>μάχεσθαι,</span> <span class='ocrx_word' id='word_1_604' title='bbox 3399 3916 3432 3987; x_wconf 83' lang='grc' dir='ltr'>ἦ</span> <span class='ocrx_word' id='word_1_605' title='bbox 3459 3917 3584 3979; x_wconf 78' lang='grc' dir='ltr'>τοὺς</span> <span class='ocrx_word' id='word_1_606' title='bbox 3612 3918 3669 3970; x_wconf 87' lang='grc' dir='ltr'><strong>ἐν</strong></span> <span class='ocrx_word' id='word_1_607' title='bbox 3706 3919 3777 3986; x_wconf 80' lang='grc' dir='ltr'>τῇ</span> 
     </span>
    </p>
   </div>
   <div class='ocr_carea' id='block_1_87' title="bbox 2199 4007 3780 4079">
    <p class='ocr_par' dir='ltr' id='par_1_87' title="bbox 2199 4007 3780 4079">
     <span class='ocr_line' id='line_1_87' title="bbox 2199 4007 3780 4079; baseline 0 -18"><span class='ocrx_word' id='word_1_608' title='bbox 2199 4025 2276 4061; x_wconf 88' lang='grc' dir='ltr'><strong>πα</strong></span> <span class='ocrx_word' id='word_1_609' title='bbox 2281 4008 2472 4076; x_wconf 80' lang='grc' dir='ltr'>ρατάξε</span> <span class='ocrx_word' id='word_1_610' title='bbox 2481 4026 2497 4059; x_wconf 93' lang='grc' dir='ltr'><strong>ι</strong></span> <span class='ocrx_word' id='word_1_611' title='bbox 2504 4009 2644 4068; x_wconf 84' lang='grc' dir='ltr'><strong>μετά</strong></span> <span class='ocrx_word' id='word_1_612' title='bbox 2655 4008 2743 4061; x_wconf 91' lang='grc' dir='ltr'><strong>τὸν</strong></span> <span class='ocrx_word' id='word_1_613' title='bbox 2757 4008 3139 4079; x_wconf 84' lang='grc' dir='ltr'>πρωτοστάτην</span> <span class='ocrx_word' id='word_1_614' title='bbox 3152 4009 3343 4061; x_wconf 74' lang='grc' dir='ltr'>καὶτὸν</span> <span class='ocrx_word' id='word_1_615' title='bbox 3356 4008 3505 4061; x_wconf 88' lang='grc' dir='ltr'>δευτε</span> <span class='ocrx_word' id='word_1_616' title='bbox 3513 4024 3636 4079; x_wconf 80' lang='grc' dir='ltr'>ροστ</span> <span class='ocrx_word' id='word_1_617' title='bbox 3642 4007 3780 4077; x_wconf 81' lang='grc' dir='ltr'>άτην</span> 
     </span>
    </p>
   </div>
   <div class='ocr_carea' id='block_1_88' title="bbox 2200 4099 3779 4173">
    <p class='ocr_par' dir='ltr' id='par_1_88' title="bbox 2200 4099 3779 4173">
     <span class='ocr_line' id='line_1_88' title="bbox 2200 4099 3779 4173; baseline -0.001 -20"><span class='ocrx_word' id='word_1_618' title='bbox 2200 4100 2517 4171; x_wconf 80' lang='grc' dir='ltr'>ἱσταμένους</span> <span class='ocrx_word' id='word_1_619' title='bbox 2541 4102 2598 4153; x_wconf 87' lang='grc' dir='ltr'><strong>ἐν</strong></span> <span class='ocrx_word' id='word_1_620' title='bbox 2618 4104 2683 4172; x_wconf 81' lang='grc' dir='ltr'>τῇ</span> <span class='ocrx_word' id='word_1_621' title='bbox 2705 4101 2864 4173; x_wconf 82' lang='grc' dir='ltr'>τρίτῃ</span> <span class='ocrx_word' id='word_1_622' title='bbox 2884 4100 3053 4167; x_wconf 79' lang='grc' dir='ltr'>τάξει.</span> <span class='ocrx_word' id='word_1_623' title='bbox 3085 4099 3268 4153; x_wconf 80' lang='grc' dir='ltr'>Ἀλλοι</span> <span class='ocrx_word' id='word_1_624' title='bbox 3296 4100 3359 4153; x_wconf 16' lang='grc' dir='ltr'><strong>δέ.</strong></span> <span class='ocrx_word' id='word_1_625' title='bbox 3390 4116 3574 4168; x_wconf 85' lang='grc' dir='ltr'>φασιν,</span> <span class='ocrx_word' id='word_1_626' title='bbox 3597 4099 3673 4162; x_wconf 88' lang='grc' dir='ltr'>ὼς</span> <span class='ocrx_word' id='word_1_627' title='bbox 3696 4101 3779 4163; x_wconf 83' lang='grc' dir='ltr'>εἰς</span> 
     </span>
    </p>
   </div>
   <div class='ocr_carea' id='block_1_89' title="bbox 2197 4189 3775 4265">
    <p class='ocr_par' dir='ltr' id='par_1_89' title="bbox 2197 4189 3775 4265">
     <span class='ocr_line' id='line_1_89' title="bbox 2197 4189 3775 4265; baseline 0 -22"><span class='ocrx_word' id='word_1_628' title='bbox 2197 4191 2297 4255; x_wconf 88' lang='grc' dir='ltr'><strong>τὰς</strong></span> <span class='ocrx_word' id='word_1_629' title='bbox 2332 4194 2519 4263; x_wconf 81' lang='grc' dir='ltr'>χεῖρας</span> <span class='ocrx_word' id='word_1_630' title='bbox 2563 4190 2670 4245; x_wconf 84' lang='grc' dir='ltr'>τῶν</span> <span class='ocrx_word' id='word_1_631' title='bbox 2716 4191 2989 4262; x_wconf 87' lang='grc' dir='ltr'>πολεμίων</span> <span class='ocrx_word' id='word_1_632' title='bbox 3026 4192 3247 4265; x_wconf 79' lang='grc' dir='ltr'>ἅρματα</span> <span class='ocrx_word' id='word_1_633' title='bbox 3283 4191 3498 4244; x_wconf 79' lang='grc' dir='ltr'>ἐποίουν</span> <span class='ocrx_word' id='word_1_634' title='bbox 3541 4189 3775 4261; x_wconf 88' lang='grc' dir='ltr'>μεγάλα,</span> 
     </span>
    </p>
   </div>
   <div class='ocr_carea' id='block_1_90' title="bbox 2199 4277 3778 4355">
    <p class='ocr_par' dir='ltr' id='par_1_90' title="bbox 2199 4277 3778 4355">
     <span class='ocr_line' id='line_1_90' title="bbox 2199 4277 3778 4355; baseline 0.001 -21"><span class='ocrx_word' id='word_1_635' title='bbox 2199 4281 2337 4335; x_wconf 81' lang='grc' dir='ltr'>ὥστε</span> <span class='ocrx_word' id='word_1_636' title='bbox 2372 4283 2465 4335; x_wconf 73' lang='grc' dir='ltr'>καὶ</span> <span class='ocrx_word' id='word_1_637' title='bbox 2487 4286 2635 4355; x_wconf 86' lang='grc' dir='ltr'>τρεῖς</span> <span class='ocrx_word' id='word_1_638' title='bbox 2672 4286 2889 4354; x_wconf 84' lang='grc' dir='ltr'>χωρεῖν,</span> <span class='ocrx_word' id='word_1_639' title='bbox 2934 4283 3019 4337; x_wconf 85' lang='grc' dir='ltr'>ἵνα</span> <span class='ocrx_word' id='word_1_640' title='bbox 3054 4285 3084 4336; x_wconf 91' lang='lat'><strong>6</strong></span> <span class='ocrx_word' id='word_1_641' title='bbox 3125 4282 3222 4353; x_wconf 80' lang='grc' dir='ltr'>μὲν</span> <span class='ocrx_word' id='word_1_642' title='bbox 3254 4277 3334 4347; x_wconf 81' lang='grc' dir='ltr'>εἷς</span> <span class='ocrx_word' id='word_1_643' title='bbox 3379 4285 3607 4354; x_wconf 81' lang='grc' dir='ltr'>ἡνιοχεῖ,</span> <span class='ocrx_word' id='word_1_644' title='bbox 3634 4284 3685 4335; x_wconf 90' lang='grc' dir='ltr'><strong>οί</strong></span> <span class='ocrx_word' id='word_1_645' title='bbox 3718 4283 3778 4336; x_wconf 84' lang='grc' dir='ltr'>δὲ</span> 
     </span>
    </p>
   </div>
   <div class='ocr_carea' id='block_1_91' title="bbox 526 4374 2102 4450">
    <p class='ocr_par' dir='ltr' id='par_1_91' title="bbox 526 4376 2096 4450">
     <span class='ocr_line' id='line_1_91' title="bbox 526 4376 2096 4450; baseline 0.006 -23"><span class='ocrx_word' id='word_1_646' title='bbox 526 4379 632 4431; x_wconf 87' lang='lat' dir='ltr'><strong>duo</strong></span> <span class='ocrx_word' id='word_1_647' title='bbox 674 4391 803 4431; x_wconf 89' lang='lat' dir='ltr'><strong>vero</strong></span> <span class='ocrx_word' id='word_1_648' title='bbox 851 4376 942 4430; x_wconf 91' lang='lat' dir='ltr'><strong>alii</strong></span> <span class='ocrx_word' id='word_1_649' title='bbox 989 4388 1296 4445; x_wconf 88' lang='lat' dir='ltr'><strong>certarent;</strong></span> <span class='ocrx_word' id='word_1_650' title='bbox 1352 4390 1444 4434; x_wconf 89' lang='lat' dir='ltr'><strong>aut</strong></span> <span class='ocrx_word' id='word_1_651' title='bbox 1489 4396 1583 4436; x_wconf 85' lang='lat' dir='ltr'><strong>eos</strong></span> <span class='ocrx_word' id='word_1_652' title='bbox 1625 4384 1717 4450; x_wconf 91' lang='lat' dir='ltr'><strong>qui</strong></span> <span class='ocrx_word' id='word_1_653' title='bbox 1766 4397 1931 4450; x_wconf 89' lang='lat' dir='ltr'><strong>super</strong></span> <span class='ocrx_word' id='word_1_654' title='bbox 1986 4393 2096 4436; x_wconf 88' lang='lat' dir='ltr'><strong>tres</strong></span> 
     </span>
    </p>
   </div>
   <div class='ocr_carea' id='block_1_92' title="bbox 2207 4374 3776 4450">
    <p class='ocr_par' dir='ltr' id='par_1_92' title="bbox 2207 4374 3776 4445">
     <span class='ocr_line' id='line_1_92' title="bbox 2207 4374 3776 4445; baseline 0 -17"><span class='ocrx_word' id='word_1_655' title='bbox 2207 4374 2296 4428; x_wconf 80' lang='grc' dir='ltr'>δύο</span> <span class='ocrx_word' id='word_1_656' title='bbox 2324 4374 2669 4445; x_wconf 69' lang='grc' dir='ltr'>πολεμοῦσιν·</span> <span class='ocrx_word' id='word_1_657' title='bbox 2708 4374 2740 4445; x_wconf 79' lang='grc' dir='ltr'>ἦ</span> <span class='ocrx_word' id='word_1_658' title='bbox 2772 4374 2897 4438; x_wconf 80' lang='grc' dir='ltr'>τοὺς</span> <span class='ocrx_word' id='word_1_659' title='bbox 2927 4374 3021 4427; x_wconf 76' lang='grc' dir='ltr'>ἐπὶ</span> <span class='ocrx_word' id='word_1_660' title='bbox 3058 4375 3223 4445; x_wconf 79' lang='grc' dir='ltr'>τριῶν</span> <span class='ocrx_word' id='word_1_661' title='bbox 3246 4375 3427 4427; x_wconf 81' lang='grc' dir='ltr'>ἵππων</span> <span class='ocrx_word' id='word_1_662' title='bbox 3454 4374 3776 4445; x_wconf 81' lang='grc' dir='ltr'>βεϐηκότας.</span> 
     </span>
    </p>
   </div>
   <div class='ocr_carea' id='block_1_93' title="bbox 523 4469 2094 4540">
    <p class='ocr_par' dir='ltr' id='par_1_93' title="bbox 523 4469 2094 4540">
     <span class='ocr_line' id='line_1_93' title="bbox 523 4469 2094 4540; baseline 0.002 -19"><span class='ocrx_word' id='word_1_663' title='bbox 523 4482 691 4539; x_wconf 84' lang='lat' dir='ltr'><strong>equos</strong></span> <span class='ocrx_word' id='word_1_664' title='bbox 723 4469 1096 4524; x_wconf 87' lang='lat' dir='ltr'><strong>ascenderent.</strong></span> <span class='ocrx_word' id='word_1_665' title='bbox 1126 4470 1346 4540; x_wconf 82' lang='lat' dir='ltr'><strong>Antiqui</strong></span> <span class='ocrx_word' id='word_1_666' title='bbox 1380 4472 1524 4525; x_wconf 90' lang='lat' dir='ltr'><strong>enim</strong></span> <span class='ocrx_word' id='word_1_667' title='bbox 1555 4472 1607 4525; x_wconf 93' lang='lat' dir='ltr'><strong>in</strong></span> <span class='ocrx_word' id='word_1_668' title='bbox 1644 4474 1798 4526; x_wconf 89' lang='lat' dir='ltr'><strong>bellis</strong></span> <span class='ocrx_word' id='word_1_669' title='bbox 1827 4472 1971 4526; x_wconf 88' lang='lat' dir='ltr'><strong>binis</strong></span> <span class='ocrx_word' id='word_1_670' title='bbox 2000 4482 2094 4525; x_wconf 88' lang='lat' dir='ltr'><strong>aut</strong></span> 
     </span>
    </p>
   </div>
   <div class='ocr_carea' id='block_1_94' title="bbox 528 4560 2090 4632">
    <p class='ocr_par' dir='ltr' id='par_1_94' title="bbox 528 4560 2090 4632">
     <span class='ocr_line' id='line_1_94' title="bbox 528 4560 2090 4632; baseline 0.003 -17"><span class='ocrx_word' id='word_1_671' title='bbox 528 4561 696 4616; x_wconf 86' lang='lat' dir='ltr'><strong>ternis</strong></span> <span class='ocrx_word' id='word_1_672' title='bbox 746 4560 903 4629; x_wconf 87' lang='lat' dir='ltr'><strong>equis</strong></span> <span class='ocrx_word' id='word_1_673' title='bbox 951 4561 1269 4627; x_wconf 90' lang='lat' dir='ltr'><strong>utebantur,</strong></span> <span class='ocrx_word' id='word_1_674' title='bbox 1321 4577 1444 4616; x_wconf 94' lang='lat' dir='ltr'><strong>cum</strong></span> <span class='ocrx_word' id='word_1_675' title='bbox 1492 4563 1806 4632; x_wconf 86' lang='lat' dir='ltr'><strong>aurigantes</strong></span> <span class='ocrx_word' id='word_1_676' title='bbox 1855 4566 2090 4619; x_wconf 79' lang='lat' dir='ltr'><strong>exirent.</strong></span> 
     </span>
    </p>
   </div>
   <div class='ocr_carea' id='block_1_95' title="bbox 528 4654 2090 4729">
    <p class='ocr_par' dir='ltr' id='par_1_95' title="bbox 528 4654 2090 4729">
     <span class='ocr_line' id='line_1_95' title="bbox 528 4654 2090 4729; baseline 0.003 -20"><span class='ocrx_word' id='word_1_677' title='bbox 528 4654 621 4710; x_wconf 76' lang='lat' dir='ltr'><strong>Vel</strong></span> <span class='ocrx_word' id='word_1_678' title='bbox 648 4654 915 4710; x_wconf 90' lang='lat' dir='ltr'><strong>tristatem</strong></span> <span class='ocrx_word' id='word_1_679' title='bbox 941 4666 1121 4725; x_wconf 86' lang='lat' dir='ltr'><strong>vocat,</strong></span> <span class='ocrx_word' id='word_1_680' title='bbox 1152 4658 1241 4727; x_wconf 91' lang='lat' dir='ltr'><strong>qui</strong></span> <span class='ocrx_word' id='word_1_681' title='bbox 1271 4658 1498 4713; x_wconf 90' lang='lat' dir='ltr'><strong>sedente</strong></span> <span class='ocrx_word' id='word_1_682' title='bbox 1523 4673 1653 4729; x_wconf 81' lang='lat' dir='ltr'><strong>rege</strong></span> <span class='ocrx_word' id='word_1_683' title='bbox 1683 4661 1877 4715; x_wconf 89' lang='lat' dir='ltr'><strong>tertius</strong></span> <span class='ocrx_word' id='word_1_684' title='bbox 1900 4671 2090 4725; x_wconf 87' lang='lat' dir='ltr'><strong>staret,</strong></span> 
     </span>
    </p>
   </div>
   <div class='ocr_carea' id='block_1_96' title="bbox 526 4747 2090 4817">
    <p class='ocr_par' dir='ltr' id='par_1_96' title="bbox 526 4747 2090 4817">
     <span class='ocr_line' id='line_1_96' title="bbox 526 4747 2090 4817; baseline 0.006 -18"><span class='ocrx_word' id='word_1_685' title='bbox 526 4756 621 4799; x_wconf 87' lang='lat' dir='ltr'><strong>aut</strong></span> <span class='ocrx_word' id='word_1_686' title='bbox 653 4748 867 4801; x_wconf 89' lang='lat' dir='ltr'><strong>tertiam</strong></span> <span class='ocrx_word' id='word_1_687' title='bbox 920 4747 1149 4803; x_wconf 86' lang='lat' dir='ltr'><strong>haberet</strong></span> <span class='ocrx_word' id='word_1_688' title='bbox 1177 4749 1384 4814; x_wconf 84' lang='lat' dir='ltr'><strong>sedem,</strong></span> <span class='ocrx_word' id='word_1_689' title='bbox 1434 4750 1736 4817; x_wconf 87' lang='lat' dir='ltr'><strong>cuiusmodi</strong></span> <span class='ocrx_word' id='word_1_690' title='bbox 1777 4762 1895 4807; x_wconf 88' lang='lat' dir='ltr'><strong>erat</strong></span> <span class='ocrx_word' id='word_1_691' title='bbox 1922 4753 2090 4810; x_wconf 84' lang='lat' dir='ltr'><strong>David</strong></span> 
     </span>
    </p>
   </div>
   <div class='ocr_carea' id='block_1_97' title="bbox 525 4838 1846 4911">
    <p class='ocr_par' dir='ltr' id='par_1_97' title="bbox 525 4838 1846 4911">
     <span class='ocr_line' id='line_1_97' title="bbox 525 4838 1846 4911; baseline 0.004 -20"><span class='ocrx_word' id='word_1_692' title='bbox 525 4842 667 4908; x_wconf 89' lang='lat' dir='ltr'><strong>apud</strong></span> <span class='ocrx_word' id='word_1_693' title='bbox 696 4838 850 4909; x_wconf 89' lang='lat' dir='ltr'><strong>Saul,</strong></span> <span class='ocrx_word' id='word_1_694' title='bbox 875 4849 936 4894; x_wconf 92' lang='lat' dir='ltr'><strong>ut</strong></span> <span class='ocrx_word' id='word_1_695' title='bbox 961 4840 1012 4893; x_wconf 95' lang='lat' dir='ltr'><strong>in</strong></span> <span class='ocrx_word' id='word_1_696' title='bbox 1045 4842 1221 4910; x_wconf 78' lang='lat' dir='ltr'><strong>primo</strong></span> <span class='ocrx_word' id='word_1_697' title='bbox 1246 4840 1552 4911; x_wconf 74' lang='lat' dir='ltr'><strong>Regnorum</strong></span> <span class='ocrx_word' id='word_1_698' title='bbox 1583 4844 1846 4899; x_wconf 86' lang='lat' dir='ltr'><strong>invenies.</strong></span> 
     </span>
    </p>
   </div>
   <div class='ocr_carea' id='block_1_98' title="bbox 605 5020 2100 5092">
    <p class='ocr_par' dir='ltr' id='par_1_98' title="bbox 605 5020 2100 5092">
     <span class='ocr_line' id='line_1_98' title="bbox 605 5020 2100 5092; baseline 0.004 -18"><span class='ocrx_word' id='word_1_699' title='bbox 605 5041 625 5074; x_wconf 79' lang='grc' dir='ltr'><strong>ι</strong></span> <span class='ocrx_word' id='word_1_700' title='bbox 646 5020 761 5077; x_wconf 92' lang='lat' dir='ltr'><strong>lllic</strong></span> <span class='ocrx_word' id='word_1_701' title='bbox 791 5024 970 5092; x_wconf 92' lang='lat' dir='ltr'><strong>posuit</strong></span> <span class='ocrx_word' id='word_1_702' title='bbox 995 5023 1045 5077; x_wconf 87' lang='lat' dir='ltr'><strong>ei</strong></span> <span class='ocrx_word' id='word_1_703' title='bbox 1075 5023 1212 5079; x_wconf 90' lang='lat' dir='ltr'><strong>Deus</strong></span> <span class='ocrx_word' id='word_1_704' title='bbox 1234 5023 1677 5092; x_wconf 79' lang='lat' dir='ltr'><strong>iustiﬁcationes,</strong></span> <span class='ocrx_word' id='word_1_705' title='bbox 1711 5034 1765 5079; x_wconf 93' lang='lat' dir='ltr'><strong>et</strong></span> <span class='ocrx_word' id='word_1_706' title='bbox 1790 5024 2019 5092; x_wconf 89' lang='lat' dir='ltr'><strong>indicia,</strong></span> <span class='ocrx_word' id='word_1_707' title='bbox 2044 5035 2100 5080; x_wconf 91' lang='lat' dir='ltr'><strong>et</strong></span> 
     </span>
    </p>
   </div>
   <div class='ocr_carea' id='block_1_99' title="bbox 526 5113 2098 5178">
    <p class='ocr_par' dir='ltr' id='par_1_99' title="bbox 526 5113 2098 5178">
     <span class='ocr_line' id='line_1_99' title="bbox 526 5113 2098 5178; baseline 0.001 -11"><span class='ocrx_word' id='word_1_708' title='bbox 526 5113 639 5167; x_wconf 83' lang='lat' dir='ltr'><strong>illic</strong></span> <span class='ocrx_word' id='word_1_709' title='bbox 680 5129 804 5167; x_wconf 90' lang='lat' dir='ltr'><strong>eum</strong></span> <span class='ocrx_word' id='word_1_710' title='bbox 850 5115 1160 5170; x_wconf 77' lang='lat' dir='ltr'><strong>tentavit“.</strong></span> <span class='ocrx_word' id='word_1_711' title='bbox 1198 5115 1331 5170; x_wconf 87' lang='lat' dir='ltr'><strong>Cum</strong></span> <span class='ocrx_word' id='word_1_712' title='bbox 1385 5123 1560 5168; x_wconf 89' lang='lat' dir='ltr'><strong>tentat</strong></span> <span class='ocrx_word' id='word_1_713' title='bbox 1608 5115 1771 5178; x_wconf 86' lang='lat' dir='ltr'><strong>Deus,</strong></span> <span class='ocrx_word' id='word_1_714' title='bbox 1827 5124 2002 5170; x_wconf 90' lang='lat' dir='ltr'><strong>tentat</strong></span> <span class='ocrx_word' id='word_1_715' title='bbox 2039 5125 2098 5169; x_wconf 91' lang='lat' dir='ltr'><strong>ut</strong></span> 
     </span>
    </p>
   </div>
   <div class='ocr_carea' id='block_1_100' title="bbox 526 5204 2095 5276">
    <p class='ocr_par' dir='ltr' id='par_1_100' title="bbox 526 5204 2095 5276">
     <span class='ocr_line' id='line_1_100' title="bbox 526 5204 2095 5276; baseline 0.004 -20"><span class='ocrx_word' id='word_1_716' title='bbox 526 5206 720 5273; x_wconf 84' lang='lat' dir='ltr'><strong>prosit,</strong></span> <span class='ocrx_word' id='word_1_717' title='bbox 761 5220 866 5259; x_wconf 94' lang='lat' dir='ltr'><strong>non</strong></span> <span class='ocrx_word' id='word_1_718' title='bbox 914 5215 974 5260; x_wconf 90' lang='lat' dir='ltr'><strong>ut</strong></span> <span class='ocrx_word' id='word_1_719' title='bbox 1020 5215 1233 5261; x_wconf 81' lang='lat' dir='ltr'><strong>noceat.</strong></span> <span class='ocrx_word' id='word_1_720' title='bbox 1267 5204 1610 5276; x_wconf 83' lang='lat' dir='ltr'><strong>Quapropter</strong></span> <span class='ocrx_word' id='word_1_721' title='bbox 1661 5206 1862 5260; x_wconf 92' lang='lat' dir='ltr'><strong>dictum</strong></span> <span class='ocrx_word' id='word_1_722' title='bbox 1910 5208 2095 5262; x_wconf 77' lang='lat' dir='ltr'><strong>est&quot;:</strong></span> 
     </span>
    </p>
   </div>
   <div class='ocr_carea' id='block_1_101' title="bbox 536 5296 2097 5366">
    <p class='ocr_par' dir='ltr' id='par_1_101' title="bbox 536 5296 2097 5366">
     <span class='ocr_line' id='line_1_101' title="bbox 536 5296 2097 5366; baseline 0.002 -19"><span class='ocrx_word' id='word_1_723' title='bbox 536 5315 556 5347; x_wconf 76' lang='grc' dir='ltr'><strong>ι</strong></span> <span class='ocrx_word' id='word_1_724' title='bbox 581 5296 721 5351; x_wconf 89' lang='lat' dir='ltr'><strong>Deus</strong></span> <span class='ocrx_word' id='word_1_725' title='bbox 756 5297 1054 5352; x_wconf 84' lang='lat' dir='ltr'><strong>intentatur</strong></span> <span class='ocrx_word' id='word_1_726' title='bbox 1104 5298 1367 5351; x_wconf 87' lang='lat' dir='ltr'><strong>malorum</strong></span> <span class='ocrx_word' id='word_1_727' title='bbox 1410 5307 1515 5351; x_wconf 90' lang='lat' dir='ltr'><strong>est.</strong></span> <span class='ocrx_word' id='word_1_728' title='bbox 1541 5314 1559 5347; x_wconf 82' lang='grc' dir='ltr'><strong>ι</strong></span> <span class='ocrx_word' id='word_1_729' title='bbox 1597 5296 1664 5352; x_wconf 87' lang='lat' dir='ltr'><strong>Ut</strong></span> <span class='ocrx_word' id='word_1_730' title='bbox 1695 5304 1893 5366; x_wconf 85' lang='lat' dir='ltr'><strong>etpost</strong></span> <span class='ocrx_word' id='word_1_731' title='bbox 1925 5312 2097 5366; x_wconf 90' lang='lat' dir='ltr'><strong>pauca</strong></span> 
     </span>
    </p>
   </div>
   <div class='ocr_carea' id='block_1_102' title="bbox 531 5387 2096 5459">
    <p class='ocr_par' dir='ltr' id='par_1_102' title="bbox 531 5387 2096 5459">
     <span class='ocr_line' id='line_1_102' title="bbox 531 5387 2096 5459; baseline 0.001 -18"><span class='ocrx_word' id='word_1_732' title='bbox 531 5388 857 5459; x_wconf 87' lang='lat' dir='ltr'><strong>subiungit:</strong></span> <span class='ocrx_word' id='word_1_733' title='bbox 895 5407 913 5439; x_wconf 80' lang='grc' dir='ltr'><strong>ι</strong></span> <span class='ocrx_word' id='word_1_734' title='bbox 948 5390 1005 5443; x_wconf 94' lang='lat' dir='ltr'><strong>Si</strong></span> <span class='ocrx_word' id='word_1_735' title='bbox 1052 5391 1241 5445; x_wconf 91' lang='lat' dir='ltr'><strong>auditu</strong></span> <span class='ocrx_word' id='word_1_736' title='bbox 1295 5388 1533 5444; x_wconf 91' lang='lat' dir='ltr'><strong>audieris</strong></span> <span class='ocrx_word' id='word_1_737' title='bbox 1587 5389 1874 5444; x_wconf 90' lang='lat' dir='ltr'><strong>Dominum</strong></span> <span class='ocrx_word' id='word_1_738' title='bbox 1929 5387 2096 5442; x_wconf 89' lang='lat' dir='ltr'><strong>Deum</strong></span> 
     </span>
    </p>
   </div>
   <div class='ocr_carea' id='block_1_103' title="bbox 531 5480 2098 5554">
    <p class='ocr_par' dir='ltr' id='par_1_103' title="bbox 531 5480 2098 5554">
     <span class='ocr_line' id='line_1_103' title="bbox 531 5480 2098 5554; baseline 0.001 -20"><span class='ocrx_word' id='word_1_739' title='bbox 531 5489 709 5548; x_wconf 90' lang='lat' dir='ltr'><strong>tuum,</strong></span> <span class='ocrx_word' id='word_1_740' title='bbox 744 5496 959 5537; x_wconf 89' lang='lat' dir='ltr'><strong>omnem</strong></span> <span class='ocrx_word' id='word_1_741' title='bbox 1009 5484 1257 5538; x_wconf 90' lang='lat' dir='ltr'><strong>morbum</strong></span> <span class='ocrx_word' id='word_1_742' title='bbox 1291 5498 1451 5553; x_wconf 84' lang='lat' dir='ltr'><strong>quem</strong></span> <span class='ocrx_word' id='word_1_743' title='bbox 1487 5482 1643 5537; x_wconf 92' lang='lat' dir='ltr'><strong>intuli</strong></span> <span class='ocrx_word' id='word_1_744' title='bbox 1670 5480 1963 5554; x_wconf 68' lang='lat' dir='ltr'><strong>Egyptiis,</strong></span> <span class='ocrx_word' id='word_1_745' title='bbox 1992 5496 2098 5536; x_wconf 92' lang='lat' dir='ltr'><strong>non</strong></span> 
     </span>
    </p>
   </div>
   <div class='ocr_carea' id='block_1_104' title="bbox 2200 4467 3777 4539">
    <p class='ocr_par' dir='ltr' id='par_1_104' title="bbox 2200 4467 3777 4539">
     <span class='ocr_line' id='line_1_104' title="bbox 2200 4467 3777 4539; baseline 0.001 -19"><span class='ocrx_word' id='word_1_746' title='bbox 2200 4469 2262 4520; x_wconf 89' lang='grc' dir='ltr'><strong>Οἱ</strong></span> <span class='ocrx_word' id='word_1_747' title='bbox 2282 4468 2390 4539; x_wconf 83' lang='grc' dir='ltr'><strong>γὰρ</strong></span> <span class='ocrx_word' id='word_1_748' title='bbox 2411 4468 2631 4521; x_wconf 71' lang='grc' dir='ltr'>παλαιοὶ</span> <span class='ocrx_word' id='word_1_749' title='bbox 2653 4468 2710 4521; x_wconf 86' lang='grc' dir='ltr'><strong>ἐν</strong></span> <span class='ocrx_word' id='word_1_750' title='bbox 2730 4470 2841 4530; x_wconf 88' lang='grc' dir='ltr'>τοῖς</span> <span class='ocrx_word' id='word_1_751' title='bbox 2861 4467 3117 4538; x_wconf 82' lang='grc' dir='ltr'>πολέμοις</span> <span class='ocrx_word' id='word_1_752' title='bbox 3134 4469 3225 4520; x_wconf 79' lang='grc' dir='ltr'>ἐπὶ</span> <span class='ocrx_word' id='word_1_753' title='bbox 3245 4467 3388 4538; x_wconf 84' lang='grc' dir='ltr'><strong>δύοῆ</strong></span> <span class='ocrx_word' id='word_1_754' title='bbox 3407 4467 3571 4539; x_wconf 83' lang='grc' dir='ltr'>τριῶν</span> <span class='ocrx_word' id='word_1_755' title='bbox 3594 4468 3777 4521; x_wconf 82' lang='grc' dir='ltr'>ἵππων</span> 
     </span>
    </p>
   </div>
   <div class='ocr_carea' id='block_1_105' title="bbox 2198 4558 3777 4632">
    <p class='ocr_par' dir='ltr' id='par_1_105' title="bbox 2198 4558 3777 4632">
     <span class='ocr_line' id='line_1_105' title="bbox 2198 4558 3777 4632; baseline 0 -20"><span class='ocrx_word' id='word_1_756' title='bbox 2198 4558 2506 4630; x_wconf 81' lang='grc' dir='ltr'>ἐπωχοῦντο</span> <span class='ocrx_word' id='word_1_757' title='bbox 2541 4559 2772 4625; x_wconf 78' lang='grc' dir='ltr'>ἐξιόντες</span> <span class='ocrx_word' id='word_1_758' title='bbox 2810 4559 3214 4631; x_wconf 84' lang='grc' dir='ltr'>ἁρματηλάται.</span> <span class='ocrx_word' id='word_1_759' title='bbox 3260 4561 3331 4614; x_wconf 86' lang='grc' dir='ltr'>’Ἡ</span> <span class='ocrx_word' id='word_1_760' title='bbox 3367 4559 3659 4632; x_wconf 85' lang='grc' dir='ltr'>τριστάτην</span> <span class='ocrx_word' id='word_1_761' title='bbox 3692 4559 3777 4612; x_wconf 82' lang='grc' dir='ltr'>λέ-</span> 
     </span>
    </p>
   </div>
   <div class='ocr_carea' id='block_1_106' title="bbox 2198 4651 3777 4725">
    <p class='ocr_par' dir='ltr' id='par_1_106' title="bbox 2198 4651 3777 4725">
     <span class='ocr_line' id='line_1_106' title="bbox 2198 4651 3777 4725; baseline 0.001 -22"><span class='ocrx_word' id='word_1_762' title='bbox 2198 4668 2284 4719; x_wconf 92' lang='grc' dir='ltr'><strong>γει</strong></span> <span class='ocrx_word' id='word_1_763' title='bbox 2318 4652 2409 4704; x_wconf 87' lang='grc' dir='ltr'><strong>τὸν</strong></span> <span class='ocrx_word' id='word_1_764' title='bbox 2435 4653 2493 4705; x_wconf 83' lang='grc' dir='ltr'><strong>ἐν</strong></span> <span class='ocrx_word' id='word_1_765' title='bbox 2523 4651 2601 4723; x_wconf 81' lang='grc' dir='ltr'>τῷ</span> <span class='ocrx_word' id='word_1_766' title='bbox 2634 4651 2958 4717; x_wconf 79' lang='grc' dir='ltr'>καθέζεσθαι</span> <span class='ocrx_word' id='word_1_767' title='bbox 2998 4653 3087 4707; x_wconf 86' lang='grc' dir='ltr'><strong>τὸν</strong></span> <span class='ocrx_word' id='word_1_768' title='bbox 3140 4653 3377 4722; x_wconf 74' lang='grc' dir='ltr'>βασιλέα,</span> <span class='ocrx_word' id='word_1_769' title='bbox 3408 4653 3588 4725; x_wconf 88' lang='grc' dir='ltr'>τρίτον</span> <span class='ocrx_word' id='word_1_770' title='bbox 3629 4653 3777 4706; x_wconf 84' lang='grc' dir='ltr'>ίστά-</span> 
     </span>
    </p>
   </div>
   <div class='ocr_carea' id='block_1_107' title="bbox 2201 4740 3778 4817">
    <p class='ocr_par' dir='ltr' id='par_1_107' title="bbox 2201 4740 3778 4817">
     <span class='ocr_line' id='line_1_107' title="bbox 2201 4740 3778 4817; baseline 0.001 -22"><span class='ocrx_word' id='word_1_771' title='bbox 2201 4760 2382 4814; x_wconf 86' lang='grc' dir='ltr'>μενον,</span> <span class='ocrx_word' id='word_1_772' title='bbox 2407 4744 2523 4815; x_wconf 72' lang='grc' dir='ltr'>ἦτοι</span> <span class='ocrx_word' id='word_1_773' title='bbox 2553 4745 2741 4816; x_wconf 87' lang='grc' dir='ltr'>τρίτην</span> <span class='ocrx_word' id='word_1_774' title='bbox 2770 4744 2962 4814; x_wconf 73' lang='grc' dir='ltr'>ἔχοντα</span> <span class='ocrx_word' id='word_1_775' title='bbox 2988 4744 3278 4817; x_wconf 83' lang='grc' dir='ltr'>καθέδραν·</span> <span class='ocrx_word' id='word_1_776' title='bbox 3314 4740 3423 4808; x_wconf 80' lang='grc' dir='ltr'>οἷος</span> <span class='ocrx_word' id='word_1_777' title='bbox 3449 4741 3515 4816; x_wconf 80' lang='grc' dir='ltr'>ἦν</span> <span class='ocrx_word' id='word_1_778' title='bbox 3548 4746 3576 4797; x_wconf 89' lang='grc' dir='ltr'>ὁ</span> <span class='ocrx_word' id='word_1_779' title='bbox 3614 4743 3778 4798; x_wconf 67' lang='grc' dir='ltr'>Δαυῒδ</span> 
     </span>
    </p>
   </div>
   <div class='ocr_carea' id='block_1_108' title="bbox 2199 4831 3774 4906">
    <p class='ocr_par' dir='ltr' id='par_1_108' title="bbox 2199 4831 3774 4906">
     <span class='ocr_line' id='line_1_108' title="bbox 2199 4831 3774 4906; baseline 0.001 -22"><span class='ocrx_word' id='word_1_780' title='bbox 2199 4831 2350 4904; x_wconf 84' lang='grc' dir='ltr'>παρὰ</span> <span class='ocrx_word' id='word_1_781' title='bbox 2393 4832 2581 4897; x_wconf 77' lang='grc' dir='ltr'>Σαοὺλ,</span> <span class='ocrx_word' id='word_1_782' title='bbox 2623 4832 2699 4897; x_wconf 88' lang='grc' dir='ltr'><strong>ὡς</strong></span> <span class='ocrx_word' id='word_1_783' title='bbox 2735 4836 2793 4887; x_wconf 83' lang='grc' dir='ltr'><strong>ἐν</strong></span> <span class='ocrx_word' id='word_1_784' title='bbox 2837 4836 2905 4906; x_wconf 82' lang='grc' dir='ltr'><strong>τῇ</strong></span> <span class='ocrx_word' id='word_1_785' title='bbox 2958 4835 3148 4906; x_wconf 85' lang='grc' dir='ltr'>πρώτῃ</span> <span class='ocrx_word' id='word_1_786' title='bbox 3205 4834 3312 4887; x_wconf 81' lang='grc' dir='ltr'><strong>τῶν</strong></span> <span class='ocrx_word' id='word_1_787' title='bbox 3350 4833 3644 4888; x_wconf 86' lang='grc' dir='ltr'>Βασιλειῶν</span> <span class='ocrx_word' id='word_1_788' title='bbox 3685 4834 3774 4886; x_wconf 74' lang='grc' dir='ltr'><strong>εὑ-</strong></span> 
     </span>
    </p>
   </div>
   <div class='ocr_carea' id='block_1_109' title="bbox 2204 4926 2411 4997">
    <p class='ocr_par' dir='ltr' id='par_1_109' title="bbox 2204 4926 2411 4997">
     <span class='ocr_line' id='line_1_109' title="bbox 2204 4926 2411 4997; baseline 0.01 -20"><span class='ocrx_word' id='word_1_789' title='bbox 2204 4926 2270 4997; x_wconf 75' lang='grc' dir='ltr'><strong>ρη</strong></span> <span class='ocrx_word' id='word_1_790' title='bbox 2280 4942 2411 4987; x_wconf 78' lang='grc' dir='ltr'>σεις.</span> 
     </span>
    </p>
   </div>
   <div class='ocr_carea' id='block_1_110' title="bbox 2275 5016 3785 5090">
    <p class='ocr_par' dir='ltr' id='par_1_110' title="bbox 2275 5016 3785 5090">
     <span class='ocr_line' id='line_1_110' title="bbox 2275 5016 3785 5090; baseline 0.001 -22"><span class='ocrx_word' id='word_1_791' title='bbox 2275 5035 2293 5068; x_wconf 79' lang='grc' dir='ltr'><strong>ι</strong></span> <span class='ocrx_word' id='word_1_792' title='bbox 2339 5018 2484 5070; x_wconf 88' lang='grc' dir='ltr'>Ἐκεῖ</span> <span class='ocrx_word' id='word_1_793' title='bbox 2502 5016 2653 5071; x_wconf 73' lang='grc' dir='ltr'>ἔθετο</span> <span class='ocrx_word' id='word_1_794' title='bbox 2690 5018 2838 5090; x_wconf 83' lang='grc' dir='ltr'>αὐτῷ</span> <span class='ocrx_word' id='word_1_795' title='bbox 2859 5019 2887 5071; x_wconf 89' lang='lat'><strong>6</strong></span> <span class='ocrx_word' id='word_1_796' title='bbox 2908 5017 3042 5082; x_wconf 80' lang='grc' dir='ltr'>Θεὸς</span> <span class='ocrx_word' id='word_1_797' title='bbox 3069 5016 3407 5088; x_wconf 82' lang='grc' dir='ltr'>δικαιώματα</span> <span class='ocrx_word' id='word_1_798' title='bbox 3430 5018 3523 5070; x_wconf 79' lang='grc' dir='ltr'><strong>καὶ</strong></span> <span class='ocrx_word' id='word_1_799' title='bbox 3543 5016 3785 5087; x_wconf 53' lang='grc' dir='ltr'>κρίσεις,</span> 
     </span>
    </p>
   </div>
   <div class='ocr_carea' id='block_1_111' title="bbox 2202 5110 3774 5183">
    <p class='ocr_par' dir='ltr' id='par_1_111' title="bbox 2202 5110 3774 5183">
     <span class='ocr_line' id='line_1_111' title="bbox 2202 5110 3774 5183; baseline -0.001 -18"><span class='ocrx_word' id='word_1_800' title='bbox 2202 5110 2294 5165; x_wconf 74' lang='grc' dir='ltr'>καὶ</span> <span class='ocrx_word' id='word_1_801' title='bbox 2336 5113 2453 5164; x_wconf 89' lang='grc' dir='ltr'>ἐκεῖ</span> <span class='ocrx_word' id='word_1_802' title='bbox 2493 5111 2654 5165; x_wconf 81' lang='grc' dir='ltr'>αὐτὸν</span> <span class='ocrx_word' id='word_1_803' title='bbox 2695 5113 3005 5183; x_wconf 76' lang='grc' dir='ltr'>ἐπείρασε.»</span> <span class='ocrx_word' id='word_1_804' title='bbox 3042 5110 3170 5165; x_wconf 86' lang='grc' dir='ltr'>Ὅτε</span> <span class='ocrx_word' id='word_1_805' title='bbox 3210 5110 3342 5175; x_wconf 82' lang='grc' dir='ltr'>Θεὸς</span> <span class='ocrx_word' id='word_1_806' title='bbox 3381 5110 3651 5183; x_wconf 79' lang='grc' dir='ltr'>πειράζει,</span> <span class='ocrx_word' id='word_1_807' title='bbox 3688 5111 3774 5164; x_wconf 80' lang='grc' dir='ltr'>ἐπ’</span> 
     </span>
    </p>
   </div>
   <div class='ocr_carea' id='block_1_112' title="bbox 2200 5201 3776 5274">
    <p class='ocr_par' dir='ltr' id='par_1_112' title="bbox 2200 5201 3776 5274">
     <span class='ocr_line' id='line_1_112' title="bbox 2200 5201 3776 5274; baseline 0.001 -20"><span class='ocrx_word' id='word_1_808' title='bbox 2200 5201 2436 5273; x_wconf 73' lang='grc' dir='ltr'>ὠφελείᾳ</span> <span class='ocrx_word' id='word_1_809' title='bbox 2471 5202 2739 5274; x_wconf 75' lang='grc' dir='ltr'>πειράζει,</span> <span class='ocrx_word' id='word_1_810' title='bbox 2779 5204 2878 5257; x_wconf 84' lang='grc' dir='ltr'>οὐκ</span> <span class='ocrx_word' id='word_1_811' title='bbox 2918 5202 3008 5256; x_wconf 76' lang='grc' dir='ltr'>ἐπὶ</span> <span class='ocrx_word' id='word_1_812' title='bbox 3036 5202 3113 5273; x_wconf 83' lang='grc' dir='ltr'>τῷ</span> <span class='ocrx_word' id='word_1_813' title='bbox 3149 5202 3531 5274; x_wconf 83' lang='grc' dir='ltr'>κακοποιῆσαι·</span> <span class='ocrx_word' id='word_1_814' title='bbox 3564 5202 3644 5256; x_wconf 89' lang='grc' dir='ltr'><strong>διὸ</strong></span> <span class='ocrx_word' id='word_1_815' title='bbox 3684 5202 3776 5256; x_wconf 61' lang='grc' dir='ltr'>καξ</span> 
     </span>
    </p>
   </div>
   <div class='ocr_carea' id='block_1_113' title="bbox 2202 5293 3775 5365">
    <p class='ocr_par' dir='ltr' id='par_1_113' title="bbox 2202 5293 3775 5365">
     <span class='ocr_line' id='line_1_113' title="bbox 2202 5293 3775 5365; baseline 0.001 -19"><span class='ocrx_word' id='word_1_816' title='bbox 2202 5293 2415 5364; x_wconf 80' lang='grc' dir='ltr'>ἐλέχθη,</span> <span class='ocrx_word' id='word_1_817' title='bbox 2432 5296 2515 5348; x_wconf 84' lang='grc' dir='ltr'>ὅτι</span> <span class='ocrx_word' id='word_1_818' title='bbox 2536 5317 2553 5346; x_wconf 79' lang='grc' dir='ltr'><strong>ι</strong></span> <span class='ocrx_word' id='word_1_819' title='bbox 2586 5296 2646 5349; x_wconf 86' lang='lat'><strong>&#39;0</strong></span> <span class='ocrx_word' id='word_1_820' title='bbox 2658 5294 2790 5360; x_wconf 82' lang='grc' dir='ltr'>Θεὸς</span> <span class='ocrx_word' id='word_1_821' title='bbox 2807 5294 3136 5365; x_wconf 83' lang='grc' dir='ltr'>ἀπείραστός</span> <span class='ocrx_word' id='word_1_822' title='bbox 3157 5295 3272 5347; x_wconf 84' lang='grc' dir='ltr'>ἐστι</span> <span class='ocrx_word' id='word_1_823' title='bbox 3300 5294 3505 5357; x_wconf 85' lang='grc' dir='ltr'>κακῶν,</span> <span class='ocrx_word' id='word_1_824' title='bbox 3532 5313 3551 5346; x_wconf 82' lang='grc' dir='ltr'><strong>ι</strong></span> <span class='ocrx_word' id='word_1_825' title='bbox 3580 5295 3656 5358; x_wconf 84' lang='grc' dir='ltr'>ὡς</span> <span class='ocrx_word' id='word_1_826' title='bbox 3682 5294 3775 5348; x_wconf 77' lang='grc' dir='ltr'>καὶ</span> 
     </span>
    </p>
   </div>
   <div class='ocr_carea' id='block_1_114' title="bbox 2204 5384 3776 5459">
    <p class='ocr_par' dir='ltr' id='par_1_114' title="bbox 2204 5384 3776 5459">
     <span class='ocr_line' id='line_1_114' title="bbox 2204 5384 3776 5459; baseline 0.001 -22"><span class='ocrx_word' id='word_1_827' title='bbox 2204 5386 2320 5454; x_wconf 88' lang='grc' dir='ltr'>μετ’</span> <span class='ocrx_word' id='word_1_828' title='bbox 2344 5384 2499 5453; x_wconf 82' lang='grc' dir='ltr'>ὀλίγα</span> <span class='ocrx_word' id='word_1_829' title='bbox 2544 5386 2740 5453; x_wconf 77' lang='grc' dir='ltr'>ἐπάγει</span> <span class='ocrx_word' id='word_1_830' title='bbox 2765 5387 2794 5437; x_wconf 89' lang='lat'><strong>6</strong></span> <span class='ocrx_word' id='word_1_831' title='bbox 2822 5385 2994 5453; x_wconf 88' lang='grc' dir='ltr'>λόγος·</span> <span class='ocrx_word' id='word_1_832' title='bbox 3017 5409 3037 5442; x_wconf 74' lang='grc' dir='ltr'><strong>ι</strong></span> <span class='ocrx_word' id='word_1_833' title='bbox 3076 5387 3203 5442; x_wconf 84' lang='grc' dir='ltr'>Ἐὰν</span> <span class='ocrx_word' id='word_1_834' title='bbox 3217 5387 3352 5456; x_wconf 80' lang='grc' dir='ltr'>ἀκοῇ</span> <span class='ocrx_word' id='word_1_835' title='bbox 3391 5384 3632 5459; x_wconf 75' lang='grc' dir='ltr'>ἀκούσῃς</span> <span class='ocrx_word' id='word_1_836' title='bbox 3665 5387 3776 5439; x_wconf 83' lang='grc' dir='ltr'><strong>Κυ-</strong></span> 
     </span>
    </p>
   </div>
   <div class='ocr_carea' id='block_1_115' title="bbox 2207 5475 3774 5549">
    <p class='ocr_par' dir='ltr' id='par_1_115' title="bbox 2207 5475 3774 5549">
     <span class='ocr_line' id='line_1_115' title="bbox 2207 5475 3774 5549; baseline 0 -21"><span class='ocrx_word' id='word_1_837' title='bbox 2207 5476 2319 5548; x_wconf 89' lang='grc' dir='ltr'>ρίου</span> <span class='ocrx_word' id='word_1_838' title='bbox 2355 5475 2450 5530; x_wconf 84' lang='grc' dir='ltr'>τοῦ</span> <span class='ocrx_word' id='word_1_839' title='bbox 2479 5475 2614 5529; x_wconf 84' lang='grc' dir='ltr'>Θεοῦ</span> <span class='ocrx_word' id='word_1_840' title='bbox 2658 5492 2772 5541; x_wconf 90' lang='grc' dir='ltr'>σου,</span> <span class='ocrx_word' id='word_1_841' title='bbox 2811 5477 2989 5529; x_wconf 79' lang='grc' dir='ltr'>πᾶσαν</span> <span class='ocrx_word' id='word_1_842' title='bbox 3026 5476 3201 5542; x_wconf 91' lang='grc' dir='ltr'>νόσον,</span> <span class='ocrx_word' id='word_1_843' title='bbox 3245 5477 3311 5548; x_wconf 77' lang='grc' dir='ltr'>ἣν</span> <span class='ocrx_word' id='word_1_844' title='bbox 3350 5478 3629 5549; x_wconf 78' lang='grc' dir='ltr'>ἐπήγαγον</span> <span class='ocrx_word' id='word_1_845' title='bbox 3662 5478 3774 5539; x_wconf 84' lang='grc' dir='ltr'>τοῖς</span> 
     </span>
    </p>
   </div>
   <div class='ocr_carea' id='block_1_116' title="bbox 602 5594 2102 5668">
    <p class='ocr_par' dir='ltr' id='par_1_116' title="bbox 602 5596 2034 5668">
     <span class='ocr_line' id='line_1_116' title="bbox 602 5596 2034 5668; baseline 0.003 -19"><span class='ocrx_word' id='word_1_846' title='bbox 602 5596 815 5668; x_wconf 47' lang='grc' dir='ltr'>θ-Ετοά.</span> <span class='ocrx_word' id='word_1_847' title='bbox 844 5615 941 5657; x_wconf 78' lang='lat' dir='ltr'><strong>xn.</strong></span> <span class='ocrx_word' id='word_1_848' title='bbox 966 5600 1055 5655; x_wconf 71' lang='grc'><strong>46.</strong></span> <span class='ocrx_word' id='word_1_849' title='bbox 1136 5602 1178 5634; x_wconf 88' lang='grc'><strong>¹⁰</strong></span> <span class='ocrx_word' id='word_1_850' title='bbox 1203 5600 1332 5658; x_wconf 87' lang='lat' dir='ltr'><strong>ibid.</strong></span> <span class='ocrx_word' id='word_1_851' title='bbox 1359 5599 1447 5656; x_wconf 82' lang='grc'><strong>48.</strong></span> <span class='ocrx_word' id='word_1_852' title='bbox 1527 5600 1567 5633; x_wconf 71' lang='grc' dir='ltr'><strong>ἰ</strong></span> <span class='ocrx_word' id='word_1_853' title='bbox 1597 5600 1765 5659; x_wconf 77' lang='lat' dir='ltr'><strong>Exod.</strong></span> <span class='ocrx_word' id='word_1_854' title='bbox 1793 5615 1915 5668; x_wconf 73' lang='lat' dir='ltr'><strong>sui,</strong></span> <span class='ocrx_word' id='word_1_855' title='bbox 1942 5598 2034 5654; x_wconf 76' lang='lat'><strong>20.</strong></span> 
     </span>
    </p>
   </div>
   <div class='ocr_carea' id='block_1_117' title="bbox 2207 5594 3768 5668">
    <p class='ocr_par' dir='ltr' id='par_1_117' title="bbox 2207 5594 3768 5665">
     <span class='ocr_line' id='line_1_117' title="bbox 2207 5594 3768 5665; baseline 0.001 -14"><span class='ocrx_word' id='word_1_856' title='bbox 2207 5595 2351 5651; x_wconf 70' lang='lat' dir='ltr'><strong>Num.</strong></span> <span class='ocrx_word' id='word_1_857' title='bbox 2384 5612 2577 5665; x_wconf 71' lang='grc' dir='ltr'>ιιιιιιι,</span> <span class='ocrx_word' id='word_1_858' title='bbox 2607 5596 2659 5653; x_wconf 90' lang='lat'><strong>7.</strong></span> <span class='ocrx_word' id='word_1_859' title='bbox 2737 5596 2779 5629; x_wconf 83' lang='grc'><strong>⁸³</strong></span> <span class='ocrx_word' id='word_1_860' title='bbox 2805 5594 2979 5654; x_wconf 79' lang='lat' dir='ltr'><strong>Exod.</strong></span> <span class='ocrx_word' id='word_1_861' title='bbox 3012 5611 3121 5663; x_wconf 76' lang='lat' dir='ltr'><strong>xiv,</strong></span> <span class='ocrx_word' id='word_1_862' title='bbox 3148 5597 3203 5651; x_wconf 83' lang='grc'><strong>7.</strong></span> <span class='ocrx_word' id='word_1_863' title='bbox 3288 5596 3332 5628; x_wconf 67' lang='grc'><strong>¹⁸</strong></span> <span class='ocrx_word' id='word_1_864' title='bbox 3358 5596 3526 5652; x_wconf 79' lang='lat' dir='ltr'><strong>Exod.</strong></span> <span class='ocrx_word' id='word_1_865' title='bbox 3560 5610 3650 5663; x_wconf 82' lang='lat' dir='ltr'><strong>xv,</strong></span> <span class='ocrx_word' id='word_1_866' title='bbox 3679 5594 3768 5653; x_wconf 69' lang='lat'><strong>‘15.</strong></span> 
     </span>
    </p>
   </div>
   <div class='ocr_carea' id='block_1_118' title="bbox 520 5666 1005 5738">
    <p class='ocr_par' dir='ltr' id='par_1_118' title="bbox 520 5666 1005 5738">
     <span class='ocr_line' id='line_1_118' title="bbox 520 5666 1005 5738; baseline 0.008 -17"><span class='ocrx_word' id='word_1_867' title='bbox 520 5670 565 5703; x_wconf 83' lang='grc'><strong>¹⁸</strong></span> <span class='ocrx_word' id='word_1_868' title='bbox 612 5666 799 5723; x_wconf 76' lang='lat' dir='ltr'><strong>Jacob.</strong></span> <span class='ocrx_word' id='word_1_869' title='bbox 834 5686 875 5738; x_wconf 92' lang='grc' dir='ltr'><strong>ι,</strong></span> <span class='ocrx_word' id='word_1_870' title='bbox 917 5669 1005 5725; x_wconf 79' lang='lat' dir='ltr'><strong>l3.</strong></span> 
     </span>
    </p>
   </div>
  </div>
