4050 6142
305 214 419 274 28$

1583 224 1895 286 SELECTA
1930 227 1995 283 IN
2030 223 2339 287 EXODUM.

3472 226 3580 282 9.90

306 337 681 409 Αἰγυπτίοις,
710 345 813 399 οὐκ
844 345 1031 416 ἐπάξω
1067 349 1159 402 ἐπὶ
1193 350 1271 405 σέ.
1300 370 1319 403 ι
1377 353 1434 406 Ὁ
1465 350 1560 407 οὖν
1587 353 1767 426 φέρων
1799 352 1918 415 τοὺς

2025 350 2275 406 inducam
2304 368 2466 422 super
2501 362 2573 410 te.
2597 371 2615 405 ι
2664 352 2768 422 Qui
2798 366 2930 426 ergo
2954 365 3176 411 stremre
3197 354 3304 411 fert
3331 360 3584 413 tentatin-

300 436 682 506 πειρασμοὺς
714 439 1002 505 γενναίως,
1045 440 1421 511 στεφανοῦται.
1471 443 1635 497 Ἀλλο
1662 445 1731 497 ,δέ
1773 446 1920 499 ἐστιν

296 520 401 575 ἐπὶ
437 524 560 576 τοῦ
613 526 885 583 διαϐόλου·
929 534 1136 597 ἐκεῖνος
1176 534 1285 607 γὰρ
1322 535 1605 607 πειράζει,
1658 537 1745 589 ἵνα
1794 537 1920 600 τοὺς

295 612 696 685 πιθομένοις
741 619 893 692 αὑτῷ
934 620 1237 695 θανατώσῃ·
1281 625 1377 678 καὶ
1411 627 1439 678 6
1477 626 1576 697 μὲν
1624 620 1755 690 Θεὸς
1803 643 1921 680 πει-

293 703 473 773 ράζει
501 708 616 761 οὐκ
652 710 867 778 ἀγνοῶν
909 711 971 765 τὸ
1012 715 1291 784 ἐσόμενον,
1334 715 1473 787 πλὴν
1501 716 1676 779 διδοὺς
1709 715 1786 786 τῷ
1825 716 1920 769 άν-

290 793 541 867 θρὼπῳ
568 801 836 870 πράττειν
875 802 903 855 ὃ
923 802 1065 857 θέλει
1085 804 1172 859 διὰ
1190 805 1251 858 τὸ
1272 806 1632 873 ἀυτεξούσιον.

374 903 397 934 ι
446 888 646 943 Τοῦτο
669 893 730 944 τὸ
754 893 909 964 ῥῆμα
940 895 968 947 ὃ
989 894 1214 967 ὲλάλησε
1236 897 1459 968 Κύριος·
1492 898 1764 963 Σάϐϐατα,
1795 899 1921 953 ἀνάο

286 990 533 1043 ’.παυσις
567 982 705 1050 ἁγία
728 983 807 1054 τῷ
840 987 1030 1056 Κυρίῳ
1060 986 1270 1058 αὔριον.
1304 1008 1322 1040 ι
1388 990 1802 1061 ’Λπογράφομαι
1849 991 1919 1044 τὰ

285 1070 443 1140 περὶ
476 1072 589 1125 τοῦ
620 1074 896 1129 σαϐϐάτου
923 1080 1208 1150 εἰρημένα·
1244 1082 1458 1153 πρῶτον
1482 1083 1621 1137 κατὰ
1645 1083 1705 1135 τὸ
1733 1084 1916 1154 ῥητὸν,

286 1160 361 1213 ἶν’
394 1162 587 1218 ἴδωσι
618 1168 676 1219 τί
703 1170 955 1238 σημαίνει
991 1171 1051 1224 τὸ
1083 1172 1335 1244 γράμμα·
1376 1173 1625 1244 δεύτερον
1673 1175 1730 1228 δὲ
1776 1175 1918 1229 κατὰ

280 1253 401 1324 τὴν
444 1260 788 1331 ἀναγωγὴν,
823 1262 945 1315 καθ’
977 1265 1045 1334 ἢν
1086 1267 1294 1336 εἴποιμι
1352 1267 1417 1320 ἂν
1454 1267 1663 1339 ἡμέραν
1717 1269 1920 1323 σαϐϐά-

280 1365 396 1399 του
449 1349 829 1422 ἐνεστηκέναι
884 1354 963 1425 τῷ
1041 1356 1233 1427 δικαίῳ
1302 1360 1664 1413 καταλύσαντι
1718 1361 1783 1414 τὰ
1825 1362 1918 1415 τοῦ

282 1441 543 1512 κόσμου
573 1444 734 1516 ἔργα.
768 1447 862 1499 καὶ
881 1448 1154 1513 δοξάζοντι
1169 1450 1260 1503 τὸν
1282 1450 1435 1515 Θεὸν,
1459 1452 1552 1505 καὶ
1585 1452 1916 1522 σχολάζοντι,

272 1536 467 1605 μήτε
495 1538 599 1589 τοῦ
634 1539 801 1591 τόπου
832 1540 889 1592 ὲν
916 1534 961 1607 ᾧ
989 1540 1186 1612 ἕστηκε
1244 1543 1338 1596 τοῦ
1385 1544 1654 1614 Χριστοῦ,
1688 1546 1917 1613 ἀφιστα-

290 1626 501 1697 μένῳ·
542 1631 683 1699 μήτε
706 1630 818 1702 πῦρ
841 1631 1070 1697 καίοντι,
1105 1634 1245 1686 κατὰ
1273 1633 1334 1686 τὸ
1375 1635 1540 1705 μηδὲν
1564 1636 1915 1707 ἁμαρτάνειν·

291 1719 469 1785 μήτε
497 1718 867 1789 βας-τάγματα
890 1721 1118 1791 αἴροντι.
1173 1723 1470 1794 Βάσταγμα
1499 1725 1657 1796 ὅρους
1700 1727 1920 1798 βαρύτε-
1949 1707 1992 1764 Β

292 1823 415 1878 ρον
447 1811 608 1864 πᾶσα
641 1812 917 1883 ἁμαρτία·
953 1813 1033 1866 διὸ
1066 1813 1252 1883 ἔλεγεν
1289 1820 1317 1870 6
1346 1814 1639 1888 Ὑμνῳδὸς·
1703 1836 1721 1869 ι
1775 1819 1918 1873 Ὠσεὶ

294 1901 557 1971 φορτίον
590 1904 730 1976 βαρὺ
819 1906 1192 1977 ὲϐαρύνθησαν
1250 1910 1335 1962 ἐπ’
1387 1909 1506 1980 ἐμέ.
1548 1930 1567 1961 ι
1617 1912 1808 1983 Ἑτέρα
1861 1913 1918 1965 δὲ

290 1994 636 2067 ἀπογραφὴ
668 1997 735 2050 ἂν
764 1996 850 2069 εἴη
886 1999 1176 2062 σαϐϐάτου,
1208 2001 1330 2053 καθ’
1367 2002 1434 2072 ἢν
1494 2022 1512 2053 ι
1565 2004 1918 2058 ἀπολείπεται

302 2086 714 2158 σαϐϐατισμὸς
746 2088 826 2158 τῷ
871 2090 986 2161 λαῷ
1014 2091 1104 2144 τοῦ
1162 2091 1322 2156 Θεοῦ,
1379 2112 1397 2143 ι
1447 2094 1752 2159 ἀνάπαυσις
1797 2096 1920 2167 ἱερὰ

304 2177 423 2230 καὶ
449 2178 613 2246 ἁγία.
666 2179 725 2232 ὐ
747 2179 806 2232 δὲ
832 2183 1064 2250 ποιήσας
1090 2182 1267 2236 πάντα
1295 2184 1363 2236 τὰ
1384 2183 1522 2253 ἔργα
1553 2186 1738 2247 αὐτοῦ,
1772 2187 1917 2253 ἄξιος

308 2267 586 2339 κρίνεται
628 2272 839 2324 ἐκείνου
875 2272 967 2325 τοῦ
1018 2274 1307 2327 σαϐϐάτου·
1361 2277 1634 2346 σχολάζων
1671 2277 1845 2331 οὐδενὶ
1883 2279 1915 2349 ἢ

310 2362 392 2429 τῇ
423 2359 639 2433 θεωρίᾳ
665 2362 766 2432 τῆς
788 2362 1068 2433 ἀληθείας,
1096 2367 1190 2418 καὶ
1214 2366 1315 2435 τῆς
1369 2368 1580 2436 σοφίας.
1627 2369 1813 2422 Ταῦτα
1861 2369 1918 2421 δὲ

315 2447 418 2502 διὰ
476 2449 542 2502 τὸ
608 2452 916 2523 μεμνῆσθαι
976 2453 1203 2508 ἐνταῦθα
1232 2455 1323 2509 τὸν
1372 2457 1609 2510 Μωῦσέα
1655 2459 1781 2528 περὶ
1823 2456 1915 2510 τοῦ

320 2540 709 2607 σαϐϐατίζειν,
743 2543 1111 2615 παρεθέμεθα.

405 2653 426 2684 ι
473 2634 587 2687 Καὶ
621 2635 885 2702 πατάξεις
908 2636 1007 2708 τὴν
1059 2638 1286 2710 πέτραν,
1323 2639 1418 2691 καὶ
1472 2638 1810 2705 ἐξελεύσεται
1859 2641 1916 2708 ὲξ

323 2725 507 2795 αὐτῆς
541 2726 710 2799 ὕδωρ.
750 2747 769 2780 ι
798 2728 983 2801 Πέτρᾳ
1007 2728 1399 2802 παρεικάζεται
1426 2731 1454 2783 ὁ
1491 2733 1726 2803 Χριστὸς
1747 2732 1834 2785 διὰ
1857 2733 1916 2786 τὸ

326 2812 591 2868 ἄσειστον
615 2818 713 2869 καὶ
735 2818 1051 2890 άκλὸνητον.
1070 2821 1412 2892 Ἐρήρεισται
1435 2821 1542 2892 γὰρ
1568 2824 1626 2875 ὲν
1654 2826 1766 2886 τοῖς
1791 2823 1919 2892 άγα·

330 2902 453 2969 θοῖς
477 2908 511 2976 ἡ
550 2906 674 2960 θεία
705 2925 764 2961 τε
788 2911 882 2963 καὶ
913 2911 1192 2981 ὑπερτάτη
1221 2911 1401 2979 φύσις.

412 3017 433 3049 ι
457 2998 602 3068 Ἐγὼ
628 3001 737 3071 γάρ
763 3002 880 3072 εἰμι
906 3001 1108 3075 Κύριος
1136 3005 1164 3056 6
1189 3003 1320 3066 Θεός
1346 3021 1461 3067 σου,
1486 3002 1619 3067 Θεὸς
1646 3004 1913 3077 ζηλωτὴς,
1942 3046 1984 3102 C

2026 458 2142 511 nes,
2173 459 2429 499 coronam
2464 447 2676 515 recipit.
2733 448 2900 504 Secus
2930 461 3107 503 autem
3137 463 3196 503 se
3227 463 3313 504 res
3341 450 3501 503 habet
3523 451 3577 502 in

2024 533 2258 588 diabolo.
2293 535 2340 588 ls
2366 536 2509 589 enim
2542 545 2735 599 tentat.
2760 548 2816 592 ιιι
2846 538 2948 593 sibi
2981 539 3340 609 obsequentes
3384 540 3591 594 interli-

2022 627 2154 681 ciat.
2184 626 2264 682 Ac
2290 627 2434 682 Deus
2459 629 2674 697 quidem
2703 637 2874 684 tentat
2900 645 3005 685 non
3050 629 3213 685 futuri
3262 632 3585 700 ignorantia,

2022 718 2114 772 sed
2144 718 2347 771 homini
2395 718 2710 774 facultatem
2741 720 2943 776 faciens
2977 724 3124 791 quod
3152 723 3279 779 velit
3305 726 3588 793 operandi,

2020 820 2242 879 propter
2267 811 2475 864 arbitrii
2505 811 2831 866 libertatem.

2100 914 2118 948 ι
2160 896 2272 953 Hoc
2301 908 2383 952 est
2418 901 2639 954 verbum
2686 903 2827 968 quod
2864 901 3073 957 locutus
3138 912 3221 957 est
3274 902 3531 959 Dominus
3570 920 3585 956 :

2022 987 2283 1054 Sahbata,
2341 991 2555 1059 requies
2587 1001 2774 1047 sancta
2823 992 3049 1047 Domino
3087 1008 3211 1048 cras
3247 995 3312 1048 ¹⁶.
3348 1014 3368 1047 ι
3430 994 3588 1065 125

2021 1079 2243 1149 Expone
2270 1096 2389 1150 quae
2423 1084 2489 1136 de
2523 1081 2761 1139 Sabbato
2801 1084 2940 1140 dicta
2989 1097 3136 1151 sunt,
3190 1086 3365 1155 primo
3395 1101 3589 1141 secuti-

2024 1173 2147 1225 dum
2185 1172 2330 1227 nuda
2353 1175 2539 1237 verba,
2578 1184 2634 1228 ut
2662 1175 2881 1229 videant
2912 1177 3040 1245 quid
3075 1175 3345 1245 significet
3370 1177 3585 1243 littera;

2023 1262 2224 1318 deinde
2290 1267 2591 1319 secundum
2642 1266 2942 1332 spiritalem
3001 1266 3375 1329 intellectum,
3433 1268 3587 1336 juxta

2020 1369 2182 1423 quem
2215 1356 2444 1410 dixerim
2483 1358 2625 1417 diem
2666 1356 2891 1411 Sabbati
2940 1358 3090 1427 justo
3135 1356 3449 1411 incumbere
3496 1356 3589 1426 qui

2019 1447 2357 1502 destruxerit
2387 1447 2570 1504 mundi
2603 1466 2788 1519 opera,
2839 1451 2928 1516 qui
2978 1451 3142 1505 Deum
3190 1451 3493 1519 gloriﬁcat,
3526 1465 3591 1506 ac

2020 1540 2260 1607 quietem
2317 1541 2459 1610 agit;
2500 1542 2590 1610 qui
2649 1556 2826 1610 neque
2885 1557 2913 1594 a
2970 1542 3090 1597 loco
3141 1543 3195 1596 in
3251 1558 3358 1611 quo
3403 1542 3585 1608 stetit,

2021 1630 2243 1686 Christo
2275 1633 2555 1696 nimirum,
2584 1633 2810 1698 recedit,
2844 1648 2943 1687 nec
2976 1634 3150 1703 ignem
3196 1635 3442 1689 accendit
3465 1648 3586 1703 pec-

2022 1726 2219 1785 cando,
2251 1738 2423 1794 neque
2458 1725 2563 1780 fert
2600 1741 2786 1780 onera.
2810 1725 2960 1781 Onus
2982 1736 3164 1781 monte
3185 1729 3403 1798 gravius
3427 1715 3588 1782 omne

2020 1825 2338 1885 peccatum;
2366 1818 2717 1884 quamobrem
2742 1816 2952 1871 dicebat
2973 1815 3259 1872 Psalmista
3280 1818 3320 1848 ⁸⁷
3350 1834 3363 1870 :
3401 1835 3421 1869 ι
3457 1818 3585 1872 Sic-

2021 1917 2081 1960 ut
2127 1919 2263 1959 onus
2318 1918 2484 1974 grave
2527 1914 2743 1973 gravata
2797 1916 3130 1973 sunt,super
3185 1920 3289 1960 me.
3328 1924 3347 1958 ι
3402 1907 3585 1961 Altera

2020 2008 2200 2051 autem
2230 1997 2499 2065 expositio
2529 1996 2751 2050 Sabbati
2805 1998 2897 2060 sit,
2927 1996 3085 2063 juxta
3135 2013 3297 2066 quam
3359 2015 3380 2049 ι
3417 2001 3579 2054 relin-

2019 2090 2213 2159 quitur
2242 2089 2618 2143 sabbatismus
2656 2089 2852 2158 populo
2903 2090 2994 2143 Dei
3029 2089 3073 2121 ¹⁸
3107 2109 3125 2142 ι
3164 2090 3381 2159 requies
3429 2108 3582 2147 sacra

2021 2189 2074 2233 et
2104 2190 2313 2235 sancta.
2361 2180 2462 2247 Qui
2526 2195 2656 2235 vero
2710 2179 2892 2234 omnia
2945 2178 3061 2247 ejus
3111 2179 3241 2235 fecit
3292 2195 3478 2250 opera,
3538 2182 3586 2237 is

2021 2272 2214 2340 dignus
2243 2272 2477 2325 habetur
2504 2272 2608 2326 hoc
2632 2272 2892 2334 Sabbato,
2921 2273 3050 2325 nulli
3074 2272 3227 2327 alteri
3257 2275 3332 2326 rei
3363 2288 3581 2337 vacans.

2020 2380 2180 2433 quam
2215 2365 2648 2433 contemplanda:
2673 2365 2887 2418 veritati
2921 2373 2971 2418 et
2999 2366 3293 2432 sapientiae.
3345 2365 3467 2420 Haec
3492 2383 3587 2420 uno

2020 2465 2126 2510 tem
2159 2457 2362 2511 idcirco
2417 2458 2766 2526 exposuimus
2791 2458 2933 2525 quod
2976 2456 3188 2527 Moyses
3210 2460 3311 2513 hoc
3343 2458 3459 2514 loco
3493 2475 3584 2515 re-

2019 2548 2241 2619 ligionis
2278 2549 2498 2603 Sabbati
2532 2547 2862 2603 meminerit.

2093 2659 2112 2691 ι
2146 2640 2210 2693 Ει
2238 2642 2508 2709 percuties
2545 2652 2777 2710 petram,
2809 2652 2864 2695 et
2889 2640 3058 2695 exibit
3089 2656 3153 2695 ex
3185 2657 3246 2696 ea
3282 2657 3422 2711 aqua
3461 2643 3527 2696 ι’.
3560 2660 3580 2695 ι

2017 2728 2268 2785 Christus
2314 2740 2480 2799 petrae
2532 2739 2881 2799 comparatur
2933 2734 3003 2785 ob
3057 2732 3436 2788 inconcussam
3476 2735 3582 2789 vim

2018 2837 2084 2875 ac
2123 2821 2456 2877 ﬁrmitatem.
2493 2819 2734 2877 Firtnata
2776 2822 2921 2877 enim
2954 2822 3010 2875 in
3065 2821 3224 2879 bonis
3275 2835 3360 2879 est
3402 2826 3584 2881 divina

2017 2912 2396 2983 excellensque
2436 2923 2653 2969 natura.

2092 3022 2111 3055 ι
2148 3003 2260 3074 Ego
2287 3004 2430 3057 enim
2462 3019 2581 3058 sum
2616 3004 2877 3060 Dominus
2907 3004 3046 3059 Deus
3071 3013 3214 3069 tuus,
3247 3002 3390 3060 Deus
3438 3006 3583 3061 zelo-

337 3090 624 3155 ἁποδιδοὺς
659 3092 929 3165 ἁμαρτίας
957 3095 1207 3166 πατέρων
1232 3096 1325 3147 ἐπὶ
1352 3096 1538 3159 τέκνα,
1584 3097 1676 3149 ἐπὶ
1724 3096 1915 3168 τρίτην

2022 3104 2121 3158 tes,
2160 3095 2394 3148 reddens
2427 3102 2643 3163 peccata
2669 3104 2882 3162 patrum
2941 3095 2992 3148 in
3024 3094 3163 3149 ﬁlios
3192 3095 3245 3149 in
3284 3096 3498 3149 tertiam
3530 3105 3587 3151 et

336 3183 433 3235 καὶ
460 3183 727 3254 τετάρτην
752 3184 941 3252 γενεάν
970 3188 1079 3248 τοῖς
1099 3185 1312 3255 μισοῦσί
1348 3204 1437 3256 με,
1464 3187 1557 3239 καὶ
1579 3187 1745 3241 ποιῶν
1772 3187 1917 3254 ἔλεος

336 3273 419 3337 είς
449 3273 691 3345 χιλιάδας
711 3279 825 3338 τοῖς
859 3276 1113 3345 ἀγαπῶσί
1146 3294 1211 3348 με
1237 3316 1251 3340 ,
1294 3277 1389 3330 καὶ
1421 3281 1533 3342 τοῖς
1583 3278 1918 3347 φυλάσσουσι

335 3365 408 3419 τὰ
435 3368 839 3438 προστάγματά
879 3386 998 3439 μου.
1036 3388 1054 3421 ι
1116 3370 1248 3423 Τίνα
1280 3369 1439 3424 τοῦτο
1485 3371 1545 3424 τὸ
1605 3371 1766 3443 ῥητὸν
1819 3372 1918 3425 οὐκ

336 3458 638 3530 ὲτάραξενς
667 3460 731 3513 Ei
756 3460 971 3532 ἥμαρτε
1001 3462 1099 3531 μὲν
1122 3463 1150 3513 ὁ
1180 3463 1384 3534 πατὴρ,
1414 3465 1443 3516 6
1465 3461 1522 3515 δὲ
1562 3462 1710 3528 υἱὸς,
1740 3464 1833 3515 καὶ
1883 3466 1916 3534 ἡ

336 3550 518 3623 τρίτη,
549 3554 645 3604 καὶ
673 3554 707 3622 ἡ
738 3553 970 3624 τετάρτη
1001 3555 1163 3622 γενεά
1198 3555 1571 3625 ἀπολαμϐάνει
1610 3555 1705 3626 τὴν
1741 3558 1920 3626 ἁμαρ-

336 3643 480 3709 τίαν,
506 3646 583 3708 ὡς
605 3646 733 3709 τοὺς
773 3645 871 3716 μὲν
919 3647 1293 3719 κατηγορῆσαι
1342 3648 1437 3701 καὶ
1483 3647 1575 3701 τοῦ
1629 3647 1919 3713 δεδωκότος

336 3737 467 3802 τοὺς
490 3739 690 3806 νόμους
713 3737 869 3791 Θεοῦ·
896 3739 1024 3803 τοὺς
1047 3740 1104 3792 δὲ
1138 3739 1212 3811 μὴ
1239 3741 1611 3812 κατηγορῆσαι
1639 3741 1757 3812 μὲν,
1782 3740 1916 3813 ἀλη-

340 3827 451 3894 θῶς
473 3830 530 3882 δὲ
554 3828 796 3894 ἐλπίζειν
815 3829 1039 3885 τοιαῦτά
1059 3848 1199 3896 τινα,
1225 3833 1319 3886 καὶ
1350 3833 1674 3905 προσδοκᾷν,
1716 3836 1797 3890 ὅτι
1851 3836 1921 3891 τὰ

338 3924 715 3994 ἁμαρτήματα
742 3923 918 3975 αὐτῶν
941 3925 988 3976 oi
1022 3925 1127 3989 uio}.
1151 3924 1647 3995 ἁπολαμϐάνουσιν.
1678 3927 1919 3981 Ἰουδαῖοι

337 4016 511 4069 ταῦτα
540 4015 887 4086 νομίζουσιν,
943 4015 1042 4067 οὐκ
1091 4015 1520 4080 ἀπαλλάττοντες
1573 4016 1730 4072 ἄλλον
1777 4018 1916 4072 θεὸν.

337 4108 615 4179 Σαμαρεῖς
639 4105 811 4159 ταῦτα
837 4104 1309 4175 ὑπολαμϐάνουσιν
1335 4146 1350 4170 ,
1400 4107 1476 4170 ὡς
1506 4108 1598 4160 καὶ
1631 4107 1786 4160 αὐτοὶ
1835 4107 1921 4160 δο-

337 4199 593 4266 ξάζοντες
622 4198 1016 4271 μετεσχηκέναι
1038 4198 1132 4251 τοῦ
1157 4199 1276 4263 ἐνὸς
1296 4196 1451 4252 Θεοῦ.
1485 4200 1548 4252 Οί
1587 4199 1695 4252 ἀπὸ
1709 4199 1816 4254 τῶν
1840 4200 1921 4252 αἱ·

337 4293 546 4362 ρέσεων
576 4291 678 4343 οὐκ
700 4290 1058 4363 ἀρεσκόμενοι
1084 4288 1163 4359 τῷ
1214 4290 1418 4359 ἀγαθὸν
1463 4290 1496 4362 ἢ
1542 4290 1748 4344 δίκαιον
1781 4289 1918 4345 εἶναι

2020 3190 2267 3248 quartam
2306 3183 2641 3251 progeniem,
2676 3181 2760 3236 his
2789 3183 2879 3252 qui
2910 3184 3138 3237 oderunt
3161 3198 3268 3250 mc,
3304 3193 3359 3238 et
3381 3183 3588 3241 faciens

2019 3274 2454 3330 misericordiam
2490 3275 2542 3329 in
2573 3274 2778 3339 millia,
2829 3276 2912 3331 his
2948 3278 3038 3345 qui
3101 3277 3335 3348 diligunt
3375 3294 3482 3345 me,
3530 3286 3588 3334 et

2019 3375 2237 3419 servant
2268 3376 2541 3437 praecepta
2595 3368 2799 3421 mea".
2841 3388 2860 3420 ι
2922 3368 3091 3437 Quem
3153 3384 3258 3422 non
3305 3371 3588 3426 turbarunt

2019 3455 2136 3509 hrec
2169 3456 2369 3510 verba?
2401 3455 2455 3510 Si
2488 3468 2643 3527 pater
2684 3460 2951 3527 peccavit,
2997 3458 3160 3521 ﬁlius.
3208 3461 3475 3530 tertiaque
3521 3476 3585 3515 ac

2018 3558 2208 3617 quarta
2231 3551 2516 3619 progenies
2557 3563 2840 3620 peccatum
2886 3554 3096 3622 recipit.
3133 3552 3268 3608 Hinc
3301 3555 3389 3607 alii
3418 3554 3584 3609 Deum

2020 3652 2277 3698 accusant
2306 3644 2395 3713 qui
2420 3644 2563 3713 leges
2599 3646 2765 3712 dedit,
2798 3646 2888 3699 alii
2914 3663 3020 3701 non
3054 3657 3315 3702 accusant
3342 3647 3585 3718 quidem,

2018 3749 2151 3789 vere
2201 3742 2384 3788 tamen
2436 3736 2702 3805 ejusmodi
2763 3737 3007 3804 quaedam
3065 3734 3183 3791 fore
3234 3748 3458 3807 sperant
3521 3756 3585 3795 ac

2019 3835 2340 3897 exspectant
2371 3834 2427 3880 ut
2455 3842 2646 3882 eorum
2680 3837 2905 3897 peccata
2935 3828 3030 3882 lilii
3053 3828 3336 3898 recipiant.
3365 3830 3441 3884 Ita
3457 3846 3583 3886 sett-

2022 3917 2163 3972 tittnt
2192 3917 2385 3982 Judaei,
2422 3928 2479 3971 ut
2506 3928 2687 3972 tamen
2723 3917 2888 3972 alium
2918 3934 3025 3974 non
3052 3919 3346 3975 admittant
3400 3922 3585 3979 deum.

2020 4009 2147 4065 Haec
2175 4010 2288 4080 ipsa
2327 3998 3001 4079 credunt’Samaritre,qni
3037 4019 3092 4066 et
3148 4011 3250 4081 ipsi
3296 4012 3457 4068 unius
3522 4026 3584 4069 se

2021 4102 2116 4158 Dei
2148 4103 2442 4174 participes
2467 4117 2589 4158 esse
2619 4103 2934 4169 opinantur.
2958 4100 3443 4172 Haeretici,quibus
3475 4119 3580 4158 non

2020 4196 2196 4264 placet
2216 4197 2415 4249 bonum
2457 4202 2552 4247 aut
2595 4191 2806 4261 justum
2861 4206 2984 4247 esse
3038 4192 3205 4248 Deum
3251 4208 3434 4263 posse,
3487 4196 3581 4264 qui

2021 4288 2200 4342 reddit
2225 4299 2441 4357 peccata
2476 4293 2688 4357 patrum
2714 4285 2767 4338 itt
2800 4284 2978 4338 sinum
3002 4283 3265 4345 ﬁliorum.
3293 4285 3446 4338 aiunt
3476 4300 3581 4338 non

336 4385 473 4437 θεὸν
495 4382 777 4445 δύνασθαι,
801 4383 893 4436 τὸν
917 4382 1237 4437 ἀποδιδόντα
1257 4384 1533 4454 ἁμαρτίας
1557 4384 1807 4456 πατέρων
1838 4386 1917 4448 είς

2021 4395 2140 4435 esse
2166 4380 2372 4451 justum
2400 4395 2464 4434 ac
2486 4381 2682 4435 bonttm
2715 4380 2851 4451 legis
2884 4382 3072 4443 Deum,
3109 4376 3202 4447 qui
3242 4377 3429 4433 reddat
3455 4392 3581 4446 pec—

334 4475 539 4531 κόλπον
565 4475 770 4528 τέκνων
792 4474 990 4533 αὐτῶν.
1029 4475 1290 4543 λέγουσιν,
1320 4476 1401 4528 ὃτι
1428 4479 1457 4529 ό
1483 4476 1576 4529 τοῦ
1597 4476 1762 4546 νόμου
1786 4475 1917 4539 Θεὸς

337 4570 439 4623 οὐκ
468 4568 587 4621 ἐστι
623 4568 860 4632 δίκαιος,
905 4568 1006 4621 οὐκ
1053 4567 1201 4621 ἔστιν
1250 4566 1472 4635 ἀγαθὸς,
1528 4566 1808 4631 ἀποδιδοὺς
1848 4570 1917 4622 τά

335 4663 717 4734 ἁμαρτήματα
740 4659 847 4715 τῶν
879 4660 1130 4730 πατέρων
1152 4659 1245 4712 ἐπὶ
1275 4661 1401 4722 τοὺς
1426 4657 1575 4722 υἱούς
1593 4675 1606 4688 ·
1647 4658 1784 4712 ἀλλά
1830 4676 1918 4724 τις

338 4755 484 4809 ἐστὶν
527 4754 740 4809 ἐκείνου
804 4753 1006 4825 μείζων
1051 4751 1189 4816 θεός.
1229 4752 1287 4805 '0
1343 4750 1400 4804 δὲ
1445 4751 1914 4822 ὲκκλησιαστικὸς,

337 4847 463 4902 οὔτε
484 4848 563 4911 ὡς
613 4846 863 4910 Ἰουδαῖος
893 4844 1217 4918 σωματικῶς
1241 4844 1430 4898 ἀκούει
1450 4842 1558 4896 τῶν
1583 4842 1913 4913 λεγομένων,

334 4941 461 4996 οὔτε
490 4942 567 5005 ὡς
600 4941 876 5012 αἱρετικὸς
917 4939 1253 4995 ἁναπλάσσει
1291 4938 1468 5002 ἄλλον,
1523 4936 1636 4990 ἀλλ’
1682 4936 1914 5008 ἔστηκεν

337 5034 664 5106 ἀμφοτέρων
697 5033 882 5104 μέσος,
913 5033 1008 5087 καὶ
1058 5032 1207 5103 λέγει
1235 5031 1415 5095 καλῶς
1472 5030 1570 5100 μὲν
1596 5029 1769 5083 ταῦτα
1820 5045 1914 5098 γε-

336 5124 605 5198 γράφθαι·
635 5126 736 5178 οὐκ
763 5120 878 5177 οἶδα
926 5124 984 5178 δὲ
1014 5123 1121 5176 τῶν
1168 5122 1570 5194 γεγραμμένων
1627 5121 1718 5175 τὸν
1768 5120 1910 5176 νοῦν.

348 5216 690 5270 ’Λνατείνατε
738 5211 831 5269 οὖν
852 5214 949 5278 τὰς
979 5213 1217 5277 διανοίας
1267 5213 1499 5276 πάντες,
1546 5213 1641 5266 καὶ
1687 5213 1916 5282 αἰτήσα-

346 5307 460 5371 σθε,
486 5308 573 5362 ἵνα
601 5308 731 5379 ὑμῖν
758 5306 1083 5377 ἀποκαλύψῃ
1113 5307 1188 5371 ὡς
1211 5306 1413 5376 ἀγαθός
1439 5308 1585 5360 ἐστιν
1612 5345 1628 5369 ,
1669 5306 1699 5357 ὁ
1725 5303 1915 5357 ἀποδι-

339 5400 459 5465 δοὺς
481 5401 761 5472 ἁμαρτίας
791 5400 1043 5471 πατέρων
1060 5400 1148 5453 ἐπὶ
1175 5400 1361 5453 τέκνα.
1392 5397 1548 5460 Τίνες
1577 5399 1626 5450 οί
1657 5396 1912 5468 πατέρες

342 5492 470 5565 φέρε
493 5494 595 5558 τὰς
639 5492 867 5564 Γραφὰς
895 5492 1195 5564 μάρτυρας·
1227 5489 1667 5559 ὲξετασθήτωσαν
1706 5488 1775 5541 τὰ
1829 5488 1915 5542 λό-

416 5610 460 5642 ¹⁶
484 5609 653 5687 ιέξξοὰ.
685 5627 806 5675 xvr,
841 5610 934 5665 ‘25.
1012 5611 1054 5642 ‘7
1092 5608 1233 5667 Psal.
1269 5622 1477 5672 xxxvtt,
1509 5605 1562 5660 5.
1653 5605 1698 5639 “
1734 5601 1899 5661 Hebr.
1929 5605 2082 5687 tv,ﬁ9.
2148 5675 2157 5683 _

349 5694 462 5747 vm,
488 5680 580 5738 44.

2022 4482 2145 4528 cata
2178 4485 2392 4542 patrum
2424 4474 2474 4527 in
2508 4473 2669 4540 ﬁlios,
2700 4475 2795 4528 sed
2823 4471 2985 4526 alium
3016 4470 3307 4541 quemdam
3339 4482 3460 4524 esse
3488 4468 3584 4523 illo

2021 4558 2496 4634 majorem’deum.
2524 4562 2625 4630 Qui
2668 4579 2801 4620 vero
2855 4563 3113 4616 Ecclesia:
3142 4561 3445 4617 doctrinam
3499 4576 3583 4617 se-

2018 4658 2226 4726 quitur,
2283 4671 2383 4710 nec
2430 4653 2599 4710 Judaei
2657 4669 2808 4710 more
2856 4666 3121 4721 corporeo
3168 4666 3333 4707 sensu
3386 4652 3584 4722 accipit

2019 4761 2142 4817 quae
2166 4748 2440 4811 dicuntur,
2498 4761 2598 4801 nec
2650 4746 2794 4801 sicut
2849 4746 3137 4800 haereticus
3182 4744 3346 4797 alium
3414 4745 3581 4798 Deum

2021 4839 2479 4905 comminiscitur,
2511 4839 2606 4892 sed
2627 4837 2767 4891 inter
2790 4847 3079 4902 utrumque
3111 4836 3320 4889 medius
3360 4835 3581 4901 incedit,

2020 4932 2226 5000 aitque,
2260 4931 2394 4984 bene
2430 4929 2646 4999 quidem
2686 4930 2801 4984 haec
2856 4929 3058 4996 scripta
3086 4940 3226 4991 esse,
3264 4926 3357 4981 sed
3392 4941 3583 4981 eorum

2019 5036 2139 5090 qua:
2174 5021 2375 5091 scripta
2406 5029 2532 5075 sunt
2562 5035 2781 5075 sensum
2817 5018 2920 5074 sibi
2944 5034 3050 5074 non
3069 5033 3192 5073 esse
3216 5029 3575 5088 perspectum.

2020 5112 2274 5166 Animum
2297 5111 2464 5180 igitur
2489 5110 2673 5164 cuncti
2711 5109 2999 5172 advertite,
3033 5118 3089 5163 et
3125 5108 3291 5164 Deum
3323 5119 3478 5163 orate
3522 5119 3582 5163 ut

2019 5203 2178 5259 vobis
2209 5202 2410 5256 revelet
2443 5216 2551 5271 quo
2589 5208 2745 5271 pacto
2774 5201 2948 5255 bonus
2979 5200 3165 5270 sitqui
3194 5201 3369 5256 reddit
3390 5216 3584 5269 pecca-

2019 5303 2071 5348 ta
2100 5303 2312 5363 patrum
2347 5293 2402 5347 in
2434 5293 2594 5346 tilios.
2657 5293 2890 5358 Quinam
2939 5292 3162 5361 patres?
3209 5302 3373 5347 testes
3428 5291 3585 5346 adbi-

2015 5388 2240 5443 beamus
2271 5387 2582 5455 Scripturas
2618 5401 2632 5449 ;
2686 5399 2841 5439 sacra
2876 5393 3182 5439 scrutemur
3213 5384 3447 5452 eloquia.
3491 5384 3586 5440 Ait.

2018 5483 2269 5539 Salvator
2298 5495 2363 5535 ac
2397 5478 2658 5535 Dominus
2675 5476 2830 5533 Jesus
2844 5475 3096 5532 Christus
3119 5476 3581 5545 peccatoribus“:

2189 5600 2232 5633 ¹⁹
2274 5596 2584 5661 Exodmvu,
2615 5590 2670 5650 6.
2747 5592 2791 5623 '°
2821 5590 2992 5646 Exod.
3020 5605 3114 5657 xx,
3139 5590 3192 5657 5,
3222 5587 3277 5645 6.
3354 5585 3397 5619 ’⁸
3427 5584 3586 5642 Joan.
