4050 6142
526 211 630 272 291

1936 212 2027 267 EX
2066 211 2365 270 ORIGENE

3665 211 3829 267 292

531 347 554 385 ι
582 326 690 384 Vos
711 341 776 383 ex
800 334 953 397 patre
975 325 1192 381 diabolo
1237 326 1389 393 estis,
1419 327 1579 398 126
1613 335 1667 382 et
1702 326 1967 382 desideria
2001 342 2097 396 pa-

2203 343 2299 395 για
2323 324 2390 379 τά
2416 324 2554 398 ἱερὰ.
2580 325 2741 392 Λέγει
2763 327 2791 379 6
2816 324 3009 396 Σωτὴρ
3031 324 3125 380 καὶ
3148 325 3352 405 Κύριος
3405 323 3610 395 Ἰησοῦς
3641 327 3690 380 Χ
3708 343 3829 398 ρι-

528 421 628 475 tris
658 419 821 475 vestri
857 419 1020 473 vultis
1045 419 1247 477 facere.
1280 418 1376 474 Ille
1408 419 1677 474 homicida
1705 427 1789 475 est
1821 421 1889 473 ab
1916 420 2093 483 initio,

525 520 581 565 et
609 512 662 565 in
686 511 913 565 veritate
938 526 1043 565 non
1071 514 1244 567 stetit.
1298 531 1318 565 ι
1346 511 1488 583 Ergo
1509 514 1552 567 si
1595 512 1721 583 quis
1756 519 1968 580 peccat,
2028 525 2096 566 ex

524 612 682 671 patre
706 599 923 657 diabolo
947 610 1050 668 est,
1080 617 1309 672 eamque
1337 607 1409 657 ob
1468 617 1581 657 rem
1645 611 1929 670 peccatum
1984 601 2096 655 dia-

523 693 632 748 boli
658 694 709 747 in
741 692 907 747 filium
949 695 1210 750 redditur.
1236 695 1328 750 Ille
1356 696 1564 764 primus
1586 703 1838 763 peccator
1869 704 1971 759 est,
2004 693 2095 764 qui

525 786 656 841 mihi
685 797 964 854 peccatum
1004 789 1286 857 suggerit:
1312 804 1414 858 ego
1444 796 1625 841 autem
1664 789 1938 844 secundus
1975 804 2095 844 sum

524 887 799 949 peccator,
834 878 923 947 qui
959 879 1102 934 illius
1140 880 1421 934 consilium
1481 894 1588 935 non
1650 880 1956 948 rejeeertm,
2002 879 2096 934 sed

524 970 670 1024 illius
700 971 807 1024 vim
831 972 1150 1040 receperim,
1184 986 1306 1026 cum
1376 979 1522 1025 stare
1565 970 1844 1027 debuerim
1898 971 2099 1026 instru-

525 1070 644 1117 ctus
674 1070 945 1117 armatura
978 1062 1093 1124 Dei,
1118 1072 1174 1117 et
1223 1064 1428 1118 habens
1457 1071 1664 1117 scutum
1722 1063 1877 1129 tldei,
1905 1072 1961 1117 ut
1994 1064 2096 1118 tela

524 1153 705 1207 omnia
738 1152 902 1221 ignita
940 1151 1259 1221 nequissimi
1295 1154 1347 1207 iu
1381 1168 1513 1207 mea:
1540 1153 1663 1208 fidei
1691 1164 1849 1208 scuto
1891 1154 2097 1207 exstin-

524 1257 742 1312 guerem
779 1244 847 1298 ".
877 1242 1011 1297 Cum
1043 1242 1210 1310 igitur
1242 1258 1430 1311 pecco,
1463 1258 1582 1311 quae
1614 1254 1741 1298 sunt
1768 1244 1967 1297 diaboli
2017 1243 2096 1298 fa-

524 1336 631 1402 cio,
670 1336 759 1405 qui
788 1336 840 1389 in
872 1351 969 1389 cor
1002 1336 1148 1388 misit
1178 1344 1238 1387 ut
1267 1336 1371 1390 hoc
1395 1336 1477 1390 vel
1515 1337 1645 1391 illud
1692 1345 1974 1407 peccatum
2015 1335 2098 1389 fac

524 1441 727 1481 cerem.
754 1425 992 1479 Primum
1021 1424 1137 1492 ejus
1181 1424 1386 1492 recipio
1437 1422 1713 1493 jaculutn,
1766 1434 1986 1493 tumque
2032 1436 2097 1475 eo

524 1532 770 1585 recepto,
801 1518 968 1571 etiam
1027 1515 1177 1568 illum
1208 1515 1462 1569 admitto.
1514 1515 1648 1569 Nam
1699 1514 1768 1569 de
1831 1512 1966 1567 Juda
2022 1512 2095 1566 ita

521 1626 736 1681 quoque
766 1611 1026 1679 scriptum
1052 1617 1161 1671 est,
1194 1623 1300 1661 non
1341 1608 1576 1677 primum
1614 1607 1914 1675 ingressum
1976 1618 2097 1658 esse

522 1703 781 1755 Satanam
822 1701 875 1754 in
913 1715 1061 1761 eum.
1093 1699 1188 1753 sed
1218 1699 1451 1766 primmn
1503 1712 1627 1750 cum
1680 1696 1928 1750 diabolus
1983 1694 2092 1763 jam
2129 1679 2171 1734 Β

521 1793 761 1848 misisset
789 1793 841 1845 in
878 1806 972 1846 cor
1012 1802 1070 1844 ut
1105 1792 1346 1844 traderet
1388 1803 1511 1842 eum
1536 1787 1705 1843 ludas
1735 1786 1923 1839 Simon
1960 1786 2099 1841 lsca-

520 1884 714 1945 riotes,
750 1893 860 1934 tum
887 1888 1009 1950 post
1061 1879 1357 1934 bnecellam
1387 1878 1441 1932 iu
1482 1892 1604 1931 eum
1639 1858 1914 1929 iutroiisse
1941 1875 2098 1928 Sata-

521 1992 669 2032 nam.
701 1974 841 2044 Ergo
868 1975 909 2028 si
943 1980 1166 2027 sanctus
1197 1986 1317 2025 sum
1347 2009 1363 2037 ,
1415 1977 1625 2040 patrem
1672 1967 1846 2023 habeo
1894 1954 2094 2031 Deum;

521 2070 605 2124 sin
635 2077 816 2122 autem
843 2081 959 2120 sum
1005 2071 1286 2134 peccator,
1314 2071 1527 2133 patrem
1586 2059 1760 2115 habeo
1797 2057 2095 2120 diabolum,

518 2164 651 2226 imo,
685 2175 806 2214 eum
832 2159 994 2213 etiam
1036 2158 1129 2225 qui
1158 2155 1405 2225 proxime
1432 2167 1627 2208 auctor
1658 2151 1863 2221 peccati
1911 2149 2093 2213 fuerit,

519 2265 652 2325 puta
678 2252 1103 2315 Antichristum,
1131 2265 1225 2304 seu
1278 2248 1482 2303 diaboli
1532 2245 1784 2317 angelum
1835 2244 2093 2312 aliquem,

520 2358 617 2401 aut
643 2346 967 2400 daemonium
1021 2341 1176 2408 cujus
1206 2341 1518 2395 suasionem
1565 2338 1744 2407 recepi
1781 2359 1792 2392 :
1832 2347 1887 2391 et
1941 2338 2099 2390 inuu-

520 2436 655 2493 meri
691 2437 915 2492 omnino
937 2434 1068 2489 mihi
1100 2444 1229 2489 sunt
1264 2441 1473 2500 patres,
1506 2431 1550 2485 si
1587 2438 1842 2499 peccator
1862 2428 1989 2492 sim,
2018 2428 2094 2480 uti

519 2529 790 2593 vicissim,
822 2528 866 2581 si
904 2526 1085 2594 justus
1137 2525 1358 2590 fuerim,
1399 2531 1557 2591 pater
1607 2534 1759 2575 meus
1807 2528 1891 2573 est
1934 2517 2094 2582 Deus,

518 2618 973 2689 quemadmodum
1030 2617 1108 2671 ait
1148 2613 1459 2670 Salvator"
1504 2629 1519 2666 :
1594 2629 1613 2662 ι
1660 2608 1863 2675 Filioli,
1919 2609 2097 2663 adhuc

521 2711 794 2767 modicum
829 2710 1108 2765 vobiscum
1138 2723 1278 2763 sum.
1318 2725 1337 2758 ι
1378 2704 1445 2759 Et
1476 2706 1673 2759 iterum
1709 2702 1756 2734 “
1793 2719 1807 2755 :
1867 2720 1885 2752 ι
1934 2701 2092 2765 Filia,

520 2800 659 2856 ﬁdes
695 2809 783 2855 tua
808 2809 860 2854 te
893 2799 1099 2854 salvam
1129 2797 1279 2851 fecit.
1314 2816 1335 2849 ι
1395 2796 1461 2850 Ει
1508 2810 1740 2850 rursus:
1790 2812 1808 2845 ι
1845 2793 1972 2859 Fili,
2015 2792 2096 2846 di—

521 2893 928 2949 mittunturtibi
967 2900 1214 2962 peccata.
1248 2908 1266 2941 ι
1318 2888 1409 2944 Sic
1460 2890 1594 2944 alios
1644 2904 1862 2959 quoque
1908 2898 2096 2958 patres

521 2989 667 3051 novi,
699 2987 996 3042 secundum
1042 2986 1095 3039 id
1141 2985 1284 3055 quod
1333 2983 1573 3038 Abrahae
1626 2982 1828 3037 dictum
1877 2983 2033 3038 est“
2075 2999 2162 3073 ιο

527 3097 549 3132 ι
583 3078 663 3133 'l‘u
692 3088 870 3132 autem
914 3077 1017 3132 ibis
1067 3079 1134 3132 ad
1168 3086 1352 3145 patres
1417 3088 1561 3137 tuos,
1604 3094 1623 3127 ι
1680 3091 1786 3131 non
1843 3074 2093 3130 carnales

520 3182 728 3241 patres,
766 3181 940 3237 neque
970 3168 1115 3223 enim
1147 3178 1301 3222 erant
1330 3167 1535 3233 fideles,
1588 3180 1765 3236 neque
1808 3167 2005 3234 sancti,
2036 3175 2095 3220 ut

520 3262 691 3331 liquet
740 3276 805 3316 ex
850 3274 1045 3314 eorum
1093 3259 1344 3313 historia.
1397 3258 1454 3313 Si
1513 3259 1657 3311 enim
1708 3269 1930 3313 sanctus
1973 3259 2092 3326 ejus

521 3362 696 3422 pater,
732 3367 837 3404 nun
869 3352 921 3405 ei
951 3351 1223 3404 diceretur
1250 3350 1296 3380 “
1329 3366 1344 3403 :
1403 3366 1424 3400 ι
1489 3349 1763 3419 Egredere
1819 3352 1886 3405 de
1944 3359 2091 3406 terra

523 3456 636 3511 tua,
660 3454 714 3500 et
742 3446 809 3499 de
841 3444 1164 3512 cognatione
1196 3453 1311 3506 tua,
1342 3452 1398 3498 et
1434 3444 1500 3497 de
1527 3444 1687 3498 domo
1718 3445 1895 3513 patris
1930 3445 2026 3499 tui.
2067 3463 2088 3499 ι

523 3538 700 3596 Habet
729 3538 872 3592 enim
927 3550 1109 3592 sermo
1158 3550 1378 3589 sensum
1438 3550 1781 3604 corporeum,
1838 3535 1999 3591 habet
2041 3546 2097 3592 et

523 3634 843 3703 spiritalem.
872 3634 928 3689 Si
958 3643 1140 3704 patres
1172 3631 1511 3692 intellexisti.
1543 3632 1667 3686 vide
1709 3631 1823 3700 jam
1857 3633 1986 3702 quid
2040 3642 2094 3686 tu

506 3725 779 3795 .recipias,
804 3727 894 3796 qui
930 3742 958 3779 a
992 3725 1212 3780 diabolo
1248 3736 1341 3777 aut
1368 3740 1396 3776 a
1437 3724 1702 3791 subjectis
1736 3726 1782 3777 ei
1814 3725 2096 3793 spiritibus

523 3816 908 3887 impulsionem
950 3818 1227 3889 peccando
1290 3818 1619 3887 susceperis.
1691 3817 1888 3872 Factus
1932 3819 2098 3887 igitur

526 3909 744 3964 iilorum
784 3908 961 3974 filius,
1017 3924 1045 3962 a
1113 3909 1257 3963 bono
1316 3907 1426 3962 Deo
1473 3918 1525 3963 te
1571 3910 1825 3963 visitaute
1876 3910 2093 3981 recipis.

524 4000 714 4071 ﬁeque
739 4003 883 4056 enim
910 4000 1096 4055 visitat
1118 4011 1327 4066 patrem
1360 4009 1539 4066 tuum,
1570 4004 1663 4056 sed
1707 4010 1759 4057 te
1791 4003 2008 4067 visitat,
2036 4019 2098 4060 ac

525 4095 659 4152 dicit
690 4095 781 4148 tibi
797 4094 839 4125 ³⁷
875 4109 889 4146 :
931 4111 951 4145 ι
991 4091 1150 4156 Audi,
1184 4090 1315 4154 ﬁlia,
1341 4102 1398 4147 et
1430 4093 1573 4156 vide,
1597 4104 1648 4147 et
1674 4094 1876 4149 inclina
1910 4110 2095 4149 aurem

525 4196 732 4244 tuam.»
753 4195 883 4246 etc.,
904 4199 1108 4255 proque
1135 4203 1229 4241 sua
1258 4187 1592 4255 benignitate
1620 4188 1717 4242 tibi
1744 4187 1939 4242 dat.'l‘e
1958 4203 2100 4241 nam-

518 4293 631 4348 que
656 4278 780 4333 mali
809 4278 980 4347 patris
1003 4277 1169 4330 lilium
1186 4277 1393 4339 visitat,
1409 4286 1628 4347 peccata
1650 4279 1898 4333 reddens.
1922 4278 2096 4332 «Visi-

2201 417 2325 480 στὸς
2344 418 2457 480 τοῖς
2500 416 2921 487 ἁμαρτάνουσιν,
2958 416 3038 470 ὅτι
3072 436 3091 469 ι
3130 416 3313 488 Ὑμεῖς
3338 418 3403 470 ἐκ
3447 416 3538 470 τοῦ
3572 418 3827 490 πατρὸς·

2199 508 2293 562 τοῦ
2327 508 2573 562 διαϐόλου
2602 509 2745 573 ἐστὲ,
2789 511 2883 562 καλ⁸
2926 509 3026 574 τὰς
3075 509 3370 580 ἐπιθυμίας
3428 509 3521 562 τοῦ
3568 495 3824 583 πατρὸς

2200 601 2352 672 ὑμῶν
2375 600 2556 654 Θέλετε
2588 602 2831 672 ποιῆσαι.
2882 603 3118 664 Ἐκεῖνος
3154 601 3597 675 ἀνθρωποκτόνος
3628 604 3822 657 ἐστὶν

2199 694 2292 745 ἀπ’
2325 694 2522 766 ἀρχῆς,
2552 695 2643 747 καὶ
2663 697 2720 748 ἐν
2745 698 2811 766 τῇ
2843 696 3070 767 ἀληθείᾳ
3092 695 3188 766 οὐχ
3211 694 3463 767 ἔστηκεν.
3506 716 3523 748 ι
3566 696 3818 751 Οὐκοῦν

2199 784 2253 837 εἴ
2291 803 2375 849 τις
2399 786 2723 856 ἁμαρτάνει,
2754 788 2818 839 ἐκ
2846 786 2938 840 τοῦ
2972 786 3177 858 πατρὸς
3220 786 3314 840 τοῦ
3353 787 3601 841 διαϐόλου
3636 789 3813 850 ἐστὶ,

2199 879 2292 931 καὶ
2319 878 2407 931 διὰ
2441 878 2597 932 τοῦτο
2620 879 2680 932 τὸ
2714 879 3019 951 ἁμάρτημα
3045 879 3136 933 τοῦ
3169 880 3416 933 διαϐόλου
3471 881 3817 935 ἀποδίδοται

2199 973 2291 1027 ἐπὶ
2314 972 2404 1025 τὸν
2427 973 2561 1026 υἱόν.
2591 972 2738 1045 Πλὴν
2782 973 2989 1037 ἐκεῖνός
3022 974 3166 1027 ἐστιν
3205 974 3234 1025 6
3271 973 3484 1044 πρῶτος
3514 976 3816 1045 ἁμαρτω-

2198 1064 2668 1131 λὸς,ὁὺποϐαλών
2719 1083 2806 1137 μοι
2852 1065 3276 1138 τὸᾝιμάρτημα·
3331 1064 3443 1134 ἐγὼ
3483 1066 3540 1120 δέ
3589 1070 3715 1138 είμι
3768 1067 3810 1119 ὁ

2197 1160 2448 1232 δεύτερος
2468 1160 2809 1231 ἁμαρτωλὸς,
2840 1162 2868 1215 6
2895 1160 2968 1233 μὴ
2998 1160 3242 1217 ἐκϐαλὼν
3298 1160 3356 1212 τὸ
3406 1159 3650 1232 βούλημα
3678 1160 3813 1213 αὐ-

2198 1251 2313 1316 τοῦ,
2342 1249 2477 1303 ἀλλὰ
2498 1250 2942 1322 παραδεξάμενος
2964 1250 3129 1306 αὐτοῦ
3156 1250 3254 1321 τὴν
3284 1248 3562 1319 ἐνέργειαν
3594 1267 3608 1281 ·
3657 1249 3812 1304 δέον

2203 1360 2270 1415 με
2302 1345 2490 1415 στῆναι
2532 1343 2982 1413 καθωπλισμένον
3023 1344 3119 1414 τὴν
3150 1345 3452 1398 πανοπλίαν
3492 1342 3584 1396 τοῦ
3617 1340 3805 1407 Θεοῦ,

2199 1435 2296 1491 καὶ¹
2318 1435 2511 1507 ἔχοντα
2539 1434 2630 1490 τὸν
2672 1435 2863 1506 θυρεὸν
2910 1435 3010 1505 τῆς
3054 1434 3309 1501 πίστεως,
3355 1435 3441 1488 ἴνα
3488 1434 3663 1487 πάντα
3713 1430 3811 1486 τὰ

2202 1524 2328 1597 βέλη
2377 1524 2471 1579 τοῦ
2524 1524 2761 1597 πονηροῦ
2812 1524 2881 1577 τὰ
2924 1524 3294 1595 πεπυρωμένα
3354 1523 3552 1596 σϐεσθῇ
3596 1526 3652 1577 ἐν
3703 1521 3807 1592 τῷ

2201 1616 2379 1688 θυρεῷ
2406 1617 2505 1687 τῆς
2528 1616 2761 1680 πίστεώς
2789 1634 2909 1687 μου.
2928 1616 3053 1668 Ἐὰν
3076 1611 3167 1668 οὖν
3195 1616 3513 1687 ἁμαρτάνω,
3549 1615 3688 1669 ποιῶ
3715 1613 3807 1668 τὰ

2198 1710 2290 1762 τοῦ
2318 1710 2562 1763 διαϐόλου
2593 1709 2913 1779 βεϐληκότος
2940 1709 3021 1772 είς
3052 1710 3149 1779 τὴν
3172 1708 3419 1780 καρδίαν,
3448 1709 3535 1762 ἵνα
3568 1708 3691 1761 τόδε
3729 1706 3805 1760 τὸ

2199 1801 2522 1871 ἁμάρτημα,
2578 1800 2610 1870 ἢ
2665 1799 2783 1852 τόδε
2845 1800 3075 1870 ποιήσω.
3130 1797 3350 1869 Πρῶτον
3400 1798 3805 1869 παραδέχομαι

2199 1888 2363 1942 αὑτοῦ
2399 1889 2457 1941 τὸ
2487 1888 2658 1958 βέλος,
2696 1889 2788 1941 καὶ
2836 1888 2963 1941 ὅταν
3011 1887 3403 1960 παραδέξωμαι
3451 1887 3603 1953 αὐτὸ,
3657 1887 3804 1940 τότε

2198 1985 2292 2036 καὶ
2319 1982 2481 2037 αὐτὸν
2525 1982 2923 2052 παραδέχομαι.
2988 1982 3098 2035 Καὶ
3145 1980 3253 2051 γὰρ
3300 1981 3394 2034 ἐπὶ
3452 1980 3546 2033 τοῦ
3606 1978 3801 2033 Ἰούδα

2198 2074 2340 2128 οὕτω
2360 2073 2691 2145 γέγραπται,
2722 2074 2800 2126 ὅτι
2829 2072 2887 2126 οὐ
2914 2072 3123 2144 πρῶτον
3161 2070 3406 2142 εἰσῆλθεν
3450 2073 3478 2124 6
3528 2071 3801 2136 Σατανᾶς

2199 2169 2278 2231 είς
2310 2166 2493 2231 αὐτὸν,
2518 2166 2654 2219 ἀλλὰ
2700 2166 2911 2238 πρῶτον
2944 2164 3039 2219 τοῦ
3071 2164 3317 2219 διαϐόλου
3347 2162 3665 2235 βεϐληκότος
3699 2167 3796 2231 είς

2199 2261 2298 2329 τὴν
2343 2258 2571 2330 καρδίαν
2620 2258 2706 2311 ἵνα
2754 2256 2982 2329 παραδῷ
3034 2257 3200 2310 αὐτὸν
3265 2256 3462 2320 Ἰούδας
3520 2257 3709 2328 Σίμων
3760 2258 3798 2310 6

2212 2349 2582 2424 Ἰσκαριώτης,
2611 2346 2728 2404 εἶτα
2762 2350 2897 2421 μετὰ
2917 2350 2979 2402 τὸ
2999 2349 3211 2420 ψωμίον
3233 2348 3482 2420 εἰσῆλθεν
3509 2351 3587 2413 εἰς
3609 2348 3796 2402 αὑτὸν

2198 2446 2226 2497 6
2261 2444 2522 2507 Σατανᾶς.
2562 2442 2769 2497 Οὐκοῦν
2806 2442 2911 2513 ἔχω
2936 2443 3168 2515 πατέρα,
3214 2443 3261 2495 εί
3297 2441 3395 2512 μὲν
3434 2439 3589 2508 ἅγιός
3633 2443 3789 2512 εἰμι,

2195 2532 2347 2586 Θεόν·
2369 2535 2418 2586 εί
2447 2533 2503 2585 δὲ
2537 2531 2859 2603 ἁμαρτωλός
2886 2534 3021 2603 εἰμι,
3052 2532 3142 2584 τὸν
3168 2529 3412 2585 διάϐολον
3454 2531 3561 2601 ἔχω
3607 2529 3794 2584 πατέ-

2203 2642 2289 2696 ρα·
2322 2624 2457 2678 ἀλλὰ
2487 2625 2579 2678 καὶ
2611 2624 2701 2677 τὸν
2727 2623 3015 2695 προσεχῶς
3056 2623 3188 2695 φέρε
3228 2625 3403 2676 εἰπεῖν
3447 2624 3794 2693 ἐνεργήσαν-

2198 2735 2267 2773 τα
2302 2715 2737 2787 Ἀντίχριστον,ἣ
2771 2715 3000 2784 ἄγγελόν
3026 2732 3147 2768 τινα
3174 2714 3266 2767 τοῦ
3301 2712 3569 2778 διαϐόλου,
3600 2712 3792 2785 ἢδαι-

2202 2811 2402 2882 μόνιον,
2437 2803 2497 2862 οὗ
2530 2810 2627 2881 τὴν
2660 2808 2939 2879 ἐνέργειαν
2976 2802 3378 2878 παρεδεξάμηνι
3422 2806 3531 2859 Kal.
3562 2805 3793 2871 ἁπαξα-

2198 2904 2346 2967 πλῶς
2375 2902 2478 2956 εἰσί
2512 2919 2601 2973 μοι
2623 2901 2854 2972 πατέρες
2902 2900 3105 2971 μυρίοι,
3164 2899 3257 2953 ὲάν
3299 2898 3543 2970 γένωμαι
3592 2899 3788 2968 ἅμαρθ-

2197 2995 2384 3058 τωλός·
2414 2994 2602 3065 ὥσπερ
2632 2992 2792 3046 πάλιν
2822 2990 2914 3044 ἐὰν
2937 2991 3180 3061 γένωμαι
3207 2990 3433 3053 δίκαιος,
3460 2988 3641 3059 πατήρ
3669 3002 3785 3057 μου

2198 3088 2344 3142 ἐστὶν
2375 3088 2400 3139 6
2435 3086 2586 3149 Θεὸς,
2619 3084 2870 3154 καθάπερ
2902 3083 3065 3154 φησὶν
3087 3085 3116 3136 6
3141 3081 3349 3153 Σωτὴρ,
3387 3101 3404 3132 ι
3452 3079 3783 3143 Τεκνία,ἔτι

2201 3180 2394 3251 μικρὸν
2466 3177 2583 3248 μεθ’
2638 3174 2793 3246 ὑμῶν
2838 3175 2971 3245 εἰμι.
3036 3193 3055 3226 ι
3120 3174 3229 3227 Καὶ
3278 3172 3478 3237 πάλιν,
3540 3191 3558 3223 ι
3599 3171 3788 3239 Θύγα-

2194 3289 2312 3343 τερ,
2346 3273 2379 3341 ἡ
2405 3270 2582 3333 πίστις
2616 3286 2708 3322 σου
2744 3265 2950 3320 σέσωκέ
2987 3283 3065 3319 σε.
3101 3285 3119 3317 ι
3154 3266 3263 3319 Καὶ
3295 3265 3476 3329 πάλιν,
3515 3263 3779 3325 «Τέκνον,

2176 3363 2470 3432 ⁸ἀφέωνταί
2498 3378 2591 3414 σου
2624 3364 2678 3414 αἱ
2705 3360 2992 3432 ἁμαρτίαι.
3023 3377 3040 3410 ι
3080 3358 3267 3421 Οὕτως
3295 3354 3410 3410 οἶδα
3444 3357 3538 3409 καὶ
3573 3355 3781 3420 ἄλλους

2197 3454 2456 3525 πατέρας,
2487 3454 2627 3508 κατὰ
2656 3454 2715 3506 τὸ
2747 3452 3128 3525 γεγραμμένον
3154 3450 3230 3520 τῷ
3276 3450 3542 3521 Ἁϐραάμ·
3580 3449 3683 3502 «Σὺ
3710 3448 3780 3503 δὲ

2196 3543 2470 3617 ἁπελεύσῃ
2497 3543 2633 3615 πρὸς
2651 3544 2776 3606 τοὺς
2802 3543 3042 3613 πατέρας
3079 3555 3190 3594 σου·
3208 3561 3225 3591 ι
3261 3541 3321 3594 οὑ
3340 3541 3474 3611 πρὸς
3486 3541 3613 3603 τοὺς
3628 3538 3781 3595 κατὰ

2200 3636 2380 3707 σάρκα
2410 3635 2668 3706 πατέρας·
2701 3635 2761 3687 οὐ
2795 3635 2902 3706 γὰρ
2925 3630 3066 3704 ἦσαν
3087 3632 3284 3691 πιστοὶ,
3315 3633 3415 3685 οὐκ
3445 3628 3584 3703 ἦσαν
3602 3632 3775 3702 ἅγιοι,

2198 3726 2274 3790 ὡς
2306 3726 2463 3797 δῆλον
2497 3729 2559 3780 ἐκ
2601 3728 2700 3798 τῆς
2757 3727 2994 3797 ἱστορίας
3045 3715 3165 3796 τῆς
3196 3725 3587 3795 γεγραμμένης
3642 3723 3780 3795 περὶ

2200 3819 2400 3872 αὐτῶν.
2436 3821 2498 3872 Ei
2532 3819 2638 3891 γὰρ
2664 3818 2815 3887 ἅγιος
2847 3817 3011 3871 αὑτοῦ
3044 3818 3072 3870 6
3103 3817 3302 3888 πατὴρ,
3327 3818 3425 3871 οὐκ
3457 3816 3523 3871 ἂν
3553 3817 3780 3887 ἐλέγετ’)

2201 3909 2370 3981 αὐτῷ,
2404 3910 2657 3975 «Ἔξελθε
2696 3912 2759 3963 ἐκ
2784 3911 2879 3980 τῆς
2911 3910 3012 3980 γῆς
3046 3926 3158 3972 σου,
3187 3910 3280 3962 καὶ
3337 3910 3401 3961 ἐκ
3431 3908 3533 3979 τῆς
3585 3927 3782 3979 συγγσο

2198 4003 2346 4066 νείας
2380 4019 2494 4066 σου,
2517 4004 2610 4055 καὶ
2640 4004 2703 4055 ἐκ
2734 4001 2826 4054 τοῦ
2855 4001 3004 4054 οἴκου
3033 4000 3126 4054 τοῦ
3162 4002 3367 4073 πατρός
3401 4017 3514 4055 σου.
3554 4020 3572 4054 ι
3619 4003 3779 4074 Ἔχει

2200 4094 2308 4165 γὰρ
2338 4098 2365 4147 6
2397 4093 2554 4161 λόγος
2579 4095 2641 4147 τὸ
2678 4094 3011 4164 σωματικὸν,
3061 4092 3172 4162 ἔχει
3229 4092 3322 4145 καὶ
3379 4092 3440 4145 τὸ
3475 4110 3778 4162 πνευματι·

2201 4181 2311 4233 κόν.
2356 4181 2417 4233 Εἰ
2472 4182 2735 4253 νενόηκας
2788 4182 2914 4245 τοὺς
2961 4180 3234 4250 πατέρας,
3297 4182 3398 4253 ὅρα
3449 4180 3633 4235 λοιπὸν
3689 4183 3777 4237 ὅτι

2200 4271 2608 4342 ἀπολαμϐάνεις
2638 4273 2724 4336 σὺ,
2754 4274 2782 4325 6
2826 4269 3269 4342 παραδεξάμενος
3320 4270 3419 4343 τὴν
3459 4272 3768 4343 ἐνέργειαν,

524 4366 650 4421 tabo
677 4367 730 4421 in
750 4366 897 4436 virga
924 4366 1242 4436 iniquitates
1267 4384 1286 4416 ι
1311 4376 1519 4421 vestras
1533 4367 1600 4432 ’⁸,
1623 4367 1932 4423 licetsaneti
1952 4368 2092 4430 sitis,

2201 4364 2290 4417 διὰ
2318 4365 2378 4417 τὸ
2407 4365 2805 4437 ἡμαρτηκέναι,
2833 4365 2939 4417 ὑπὸ
2967 4364 3061 4417 τοῦ
3087 4363 3355 4425 διαϐόλου,
3383 4364 3417 4435 ἦ
3472 4382 3616 4428 τινος
3661 4366 3773 4419 τῶν

527 4457 687 4527 12⁷
715 4457 940 4510 visitabo
978 4474 997 4508 ι
1034 4468 1088 4511 et
1121 4457 1174 4509 in
1205 4456 1521 4511 verberibus
1569 4467 1790 4521 peccata
1842 4472 2088 4512 eorum.)

523 4550 829 4617 Quorsum?
856 4559 914 4604 ut
939 4568 959 4601 ‹
1000 4550 1425 4605 misericordiam
1452 4563 1624 4603 meam
1657 4566 1760 4604 non
1785 4550 2092 4620 dispergam

525 4640 596 4695 ab
627 4641 705 4695 eis
740 4642 810 4697 ’³.
851 4659 871 4693 ι
910 4641 1010 4697 Ubi
1038 4641 1182 4695 enim
1206 4642 1455 4711 aliquem
1492 4642 1791 4712 reliquerit,
1828 4659 1934 4696 non
1972 4657 2091 4696 am-

523 4731 663 4801 plius
696 4733 933 4802 castigat
962 4743 1055 4787 aut
1088 4732 1345 4804 ﬂagellat.
1405 4751 1424 4786 ι
1458 4733 1717 4805 Flagellat
1748 4754 1767 4787 ι
1805 4736 1947 4789 enim
1983 4750 2087 4788 non

522 4837 735 4890 omnes,
767 4826 860 4879 sed
913 4844 931 4872 ι
981 4841 1196 4880 omnem
1252 4827 1421 4881 ﬁlium
1456 4842 1613 4897 quem
1660 4828 1853 4896 recipit
1912 4827 2093 4881 Domi-

524 4930 627 4971 nus
652 4916 733 4983 ”;
774 4936 794 4970 ι
831 4919 1135 4989 diciturque
1192 4922 1330 4991 apud
1377 4920 1698 4991 prophetam
1734 4921 1801 4972 de
1843 4920 2092 4974 maximis

524 5006 904 5074 peccatoribus
930 5008 971 5047 ³¹
1013 5026 1026 5063 :
1063 5028 1081 5061 ι
1115 5008 1231 5063 Νοιι
1258 5012 1488 5066 visitabo
1518 5024 1681 5080 super
1716 5010 1852 5064 tilias
1885 5020 2092 5065 vestras

522 5109 646 5150 cum
673 5095 950 5151 fornicata:
979 5098 1203 5167 fuerint,
1240 5109 1294 5156 et
1319 5116 1481 5170 super
1506 5110 1953 5171 sponsasvestras
1969 5114 2090 5154 cum

526 5185 725 5241 fuerint
758 5202 1143 5259 couStupratm.
1182 5211 1201 5245 ι
1246 5192 1454 5246 Tandiu
1506 5201 1591 5246 est
1641 5206 1704 5244 ex
1760 5206 1865 5259 quo
1908 5198 2094 5259 peccat

526 5278 773 5333 diabolus
801 5294 829 5332 a
860 5281 1137 5336 creatione
1161 5297 1225 5336 ac
1252 5282 1437 5337 mundi
1472 5281 1878 5347 constitutione,
1917 5294 2016 5333 nec
2042 5280 2091 5335 ei

527 5371 668 5442 ignis
697 5386 795 5427 nec
826 5371 1118 5441 ﬂagellum.
1153 5371 1268 5428 Non
1300 5374 1446 5428 enim
1482 5388 1762 5445 pmnarum
1792 5372 1984 5442 dignus
2010 5380 2093 5425 est

598 5538 643 5569 "
670 5538 868 5614 Epltes.
894 5555 968 5614 vi,
1003 5540 1086 5595 16.
1165 5542 1210 5574 ³³
1236 5542 1392 5597 Joan.
1428 5562 1541 5614 xui,
1568 5547 1654 5601 55.

1747 5547 1794 5579 "
1824 5546 2013 5601 Matth.
2044 5562 2119 5616 Ix,
2140 5548 2212 5602 22
2238 5558 2291 5604 et
2316 5548 2369 5602 2.
2449 5548 2497 5580 ’⁵
2532 5547 2667 5603 Gen.
2709 5564 2798 5615 xv,
2826 5545 2911 5602 l5.

2202 4458 2293 4510 ὑπ’
2327 4457 2487 4510 αὑτὸν
2509 4458 2853 4527 πνευμάτων.
2897 4455 3193 4526 Γενόμενος
3228 4451 3321 4509 οὖν
3351 4455 3575 4511 ἐκείνων
3629 4457 3768 4523 υίὸς,

2200 4547 2602 4618 ἀπολαμϐάνεις
2632 4548 2739 4600 ἀπὸ
2771 4546 2974 4616 ἀγαθοῦ
3005 4546 3140 4599 Θεοῦ
3180 4563 3238 4599 σε
3278 4546 3766 4617 ἐπισκεπτομένου.

2200 4641 2275 4693 Οὐ
2299 4639 2407 4712 γὰρ
2434 4639 2822 4693 ἐπισκέπτεται
2851 4640 2942 4693 τὸν
2986 4638 3197 4711 πατέρα
3228 4656 3321 4693 σου
3341 4679 3356 4703 ,
3401 4638 3514 4693 ἀλλ’
3543 4637 3755 4693 ἐπισκέ-

2196 4732 2390 4786 πτεταί
2452 4749 2531 4798 σε,
2588 4732 2683 4785 καὶ
2722 4731 2867 4801 λέγει
2934 4749 3048 4798 σοι,
3102 4751 3120 4784 ι
3173 4732 3457 4797 ΙἌκουσον,
3509 4731 3765 4804 θύγατερ,

2195 4830 2290 4881 καὶ
2315 4826 2410 4893 ἴδε,
2454 4828 2549 4880 καὶ
2595 4827 2774 4881 κλῖνον
2827 4826 2886 4879 τὺ
2937 4822 3030 4891 οὖς
3082 4844 3215 4889 σου,
3269 4845 3289 4878 ι
3344 4826 3440 4879 καὶ.
3476 4824 3546 4878 τὰ
3600 4824 3764 4896 ἐξῆς·

2195 4920 2290 4973 καὶ
2344 4919 2527 4973 δίδωσί
2593 4936 2674 4972 σοι
2728 4919 2803 4983 ὡς
2870 4918 3091 4987 ἀγαθός.
3163 4916 3582 4970 Ἐπισκέπτεται
3659 4915 3767 4988 γάρ

2198 5022 2257 5059 σε
2306 5005 2398 5059 τὸν
2455 5007 2567 5059 υἱὸν
2639 5005 2732 5060 τοῦ
2793 5006 3028 5078 πονηροῦ
3103 5005 3309 5077 πατρὸς
3341 5047 3356 5072 ,
3441 5005 3510 5059 τά
3586 5007 3762 5077 ἀμαρ-

2194 5100 2412 5169 τήματα
2479 5098 2780 5163 ἀποδιδούς.
2849 5118 2868 5151 ι
2933 5099 3333 5168 Ἐπισκέψομαι
3405 5085 3498 5151 οὖν
3551 5099 3607 5151 ἐν
3670 5097 3766 5168 ῥά-

2194 5190 2303 5261 ϐδῳ
2341 5191 2442 5254 τὰς
2495 5192 2722 5262 ἀνομίας
2770 5210 2788 5242 ι
2832 5190 2984 5261 ὑμῶν
3013 5192 3121 5244 τῶν
3165 5190 3355 5256 ἁγίων·
3400 5189 3764 5259 ἐπισκέψομαι

2193 5283 2250 5336 δέ
2271 5302 2289 5334 ι
2314 5285 2407 5337 καὶ
2431 5286 2488 5336 ἐν
2509 5283 2724 5354 μάστιξι
2752 5283 2850 5347 τὰς
2866 5283 3078 5346 ἀδικίας
3094 5282 3290 5335 αὐτῶν.
3320 5302 3337 5334 ι
3359 5281 3458 5335 Διά
3482 5281 3534 5333 τί
3560 5297 3574 5346 ;
3604 5281 3690 5334 ἵνα
3706 5278 3765 5333 τὸ

2201 5392 2219 5424 ι
2253 5372 2399 5438 ἔλεός
2430 5392 2531 5446 μου
2561 5375 2635 5447 μὴ
2666 5374 2995 5428 διασκεδάσω
3012 5372 3321 5427 ἀπἀὐτῶν.
3361 5392 3379 5426 ι
3408 5374 3535 5427 Ὅτε
3551 5371 3658 5444 γὰρ
3677 5387 3765 5425 κα-

3006 5546 3053 5576 ¹⁶
3084 5545 3222 5600 Geu.
3259 5561 3357 5613 xu,
3383 5545 3437 5599 1.
3530 5543 3574 5576 ⁸⁷
3616 5540 3758 5600 Psal.

528 5622 672 5677 κων,
704 5613 791 5664 11.
866 5612 911 5648 ⁸⁸
942 5612 1090 5668 l’sal.
1122 5628 1386 5685 Lxxxmt,
1412 5616 1502 5672 55.
1529 5612 1535 5614 ⁷
1578 5618 1621 5650 ³⁸
1645 5618 1790 5677 Psal.
1829 5632 2095 5688 Lxxxvm,

2205 5660 2219 5677 .
2297 5618 2341 5654 ³ο
2377 5617 2511 5675 Heb.
2564 5635 2661 5688 xu,
2689 5617 2743 5675 6.
2785 5612 2863 5650 ’³¹
2883 5616 3019 5674 Osee
3050 5631 3122 5686 tv,
3164 5617 3246 5671 M.
