4050 6142
283 184 396 245 ω

1547 188 1861 247 SELECTA
1896 187 1964 243 IN
1999 188 2311 245 EXODUM.

3457 190 3564 248 ΞΜ

277 306 500 382 τιλίπῃ
534 312 676 377 τινὰ,
721 312 909 368 οὐκέτι
961 313 1122 368 αὐτὸν
1164 312 1402 380 κολάζει,
1445 312 1568 367 οὕτε
1621 315 1886 384 μαστιγοῖ.

2000 327 2121 393 quae
2161 327 2190 366 a
2237 313 2344 366 Deo
2391 311 2722 381 inﬂigttnlur,
2768 325 2868 366 nec
2911 317 3090 379 potest
3136 308 3382 365 diabolus
3411 311 3560 366 dice-

282 417 305 453 l
349 401 649 473 Μαστιγοῖ
678 425 698 456 ι
731 407 841 479 γὰρ
883 408 944 459 οὐ
987 407 1216 472 πάντας,
1247 407 1382 462 ἀλλὰ
1416 426 1435 459 ι
1485 408 1661 460 πάντα
1688 406 1800 460 υἱὸν
1827 406 1887 471 ὃν

274 491 672 564 παραδέχεται
715 495 941 568 Κύριος.
976 516 996 549 ι
1048 497 1159 550 Καὶ
1189 497 1403 566 λέγεται
1440 498 1497 550 ἐν
1525 498 1601 568 τῷ
1631 498 1887 569 προφήτῃ

274 582 411 650 περὶ
444 582 570 636 τῶν
601 586 744 639 πάνυ
767 587 1124 659 ἁμαρτωλῶν·
1169 607 1186 640 ι
1228 589 1340 641 Οὐκ
1384 587 1750 658 ἐπισκέψομαι
1795 587 1888 638 ἐπὶ

269 671 377 735 τὰς
404 672 743 749 θυγατέρας
790 680 943 751 ὑμῶν
979 681 1108 733 ὅταν
1138 679 1496 751 πορνεύσωσι,
1535 681 1629 733 καὶ
1658 679 1751 732 ἐπὶ
1787 677 1887 742 τάς

267 763 524 836 νύμφας
552 769 712 841 ὑμῶν
743 772 871 825 ὅταν
905 772 1255 844 μοιχευθῶσι.
1294 793 1312 826 ι
1349 774 1600 845 Τοσούτῳ
1645 774 1821 844 χρόνῳ
1858 774 1887 826 ὁ

266 853 550 922 διάϐολος
586 862 894 933 ἁμαρτάνει
928 863 1035 915 ἀπὸ
1057 865 1306 928 κτίσεως,
1338 864 1432 918 καὶ
1458 863 1761 934 καταϐολῆς
1796 864 1888 917 κό-

264 962 451 1016 σμου,
497 952 599 1004 καὶ
621 952 744 1006 οὔτε
784 953 917 1026 πῦρ,
945 954 1067 1007 οὔτε
1097 955 1323 1026 μάστιξ’
1344 956 1422 1008 -ού
1455 956 1563 1027 γάρ
1591 955 1737 1020 ἄξιός
1768 958 1887 1019 ἐστι

1993 419 2053 459 re
2080 404 2169 457 ³²ε
2214 422 2233 455 ι
2273 403 2518 471 Domine,
2551 419 2618 460 ne
2662 404 2714 457 in
2769 404 2849 459 ira
2899 414 2987 458 tua
3024 418 3219 469 arguas
3249 417 3358 467 me,
3398 422 3417 455 ι
3451 416 3558 459 etc.

1992 498 2253 566 Quisquis
2281 513 2414 569 ergo
2433 499 2533 553 sibi
2562 499 2766 568 peccati
2790 500 3039 552 conscius
3078 508 3183 561 est,
3215 506 3334 551 oret
3374 506 3429 549 ιιι
3460 513 3558 569 pu-

1993 591 2197 644 niatur.
2225 590 2455 646 Prazstat
2485 592 2700 659 quidem
2749 591 2881 644 nihil
2906 590 3248 645 commisisse
3269 591 3411 659 quod
3448 604 3560 660 pm-

1992 697 2115 736 nam
2151 692 2442 736 mereatur.
2488 680 2581 736 Sin
2613 691 3002 750 antetn-pmna
3035 682 3251 751 dignutn
3287 680 3557 750 quidpiam

1991 778 2229 844 egimus,
2264 776 2344 830 sic
2386 776 2674 846 puniamur
2707 784 2761 828 ut
2804 774 3056 845 praesenti
3084 775 3297 844 quidem
3328 788 3442 827 tero
3475 787 3560 827 rec

1991 868 2282 937 cipiamus,
2306 876 2429 938 post
2454 868 2567 923 hmc
2596 882 2724 922 vero
2752 868 2805 920 in
2835 867 2955 921 sinu
2986 865 3217 919 Abrahae
3241 865 3556 933 requiesca-

1994 973 2139 1012 mus.

262 1042 381 1095 τῶν
451 1048 744 1102 κολάσεων
776 1050 885 1103 τῶν
925 1051 1031 1104 ἀπὸ
1062 1050 1155 1106 τοῦ
1197 1051 1352 1105 Θεοῦ.
1393 1053 1466 1105 Οὐ
1521 1052 1629 1123 γὰρ
1656 1052 1876 1106 δύναται
1933 1055 2105 1107 εἰπεῖν
2156 1056 2186 1106 ὁ
2235 1054 2492 1119 διάϐολος,
2538 1072 2557 1105 ι
2606 1052 2794 1125 Κύριε,
2825 1052 2898 1123 μὴ
2926 1052 3002 1122 τῷ
3028 1052 3180 1124 θυμῷ
3213 1070 3304 1105 σου
3337 1052 3561 1125 ἐλέγξῃς

265 1152 365 1208 με,
416 1156 441 1189 ι
503 1143 603 1193 καὶ
647 1142 716 1195 τά
766 1143 913 1213 ἑξῆς.
952 1145 1219 1207 Ἕκαστος
1258 1139 1351 1196 οῦν
1404 1143 1660 1207 συνειδὼς
1709 1142 1887 1215 ἐαυτῴ
1926 1146 2238 1218 ἁμαρτίας,
2292 1147 2531 1218 εὐχέσθω
2570 1145 2915 1216 κολασοῆναι.
2956 1146 3131 1199 Καλὸν
3191 1145 3288 1215 μὲν
3330 1145 3437 1216 γὰρ
3499 1145 3562 1199 τὸ

263 1230 462 1301 μηδὲν
500 1232 655 1297 ἄξιον
704 1234 979 1299 κολάσεως
1025 1236 1404 1307 πεποιηκέναι.
1447 1238 1510 1289 Εἰ
1549 1237 1605 1290 δέ
1644 1255 1698 1290 τι
1732 1236 1881 1302 ἄξιον
1930 1239 2204 1304 κολάσεως
2259 1241 2671 1310 πεποιήκαμεν,
2706 1239 2846 1293 οὕτω
2893 1237 3265 1309 κολασθῶμεν,
3299 1238 3439 1293 ὥστε
3474 1238 3561 1293 ἐν·

262 1322 411 1379 θάδε
456 1328 566 1396 μὲν
599 1327 913 1393 ἀπολαϐεῖν,
959 1331 1095 1399 μετὰ
1138 1330 1195 1383 δὲ
1239 1330 1411 1383 ταῦτα
1451 1333 1532 1395 εἰς
1573 1331 1700 1395 τοὺς
1739 1331 1971 1395 κόλπους
2008 1332 2259 1404 Ἀϐραὰμ
2286 1331 2720 1386 ἀναπαύσασθαι.

345 1442 369 1473 ι
409 1425 541 1478 Καὶ
569 1424 739 1478 ταῦτα
753 1425 821 1478 τά
847 1425 1189 1498 δικαιώματά
1214 1445 1337 1498 μου,
1372 1427 1408 1482 ἃ
1431 1428 1719 1501 παραθήσῃ
1752 1428 1882 1482 ἐνώ-

2058 1449 2078 1481 ι
2121 1431 2188 1485 Ει
2225 1431 2309 1485 hae
2328 1429 2892 1496 suntjustiiicationcs
2907 1446 3045 1500 quas
3074 1405 3345 1500 propones
3374 1445 3558 1487 coram

258 1524 409 1567 πων
476 1514 683 1568 αὐτῶν.
721 1516 846 1569 Ἐὰν
900 1518 1074 1589 κτήσῃ
1118 1518 1281 1571 παῖδα
1341 1518 1758 1590 Ἐϐραῖον,›κα“ι
1810 1517 1882 1571 τὰ

258 1600 442 1674 ἑῇς.
523 1606 852 1674 Ἀναγκαῖον
923 1606 1174 1674 ἐξετάσαι
1202 1610 1254 1663 τί
1286 1610 1467 1681 νόμος,
1499 1611 1594 1664 καὶ
1626 1611 1680 1664 τί
1718 1612 1887 1683 πρόσ-

258 1713 381 1765 ταγ
394 1714 511 1769 μα,
532 1695 584 1751 τί
609 1697 665 1751 δὲ
690 1697 1051 1770 δικαιώματα,
1076 1702 1166 1753 καὶ
1183 1702 1445 1772 κρίματα,
1471 1703 1563 1755 καὶ
1592 1703 1883 1775 μαρτύρια,

265 1790 383 1841 καὶ
423 1789 667 1843 ἐντολαξ.
697 1789 1051 1862 Δικαιώματα
1088 1793 1185 1863 μὲν
1212 1789 1303 1846 οὖν
1338 1795 1474 1854 ἐστι,
1505 1794 1565 1846 τὸ
1589 1793 1774 1847 ἐνθάδε
1806 1797 1885 1848 εἰ·-

269 1880 565 1950 ρημένον,
612 1898 630 1931 ι
688 1882 814 1936 Ἐὰν
852 1884 1029 1956 κτήσῃ
1078 1885 1243 1937 παῖδα
1292 1883 1563 1955 Ἐϐραῖον,
1601 1904 1620 1936 ι
1660 1887 1753 1939 καὶ
1817 1886 1886 1940 τὰ

269 1969 446 2040 ἑξῆς,
476 1969 610 2041 περὶ
631 1970 796 2024 αὐτοῦ
822 1973 1090 2043 εἰρημένα
1108 1986 1121 2002 ⁸
1149 1972 1322 2044 κρίμα
1353 1973 1430 2037 δέ,
1465 1974 1549 2026 ἵνα
1584 1973 1773 2045 ἱερέως
1795 1973 1887 2027 θυ-

270 2062 483 2134 γάτηρ
518 2064 616 2116 ἐάν
653 2064 935 2136 μοιχευθῇ,
981 2066 1112 2136 πυρὶ
1135 2065 1499 2136 κατακαίηται
1523 2082 1537 2095 ⁸
1574 2067 1783 2120 ἐντολαὶ
1806 2067 1882 2134 δὲ,

279 2170 305 2204 ι
336 2155 466 2208 Ούκ
487 2152 702 2209 ἔσονταί
719 2168 803 2208 σοι
831 2153 943 2208 θεοὶ
956 2156 1148 2228 ἕτεροι⁸
1164 2175 1183 2208 ι
1216 2156 1544 2227 πρόσταγμα
1563 2156 1639 2220 δὲ,
1662 2175 1679 2207 ι
1702 2158 1887 2210 Κατα-

281 2245 401 2310 ϐὰς
436 2246 813 2319 διαμάρτυραι
858 2248 936 2317 τῷ
975 2247 1106 2318 λαῷ,
1141 2248 1236 2301 καὶ
1270 2247 1625 2300 πλυνάτωσαν
1657 2247 1727 2301 τὰ
1761 2248 1887 2318 ἱμά-

277 2348 384 2391 τια
435 2339 640 2393 αὐτῶν·
693 2358 711 2391 ι
752 2339 1023 2411 μαρτύρια
1063 2339 1139 2403 δὲ,
1204 2357 1223 2390 ι
1260 2336 1709 2409 Διαμαρτύρομαι
1759 2340 1887 2412 ὑμῖν

286 2433 542 2503 σήμερον
566 2432 660 2485 τὸν
688 2432 914 2502 οὐρανὸν
942 2432 1035 2485 καὶ
1065 2430 1164 2502 τὴν
1185 2432 1308 2501 γῆν.
1349 2449 1368 2483 ι

370 2540 391 2572 ι
439 2521 541 2587 Ἐξ
593 2522 688 2595 ἐτη
729 2522 1003 2577 δουλεύσει
1036 2540 1153 2576 σοι·
1188 2522 1264 2594 τῷ
1298 2523 1354 2577 δὲ
1405 2522 1514 2577 ἔτει
1552 2523 1629 2596 τῷ
1654 2523 1883 2597 ἑϐδόμῳ,

287 2614 669 2669 ἀπελεύσεται
703 2615 988 2687 ἐλεύθερος
1034 2615 1262 2687 δωρεάν.
1297 2635 1316 2667 ι
1339 2616 1603 2687 Σημαίνει
1648 2619 1680 2688 ἡ
1715 2618 1773 2670 ὲν
1804 2616 1882 2687 τῷ

288 2704 513 2776 ἑϐδόμῳ
544 2705 927 2778 ἐλευθέρωσις,
958 2704 1114 2758 ἔτιδὲ
1146 2707 1290 2776 καὶὴ
1315 2708 1373 2761 ἐν
1397 2706 1476 2777 τῷ
1504 2707 1756 2778 σαϐϐάτῳ
1775 2706 1885 2762 τῶν

291 2767 496 2869 ἔργων’
519 2767 866 2862 κατάπαυσις
887 2767 1013 2870 *τὴν
1045 2799 1104 2853 ἐν
1152 2767 1332 2871 χάριτι
1363 2767 1495 2871 ἡμῖν
1523 2800 1615 2854 διὰ
1642 2767 1881 2875 Χριστοῦ
1910 2767 1952 2826 C

296 2890 648 2961 ἐλευθερίαν.

376 2999 396 3031 ς
434 2981 704 3052 Προσάξει
737 2983 898 3036 αὐτὸν
927 2985 955 3036 ὁ
986 2982 1172 3053 κύριος
1219 2982 1384 3035 αὑτοῦ
1427 2983 1565 3054 πρὸς
1608 2983 1669 3037 τδ
1705 2985 1885 3057 κριτή-

302 3092 419 3147 ριον
448 3076 543 3129 τοῦ
566 3074 722 3128 Θεοῦ.
753 3095 770 3124 ι
806 3076 1034 3139 Ἀκύλας
1056 3075 1149 3127 καὶ
1176 3074 1465 3146 Σύμμαχος
1492 3072 1663 3143 εἷπον,
1698 3096 1716 3128 ι
1749 3078 1885 3149 πρὸς

297 3168 432 3231 τοὺς
464 3167 639 3230 θεούς.
676 3187 695 3218 ι
730 3166 894 3231 (θεοὺς
923 3167 978 3219 δὲ
1005 3169 1133 3231 τοὺς
1174 3167 1365 3237 κριτὰς
1401 3166 1744 3238 ὀνομάζουσι,
1790 3170 1885 3223 καὶ

299 3258 428 3312 θεοῦ
467 3261 771 3328 κριτήριον,
799 3259 897 3330 τὴν
924 3258 1127 3314 τούτων
1153 3259 1354 3330 ψῆφον.

376 3368 399 3400 (
436 3350 599 3420 Τρεῖς
629 3349 852 3420 καιροὺς
879 3348 973 3401 τοῦ
1015 3349 1262 3403 ἐνιαυτοῦ
1293 3349 1589 3422 ἑορτάσατέ
1629 3366 1739 3420 μοι.
1770 3350 1885 3422 Τὴν

304 3444 498 3516 ἐορτὴν
523 3443 634 3495 τῶν
661 3442 885 3512 ἀζύμων
908 3441 1234 3510 φυλάξασθε.
1270 3440 1438 3494 Ἑπτὰ
1460 3441 1670 3513 ἡμέρας
1702 3441 1882 3495 ἔδεσθε

304 3533 513 3608 ἄζυμα,
553 3535 807 3606 καθάπερ
858 3535 1208 3607 ἐνετειλάμην
1258 3552 1361 3600 σοι,
1400 3535 1541 3588 κατὰ
1575 3535 1665 3588 τὸν
1695 3537 1883 3606 καιρὸν

304 3626 404 3681 τοῦ
437 3627 603 3699 μηνὸς
636 3627 745 3680 τῶν
777 3626 930 3679 νέων.
977 3626 1064 3679 Ἐν
1096 3627 1205 3695 γὰρ
1247 3624 1394 3695 αὐτῷ
1429 3625 1650 3696 ἐξῆλθες
1688 3624 1747 3691 ἐξ
1785 3628 1881 3680 Ai-

306 3718 537 3788 γύπτου.
572 3720 689 3772 Ούκ
715 3717 925 3789 ὀφθήσῃ
955 3717 1181 3771 ἐνώπιόν
1215 3735 1313 3789 μου
1343 3718 1516 3780 κενὸς.
1564 3718 1659 3770 καὶ
1691 3719 1882 3791 ἑορτὴν

306 3810 404 3864 τοῦ
443 3809 707 3881 θερισμοῦ
754 3809 1258 3881 πρωτογενημάτων
1289 3810 1534 3880 ποιήσεις
1561 3808 1672 3862 τῶν
1707 3809 1882 3882 ἔργων

309 3920 425 3957 σου.
464 3919 485 3953 ι
527 3904 593 3954 Al
624 3902 810 3971 ἐορταὶ
839 3901 1016 3954 τοίνυν
1053 3900 1146 3954 τοῦ
1180 3900 1335 3963 Θεοῦ,
1369 3896 1450 3965 οἷς
1480 3905 1595 3955 ἐστι
1644 3902 1879 3973 πνεῦμα,

308 3991 675 4062 πνευματικαί
720 3992 860 4043 εἰσι·
903 3990 996 4044 καὶ
1043 3990 1217 4053 οὐδεὶς
1262 3991 1444 4060 χοῖκὸς
1499 3991 1744 4062 ἑορτάζει
1782 3993 1883 4056 τὰς

1987 1522 2086 1576 eis.
2123 1524 2178 1576 Si
2205 1523 2407 1577 emeris
2433 1537 2648 1576 servum
2691 1521 2975 1576 Hebraeum
3001 1523 3070 1590 ³³,
3109 1542 3129 1574 ι
3165 1534 3271 1578 etc.
3319 1522 3558 1579 Necesse

1987 1621 2071 1665 est
2104 1615 2533 1682 utexquiratnus
2578 1612 2709 1681 quid
2764 1612 2836 1666 sit
2883 1612 2991 1676 lex,
3024 1613 3153 1681 quid
3203 1622 3555 1683 praeceptum,

1986 1702 2116 1770 quid
2148 1704 2275 1757 item
2301 1702 2742 1774 justiﬁcationes,
2774 1717 2836 1756 ac
2863 1701 3089 1770 judicia,
3127 1714 3185 1758 et
3219 1705 3554 1770 testimonia,

1986 1802 2040 1847 et
2063 1796 2338 1849 mandata.
2395 1794 2826 1850 Justiiicationes
2866 1796 3050 1864 itaque
3092 1805 3239 1862 sunt,
3290 1798 3432 1865 quod
3466 1797 3558 1852 hic

1986 1884 2187 1939 dictum
2219 1898 2301 1941 est
2332 1906 2348 1961 ι
2384 1905 2404 1939 ι
2447 1886 2503 1942 Si
2554 1885 2754 1942 emeris
2801 1902 3018 1941 servum
3073 1886 3381 1956 Hebraeum,
3417 1909 3437 1943 ι
3492 1904 3559 1947 ac

1985 1991 2107 2047 qua:
2140 1989 2445 2049 sequuntur
2470 1981 2535 2044 de
2566 1995 2630 2035 eo
2657 1978 2835 2044 dicta;
2863 1980 3146 2049 judicium,
3171 1990 3231 2036 ut
3256 1983 3299 2037 si
3338 1983 3443 2038 lilia
3470 2000 3558 2039 sa-

1987 2071 2226 2126 cerdotis
2252 2082 2601 2143 constuprata
2633 2073 2825 2139 fuerit,
2846 2076 2967 2144 igne
2992 2077 3370 2142 comburatur;
3406 2094 3559 2132 man-

1988 2160 2110 2215 data
2146 2178 2276 2217 vero
2308 2164 2355 2196 "
2388 2182 2402 2218 :
2448 2184 2465 2216 ι
2506 2164 2621 2220 Non
2658 2176 2821 2222 erunt
2855 2167 2950 2222 tibi
3004 2167 3077 2220 dii
3126 2167 3252 2234 alii;
3289 2185 3310 2219 ι
3350 2183 3556 2238 praece—

1988 2261 2138 2321 ptum
2161 2253 2207 2286 ³⁸
2241 2271 2254 2306 :
2293 2273 2313 2308 ι
2359 2256 2709 2313 Descendens
2741 2268 2943 2313 testare
2974 2258 3201 2328 populo,
3236 2269 3291 2314 et
3331 2261 3558 2316 abluant

1986 2344 2311 2399 vestimenta
2343 2361 2476 2412 sua;
2518 2364 2541 2408 ι
2573 2349 2878 2402 testimonia
2913 2349 3146 2419 denique
3177 2347 3224 2381 ³⁸
3254 2366 3269 2405 :
3305 2367 3324 2402 ι
3358 2350 3555 2406 Testor

1989 2435 2143 2490 vobis
2173 2435 2343 2491 hodie
2368 2437 2564 2492 malum
2582 2447 2636 2492 et
2661 2448 2882 2492 terram.
2932 2457 2951 2491 ι

2064 2545 2085 2578 ι
2116 2526 2220 2582 Sex
2263 2530 2421 2583 annis
2465 2531 2670 2584 serviet
2712 2531 2843 2595 tibi;
2894 2547 3037 2587 anno
3091 2540 3271 2588 autem
3325 2533 3555 2603 septimo

1988 2618 2160 2674 abibit
2193 2619 2327 2673 liber
2365 2622 2534 2690 gratis
2567 2622 2632 2674 ³⁷.
2694 2640 2712 2671 ι
2756 2621 3041 2692 Signiﬁcat
3068 2638 3189 2692 quae
3224 2624 3275 2677 in
3326 2626 3555 2693 septimo

1989 2711 2364 2780 indulgebatur
2411 2712 2660 2777 libertas,
2704 2715 2879 2768 adhuc
2925 2724 3110 2769 autem
3160 2724 3213 2770 et
3262 2731 3381 2784 qua:
3415 2715 3555 2771 Sal)-

1985 2801 2114 2856 hato
2147 2809 2262 2857 erat
2292 2802 2360 2858 ab
2416 2804 2677 2873 operibus
2709 2805 2946 2874 requies,
2986 2815 3227 2862 nostram
3280 2807 3332 2861 in
3379 2808 3554 2877 gratia

1982 2908 2078 2963 per
2100 2893 2377 2948 Christum
2416 2893 2748 2949 libertatem.

2061 2999 2079 3034 ι
2127 2982 2372 3037 Adducet
2390 2999 2512 3039 eum
2545 2985 2796 3040 dominus
2824 2985 2940 3053 ejus
2971 2987 3037 3040 ad
3065 2987 3300 3043 tribunal
3331 2989 3423 3044 Dei
3451 2990 3547 3043 ³³.»

1983 3072 2175 3141 Aquila
2204 3084 2257 3128 et
2291 3066 2655 3143 Symmachus
2683 3075 2963 3142 dixerunt,
3000 3097 3019 3129 ‹
3063 3082 3133 3133 ad
3172 3080 3322 3136 deos.
3364 3100 3383 3134 ι
3413 3082 3552 3137 Deos

1985 3174 2190 3229 autem,
2226 3163 2442 3233 iudices
2475 3165 2772 3234 appellant,
2814 3182 2878 3221 ac
2920 3166 3013 3222 Dei
3052 3169 3318 3235 judicium
3361 3186 3551 3227 eorum

1983 3255 2334 3311 sententiam.

2059 3363 2078 3394 σ
2116 3346 2313 3400 Tribus
2364 3347 2697 3416 temporibus
2736 3347 2865 3419 anni
2921 3347 3120 3404 festum
3173 3349 3347 3420 agetis
3397 3349 3549 3405 mihi.

1984 3434 2393 3492 Solemnitate‘m
2427 3455 2743 3509 azymorum
2779 3440 3069 3495 custodite.
3110 3439 3329 3510 Septem
3360 3441 3553 3496 diebus

1982 3529 2153 3584 edetis
2206 3545 2423 3600 azyma,
2478 3533 2620 3586 sicut
2666 3532 2894 3600 prmcepi
2944 3531 3038 3586 tibi
3072 3541 3317 3602 tempore
3352 3534 3553 3588 mensis

1985 3636 2268 3675 novorum.
2304 3621 2360 3676 In
2417 3622 2532 3691 ipso
2573 3623 2718 3676 enim
2769 3638 3025 3693 egressus
3074 3639 3134 3678 es
3180 3625 3246 3679 de
3290 3623 3551 3695 AEgypto.

1982 3709 2098 3765 Non
2133 3713 2419 3782 apparehis
2454 3713 2506 3765 in
2542 3724 2836 3782 conspectu
2871 3730 2990 3768 meo
3016 3729 3245 3779 vacuus,
3272 3724 3327 3769 et
3353 3716 3553 3770 solem-

1983 3802 2207 3856 nitatem
2269 3801 2463 3857 messis
2515 3804 2810 3870 primarum
2857 3804 3068 3873 frugum
3114 3803 3282 3859 facies
3327 3822 3553 3875 operum

1985 3905 2198 3951 tuorum
2234 3896 2300 3949 ⁸³.
2342 3916 2361 3949 ›
2395 3897 2487 3951 Dei
2539 3898 2725 3966 itaque
2765 3898 3135 3955 solemnitate:
3173 3901 3239 3955 iis
3280 3902 3554 3969 spiritales

1983 3996 2132 4051 sunt,
2169 3988 2364 4056 quibus
2413 3988 2633 4058 spiritus
2668 3998 2768 4055 est,
2809 4005 2909 4044 nec
2935 3990 3073 4045 ullus
3111 4001 3366 4046 terrenus
3395 3993 3554 4062 spiri-

309 4084 503 4155 ἑορτὰς
532 4080 937 4152 πνευματικῶς.
989 4100 1007 4133 ι
1043 4081 1137 4144 Τίς
1163 4080 1271 4153 γὰρ
1310 4082 1593 4152 συμφωνία
1620 4083 1885 4136 δικαιοσύ-

1989 4077 2166 4132 taliter
2196 4076 2331 4131 festa
2370 4079 2600 4147 peragit.
2636 4096 2656 4130 ι
2692 4077 2823 4145 Quae
2846 4080 2994 4134 enim
3025 4081 3311 4135 concordia
3331 4082 3554 4150 justitim

308 4188 406 4241 νης
438 4171 531 4224 καὶ
555 4171 855 4241 ἀνομίας;ι
892 4170 978 4224 ἴνα
1013 4169 1087 4242 μὴ
1112 4169 1182 4224 τὰ
1205 4170 1329 4243 seq;
1361 4171 1524 4241 λέγω.
1560 4172 1633 4224 Οὐ
1664 4173 1885 4228 δύναται

310 4262 493 4335 χοῖκὸς
548 4263 803 4334 ἑορτάσαι
846 4262 1038 4334 ἐορτάς
1084 4263 1478 4334 πνευματικὰς,
1536 4263 1720 4337 ὥσπερ
1765 4266 1886 4320 οὐδέ

310 4357 680 4427 πνευματικὸς
726 4356 916 4428 ἑορτὴν
971 4357 1177 4427 χοϊκήν.
1231 4356 1341 4411 Καὶ
1383 4358 1510 4426 μετ’
1568 4358 1763 4427 ὀλίγα.
1819 4357 1884 4411 Τί

311 4452 461 4504 ἐστιν
490 4451 520 4503 ὁ
557 4450 662 4521 μὴν
698 4449 805 4503 τῶν
838 4450 1010 4515 νέων;
1044 4451 1171 4513 τοὺς
1201 4449 1492 4521 αἰσθητοὺς
1525 4451 1720 4520 φήσεις
1748 4468 1885 4523 καρο

311 4541 465 4606 πούς
494 4540 649 4594 οὔπω
676 4541 962 4612 ἐνέστηκεν
991 4541 1019 4592 ὀ
1060 4541 1165 4613 μὴν
1189 4540 1299 4595 τῶν
1334 4541 1488 4609 νέων,
1513 4539 1607 4594 τοῦ
1638 4541 1881 4595 ἐνιαυτοῦ

312 4635 447 4706 φέρε
477 4636 654 4687 εἰπεῖν
684 4633 1021 4706 ὀψιμωτέρου
1065 4632 1234 4696 ὄντος.
1290 4633 1362 4686 Τὸ
1403 4633 1480 4695 δὲ,
1532 4632 1625 4685 ἐὰν
1663 4633 1883 4703 γένηταί

312 4742 441 4779 ποτε
462 4724 728 4789 ἐνιαυτὸς,
763 4724 902 4777 ὥστε
938 4724 1073 4795 μηδὲ
1107 4724 1292 4795 φέρειν
1328 4723 1424 4793 τὴν
1455 4723 1558 4794 γῆν
1589 4723 1715 4787 τοὺς
1759 4741 1886 4796 καρ-

312 4820 469 4882 ποὺς,
504 4812 616 4888 ἆρα
639 4816 914 4886 δυνάμεθα
942 4814 1218 4885 ἑορτάζειν
1255 4816 1314 4868 ἐν
1338 4814 1417 4886 τῷ
1442 4816 1572 4886 μηνὶ
1592 4814 1697 4868 τῶν
1725 4816 1881 4881 νέων,

311 4909 385 4973 ὡς
414 4908 740 4962 κεκέλευκεν
768 4908 796 4959 ὁ
848 4906 981 4970 Θεὸς
1018 4906 1293 4979 ἑορτάζειν
1326 4908 1450 4971 τοὺς
1496 4905 1882 4978 ἐορτάζοντας;

313 5000 523 5056 Οὐκοῦν
544 5000 626 5053 δεῖ
655 4999 774 5053 κατ’
796 4999 1036 5052 ἐνιαυτὸν
1061 4998 1159 5071 τὴν
1176 4997 1365 5070 ἑορτὴν
1397 4996 1688 5069 ἑορτάζειν.
1721 4998 1886 5050 Ἐπα-

312 5092 466 5165 πορῶ
510 5092 570 5146 δὲ
613 5091 773 5146 πάλιν
806 5091 901 5144 καὶ
949 5090 1076 5162 περὶ
1120 5088 1214 5142 τοῦ
1264 5090 1517 5161 δευτέρου
1561 5090 1749 5160 νόμου,
1790 5087 1884 5142 τοῦ

312 5187 452 5242 κατὰ
489 5185 590 5257 τὴν
629 5183 822 5258 ἑορτὴν
850 5182 949 5254 τὴν
979 5182 1255 5254 δευτέραν.
1288 5183 1424 5253 Φησὶ
1472 5181 1582 5253 γὰρ
1623 5200 1643 5233 ι
1691 5180 1885 5252 ἑορτὴν

310 5278 405 5333 τοῦ
437 5276 699 5350 θερισμοῦ
727 5274 838 5329 τῶν
865 5273 1418 5345 πρωτογεννημάτων.
1435 5274 1593 5327 »Ἐάν
1617 5291 1700 5337 τις
1722 5273 1884 5351 ⁸σπεί-

318 5386 408 5442 ρῃ,
436 5370 535 5423 καὶ
569 5368 646 5440 μὴ
670 5366 939 5437 γένωνται
965 5366 1013 5418 οἱ
1036 5364 1237 5436 καρποὶ
1268 5362 1493 5436 πρῶτοι,
1525 5362 1662 5416 ἀλλά
1694 5362 1881 5415 τελευ-

1985 4178 2039 4224 et
2063 4170 2368 4237 iniquitatis
2399 4167 2487 4219 ‘°?
2520 4188 2539 4221 ι
2593 4185 2659 4224 ne
2689 4186 2809 4240 qua:
2842 4172 3095 4241 deinceps
3136 4182 3437 4243 sequuntur
3468 4177 3552 4230 di-

1984 4276 2122 4314 cam.
2155 4259 2271 4315 Non
2299 4270 2475 4331 potest
2506 4268 2756 4316 terrenus
2789 4260 2926 4316 festa
2957 4263 3222 4333 spiritalia
3253 4264 3549 4335 celebrare,

1984 4351 2057 4402 ιιιί
2090 4365 2264 4418 neque
2301 4349 2566 4419 spiritalis
2614 4348 2750 4405 festa
2799 4362 3037 4406 terrena.
3080 4352 3147 4406 Et
3187 4364 3303 4422 post
3345 4370 3537 4424 pauca.

1981 4426 2119 4508 Quid
2153 4452 2236 4495 est
2266 4440 2428 4510 128
2453 4441 2652 4496 mensis
2677 4442 2980 4495 novorum?
3017 4444 3264 4508 Fructus,
3311 4445 3549 4513 inquies,

1980 4533 2225 4589 sensiles.
2275 4532 2526 4587 Nondum
2581 4534 2801 4588 advenit
2855 4535 3063 4590 mensis
3102 4552 3385 4605 novorum,
3427 4553 3550 4592 cum

1979 4625 2214 4695 exempli
2248 4638 2411 4678 causa
2443 4639 2621 4678 annus
2653 4627 2861 4680 tardior
2887 4635 2990 4681 est.
3033 4624 3185 4693 Quod
3214 4628 3257 4681 si
3283 4628 3550 4698 ejusmodi

1981 4717 2270 4786 aliquando
2298 4715 2577 4786 contingat
2603 4730 2796 4785 annus,
2833 4727 2891 4772 nt
2932 4718 3107 4774 nullos
3146 4728 3289 4773 terra
3329 4720 3545 4776 fructus

1980 4805 2142 4871 ferat,
2167 4822 2297 4860 num
2330 4822 2621 4876 possumus
2667 4808 2722 4861 in
2766 4823 2952 4864 mense
2982 4825 3243 4863 novorum
3293 4812 3433 4865 diem
3471 4812 3552 4867 fe-

1982 4905 2124 4951 stum
2162 4912 2346 4965 agere,
2410 4899 2551 4954 sicut
2601 4902 2859 4969 przecepit
2900 4901 3079 4955 Deus?
3132 4915 3260 4972 ergo
3318 4904 3549 4974 singulis

1984 4989 2143 5043 annis
2175 4989 2370 5044 festum
2402 4992 2801 5060 percolendum.
2844 4992 3004 5047 Sttbit
3055 5009 3245 5049 rursus
3283 4993 3444 5050 etiam
3479 4997 3549 5052 de

1980 5082 2213 5137 secunda
2244 5083 2382 5154 lege,
2419 5097 2540 5152 quae
2573 5084 2866 5138 secundam
2894 5085 3269 5140 celebritatem
3307 5098 3545 5156 spectat,

1980 5174 2262 5229 dubitatio.
2299 5174 2389 5228 Ait
2421 5174 2567 5227 enim
2599 5189 2612 5225 ι
2655 5191 2673 5224 ι
2713 5173 3100 5229 Celebritatem
3132 5178 3327 5232 messis
3354 5179 3552 5246 prima-

1979 5282 2096 5322 rum
2125 5265 2360 5336 frugum.
2392 5283 2412 5317 ι
2443 5264 2498 5319 Si
2545 5263 2668 5333 quis
2717 5265 2970 5331 seminet,
3001 5282 3104 5321 nec
3151 5268 3337 5338 primae
3369 5268 3549 5338 fruges

1979 5354 2326 5426 proveniant,
2374 5353 2467 5409 sed
2505 5353 2837 5423 novissimae,
2878 5358 2923 5411 is
2962 5356 3176 5412 initium
3216 5358 3409 5414 messis
3438 5361 3552 5430 pri-

386 5551 769 5617 "Psal.vr,‘2.
828 5546 873 5578 ⁸³
891 5544 1273 5617 Εχοά.ιιιιι.ί1.
1308 5544 1393 5617 ξι
1424 5544 1711 5617 Εκοάτλιιξ.
1734 5545 1816 5617 A5.
1891 5544 1936 5577 ³⁸
1969 5543 2137 5617 Εξοιι.
2194 5557 2307 5610 nx,
2357 5541 2443 5598 10.
2523 5540 2568 5573 “
2592 5540 2746 5598 Deut.
2776 5556 2905 5609 xxx,
2935 5540 3018 5596 19.
3095 5537 3308 5594 "Exod.
3343 5551 3458 5607 ut,
3486 5537 3548 5596 2.

320 5621 366 5656 ⁸⁸
398 5622 551 5690 ibid.,
580 5623 633 5678 6.
677 5612 689 5617 ’
712 5620 759 5653 ³⁹
799 5618 966 5673 Exod.
989 5630 1148 5685 xxttt,
1183 5616 1271 5684 Η,
1300 5615 1498 5685 15,16.
1572 5613 1620 5649 “
1644 5615 1687 5670 ll
1720 5615 1841 5671 Cor.
1876 5629 1950 5683 Vl,
1981 5612 2067 5670 14.
