4050 6142
546 184 656 243 2ἲὸ

1970 182 2060 244 EX
2099 188 2398 245 ORICENE

3682 198 3805 252 996

550 316 763 356 marum
789 299 1002 373 frugum
1031 301 1311 359 celebrare
1332 318 1440 358 non
1467 304 1693 373 poterit.
1718 297 1948 360 Necesse
1973 308 2106 360 enim

2220 310 2380 372 ταϊοι,
2412 302 2564 372 οὗτος
2594 306 2693 362 οὐκ
2736 309 2802 363 ἂν
2826 307 3043 364 δύναιτο
3078 311 3329 383 ἑορτάσαι
3368 307 3465 383 τὴν
3491 311 3665 386 ἀρχὴν
3694 314 3800 368 τοῦ

548 403 633 450 est
664 395 867 449 habere
900 403 953 447 te
986 392 1191 464 fruges,
1222 403 1282 449 ut
1316 396 1513 450 festum
1554 411 1715 467 agere
1749 399 1949 467 possis.
1977 397 2116 464 Quid

552 502 706 551 vero,
734 486 776 540 si
805 499 995 556 agrum
1044 500 1149 539 non
1203 486 1398 552 habeo,
1453 490 1726 556 quomodo
1765 488 1960 543 festum
2013 490 2118 546 hoc

552 590 713 646 agere
739 583 949 644 potero,
980 589 1100 629 cum
1132 576 1414 645 Scriptura
1447 578 1590 633 dicat
1621 594 1634 631 :
1667 598 1685 630 ‹
1709 577 1776 631 Et
1807 577 2119 632 solemnita-

549 682 656 727 tem
710 672 905 727 messis
954 671 1252 742 primarum
1292 674 1508 745 frugum
1533 675 1700 729 facies
1739 691 1965 745 operum
1995 686 2117 731 tuo-

547 779 691 831 rum,
716 779 1057 834 quaecunque
1107 766 1465 821 seminaveris
1507 768 1559 821 in
1594 784 1723 840 agro
1748 770 1880 824 tuo?
1924 789 1944 822 ι
1999 769 2114 824 Non

546 857 835 923 seminavi,
875 856 1210 912 architectus
1259 873 1402 913 sum.
1450 859 1565 914 Non
1616 863 1903 926 seminavi,
1940 873 2118 919 textor

546 965 700 1012 sum;
739 965 930 1019 agrum
973 965 1078 1003 non
1112 949 1306 1013 habeo,
1338 954 1606 1019 quomodo
1640 968 1859 1021 possum
1887 955 2114 1011 alterum

544 1040 742 1092 festum
795 1040 993 1109 agere?
1051 1041 1194 1109 quod
1258 1040 1385 1094 item
1450 1052 1660 1110 Spectat
1718 1045 1785 1097 ad
1847 1047 2111 1100 tertium:

549 1152 567 1184 ι
607 1134 669 1187 Ει
695 1133 1086 1188 solemnitatem
1115 1137 1605 1192 consummationis
1631 1140 1683 1193 in
1711 1140 1858 1193 exitu
1895 1140 2046 1198 anni.
2088 1159 2108 1193 ι

614 1317 683 1370 Et
706 1327 823 1385 post
849 1318 983 1374 alia.
1038 1318 1178 1384 Qnid
1211 1319 1314 1373 sibi
1352 1319 1467 1373 vult
1512 1320 1794 1391 Scriptura
1821 1338 1942 1377 cum
1972 1324 2113 1381 cele-

543 1412 705 1467 brare
732 1427 833 1467 nos
860 1412 1014 1481 jubet
1045 1413 1240 1466 festum
1285 1428 1597 1484 azymorum
1638 1414 1689 1468 in
1719 1431 1904 1470 mense
1944 1432 2113 1472 novo-

545 1508 702 1560 rum?
744 1506 964 1575 Depone
991 1516 1228 1560 veterem
1256 1507 1529 1560 hominem
1561 1523 1685 1562 cum
1715 1509 1926 1563 actibus
1960 1510 2110 1563 suis:

542 1608 597 1650 et
624 1606 682 1649 ut
716 1597 766 1648 in
798 1610 986 1649 mense
1024 1610 1281 1649 novorum
1330 1595 1731 1650 solemnitatem
1765 1597 2027 1663 celebres,
2060 1609 2112 1652 tu

544 1700 758 1754 quoque
785 1700 957 1738 novus
982 1684 1213 1749 allicere,
1249 1692 1307 1737 nt
1337 1685 1542 1739 mensis
1574 1687 1909 1742 celebritatis
1940 1703 2112 1743 novo-

543 1794 688 1840 rum,
715 1786 835 1832 tuns
863 1778 1066 1831 mensis
1098 1777 1210 1831 iiat.
1238 1776 1506 1833 Novornm
1537 1779 1704 1843 enim,
1734 1795 1841 1833 non
1871 1790 2112 1836 veterum

544 1870 748 1923 mensis
777 1879 862 1924 est
888 1870 1009 1925 iste.
1042 1871 1156 1935 Qua
1189 1885 1320 1937 ergo
1352 1871 1563 1924 ratione
1593 1886 1789 1925 novum
1821 1874 2035 1941 quoque
2060 1883 2113 1930 te

545 1960 666 2014 ﬁeri
711 1961 1021 2030 oportebit?
1048 1960 1182 2015 Cum
1209 1961 1613 2017 solenmitatum
1651 1967 1889 2018 rationes
1921 1965 2111 2033 explo-

543 2063 695 2105 ratas
727 2053 955 2106 haberet
985 2052 1261 2117 apostolus
1297 2051 1513 2117 Paulus,
1559 2053 1626 2107 de
1681 2053 1819 2108 festo
1850 2070 2110 2110 novorum

542 2145 619 2198 ait
640 2144 684 2174 δι
718 2159 771 2195 τι
808 2144 1177 2212 Exspoliantes
1205 2159 1301 2198 vos
1324 2154 1557 2198 veterem
1585 2147 1853 2200 hominem
1871 2162 1993 2201 enm
2023 2163 2113 2202 ac-

543 2236 689 2291 tibus
719 2236 853 2301 Suis,
896 2244 952 2290 et
983 2236 1268 2290 induentes
1303 2250 1502 2289 novum
1532 2252 1656 2291 eum
1697 2238 1790 2305 qui
1820 2249 2111 2292 renovatur

542 2328 595 2382 in
625 2328 977 2397 agnitionem,
1007 2327 1304 2382 secundum
1337 2326 1625 2399 imaginem
1664 2329 1802 2399 ejus,
1835 2333 1924 2399 qui
1953 2346 2108 2385 crea-

538 2423 639 2473 vit.
677 2439 695 2471 ι
724 2418 793 2473 Ut
820 2419 985 2489 igitur
1020 2418 1213 2474 festum
1244 2436 1371 2490 agas
1396 2421 1449 2473 in
1484 2436 1669 2476 mense
1698 2436 1979 2486 novormn,
2016 2437 2111 2475 ne-

539 2528 691 2569 cesse
720 2522 804 2567 est
833 2523 891 2567 ut
926 2527 1097 2567 novus
1124 2515 1241 2577 tias,
1275 2523 1329 2567 et
1354 2528 1572 2568 omnem
1605 2514 1852 2582 deponas
1874 2524 2110 2568 vetusta-

539 2613 669 2658 tem.
701 2604 901 2658 Deinde
926 2620 1086 2674 quam
1122 2604 1351 2675 primam
1385 2606 1503 2673 agis
1533 2604 1973 2659 solemnitatem?
2004 2606 2107 2659 So-

538 2696 872 2749 lemnitatem
917 2711 1111 2764 nempe
1159 2710 1504 2766 azymorum,
1541 2698 1773 2750 docente
1806 2697 2108 2766 Apostolo:

539 2805 561 2840 ι
602 2787 808 2843 Pascha
839 2788 1006 2851 enim,
1035 2790 1209 2858 inquit
1229 2790 1297 2856 δ’,
1333 2798 1576 2844 nostrum
1599 2804 1695 2859 pro
1726 2788 1882 2843 nobis
1915 2789 2109 2843 immo-

536 2879 684 2936 latus
712 2890 793 2935 est
825 2879 1093 2936 Christus.
1131 2880 1317 2950 Itaque
1356 2878 1553 2935 festum
1605 2896 1853 2950 agamus,
1896 2897 2003 2935 non
2053 2883 2105 2933 in

536 2971 810 3026 fermento
838 2974 1029 3038 veteri,
1060 2986 1233 3040 neque
1278 2973 1331 3025 in
1379 2971 1649 3026 iermento
1675 2971 1896 3026 malitiae
1930 2980 1985 3025 et
2013 2987 2105 3025 ne-
2132 3005 2172 3062 Ο

537 3065 745 3133 quitize,
782 3065 875 3121 sed
914 3064 968 3119 in
997 3066 1203 3135 azymis
1230 3064 1561 3119 sinceritatis
1583 3073 1637 3120 et
1662 3064 1928 3119 veritatis.
1966 3083 1986 3115 ι
2015 3063 2106 3118 Si-

538 3156 653 3209 mul
685 3164 864 3210 autem
892 3155 1083 3223 collige
1116 3156 1258 3225 leges
1282 3156 1348 3209 de
1370 3157 1597 3227 azymis,
1623 3171 1685 3211 ac
1710 3155 1918 3210 videbis
1944 3171 2104 3225 quam

537 3250 651 3304 sint
684 3265 715 3303 a
746 3251 957 3306 ratione
992 3250 1151 3304 alieni
1198 3251 1287 3318 qui
1317 3253 1382 3305 ad
1417 3251 1715 3319 spiritalem
1754 3252 1951 3306 litterae
1983 3267 2107 3307 sen-

536 3358 657 3399 sum
684 3357 789 3397 non
826 3344 1130 3413 attendunt,
1160 3344 1254 3399 sed
1283 3344 1553 3414 Spiritalia
1587 3356 1843 3413 tanquam
1892 3342 2102 3397 inutilia

538 3443 825 3505 spernunt.

608 3542 630 3577 ι
663 3525 776 3581 Νοη
816 3525 1103 3598 apparebis
1150 3526 1203 3580 in
1254 3537 1550 3595 conspectu
1596 3541 1716 3580 meo
1744 3541 1950 3582 vacuus
1976 3526 2041 3582 ⁸⁸.
2079 3546 2098 3579 ι

535 3618 687 3674 Scito
716 3634 925 3674 omnem
952 3619 1223 3674 hominem
1251 3628 1343 3671 aut
1369 3633 1597 3673 vacmnn
1618 3630 1711 3671 ant
1730 3619 1941 3689 plenum
1960 3636 2101 3674 esse.

535 3710 593 3766 Si
625 3711 768 3765 enim
803 3727 912 3766 non
965 3712 1129 3766 habet
1168 3710 1431 3779 Spiritum
1477 3720 1748 3776 sanctum,
1798 3727 1906 3765 non
1943 3714 2105 3768 habet

533 3806 813 3861 Creatoris
837 3805 1109 3869 notitiam,
1137 3821 1243 3860 nor:
1274 3803 1481 3875 recepit
1517 3806 1687 3859 vitam
1719 3803 1903 3860 Jesum
1938 3804 2100 3861 Citri-

532 3909 711 3965 stum;
745 3899 791 3951 si
822 3913 927 3952 non
956 3898 1103 3952 novit
1125 3897 1340 3952 Patrem
1371 3898 1462 3968 qui
1491 3897 1543 3951 in
1575 3896 1728 3952 czelis
1759 3906 1863 3962 est,
1906 3897 1951 3952 si
1995 3914 2098 3952 non

531 3990 668 4043 vivit
704 4004 772 4044 ex
818 3989 1051 4057 ratione,
1098 3987 1167 4043 ad
1210 3988 1347 4059 legis
1386 3988 1627 4044 caelestis
1674 4004 1944 4056 normam,
1990 4005 2098 4044 non

532 4079 732 4144 sobrie,
774 4094 880 4134 non
906 4077 1049 4146 juste
1074 4078 1222 4150 agit;
1257 4093 1457 4132 vacuus
1479 4086 1564 4133 est
1593 4079 1682 4147 qni
1708 4078 1968 4147 ejusmodi
1992 4087 2096 4135 est.

532 4174 634 4243 Qui
667 4182 846 4227 autem
876 4170 1036 4243 129
1063 4172 1213 4240 capit
1254 4171 1420 4225 Deum
1449 4173 1540 4242 qui
1575 4172 1710 4226 dixit
1749 4171 1864 4207 ’δ’δ’
1902 4189 1914 4224 :
1947 4190 1966 4223 ι
2002 4170 2096 4226 ln-

531 4266 792 4322 habitabo
821 4266 873 4319 in
901 4266 1002 4329 eis,
1028 4274 1083 4318 et
1128 4264 1501 4330 inambulabo,
1540 4275 1596 4321 et
1625 4280 1721 4320 ero
1757 4265 1837 4320 eis
1864 4264 2025 4329 Deus.
2070 4283 2090 4317 ι

530 4361 578 4415 is
606 4375 713 4414 non
745 4372 970 4416 vacuus.
1000 4357 1093 4411 sed
1132 4357 1323 4425 plenus
1364 4368 1468 4412 est.

604 4467 625 4502 ι
655 4448 1191 4517 Tribustemporibus
1214 4449 1335 4502 anni
1368 4449 1650 4519 apparebit
1673 4464 1833 4505 omne
1874 4465 2092 4505 mascu-

531 4544 699 4600 linum
731 4553 878 4599 tuum
927 4557 1110 4597 coram
1164 4541 1391 4595 Domino
1438 4542 1546 4596 Deo
1601 4552 1691 4597 tuo
1729 4542 1796 4597 “.
1840 4562 1860 4595 ι
1910 4543 2091 4597 Dicam

531 4637 659 4709 quid
693 4636 795 4692 sibi
831 4636 979 4689 locus
1011 4634 1112 4688 iste
1144 4633 1291 4687 velit.
1342 4634 1493 4698 Quod
1530 4633 1763 4701 agimus,
1803 4644 1897 4687 aut
1931 4631 2095 4687 femi-

532 4746 621 4797 na,
650 4737 744 4783 aut
769 4743 887 4783 mas
913 4738 1018 4786 est.
1047 4727 1103 4781 Si
1137 4725 1424 4781 femineum
1452 4724 1700 4793 estquod
1738 4725 1968 4794 agimus,
2001 4732 2094 4776 aut

530 4834 847 4891 corporeum
897 4828 981 4875 est
1032 4830 1118 4872 aut
1172 4816 1409 4871 carnale.
1464 4816 1800 4870 Seminantes
1840 4817 1982 4870 enim
2036 4817 2088 4869 in

528 4929 714 4980 carne,
750 4929 855 4968 non
883 4926 1087 4967 marem
1122 4911 1215 4965 sed
1249 4908 1502 4963 feminam
1537 4909 1749 4962 edimus
1790 4909 1981 4961 anima:
2014 4908 2094 4962 fe-

532 5017 665 5070 tum,
701 5020 893 5073 nempe
932 5016 1207 5065 enervem,
1239 5000 1559 5070 mollemque
1588 5015 1651 5053 ac
1686 5004 1908 5054 materia
1937 5014 2092 5053 cras-

2218 399 2475 470 θερισμοῦ
2517 397 2626 452 τῶν
2681 402 3241 473 πρωτογεννημάτων.
3261 404 3352 455 Δεῖ
3386 402 3493 474 γὰρ
3539 402 3684 474 ἔχειν
3723 421 3801 457 σε

2215 488 2545 559 γεννήματα,
2562 489 2650 543 ἵνα
2684 489 2914 562 δυνηθῇς
2946 491 3243 564 ἑορτάζειν.
3285 495 3350 547 Τί
3378 494 3456 560 δὲ,
3490 496 3556 551 ἂν
3603 496 3803 569 χώραν

2220 576 2293 647 μὴ
2316 576 2443 647 ἔχω,
2466 578 2582 642 πῶς
2607 580 2672 633 ἂν
2701 580 2965 654 δυναίμην
3000 585 3099 656 τὴν
3128 582 3321 659 ἑορτὴν
3352 588 3555 660 ταύτην
3598 591 3806 661 ἑορτά-

2217 663 2351 729 ζειν,
2392 667 2491 737 τῆς
2530 667 2727 735 λέξεως
2758 670 3047 743 λεγούσης,
3093 692 3112 725 ι
3151 676 3261 727 Καὶ
3300 676 3490 748 ἑορτὴν
3524 676 3800 750 θερισμοῦ

2216 757 2321 810 τῶν
2354 761 2890 832 πρωτογεννημάτων
2907 765 3154 836 ποιήσεις
3200 766 3305 820 τῶν
3352 767 3527 839 ἔργων
3562 787 3676 834 σου,
3710 765 3801 825 ὧν

2218 850 2311 903 ἐὰν
2346 851 2575 925 σπείρης
2612 855 2669 906 ὲν
2698 853 2775 925 τῷ
2813 855 2970 927 ἀγρῷ
3000 870 3133 922 σου;
3169 878 3188 911 ι
3219 861 3318 913 οὐκ
3361 860 3607 933 ἔσπειρα,
3649 864 3808 917 οἰκο-

2214 941 2373 1014 δόμος
2402 946 2547 1016 εἰμί’
2576 947 2677 1000 οὐκ
2728 948 2975 1021 ἔσπειρα,
3011 950 3252 1022 ὑφάντης
3294 953 3437 1023 εἰμί·
3473 952 3641 1025 ἀγρὸν
3686 955 3806 1009 οὐκ

2216 1034 2343 1104 ἔχω,
2381 1036 2496 1100 πῶς
2538 1038 2771 1110 δύναμαι
2800 1041 2899 1112 τὴν
2935 1042 3191 1114 δευτέραν
3233 1042 3507 1115 ἑορτάζειν
3552 1046 3747 1117 ἑορτήν
3780 1061 3799 1110 ;

2215 1124 2323 1178 Καὶ
2372 1127 2435 1198 δὴ
2465 1129 2558 1181 καὶ
2605 1132 2732 1202 περὶ
2782 1131 2878 1203 τὴν
2911 1124 3122 1204 τρίτην,
3155 1153 3173 1185 ι
3222 1134 3331 1188 Καὶ
3368 1132 3559 1207 ἑορτὴν
3599 1153 3804 1190 συντεά-

2214 1216 2364 1281 λείας
2397 1219 2481 1271 ἐπ’
2520 1219 2682 1290 ἐξόδῳ
2710 1221 2803 1275 τοῦ
2830 1223 3095 1278 ἐνιαυτοῦ.
3129 1244 3148 1276 ι

2287 1310 2398 1364 Καὶ
2423 1310 2559 1379 μεθ’
2585 1311 2776 1381 ἕτερα.
2819 1314 2883 1366 Τί
2916 1315 3158 1385 βούλεται
3196 1315 3350 1385 λόγος
3376 1317 3504 1389 ἡμῖν
3539 1316 3717 1387 λέγειν
3763 1318 3805 1371 ὁ

2216 1402 2452 1457 κελεύων
2484 1407 2632 1475 ἡμᾶς
2655 1405 2930 1477 ἑορτάζειν
2964 1409 3061 1479 τὴν
3104 1410 3295 1482 ἑορτὴν
3320 1411 3427 1463 τῶν
3459 1410 3682 1483 ἀζύμων
3707 1413 3801 1483 τῷ

2216 1497 2349 1565 μηνὶ
2375 1496 2483 1549 τῶν
2509 1497 2679 1562 νέων;
2726 1494 2950 1552 Ἀπόθου
2992 1501 3083 1553 τὸν
3116 1501 3339 1556 παλαιὸν
3370 1501 3650 1574 ἄνθρωπον
3687 1505 3801 1557 σὺν

2215 1590 2332 1650 ταῖς
2356 1587 2614 1658 πράξεσιν
2647 1591 2832 1643 αὐτοῦ.
2863 1592 2971 1644 Καὶ
3002 1591 3087 1645 ἵνα
3117 1610 3179 1662 γε
3209 1595 3440 1665 ποιήσῃς
3467 1596 3564 1666 τὴν
3591 1595 3799 1665 ἑορτὴν

2215 1681 2272 1732 ἐν
2299 1677 2375 1747 τῷ
2404 1681 2537 1750 μηνὶ
2556 1680 2663 1733 τῶν
2700 1681 2853 1746 νέων,
2877 1684 2972 1736 καὶ
3008 1685 3070 1738 σὺ
3096 1684 3212 1748 νέος
3238 1684 3415 1753 γενοῦ,
3443 1685 3528 1738 ἵνα
3561 1686 3802 1755 γένηται

2214 1772 2243 1823 ὁ
2268 1771 2371 1841 μὴν
2402 1771 2499 1841 τῆς
2523 1772 2716 1843 ἑορτῆς
2747 1773 2855 1827 τῶν
2884 1776 3038 1837 νέων,
3070 1777 3164 1829 καὶ
3195 1776 3285 1840 σὸς
3315 1778 3440 1848 μήν.
3475 1777 3628 1829 Νέων
3650 1778 3797 1847 γὰρ,

2214 1868 2308 1920 καὶ
2342 1868 2400 1920 ού
2464 1866 2706 1921 παλαιῶν
2744 1868 2890 1919 ἐστιν
2944 1861 3096 1931 οὗτος
3124 1870 3152 1920 ὁ
3193 1869 3318 1940 μήν.
3352 1869 3475 1934 Πῶς
3521 1866 3613 1921 οὖν
3657 1869 3796 1936 δεή-

2216 1974 2297 2010 σει
2328 1958 2444 2011 νέον
2488 1957 2582 2011 καὶ
2630 1957 2688 2009 σὲ
2730 1956 3010 2026 γενέσθαι*
3048 1958 3265 2027 Νοήσας
3303 1957 3402 2021 τὰς
3442 1958 3655 2030 ἑορτάς,
3683 1957 3798 2030 τὴν

2214 2051 2407 2121 ἑορτὴν
2436 2049 2543 2103 τῶν
2572 2050 2706 2103 νέων
2749 2051 2776 2102 ὁ
2808 2046 3100 2112 ἀπόστολος
3116 2045 3324 2112 nam;
3348 2066 3529 2119 φησιν,
3549 2070 3567 2101 ι
3592 2050 3799 2103 Ἑκδυ-

2213 2144 2435 2213 σάμενοι
2468 2141 2558 2195 τὸν
2607 2141 2833 2195 παλαιὸν
2892 2137 3171 2214 ἄνθρωπον
3216 2143 3309 2194 σὺν
3359 2144 3476 2205 ταῖς
3516 2141 3794 2212 πράξεσιν

2211 2234 2373 2289 αὑτοῦ
2399 2273 2414 2297 ,
2486 2232 2579 2284 καὶ
2667 2233 3015 2304 ἐνδυσάμενοι
3049 2233 3139 2286 τὸν
3175 2234 3292 2287 νέον
3336 2232 3426 2287 τὸν
3453 2234 3793 2288 ἀνακαινού-

2213 2346 2371 2400 μενον
2424 2329 2503 2392 εἰς
2546 2327 2839 2397 ἐπίγνωσιν
2884 2329 3004 2381 κατ’
3050 2327 3233 2381 εἰκόνα
3279 2326 3373 2380 τοῦ
3404 2328 3707 2391 κτίσαντος.
3765 2346 3787 2379 ι

2206 2420 2417 2475 Οὐκοῦν
2463 2421 2550 2475 ἵνα
2592 2421 2807 2491 ἀγάγῃς
2841 2418 2937 2491 τὴν
2971 2419 3163 2491 ἑορτὴν
3211 2422 3267 2473 ὲν
3317 2421 3446 2491 μηνὶ
3477 2421 3583 2474 τῶν
3616 2420 3791 2484 νέων,

2208 2517 2326 2569 νέον
2369 2532 2428 2569 σε
2459 2513 2710 2585 γενέσθαι
2735 2514 2833 2577 δεῖ,
2865 2513 2957 2567 καὶ
2993 2515 3170 2567 πᾶσαν
3202 2513 3500 2568 ἀποθέσθαι
3551 2512 3793 2566 παλαιό-

2209 2623 2364 2677 τητα.
2394 2599 2529 2658 Εἶτα
2557 2604 2713 2659 ποίαν
2746 2604 2935 2677 ἑορτὴν
2962 2605 3182 2677 πρώτην
3208 2604 3395 2673 ἄγεις;
3425 2605 3505 2658 ὅτι
3537 2606 3635 2675 τὴν
3666 2606 3797 2675 ἔαρι

2207 2700 2305 2768 τὴν
2328 2697 2435 2752 τῶν
2466 2698 2709 2770 ἀζύμων,
2750 2699 2981 2770 μάνθανε
3015 2699 3123 2753 ἀπὸ
3154 2698 3244 2752 τοῦ
3275 2696 3619 2752 Ἀποστόλου·
3650 2719 3668 2751 ι
3703 2694 3794 2752 Τὸ

2210 2790 2316 2862 γὰρ
2348 2791 2531 2862 πάσχα
2562 2791 2737 2863 ἡμῶν,
2770 2793 2953 2865 φησὶν,
2978 2792 3118 2865 ὑπὲρ
3147 2792 3302 2864 ἡμῶν
3333 2791 3492 2862 ἐτύθη
3519 2791 3786 2862 Χριστός·

2208 2881 2347 2935 ὥστε
2384 2882 2725 2955 ἑορτάζωμεν
2752 2884 2824 2955 μὴ
2852 2885 2906 2937 έν
2939 2882 3085 2957 ζύμῃ
3119 2884 3340 2955 παλαιᾷ,
3374 2884 3508 2955 μηδὲ
3535 2885 3592 2936 ἐν
3625 2881 3789 2957 ζύμῃ

2210 2974 2405 3037 κακίας
2435 2976 2529 3028 καὶ
2584 2975 2866 3047 πονηρίας,
2906 2975 3020 3028 ἀλλ’
3050 2977 3106 3028 ἐν
3151 2974 3378 3046 ἀζύμοις
3429 2974 3788 3046 είλικρινείας

2210 3067 2304 3119 καὶ
2343 3066 2622 3139 ἀληθείας.
2664 3086 2682 3118 ι
2718 3069 2868 3139 ’Ἅμα
2908 3067 2964 3121 δὲ
2996 3069 3267 3137 συνάγαγε
3311 3067 3381 3121 τά
3423 3066 3791 3139 νενομοθετη-

2214 3159 2350 3229 μένα
2382 3161 2510 3232 περὶ
2539 3162 2636 3232 τῆς
2664 3161 2853 3232 ἑορτῆς
2890 3159 2997 3213 τῶν
3023 3159 3264 3232 ἀζύμων,
3306 3161 3401 3214 καὶ
3430 3159 3547 3229 ὄψει
3588 3160 3686 3229 μὲν
3711 3159 3790 3214 τὸ

2208 3251 2398 3319 ἄλογον
2447 3251 2556 3304 τῶν
2592 3250 2671 3322 τῷ
2710 3251 2857 3323 ρητῷ
2882 3252 2957 3316 ὡς
2987 3249 3337 3322 πνευματικῷ
3369 3250 3441 3321 μὴ
3480 3249 3790 3322 προσεχόν-

2207 3358 2336 3404 των,
2371 3341 2849 3414 καταφρονούντων
2890 3342 2946 3396 δὲ
2993 3343 3099 3396 τῶν
3149 3341 3533 3413 πνευματικῶν
3576 3341 3652 3405 ὡς
3697 3342 3788 3414 μὴ

2208 3434 2515 3505 χρησίμωνο

2284 3546 2302 3577 ι
2339 3527 2453 3580 Ούκ
2478 3527 2687 3601 ὀφθὴσῃ
2712 3526 2938 3582 ἐνώπιόν
2973 3545 3072 3597 μου
3106 3528 3281 3593 κενός.
3315 3549 3333 3580 ι
3375 3528 3512 3582 Ἰσθι
3549 3528 3629 3583 ὅτι
3662 3529 3785 3592 πᾶς

2204 3619 2542 3691 ἄνθρωποςῆ
2576 3620 2728 3684 κενός
2761 3621 2987 3692 ὲστιν.ἣ
3025 3620 3256 3693 πλήρης.
3300 3623 3362 3676 Ei
3526 3621 3632 3693 γὰρ
3669 3621 3784 3676 οὑκ

2202 3710 2489 3783 ἔχειᾶγιον
2524 3712 2766 3781 Πνεῦμα,
2797 3711 2895 3764 οὐκ
2938 3711 3048 3781 ἔχει
3089 3711 3283 3780 γνῶσιν
3327 3712 3420 3765 τοῦ
3465 3713 3779 3779 κτίσαντος,

2202 3806 2263 3859 οὑ
2288 3804 2618 3877 παρεδέξατο
2647 3804 2790 3876 ζωὴν
2827 3803 3033 3874 Ἰησοῦν
3059 3804 3151 3859 τὸν
3178 3806 3429 3877 Χριστόν·
3465 3807 3513 3858 εί
3540 3805 3637 3858 οὐκ
3661 3800 3778 3858 οἵδε

2201 3900 2290 3955 τὸν
2314 3902 2535 3972 Πατέρα
2554 3898 2643 3952 τὸν
2677 3900 2732 3951 ἐν
2763 3898 3029 3970 οὐρανοῖς,
3066 3899 3114 3950 εί
3140 3898 3201 3951 ού
3243 3897 3348 3969 βιοῖ
3384 3900 3523 3951 κατὰ
3566 3898 3655 3954 τὸν
3680 3897 3778 3951 λό-

2200 4010 2315 4062 γον,
2352 3992 2492 4045 κατὰ.
2515 3991 2604 4043 τὸν
2646 3990 2807 4061 νόμον
2840 3990 3088 4063 οὐράνιον
3112 4007 3126 4021 ο
3171 3990 3233 4043 οὐ
3272 3994 3554 4062 σωφρονεῖ,
3597 3991 3655 4046 ού
3688 3990 3776 4044 δι-

2202 4085 2561 4155 καιοπραγείο
2586 4082 2615 4134 ὁ
2645 4082 2884 4147 τοιοῦτος
2914 4081 3069 4145 κενός
3106 4082 3267 4136 ἐστιν.
3294 4082 3358 4135 Ei
3395 4081 3451 4136 δὲ
3481 4081 3773 4153 κεχώρηκε

2198 4176 2527 4228 τὸνείπόντα
2546 4173 2695 4227 Θεόν·
2728 4193 2746 4223 ι
2789 4173 3085 4244 Ἐνοικήσω
3109 4175 3166 4226 ὲν
3197 4174 3398 4237 αὐτοῖς,
3416 4174 3509 4227 καὶ
3540 4176 3775 4246 ἐμπερι-

2201 4270 2450 4339 πατήσω,
2480 4267 2573 4319 καὶ
2598 4265 2791 4336 ἔσομαι
2821 4264 3003 4329 αὐτοῖς
3023 4260 3369 4330 θεὸς,›οῦτος
3396 4266 3495 4319 οὐκ
3523 4265 3638 4319 ἐστι
3672 4283 3772 4320 κε-

2129 4350 2174 4403 Ῑ)
2202 4360 2311 4423 νὸς,
2348 4357 2500 4412 ἀλλᾰλ
2524 4356 2755 4426 πλήρης.

2277 4467 2295 4499 ι
2321 4448 2478 4519 Τρεῖς
2504 4447 2724 4517 καιροὺς
2753 4444 2844 4498 τοῦ
2861 4443 3107 4499 ἐνιαυτοῦ
3139 4445 3433 4518 ὀφθήσεται
3470 4447 3576 4500 πᾶν
3607 4445 3771 4517 ἀρσε-

2198 4541 2346 4595 νικόν
2381 4557 2471 4592 σου
2506 4536 2731 4592 ἐνώπιον
2764 4536 2971 4609 Κυρίου
2999 4537 3089 4590 τοῦ
3120 4537 3254 4590 Θεοῦ
3296 4555 3410 4590 σου.
3452 4556 3471 4588 ι
3492 4535 3556 4589 Τί
3577 4539 3692 4590 ἐστι
3706 4538 3769 4591 τὸ

2199 4632 2361 4706 ῥητὸν
2408 4631 2616 4700 εἴποιμι
2649 4630 2733 4683 ἄν.
2775 4632 2840 4683 Ὃ
2896 4630 3225 4701 πράττομεν,
3275 4629 3308 4701 ἢ
3363 4629 3493 4701 θῆλύ
3526 4631 3693 4693 ἐστιν,
3732 4630 3763 4700 ἢ

2199 4722 2503 4795 ἀρσενικόν.
2526 4721 2588 4773 El
2626 4720 2723 4790 μὲν
2767 4715 2859 4773 οῦν
2892 4720 3119 4790 θηλυκόν
3151 4722 3295 4774 ἐστιν
3333 4720 3361 4773 δ
3412 4719 3692 4790 ποιοῦμεν,
3730 4719 3762 4789 ἢ

2198 4814 2507 4886 σωματικόν
2533 4811 2753 4883 ὲστιν,ἢ
2789 4813 3067 4885 σαρκικόν.
3098 4813 3415 4885 Σπείροντες
3431 4813 3537 4883 γὰρ
3574 4814 3652 4875 είς
3666 4812 3764 4884 τὴν

2197 4908 2397 4978 σάρκα,
2436 4904 2695 4974 ποιοῦμεν
2734 4903 2864 4973 θῆλυ
2905 4904 2965 4957 τὸ
2997 4906 3236 4975 γέννημα
3289 4905 3390 4974 τῆς
3421 4905 3614 4975 ψυχῆς,
3665 4905 3764 4957 ούκ

2193 5001 2376 5073 ἄρρεν’
2412 4998 2524 5052 ἀλλ’
2563 5000 3056 5073 ὲκνενευρισμένον,
3093 4999 3299 5052 ἁπαλόν
3344 5016 3402 5051 τε
3434 4998 3525 5051 καὶ
3558 4997 3759 5050 ὑλικόν.

529 5114 667 5153 sum.
704 5096 759 5150 Si
785 5110 913 5151 vero
935 5105 1135 5149 aeterna
1159 5100 1458 5161 spectantes
1480 5098 1533 5145 et
1556 5091 1621 5144 ad
1664 5090 1884 5143 meliora
1916 5100 2095 5145 atten-

2209 5093 2253 5145 Ξί
2291 5094 2470 5163 μέντοι
2505 5091 2789 5163 βλέποντες
2822 5093 2890 5147 τὰ
2927 5092 3135 5157 αἰώνια,
3158 5095 3250 5148 καὶ
3280 5093 3415 5163 πρὸς
3439 5096 3548 5156 τοῖς
3585 5092 3758 5163 κρείτ-

531 5205 641 5247 tum
694 5191 958 5245 habentes
1001 5187 1260 5252 animum,
1314 5184 1527 5238 fructus
1589 5183 1811 5252 spiritus
1854 5185 2088 5251 e-Jimus,

525 5296 714 5338 omnes
750 5280 891 5335 {etus
918 5279 1083 5332 nostri
1120 5292 1296 5331 mares
1318 5284 1462 5332 sunt.
1494 5276 1623 5340 Quae
1653 5275 1815 5344 igitur
1856 5274 2091 5329 oﬂerun-

529 5385 617 5430 tur
644 5374 715 5439 .in
760 5379 1050 5440 conspectu
1075 5368 1194 5435 Dei,
1230 5383 1454 5438 qumque
1487 5366 1764 5423 Creatoris
1807 5366 1979 5421 oculis
2008 5382 2096 5433 ap-

600 5556 640 5587 “
678 5556 892 5613 Coloss.
944 5574 1025 5612 lli.
1067 5559 1122 5624 9,
1174 5558 1259 5613 10.

524 5628 570 5660 ⁸⁸
608 5628 774 5684 Exod.
816 5644 968 5697 mn,
1013 5630 1097 5683 17.

1366 5557 1411 5588 δ’
1440 5557 1603 5613 lCor.
1656 5570 1707 5622 v,
1738 5554 1791 5611 8.

1900 5552 1948 5586 ⁸³
1979 5552 2153 5609 Exod.
2206 5568 2363 5618 xxm,
2401 5553 2488 5608 15.

2188 5201 2338 5237 τοσιν
2401 5185 2613 5254 ἔχοντες
2667 5184 2762 5255 τὴν
2819 5184 3073 5247 διάνοιαν,
3135 5183 3589 5255 καρποφοροῦμεν
3638 5181 3757 5243 τοὺς

2195 5277 2439 5347 καρποὺς
2490 5275 2582 5328 τοῦ
2622 5276 2949 5347 πνεύματος,
2982 5276 3076 5328 καὶ
3114 5277 3293 5329 πάντα
3345 5277 3411 5329 τὰ
3449 5276 3757 5345 γεννήματα

2199 5366 2353 5439 ἡμῶν
2386 5368 2587 5438 ἀρρενά
2628 5371 2760 5421 ἐστι.
2793 5367 2872 5420 Τά
2900 5368 3078 5423 τοίνυν
3117 5369 3389 5441 φερόμενα
3414 5366 3639 5420 ἐνώπιον
3667 5362 3759 5417 τοῦ

2597 5554 2717 5588 ’Μ’
2758 5554 2932 5611 Levit.
2973 5569 3121 5623 xxvi,
3168 5554 3270 5623 12;
3304 5555 3345 5609 ll
3392 5554 3516 5611 Cur.
3555 5568 3626 5618 vt,
3669 5550 3754 5607 13.
