2025 3071
141 172 190 200 ΕΠ

752 170 786 198 ΙΝ
802 168 947 198 EXODUM
967 168 1110 198 HOMILIA
1131 168 1152 195 l.

1725 164 1777 191 298

142 229 213 262 Θεοῦ,
229 229 262 256 τὰ
281 229 332 256 καὶ
346 230 524 266 ὀφθησόμενα
540 231 572 265 τῇ
585 230 644 265 ὕψει
656 229 702 256 τοῦ
720 230 872 261 κτίσαντος,
887 229 939 265 ἀρ-

995 232 1098 263 parent,
1125 228 1183 255 haec
1207 226 1340 259 mascula,
1363 233 1416 253 non
1444 224 1560 253 feminea
1583 229 1656 253 sunt.
1685 225 1777 260 Neque

144 276 230 304 πνικὰ
245 276 335 307 ἐστιν,
346 278 411 312 οὐχὶ
429 277 521 312 Οήλεα.
540 276 576 302 Οὐ
592 276 647 311 γὰρ
660 276 694 302 τὰ
711 275 824 310 θηλυκὰ,
842 275 889 302 καὶ
902 275 936 302 τὰ

144 322 282 357 σωματικᾶ
303 322 379 354 ἀξιοῖ
394 322 503 357 βλέπειν
519 323 533 348 ὀ
550 321 625 353 Θεός.

989 275 1061 302 enim
1089 274 1206 301 feminea
1223 277 1271 301 aut
1298 280 1428 307 corporea
1454 272 1579 307 dignatur
1607 272 1676 300 Deus
1691 273 1779 308 respi-

990 327 1064 347 cere.

151 399 1774 414 Mm

555 484 890 543 ORlGENlS
932 485 1005 542 IN
1051 457 1370 542 EXODDUM.

396 676 537 705 HOMlLlA
570 675 688 704 PRIMA.

179 725 205 754 Ι.
221 725 341 753 Videtur
354 724 420 751 mihi
435 723 619 758 unusquisque
634 730 723 751 sermo
749 723 847 750 divinae
862 723 938 751 Scri-

146 778 229 808 pturze
240 771 343 799 similis
357 778 418 798 esse
431 770 511 797 alicui
527 770 673 802 seminum,
683 770 761 805 cujus
774 775 870 797 natura
882 771 939 798 haec

148 825 198 852 est,
214 823 245 845 ιιι
259 826 324 846 cum
339 817 443 852 jactum
465 816 548 844 fuerit
564 817 591 844 in
613 821 727 850 terram,
749 821 937 852 regeneratum

992 676 1131 704 triarcha'.
1151 685 1160 701 ε
1183 674 1282 710 Joseph
1297 679 1397 707 autem,
1415 675 1513 709 inquit,
1531 680 1589 702 erat
1606 675 1631 701 in
1650 675 1777 711 Egypto.

991 721 1075 748 Eram
1098 725 1185 748 autem
1210 728 1305 748 omnes
1320 719 1417 747 animm
1444 721 1477 747 de
1500 719 1584 748 Jacob
1608 722 1779 756 septuaginta

992 768 1121 802 quinque.
1138 777 1148 793 ι
1165 767 1258 794 Simile
1271 767 1334 794 huic
1356 768 1485 802 mysterio
1501 771 1528 794 et
1545 767 1609 793 illml
1626 775 1686 795 esse
1700 773 1778 803 puto,

992 816 1063 849 quod
1085 822 1132 849 per
1157 814 1316 848 prophetam
1333 813 1442 845 dicitur,
1464 813 1485 840 si
1500 813 1562 848 quis
1574 813 1714 841 advertere
1728 822 1779 848 po-

148 866 176 893 in
199 866 314 900 spicam,
339 864 382 891 vel
407 864 433 890 in
448 871 639 897 quamcunque
663 863 743 890 aliam
769 864 809 890 sui
833 863 940 898 generis
955 864 977 891 B
992 866 1044 889 test
1059 871 1065 889 :
1082 871 1091 887 (
1103 861 1131 888 ln
1140 861 1286 896 [Egyptum
1306 861 1445 888 descendit
1460 861 1575 895 populus
1591 869 1678 893 meus,
1692 863 1781 890 utha-

149 911 264 945 speciem
282 910 470 945 multipliciter
486 908 662 942 diffundatur,
685 913 712 936 et
728 914 803 936 tanto
817 909 940 936 cumula-

150 959 212 990 tius,
230 961 334 992 qnanto
348 955 391 983 vel
408 955 511 990 peritus
523 956 642 991 agricola
657 955 718 990 plus
739 956 889 983 seminibus
903 955 942 982 la-

151 1004 222 1031 boris
244 1002 420 1037 impenderit,
436 1001 478 1028 vel
497 1001 658 1029 beneficium
677 1007 755 1029 terrae
775 1002 941 1029 fecundioris

152 1050 303 1077 indulserit.
329 1048 375 1076 Sic
400 1055 466 1084 ergo
490 1047 607 1076 eﬂicitur
622 1053 650 1074 ut
665 1048 780 1076 culturas
801 1048 940 1083 diligentia

153 1096 278 1129 exiguum
296 1102 401 1127 semen,
418 1094 493 1121 verbi
509 1101 605 1126 causa,
623 1094 738 1129 sinapis,
751 1094 824 1128 quod
836 1099 877 1121 est
892 1094 942 1121 mi-

154 1142 253 1168 nimum
264 1140 397 1173 omnium,
423 1140 555 1167 elliciatur
572 1139 658 1173 majus
669 1140 795 1167 onmibus
809 1140 940 1172 oleribus,

154 1187 232 1215 etﬁat
244 1188 327 1214 arbor
345 1195 351 1212 :
368 1197 376 1211 ι
399 1186 437 1214 Ita
454 1187 604 1214 utveniant
622 1185 739 1213 volatilia
757 1185 829 1217 caeli,
849 1189 876 1212 et
893 1186 942 1212 ba~

153 1234 276 1261 bitentin
297 1233 379 1260 ramis
400 1234 458 1267 ejus
475 1233 508 1261 ".
525 1243 534 1260 ι
552 1233 591 1260 [ta
603 1238 630 1260 et
645 1234 689 1260 hic
708 1240 800 1261 sermo
815 1233 942 1268 qttinunc

152 1280 230 1308 nobis
248 1288 281 1307 ex
298 1280 400 1307 divinis
415 1280 598 1307 voluminibus
613 1279 743 1307 recitatus
762 1283 813 1311 est,
829 1279 851 1306 si
868 1279 941 1313 peri-

153 1331 208 1353 tum
232 1326 354 1353 inveniat
375 1330 404 1353 et
432 1325 589 1360 diligentem
610 1325 746 1359 colonum,
767 1333 827 1353 cum
853 1325 942 1360 primo

153 1377 254 1399 attactu
270 1372 396 1399 videatur
409 1372 521 1406 exiguus
529 1376 555 1398 et
566 1371 667 1404 brevis,
684 1376 713 1398 ut
730 1372 844 1404 ccepcrit
854 1371 942 1399 excoli

153 1424 179 1445 et
198 1418 359 1453 spiritaliter
372 1418 496 1449 tractari,
512 1417 612 1445 crescit
637 1418 665 1444 in
690 1417 825 1450 arborem,
850 1417 877 1444 in
896 1425 939 1444 ra-

153 1473 211 1493 mos
227 1468 255 1492 et
272 1465 299 1491 in
317 1464 434 1499 virgulta
453 1463 628 1497 ditinnditur;
641 1464 675 1490 ita
688 1468 717 1490 ut
734 1464 840 1498 possint
850 1463 943 1491 venire

153 1512 347 1546 disputatores,
371 1510 506 1543 rhetores,
523 1515 645 1537 oratores
670 1509 748 1543 hujus
770 1509 860 1537 mundi
874 1509 942 1545 (7t),

153 1559 198 1593 qui
212 1558 287 1585 velut
302 1565 366 1584 aves
380 1557 442 1584 cceli
460 1557 564 1584 levibus
587 1557 693 1591 pennis,
710 1557 856 1583 verborum
874 1557 942 1584 dun-

153 1609 229 1632 taxat
245 1611 355 1639 pompa,
371 1602 477 1630 excelsa
491 1607 631 1630 sectantur
643 1607 670 1629 et
681 1602 776 1633 ardua,
789 1607 816 1630 et
830 1603 944 1631 rationi-

153 1651 203 1678 bus
217 1650 291 1685 capti
307 1649 392 1676 velint
413 1649 535 1676 habitare
553 1649 577 1675 in
604 1649 688 1675 ramis
711 1649 781 1681 istis,
796 1648 823 1675 in
846 1650 944 1683 quibus

153 1706 206 1725 non
223 1696 350 1732 loquendi
364 1697 445 1723 decor
457 1699 509 1728 est,
522 1695 568 1722 sed
583 1695 652 1722 ratio
665 1695 782 1722 vivendi.
793 1695 863 1729 Quid
878 1703 944 1731 ergo

155 1744 288 1771 faciemus
298 1748 325 1769 et
336 1750 386 1770 nos
396 1742 430 1769 de
446 1742 557 1777 hisquaa
568 1741 634 1768 lecta
646 1745 709 1768 sunt
719 1740 816 1769 nobis?
832 1741 860 1769 Si
877 1742 943 1769 mibi

157 1790 286 1816 Dominus
302 1789 452 1815 concedere
466 1788 622 1822 dignaretur
635 1788 763 1821 spiritalis
780 1789 836 1820 agri
855 1789 942 1815 cultu-

156 1844 191 1862 r.e
203 1836 386 1869 disciplinam,
410 1835 432 1861 si
460 1835 583 1868 peritiam
602 1835 707 1861 colendi
734 1835 803 1861 ruris
820 1836 942 1867 donaret,

156 1890 224 1909 unus
238 1889 330 1909 sermo
345 1888 377 1907 ex
392 1881 433 1907 his
446 1889 505 1915 quae
523 1881 633 1907 recitata
649 1886 711 1907 Stllll
725 1882 750 1907 in
760 1886 863 1907 tantum
880 1889 943 1914 pos-

156 1935 196 1957 set
217 1930 296 1964 longe
316 1929 423 1962 lateque
449 1927 572 1959 diffundi,
598 1928 619 1954 si
644 1933 731 1954 tamen
749 1932 776 1954 et
790 1928 943 1954 auditorum

156 1977 294 2010 capacitas
310 1976 423 2006 sineret,
441 1979 469 2000 ut
481 1975 524 2000 vix
541 1973 617 2000 nobis
633 1975 665 2000 ad
681 1974 870 2008 explicandum
887 1975 944 2000 suf~

157 2023 249 2050 ﬁceret
263 2023 330 2048 dies.
350 2021 530 2048 Tentabimus
551 2027 639 2047 tamen
664 2029 711 2053 pro
728 2021 831 2047 viribus
846 2021 945 2047 nostris

156 2068 243 2104 aliqua
255 2068 404 2099 disserere,
424 2068 505 2094 etiam
527 2068 548 2094 si
563 2075 649 2100 neque
666 2067 742 2094 nobis
757 2068 880 2093 universa
896 2075 943 2093 ex-

157 2114 270 2148 plicare,
299 2122 386 2148 neque
405 2114 481 2140 vobis
506 2119 603 2140 cuneta
622 2114 715 2139 audire
738 2113 865 2147 possibile
893 2118 944 2139 est.

156 2161 225 2193 Quia
239 2165 267 2186 et
283 2165 334 2186 hoc
348 2161 435 2194 ipsum
452 2166 609 2193 agnoscere,
626 2160 697 2193 quod
716 2166 795 2192 supra
811 2160 883 2185 vires
900 2167 946 2184 no-

991 909 1091 936 bitaret
1106 908 1154 940 ibi,
1171 912 1197 935 et
1215 908 1241 934 in
1260 907 1385 942 Assyrios
1403 908 1428 934 vi
1444 907 1576 934 abductus
1588 913 1629 934 est
1643 906 1698 943 (72)
1714 907 1748 934 ι’.
1768 918 1777 934 ι

992 954 1022 981 Si
1036 955 1096 988 quis
1110 961 1175 988 ergo
1186 958 1273 988 potest
1290 953 1405 980 invicem
1422 953 1472 980 sibi
1490 954 1539 980 ista
1558 953 1693 986 conferre,
1709 958 1736 981 et
1746 962 1780 981 ex

992 1002 1035 1029 bis
1050 1009 1110 1036 qua:
1122 1000 1164 1028 vel
1177 1008 1192 1027 a
1201 1000 1336 1036 prioribus
1349 1000 1461 1032 nostris,
1480 1001 1520 1028 vel
1534 1001 1614 1028 etiam
1627 1009 1641 1028 a
1657 1009 1782 1036 cotequa-

992 1048 1074 1080 libus,
1089 1049 1135 1075 sed
1151 1052 1177 1075 et
1191 1055 1206 1074 a
1233 1047 1310 1075 nobis
1326 1055 1520 1082 nonnunquam
1545 1048 1681 1082 disputata
1705 1053 1780 1081 sunt.

993 1095 1143 1130 intelligere
1159 1095 1256 1129 poterit
1271 1102 1330 1129 quae
1346 1095 1383 1121 sit
1403 1094 1539 1130 .Egyptus
1558 1096 1584 1122 in
1599 1103 1678 1130 quam
1694 1103 1779 1131 popu-

993 1141 1034 1168 lus
1052 1141 1097 1169 Dei
1116 1150 1168 1168 non
1194 1146 1247 1168 tam
1262 1141 1295 1168 ad
1314 1141 1488 1168 habitandum
1509 1149 1588 1176 quam
1609 1142 1641 1169 ad
1659 1142 1780 1170 incolen-

993 1188 1056 1215 dum
1072 1188 1221 1220 descendit,
1236 1189 1283 1223 qui
1297 1188 1378 1215 etiam
1394 1189 1448 1215 sint
1462 1189 1576 1223 Assyrii,
1598 1189 1644 1222 qui
1663 1197 1710 1217 eos
1726 1190 1780 1216 vim

993 1234 1125 1262 facientes
1139 1235 1320 1267 abduxerunt,
1338 1239 1538 1269 consequenter
1555 1236 1675 1263 advertet
1701 1235 1781 1271 130

993 1281 1055 1316 quis
1081 1281 1116 1308 sit
1139 1281 1355 1315 patriarcharum
1384 1288 1515 1308 numerus
1538 1286 1566 1309 et
1588 1283 1666 1316 ordo,
1687 1290 1782 1316 quaeve

993 1335 1085 1355 eorum
1098 1327 1194 1354 donms
1213 1326 1361 1354 etfamiliae
1374 1327 1559 1362 designentur,
1578 1335 1638 1363 quae
1652 1336 1703 1355 una
1719 1336 1780 1356 cum

993 1372 1077 1401 Iacob
1099 1377 1176 1407 patre
1201 1381 1251 1401 suo
1276 1374 1406 1407 ingressa:
1431 1374 1560 1402 dicuntur
1577 1375 1604 1402 in
1621 1375 1778 1411 Egyptum.

994 1419 1139 1447 Descendit
1154 1421 1225 1446 enim
1243 1419 1338 1446 Ruben
1351 1427 1412 1446 cum
1429 1424 1484 1447 tota
1504 1421 1584 1449 domo
1600 1430 1660 1455 sua,
1677 1428 1704 1450 et
1715 1422 1780 1450 Levi

994 1473 1057 1493 eum
1075 1470 1130 1493 tota
1151 1466 1231 1493 domo
1251 1473 1311 1497 sua,
1330 1468 1376 1494 sed
1397 1472 1424 1494 et
1445 1468 1535 1494 caeteri
1557 1475 1663 1496 omnes.
1681 1468 1779 1504 Joseph

996 1516 1097 1543 autem,
1114 1512 1211 1546 inquit,
1228 1518 1286 1539 erat
1304 1513 1330 1539 in
1345 1512 1472 1548 Egypto,
1490 1518 1516 1541 et
1532 1521 1642 1542 uxorem
1656 1515 1689 1542 de
1697 1514 1781 1551 {Egy-

995 1562 1042 1593 pto
1054 1559 1168 1593 accepit,
1182 1563 1209 1585 et
1221 1559 1326 1586 licetibi
1339 1561 1451 1593 positus,
1466 1564 1555 1587 tamen
1569 1560 1596 1587 in
1614 1561 1783 1595 patriarcha-

995 1611 1055 1630 rum
1072 1611 1184 1631 numero
1202 1605 1325 1632 habetur.
1341 1606 1369 1632 Si
1397 1606 1458 1639 quis
1478 1613 1542 1640 ergo
1561 1611 1650 1639 potest
1670 1608 1778 1641 spirita-

995 1648 1057 1676 liter
1076 1649 1127 1677 ista
1147 1650 1283 1678 discutere
1300 1650 1453 1685 etApostoli
1470 1658 1580 1678 sensum
1596 1652 1671 1687 sequi
1684 1651 1784 1687 ",qno

995 1695 1126 1722 discernit
1141 1702 1168 1724 et
1185 1700 1311 1732 segregat
1325 1696 1418 1729 Israel,
1443 1702 1470 1724 et
1486 1697 1552 1724 dicit
1569 1705 1629 1725 esse
1638 1698 1781 1732 quemdam

995 1742 1144 1769 secundum
1163 1749 1274 1769 carnem
1296 1742 1392 1775 ISrael,
1406 1748 1434 1770 ut
1448 1743 1531 1770 alium
1543 1744 1602 1771 sine
1618 1744 1699 1772 dubio
1712 1745 1783 1772 imii-

996 1792 1040 1815 cet
1052 1795 1112 1815 esse
1132 1789 1281 1815 secundum
1297 1788 1440 1823 spiritum;
1461 1789 1508 1816 sed
1524 1789 1585 1816 etsi
1601 1789 1662 1824 quis
1679 1797 1784 1816 sermo-

997 1843 1058 1862 nem
1078 1834 1184 1862 Domini
1196 1835 1351 1868 diligentius
1368 1834 1529 1866 consideret,
1545 1836 1617 1869 quod
1633 1836 1684 1863 hoc
1695 1836 1783 1870 ipsum

997 1882 1120 1916 designat
1142 1889 1204 1908 cum
1226 1881 1291 1908 dicit
1314 1881 1347 1909 de
1364 1881 1482 1916 quodam
1498 1881 1544 1908 ":
1570 1891 1580 1908 ι
1601 1881 1671 1909 Ecce
1700 1889 1785 1910 verus

997 1928 1134 1961 Israelita,
1162 1929 1189 1956 in
1213 1935 1266 1963 quo
1288 1928 1366 1956 dolus
1388 1935 1441 1956 non
1455 1933 1510 1960 est;
1532 1938 1541 1954 )
1560 1933 1587 1956 et
1601 1928 1646 1955 dat
1671 1928 1785 1962 intelligi

997 1982 1057 2002 esse
1076 1975 1182 2009 aliquos
1197 1982 1276 2002 veros
1289 1974 1441 2006 lsraelitas,
1455 1975 1562 2009 aliquos
1571 1975 1629 2002 sine
1641 1974 1723 2002 dubio
1733 1983 1784 2001 non

997 2028 1097 2054 veros;
1124 2022 1224 2056 poterit
1242 2020 1359 2048 fortasse
1378 2021 1548 2055 spiritalibus
1571 2021 1702 2056 spiritalia
1719 2029 1786 2048 cou-

998 2068 1089 2095 ferens
1117 2072 1145 2094 et
1163 2067 1240 2094 novis
1258 2071 1349 2093 vetera
1368 2075 1400 2094 ac
1421 2067 1561 2094 veteribus
1586 2074 1656 2094 nova
1674 2074 1786 2101 compa-

999 2121 1076 2146 nens,
1100 2113 1260 2148 mysterium
1275 2112 1384 2148 [Egypti
1397 2117 1425 2139 et
1443 2113 1660 2147 patriarcharum
1677 2113 1704 2140 in
1726 2121 1785 2140 eam

999 2159 1182 2188 descensionis
1199 2159 1256 2194 (75)
1274 2160 1428 2186 advertere.
1445 2158 1497 2185 Sed
1511 2164 1538 2186 et
1557 2158 1724 2185 dilferentias
1739 2159 1787 2185 tri-

156 2212 228 2234 stras
255 2207 290 2233 sit
306 2207 401 2233 horum
425 2206 548 2237 scientia,
564 2214 616 2232 non
637 2213 725 2238 parva:
740 2206 858 2232 arbitror
888 2213 946 2231 esse
963 2215 985 2242 Ῑ)
1000 2207 1082 2233 buum
1104 2204 1341 2239 contemplabitur,
1361 2209 1391 2231 ut
1406 2204 1535 2238 conjiciat
1560 2204 1626 2239 quid
1656 2203 1786 2231 eximium

156 2253 271 2288 peritiae.
290 2252 434 2280 Videamus
448 2260 511 2287 ergo
524 2252 587 2286 quid
604 2252 694 2278 statim
711 2252 736 2277 in
753 2252 836 2278 initiis
859 2252 946 2278 Exodi

158 2300 238 2326 lectio
252 2300 401 2330 contineat,
411 2303 438 2324 et
452 2306 504 2331 qua
519 2305 660 2331 possumus
675 2297 806 2324 brevitate
816 2304 945 2332 quantum

159 2347 190 2372 ad
206 2346 414 2372 aedificationem
429 2345 583 2370 auditorum
607 2344 714 2375 suﬂieit,
731 2351 945 2377 persequamur;

159 2392 180 2418 si
208 2397 299 2418 tamen
327 2391 452 2425 precibus
478 2390 574 2416 vesttis
600 2390 710 2423 juvetis,
733 2395 760 2416 ut
787 2391 948 2417 adsitnoliis

160 2446 249 2465 sermo
275 2438 334 2465 Dei.
352 2443 380 2464 et
406 2437 463 2471 ipse
479 2437 530 2463 dux
550 2436 636 2463 nostri
665 2437 788 2470 dignetur
809 2445 868 2464 esse
887 2445 947 2464 ser—

161 2484 258 2510 monis.

194 2530 220 2557 2.
237 2539 246 2554 ε
268 2529 330 2556 llaec
350 2534 423 2561 sunt,
441 2528 528 2563 inquit
549 2528 581 2560 ⁸⁸,
601 2528 709 2554 nomina
724 2528 840 2554 ﬁliorum
856 2528 947 2559 Israel,

160 2577 203 2610 qui
216 2576 331 2610 ingressi
348 2581 411 2602 sunt
426 2576 451 2602 in
464 2575 611 2609 rligyptum
627 2582 680 2600 una
698 2581 759 2600 eum
776 2573 859 2600 .lacob
872 2579 948 2608 patre

161 2632 220 2655 suo,
237 2626 422 2658 unusquisque
434 2631 496 2650 cum
519 2623 646 2649 universa
666 2624 746 2649 domo
761 2630 808 2648 sua
827 2622 947 2648 intrave-

161 2676 234 2702 runt,
252 2669 357 2702 Ruben,
373 2669 494 2703 Simeon,
511 2669 586 2702 Levi,
607 2668 703 2701 ludas,
725 2678 733 2694 ι
756 2674 782 2695 ct
795 2669 885 2695 caeteri
900 2677 948 2703 pa-

515 2738 631 2766 “Exod.
645 2746 664 2770 ι,
684 2736 749 2769 1,2.

197 2801 252 2837 (7f)
279 2801 324 2828 Sic
346 2808 413 2828 mss.
431 2800 516 2833 Alias,
540 2809 549 2826 ι
569 2800 755 2835 disputatores
778 2804 805 2826 et
825 2799 949 2827 rhetores

165 2836 239 2869 hujus
251 2836 354 2863 mundi.
378 2845 387 2861 ι

198 2871 251 2907 (72)
269 2873 380 2905 Aliquot
402 2878 479 2901 mss.,
506 2880 514 2896 ί
531 2876 558 2897 ut
575 2871 716 2907 habitaret
730 2871 766 2896 illi
784 2877 810 2896 et
824 2871 949 2907 Assyrio:

167 2905 222 2933 rum
243 2905 275 2934 'Vi
303 2907 436 2933 abductus
466 2912 517 2932 est.
536 2917 545 2931 ›
574 2905 655 2932 Paulo
683 2912 742 2940 pust
774 2915 850 2939 mss,
880 2916 887 2930 ‹
910 2906 950 2932 \‘el

319 2953 457 2982 ΡΔτιωι..
481 2953 537 2983 Gn.
562 2953 632 2982 Xll.

200 2740 221 2756 "
239 2739 337 2767 Matth.
355 2747 416 2770 xnt.
431 2739 476 2766 52.

791 2737 812 2752 λ’
855 2737 904 2764 lsa.
934 2738 1023 2772 “1,5.
1060 2737 1112 2764 '°l
1136 2738 1201 2766 Cor.
1216 2746 1245 2771 ι,
1268 2736 1312 2764 18.

999 2253 1087 2279 visum
1101 2253 1136 2279 sit
1151 2253 1177 2279 in
1197 2252 1268 2279 tribu
1283 2251 1359 2284 Levi,
1372 2253 1442 2286 quod
1457 2259 1490 2278 ex
1513 2259 1546 2279 ea
1560 2251 1716 2279 sacerdotes
1734 2251 1787 2278 Do-

1000 2299 1066 2326 mini
1091 2299 1226 2333 eliguntur
1251 2306 1283 2325 ac
1306 2298 1441 2330 ministri;
1472 2297 1536 2331 quid
1562 2297 1645 2324 etiam
1667 2297 1694 2324 in
1715 2298 1787 2324 tribu

998 2344 1064 2372 Juda
1080 2344 1244 2378 praecipuum
1259 2343 1388 2370 Dominus
1399 2343 1526 2374 senserit,
1539 2343 1609 2377 quod
1620 2349 1651 2369 ex
1664 2349 1695 2369 ea
1711 2350 1788 2377 reges

999 2395 1175 2418 assumuntur
1199 2395 1226 2416 et
1245 2390 1402 2425 principes;
1423 2394 1450 2416 et
1476 2389 1547 2423 quod
1569 2393 1610 2416 est
1626 2389 1712 2423 majus
1729 2396 1779 2415 om-

999 2437 1086 2469 nium,
1102 2437 1172 2471 quod
1187 2443 1220 2463 ex
1237 2436 1292 2470 ipsa
1309 2436 1392 2462 etiam
1420 2435 1548 2461 Dominus
1562 2440 1589 2461 et
1606 2434 1730 2461 Salvator
1745 2443 1788 2461 no-

998 2488 1055 2511 ster
1080 2484 1228 2510 secundum
1252 2490 1363 2510 carnem
1387 2483 1517 2509 nascitur.
1540 2481 1638 2508 Nescio
1664 2482 1736 2508 enim
1765 2481 1787 2508 si

998 2529 1185 2565 hujuscemodi
1204 2530 1343 2564 privilegia
1359 2529 1391 2555 ad
1408 2529 1515 2555 illorum
1532 2529 1629 2554 merita
1643 2528 1787 2555 referenda

997 2577 1062 2609 sint,
1077 2584 1110 2602 ex
1123 2584 1237 2610 quorum
1256 2576 1341 2609 stirpe
1353 2582 1451 2602 nomen
1467 2574 1509 2601 vel
1523 2574 1655 2609 originem
1673 2574 1786 2605 ducunt,

998 2623 1025 2650 id
1047 2628 1088 2651 est
1106 2623 1146 2649 vel
1171 2622 1205 2649 ad
1230 2622 1317 2656 ipsum
1339 2620 1447 2653 Judam,
1471 2621 1514 2648 vel
1533 2621 1567 2648 ad
1597 2620 1672 2653 Levi,
1692 2620 1733 2647 vel
1755 2620 1788 2646 ad

998 2675 1219 2703 unumquemque
1233 2675 1340 2701 eorum,
1358 2668 1404 2703 qui
1424 2667 1503 2695 tribui
1518 2675 1617 2695 nomen
1635 2666 1717 2694 dedit.
1733 2665 1789 2693 Mo-

1350 2737 1373 2753 "
1393 2736 1471 2765 Joan.
1494 2746 1513 2770 ι,
1531 2738 1573 2765 ιγ.

1003 2799 1085 2862 ﬂiam
1098 2807 1111 2826 a
1125 2799 1318 2834 corequalibus.
1338 2809 1348 2826 ι
1363 2799 1447 2832 Alias,
1466 2809 1475 2826 ι
1493 2800 1535 2828 vel
1550 2800 1632 2827 etiam
1645 2800 1678 2826 ah
1697 2806 1788 2833 {equa-

1014 2843 1083 2862 llUS.
1107 2845 1116 2861 1

1014 2843 1083 2862 Inus.
1107 2845 1116 2861 ι

1040 2871 1094 2905 (75)
1111 2871 1196 2902 Alias,
1214 2880 1223 2896 ι
1243 2869 1459 2898 descensionem.
1477 2881 1486 2896 ι

1598 2951 1636 2979 10
