4050 6142
482 253 593 310 299

1936 260 2095 319 01’th
2104 261 2260 320 ISle

3640 278 3747 336 300

483 395 577 438 vet
605 382 749 438 enim
788 397 874 436 me
906 381 958 436 in
983 382 1087 435 hac
1126 382 1427 438 intentione
1454 391 1509 439 et
1538 382 1691 448 illud,
1738 386 1879 453 quod
1906 385 2073 441 Joan-
2100 393 2147 447 A
2175 388 2411 457 habere,
2460 399 2555 448 ant
2593 401 2888 464 nequeunt.
2934 394 3181 467 Denique
3237 396 3426 453 statim
3474 397 3528 452 in
3580 400 3748 459 initiis

481 487 584 528 nos
623 474 674 526 in
705 472 1027 542 Apocalypsi
1057 473 1122 527 dc
1156 471 1352 542 populo
1381 473 1485 528 hoc
1512 474 1605 543 qui
1638 472 1853 529 Christo
1881 475 2059 530 credi-

482 564 581 629 dit,
606 564 794 618 scribit
824 563 890 618 ".
920 563 1059 618 Dicit
1085 564 1228 617 enim
1250 564 1376 634 quia
1409 579 1477 619 ex
1510 566 1651 620 tribu
1684 565 1873 621 Ruben
1917 567 2057 622 duo-

479 654 655 709 decim
692 654 880 722 millia,
904 670 971 711 ex
1008 655 1147 710 tribu
1194 655 1415 711 Simeon
1446 656 1731 712 duodecim
1760 658 1951 722 millia,
1982 659 2058 714 si-

476 746 681 803 militer
727 758 907 802 autem
956 756 1009 802 et
1058 763 1126 802 ex
1177 747 1405 819 singulis
1458 749 1763 819 quibusque
1807 753 2054 809 tribubus

472 842 723 898 duodena
757 842 944 908 millia,
967 858 1102 913 quos
1128 843 1287 899 simul
1310 858 1499 897 omnes
1525 843 1659 897 dicit
1689 859 1811 899 esse
1836 856 2051 901 centum

473 935 839 1006 quadraginta
893 945 1128 1006 quatuor
1169 936 1360 1003 millia,
1383 937 1475 1006 qui
1506 953 1565 993 se
1588 953 1710 993 cum
1737 938 2053 994 mulieribus

472 1043 581 1083 non
599 1028 1088 1099 coinquinaverint,
1106 1031 1198 1085 sed
1214 1029 1449 1094 virgines
1465 1031 1879 1100 permanserint.
1897 1030 2049 1098 Quod

471 1121 662 1190 utique
713 1136 838 1175 cum
888 1121 1110 1191 dicitur,
1163 1135 1261 1176 nec
1304 1122 1701 1193 qualiscunque
1749 1125 1834 1179 vel
1868 1125 2047 1196 inepta

471 1221 655 1285 potest
678 1229 800 1269 esse
833 1216 1070 1282 suspicio
1115 1216 1247 1285 quin
1280 1218 1346 1271 ad
1377 1218 1506 1273 istas
1535 1219 1707 1275 tribus
1739 1217 2046 1276 Judaaorum

469 1306 717 1373 Simeon,
741 1315 797 1360 et
825 1306 977 1374 Levi,
998 1317 1054 1362 et
1080 1318 1304 1363 caeteras
1329 1326 1448 1380 qua:
1469 1311 1535 1366 de
1561 1310 1728 1367 Jacob
1756 1328 1926 1383 genus
1946 1315 2048 1369 du-

466 1407 625 1463 cunt,
676 1398 888 1467 possint
940 1400 1207 1454 revocari.
1238 1400 1317 1454 Ad
1365 1416 1503 1470 quos
1528 1403 1692 1474 igitur
1723 1415 1903 1474 patres
1945 1408 2049 1463 iste

468 1503 728 1545 numerus
756 1489 1031 1558 virginum
1059 1488 1375 1546 referendus
1396 1494 1486 1555 sit,
1515 1502 1622 1547 tam
1661 1497 1912 1564 :cqnalis,
1937 1507 2044 1553 tam

466 1584 703 1655 integer,
742 1594 961 1653 tamque
1009 1585 1368 1654 compositus,
1414 1586 1485 1640 ita
1546 1596 1604 1641 ut
1659 1589 1840 1643 nullus
1871 1590 2046 1646 altero

466 1678 716 1747 superior
758 1685 850 1731 aut
879 1676 1104 1733 inferior
1155 1688 1491 1742 numeretur,
1535 1693 1636 1747 ego
1670 1681 1889 1750 quidem
1914 1698 2045 1751 pro-

2162 481 2279 550 ipse
2304 481 2479 537 Adam
2506 483 2637 554 quid
2683 485 2815 540 dicit
2840 485 2995 557 (76)?
3043 505 3063 539 ι
3100 488 3214 545 Hoc
3243 505 3388 545 nunc
3413 506 3476 547 os
3504 492 3574 548 de
3607 497 3749 552 ossi-

2156 574 2261 630 bus
2306 574 2461 636 meis,
2502 586 2557 631 et
2613 591 2744 632 caro
2786 578 2853 634 de
2880 593 3047 636 carne
3093 597 3211 637 mea
3250 582 3318 647 ",
3355 602 3376 636 ι
3428 600 3530 639 nec
3562 596 3742 644 tamen

2157 665 2365 719 addidit
2391 682 2406 721 :
2432 665 2496 721 Et
2538 667 2721 721 anima
2756 670 2825 724 de
2866 669 3046 725 anima
3089 688 3230 727 mea.
3263 673 3371 729 Sed
3395 678 3561 731 velim
3612 682 3746 736 mihi

2156 755 2389 818 diceres,
2416 770 2449 809 ο
2481 755 2676 822 Adam,
2705 758 2750 812 si
2784 774 2846 814 os
2874 760 2940 815 de
2971 761 3076 816 tuis
3108 763 3322 818 ossibus
3365 768 3663 836 agnovisti,
3691 780 3749 824 et

2155 862 2374 902 carnem
2419 847 2486 903 de
2513 858 2604 904 tua
2636 865 2803 905 carne
2852 852 3092 919 sensisti,
3139 870 3237 909 cur
3277 871 3383 911 non
3424 858 3747 918 intellexisti

2152 940 2315 995 etiam
2343 941 2581 995 animam
2605 942 2671 996 de
2706 952 2797 997 tua
2831 945 3013 998 anima
3065 950 3441 1015 processisse?
3476 952 3536 1006 Si
3593 953 3745 1009 enim

2152 1033 2335 1087 omnia
2379 1049 2499 1103 qua:
2529 1032 2583 1088 in
2624 1043 2675 1089 te
2721 1045 2879 1090 crant
2918 1038 3209 1105 tradidisti,
3258 1058 3357 1096 cur
3403 1026 3512 1100 non
3570 1047 3743 1101 etiam

2152 1126 2351 1179 anima:
2382 1125 2515 1179 facis
2567 1141 2690 1181 cum
2742 1128 2957 1184 caeteris
2983 1133 3337 1199 mentionem,
3379 1149 3500 1205 qua:
3547 1138 3745 1193 melior

2151 1217 2320 1271 totius
2360 1217 2594 1273 hominis
2640 1234 2768 1288 pars
2802 1221 2926 1276 est?
2980 1223 3087 1278 Sed
3119 1224 3335 1279 videtur
3367 1242 3467 1295 per
3504 1229 3622 1285 haec
3656 1231 3747 1285 in-

2152 1307 2521 1379 telligentibus
2552 1309 2818 1366 indicium
2872 1312 3027 1380 dare,
3055 1317 3199 1385 quod
3234 1316 3345 1388 (77)
3382 1334 3505 1374 cum
3563 1322 3746 1379 dicit:

2155 1419 2175 1452 ι
2212 1401 2285 1457 Os
2318 1402 2385 1457 de
2419 1404 2636 1459 ossibus
2666 1404 2823 1474 meis,
2847 1414 2904 1460 et
2935 1422 3067 1463 caro
3106 1412 3173 1464 de
3199 1425 3365 1467 carne
3391 1428 3532 1482 mea,
3567 1432 3587 1466 ›
3615 1430 3745 1486 quae

2149 1494 2215 1548 de
2243 1503 2384 1549 terra
2411 1506 2538 1550 sunt
2556 1510 2653 1550 sua
2677 1512 2799 1552 esse
2826 1498 3092 1568 profiteri,
3122 1517 3229 1556 non
3263 1505 3467 1561 audere
3489 1521 3616 1561 vero
3635 1522 3742 1562 sua

2149 1584 2328 1640 dicere
2371 1601 2491 1657 qua:
2519 1589 2624 1643 scit
2661 1604 2768 1644 non
2815 1605 2940 1645 esse
2973 1592 3040 1645 de
3085 1603 3250 1648 terra.
3287 1594 3393 1650 Sed
3442 1606 3497 1650 et
3542 1596 3735 1652 Labau

2148 1677 2398 1735 similiter
2427 1696 2549 1735 cum
2581 1683 2715 1737 dicit
2755 1684 2820 1738 ad
2857 1682 3046 1751 Jacob,
3072 1687 3335 1755 quoniam
3371 1705 3391 1740 ι
3426 1703 3490 1744 os
3528 1705 3739 1757 meum,

465 1772 617 1842 gredi
646 1771 788 1826 ultra
830 1771 1157 1840 inquirendo
1210 1787 1316 1826 non
1350 1774 1545 1839 audeo,
1577 1774 1670 1829 sed
1696 1785 1749 1829 et
1777 1775 2040 1832 hactenus
2072 1760 2115 1815 Β
2146 1781 2200 1825 el
2225 1787 2353 1828 caro
2383 1788 2501 1828 mea
2531 1788 2592 1828 es
2621 1783 2673 1828 tu
2698 1776 2768 1841 “,
2806 1794 2824 1827 ι
2858 1791 2959 1831 nec
2999 1778 3116 1847 ipse
3142 1779 3376 1847 amplius
3409 1780 3619 1851 aliquid
3650 1784 3738 1836 vi-

462 1880 761 1934 pene-eum
793 1863 976 1935 aliquo
1022 1865 1334 1919 discrimine
1369 1866 1581 1921 incedo.
1617 1869 1912 1936 Aposwlus
1962 1879 2041 1925 ta-

460 1971 589 2012 men
617 1957 881 2026 quasdam
908 1956 1243 2027 suspiciones
1274 1957 1358 2012 his
1383 1958 1473 2027 qui
1509 1958 1673 2015 altius
1692 1962 1889 2018 intueri
1914 1978 2041 2030 pos-

460 2059 608 2117 sunt,
639 2049 891 2117 subjecit,
915 2065 1038 2105 eum
1078 2049 1211 2103 dicit
1238 2048 1285 2082 ⁸³
1313 2066 1328 2103 :
1363 2069 1381 2102 ε
1420 2050 1653 2122 Propter
1686 2054 1830 2122 quod
1873 2052 2034 2111 ﬂecto

460 2158 637 2212 genua
664 2158 785 2198 mea
831 2144 896 2197 ad
924 2143 1144 2199 Patrem
1176 2146 1388 2199 Domini
1424 2146 1596 2200 nostri
1624 2144 1753 2202 Jesu
1806 2148 2037 2214 Christi,

457 2255 525 2294 ex
552 2255 663 2308 quo
691 2239 871 2294 omnis
906 2240 1203 2308 paternitas
1236 2239 1287 2293 in
1323 2240 1478 2294 οωιιε
1504 2241 1635 2293 etin
1672 2250 1817 2293 terra
1856 2243 2034 2294 numi-

460 2341 639 2387 natur.
675 2351 695 2385 ι
734 2333 799 2387 Ει
828 2335 1043 2401 quidem
1088 2332 1153 2386 de
1200 2333 1437 2386 terrenis
1494 2334 1915 2400 paternitatibus
1954 2336 2037 2389 in-

457 2424 706 2480 tellectus
734 2440 841 2479 non
873 2426 1086 2479 videtur
1114 2437 1238 2478 esse
1277 2422 1513 2478 dillicilis
1554 2440 1568 2476 :
1605 2434 1789 2494 patres
1831 2426 2035 2480 etenim

436 2518 696 2581 tribuum
722 2517 804 2573 vel
829 2518 1134 2580 domorum,
1154 2516 1219 2569 ad
1242 2531 1379 2585 quos
1403 2518 1681 2572 successio
1698 2519 2036 2586 posteritatis

455 2610 712 2677 refertur,
765 2610 928 2665 simul
957 2610 1135 2665 omnis
1169 2609 1469 2679 paternitas
1520 2609 1862 2679 appellantur
1893 2610 2032 2680 (74).

453 2703 512 2757 1η
541 2703 680 2759 coelo
710 2718 839 2759 vero
865 2704 1006 2773 quod
1043 2702 1196 2768 dicit,
1228 2702 1501 2771 quomodo
1529 2711 1621 2756 aut
1651 2702 1890 2773 qualiter
1920 2704 2035 2760 sint

454 2805 659 2865 patres,
704 2805 801 2850 aut
834 2810 932 2864 pro
964 2794 1161 2864 quibus
1213 2792 1623 2861 posteritatibus
1664 2793 1904 2850 calcatis
1935 2809 2030 2865 pa-

454 2888 681 2942 ternitas
735 2887 1068 2948 nominetur,
1116 2885 1284 2952 ipsius
1326 2895 1410 2939 est
1446 2899 1606 2939 nosse
1657 2886 1850 2951 solius,
1878 2886 2035 2955 cujus

457 2996 477 3030 ι
517 2978 713 3032 coelum
738 2978 859 3033 coeli
887 2988 989 3042 est,
1024 2986 1220 3031 terram
1274 2987 1454 3030 autem
1485 2976 1635 3033 dedit
1676 2977 1803 3033 [iliis
1851 2979 2032 3034 homi-

453 3089 580 3126 num
609 3072 676 3123 ⁸³.
717 3090 737 3122 ι

521 3167 579 3221 5.
610 3163 1013 3219 Descendernnt
1034 3163 1231 3227 ergoin
1257 3161 1553 3234 zEgyptum
1589 3172 1792 3232 patres,
1812 3165 2026 3228 Ruben,

451 3257 697 3317 Simeon,
755 3254 907 3320 Levi,
963 3274 982 3305 ι
1046 3258 1419 3326 unusquisque
1478 3272 1603 3310 cum
1670 3259 1818 3312 omni
1868 3258 2029 3314 domo

442 3369 548 3406 sua
569 3351 636 3405 ⁸⁵.
675 3369 695 3403 ο
725 3350 1004 3416 Quomodo
1037 3350 1163 3419 quis
1189 3361 1244 3404 et
1274 3352 1375 3405 hoc
1405 3351 1693 3417 edisserat,
1723 3352 1866 3420 quod
1901 3365 2027 3405 cum

438 3445 596 3500 omni
657 3443 818 3498 domo
848 3456 945 3496 sua
979 3441 1305 3497 introierunt
1336 3443 1388 3496 in
1432 3440 1764 3513 IEgyptum?
1819 3441 2027 3509 Quibus

448 3538 666 3591 additur
691 3534 805 3606 (75)
840 3552 855 3589 :
903 3551 923 3586 ι
963 3532 1029 3587 Ει
1078 3548 1294 3601 omnes,
1327 3532 1528 3603 inquit,
1558 3531 1754 3586 anima:
1780 3546 1898 3600 qua:
1940 3531 2026 3584 in-

448 3628 717 3683 troierunt
752 3641 876 3681 cum
919 3624 1108 3689 Jacob,
1154 3639 1318 3678 Lxxv.
1365 3643 1385 3677 ι
1422 3623 1524 3678 llic
1547 3623 1660 3694 jam
1692 3624 2027 3678 nominando

444 3723 659 3776 animas
693 3733 830 3789 pene
875 3719 1175 3773 nudaverat
1217 3717 1544 3788 mysterium
1573 3730 1760 3770 sermo
1789 3716 2027 3786 prophe-

445 3813 588 3868 ticus
631 3813 775 3881 quod
829 3811 1029 3880 ubique
1073 3816 1416 3870 contexerat,
1463 3816 1523 3859 ut
1573 3808 1829 3875 proderet
1880 3805 2027 3875 quod

444 3919 552 3958 non
578 3902 645 3958 de
676 3901 1015 3972 corporibus,
1036 3901 1132 3954 sed
1164 3899 1230 3953 de
1257 3897 1550 3952 animabus
1573 3897 1686 3952 haec
1729 3896 1884 3951 dicit.
1917 3897 2023 3952 Ve-

443 4005 751 4049 rumtamen
782 3995 941 4049 habet
964 3994 1137 4048 adhuc
1170 3991 1416 4045 velamen
1447 4004 1630 4045 suum.
1663 3988 1720 4043 In
1753 4005 1851 4043 usu
1868 4004 2025 4044 nam-

442 4104 550 4158 que
581 4103 701 4143 esse
732 4087 993 4151 creditur,
1023 4085 1239 4139 animas
1267 4099 1365 4154 pro
1394 4084 1708 4139 hominibus
1731 4083 2021 4152 appellari.

441 4181 661 4236 Interim
714 4193 856 4234 Lxxv
903 4179 1098 4232 animm
1135 4180 1538 4233 descenderunt
1588 4192 1711 4231 cum
1755 4174 1925 4231 Jacob
1967 4178 2021 4231 iu

440 4273 757 4343 Egyptum.
808 4271 929 4325 Istae
975 4280 1105 4324 sunt
1159 4273 1375 4336 animae,
1424 4285 1562 4339 quas
1597 4269 1788 4339 genuit
1829 4266 2019 4324 Jacob.

441 4367 554 4435 Ego
581 4380 688 4420 non
717 4372 849 4433 puto
867 4363 1008 4433 quod
1026 4362 1252 4432 quilibet
1276 4364 1553 4418 hominum
1583 4362 1751 4432 possit
1778 4362 2017 4415 animam

2143 1865 2302 1919 detur
2331 1867 2535 1921 audere
2584 1882 2739 1922 suum
2773 1868 2977 1938 dicere,
3012 1871 3113 1925 nisi
3140 1872 3287 1939 quod
3332 1881 3564 1930 terrente
3609 1891 3741 1931 esse

2141 1961 2628 2029 consanguinitatis
2657 1967 2921 2033 agnoscit.
2943 1964 3058 2018 Alia
3081 1966 3281 2035 quippe
3309 1976 3395 2022 est
3420 1969 3740 2022 animarum

2140 2054 2421 2124 cognatio,
2467 2069 2587 2125 quae
2612 2055 2689 2110 vel
2737 2054 2908 2111 Jacob
2938 2057 3285 2112 descendenti
3332 2060 3384 2112 in
3428 2058 3737 2132 Egyptum

2139 2146 2402 2209 sociatur,
2425 2147 2506 2201 vel
2536 2147 2753 2202 caateris
2787 2148 3119 2216 patriarcbis
3150 2159 3205 2204 et
3228 2151 3435 2206 sanctis
3456 2154 3559 2207 sub
3592 2170 3740 2209 enu-

2139 2238 2445 2292 meratione
2506 2238 2661 2309 131
2720 2239 2966 2309 mysticae
3016 2241 3354 2308 posteritatis
3406 2244 3733 2302 aseribitur.

2141 2330 2248 2384 Sed
2307 2331 2398 2399 qui
2435 2330 2675 2384 vicinum
2738 2339 2897 2385 terra:
2931 2333 3250 2401 navigantes
3284 2349 3509 2391 servare
3542 2339 3739 2407 dispo-

2138 2420 2346 2475 suimus
2402 2437 2647 2488 cursum,
2682 2429 2738 2477 et
2774 2423 2947 2493 ipsam
3000 2426 3400 2495 quodammodo
3451 2445 3602 2482 oram
3638 2432 3735 2485 lit-

2139 2515 2273 2569 toris
2298 2514 2588 2585 stringere,
2634 2516 2687 2569 in
2721 2516 2888 2570 altum
2929 2520 3112 2573 nescio
3154 2523 3425 2587 quomodo
3456 2524 3730 2575 undarum

2136 2624 2237 2663 nos
2257 2607 2550 2662 violentior
2571 2616 2738 2662 aestus
2764 2609 3005 2664 abducit.
3048 2609 3357 2667 Redeamus
3381 2613 3547 2683 igitur
3562 2625 3630 2667 au
3658 2628 3731 2669 ea

2135 2715 2258 2770 quae
2287 2708 2687 2769 consequenter
2713 2699 3014 2754 adduntur.

2203 2793 2258 2848 4.
2300 2810 2319 2843 ι
2353 2791 2593 2846 Mortuus
2625 2801 2729 2855 est,
2755 2792 3011 2860 inquit“,
3051 2792 3251 2862 Joseph
3282 2809 3338 2851 et
3369 2812 3560 2852 omnes
3592 2797 3713 2851 ira-

2137 2896 2249 2940 tres
2266 2885 2405 2953 ejus,
2437 2893 2494 2939 et
2517 2887 2698 2940 omnis
2730 2886 3017 2956 generatio
3044 2888 3158 2942 illa.
3186 2887 3309 2943 Filii
3332 2899 3514 2943 autem
3549 2889 3722 2945 Israel

2132 2985 2427 3032 creverunt
2462 2984 2517 3031 et
2557 2975 2901 3047 multiplicati
2940 2988 3091 3043 sunt,
3146 2992 3203 3034 et
3249 2980 3305 3034 in
3355 2981 3710 3037 multitudine

2136 3084 2329 3140 magna
2356 3066 2541 3122 diffusi
2568 3076 2715 3130 sunt,
2760 3076 2817 3121 et
2866 3066 3220 3125 invaluerunt
3262 3071 3490 3125 multum
3521 3071 3722 3138 valde;

2135 3160 2515 3230 multiplieavit
2542 3159 2690 3213 enim
2720 3158 2841 3214 illos
2881 3170 3050 3215 terra.
3093 3179 3113 3213 ι
3150 3162 3332 3217 Donec
3383 3163 3593 3219 viveret
3619 3162 3720 3219 Jo-

2130 3252 2288 3323 seph,
2322 3268 2428 3307 non
2481 3251 2719 3306 refertur
2766 3254 2909 3321 quod
2958 3252 3299 3324 multiplicati
3350 3256 3558 3311 fuerint
3612 3256 3715 3311 ﬁlii

2129 3345 2318 3411 Israel,
2348 3360 2449 3400 nec
2473 3345 2682 3416 aliquid
2727 3347 2952 3401 omnino
2985 3346 3042 3401 in
3082 3347 3169 3405 his
3216 3349 3285 3405 de
3323 3350 3630 3421 angmentis
3659 3359 3723 3406 et.

2129 3436 2525 3491 numerositate
2578 3448 2934 3505 memoratur.
2968 3437 3079 3509 Ego
3117 3441 3349 3495 credens
3393 3443 3577 3496 verbis
3605 3443 3720 3498 Do-

2130 3528 2264 3581 mini
2292 3529 2396 3583 mei
2425 3526 2553 3583 Jesu
2585 3529 2812 3597 Christi,
2839 3530 2893 3585 in
2926 3530 3045 3600 lege
3072 3542 3127 3586 et
3149 3533 3430 3602 prophetis
3461 3544 3566 3589 tota
3591 3534 3721 3602 qui-

2129 3621 2252 3675 dem
2284 3637 2451 3676 unum
2488 3631 2583 3677 aut
2616 3638 2783 3677 unum
2811 3623 3019 3691 apicem
3052 3641 3158 3679 non
3198 3634 3329 3695 puto
3361 3639 3485 3681 esse
3504 3636 3713 3694 mySte-

2127 3712 2225 3768 riis
2287 3729 2557 3780 vacuum,
2610 3730 2708 3769 nec
2767 3726 2900 3785 puto
2959 3715 3164 3785 aliquid
3216 3719 3411 3773 borum
3472 3720 3715 3774 transire

2125 3820 2306 3877 posse,
2332 3808 2506 3863 donec
2537 3794 2720 3862 omnia
2760 3808 2915 3863 fiant.
2969 3808 3174 3864 Verum
3212 3812 3473 3880 quoniam
3503 3812 3713 3880 exigua:

2126 3902 2446 3969 capacitatis
2472 3917 2683 3968 sumus,
2713 3916 2774 3956 ea
2801 3917 2946 3956 nunc
2975 3904 3497 3974 tantumpulsemus,
3516 3904 3715 3974 quibus

2127 3996 2297 4049 tutius
2325 3995 2662 4049 incedamus.
2711 3994 3015 4064 Antequam
3045 4005 3357 4051 moreretur
3397 4006 3584 4052 noster
3610 3994 3709 4052 Jo-

2126 4086 2286 4155 seph,
2321 4086 2409 4139 ille
2442 4087 2537 4155 qui
2590 4087 2898 4141 distractus
2947 4095 3031 4141 est
3070 4087 3290 4157 triginta
3325 4089 3597 4159 argenteis
3641 4090 3712 4145 ab

2127 4194 2236 4234 uno
2265 4194 2332 4233 ex
2364 4178 2629 4234 fratribus
2656 4182 2772 4234 suis
2802 4177 2963 4243 Juda,
2992 4179 3149 4235 valde
3203 4181 3361 4249 pauci
3404 4189 3562 4236 erant
3602 4182 3701 4236 ﬁlii

2123 4270 2312 4326 lsrael.
2340 4272 2475 4326 Cum
2506 4287 2635 4341 vero
2661 4287 2758 4341 pro
2780 4271 3037 4327 omnibus
3060 4273 3301 4341 gustavit
3332 4284 3584 4342 mortem,
3611 4290 3711 4344 per

2122 4377 2285 4432 quam
2314 4363 2584 4418 destruxit
2619 4378 2741 4417 eum
2771 4361 2862 4431 qui
2901 4362 3134 4418 habebat
3165 4364 3364 4419 mortis
3393 4365 3705 4445 imperium,

442 4461 683 4529 gignere,
721 4457 824 4511 nisi
859 4459 902 4513 si
939 4458 1064 4527 quis
1107 4456 1247 4512 forte
1284 4459 1412 4512 talis
1453 4460 1550 4522 sit,
1575 4456 1754 4527 qualis
1788 4456 1883 4510 ille
1926 4457 2017 4524 qui
2047 4463 2098 4522 ι)
2126 4456 2179 4510 id
2212 4463 2298 4510 est
2324 4456 2601 4510 diabolum
2632 4456 2698 4523 ε’,
2730 4454 3122 4524 multiplicatus
3158 4465 3241 4511 est
3264 4456 3503 4511 tidelium
3530 4471 3706 4527 popu-

438 4552 659 4606 dicebat
699 4551 789 4605 ’τε
832 4569 850 4603 ι
888 4549 1022 4605 Nam
1056 4550 1159 4606 etsi
1196 4550 1362 4605 multa
1396 4550 1563 4605 millia
1600 4551 2013 4620 paedagogorum

438 4643 689 4699 habeatis
720 4644 775 4699 in
804 4644 1048 4707 Christo,
1077 4645 1171 4699 sed
1197 4659 1301 4699 non
1335 4643 1532 4698 multos
1562 4654 1766 4713 patres.
1800 4642 1933 4696 Nam
1959 4639 2013 4694 in

435 4738 656 4793 Christo
697 4736 823 4794 Jesu
872 4754 967 4808 per
998 4738 1348 4809 Evangelium
1377 4750 1477 4808 ego
1506 4751 1606 4793 vos
1639 4737 1823 4808 genui.
1863 4752 1884 4788 ι
1920 4734 2012 4790 lsti

438 4828 575 4883 tales
610 4837 757 4893 sunt,
786 4830 879 4898 qui
912 4837 1174 4900 generant
1217 4828 1450 4893 animas,
1475 4836 1532 4881 et
1562 4826 1871 4896 parturiunt
1891 4838 2010 4887 eas,

433 4922 579 4976 sicut
614 4933 667 4976 et
714 4920 839 4975 alibi
895 4922 1030 4976 dicit
1050 4921 1140 4975 “:
1187 4938 1208 4972 ί
1247 4920 1426 4976 Filioli
1464 4921 1592 4986 mei,
1625 4934 1764 4989 quos
1812 4920 2010 4973 iterum

435 5015 680 5084 parturio
707 5015 877 5068 donec
926 5012 1191 5068 formetur
1237 5012 1491 5068 Christus
1534 5013 1588 5067 in
1642 5011 1818 5065 vobis.
1853 5028 1875 5062 ι
1907 5007 2011 5062 Alii

433 5106 579 5160 enim
626 5105 933 5174 huiusmodi
978 5106 1345 5177 generationis
1399 5120 1616 5169 curam,
1680 5111 1777 5157 aut
1818 5101 2014 5158 nolunt

499 5220 549 5294 ξ’
572 5222 743 5291 Αβοεο
768 5239 865 5294 νιι.
943 5223 991 5256 ⁸³
1018 5223 1218 5294 Ephes.
1255 5241 1337 5288 ιιι,
1378 5223 1468 5278 ll.

504 5448 614 5522 (74)
639 5450 730 5506 Sic
752 5467 885 5509 mss.
912 5450 1058 5509 Alias
1084 5468 1233 5518 Vero,
1267 5472 1287 5505 ι
1325 5454 1408 5509 vel
1444 5455 1727 5509 domorum
1754 5465 1902 5523 sunt,
1935 5456 2003 5510 ad

427 5536 574 5594 quos
581 5525 944 5594 successio...
974 5527 1271 5594 paternitas
1299 5527 1633 5580 nominatur.
1676 5544 1696 5577 ι

502 5589 613 5666 (ἰᾷ)
642 5592 862 5666 Aliquot
892 5589 1044 5659 mss.,
1071 5615 1090 5649 ι
1125 5597 1191 5650 de
1221 5597 1418 5666 quibus
1445 5596 1666 5653 dicitur.
1707 5613 1729 5649 ι

503 5660 617 5731 (76)
663 5662 830 5725 Alias,
879 5683 900 5716 ε
936 5668 1027 5735 qui
1061 5667 1214 5721 dicit.
1237 5660 1277 5720 ἰ
1328 5667 1447 5721 Mox
1499 5682 1596 5736 pro
1636 5666 1720 5721 liis
1754 5668 1997 5735 vocrbus,

428 5748 455 5783 ς
490 5746 591 5787 uec
645 5742 824 5790 tamen
881 5738 1106 5804 addidit,
1156 5747 1211 5793 et
1245 5738 1423 5793 anima
1473 5740 1539 5794 de
1572 5738 1750 5794 anima
1793 5754 1934 5810 mea,
1976 5751 2018 5793 ι·

1568 5223 1617 5255 ⁸⁸
1648 5222 1795 5277 Psal.
1823 5236 1978 5286 exm,
2004 5215 2092 5273 16.

429 5292 478 5323 ⁸³
497 5287 748 5349 Galat.iv
792 5293 878 5349 t9.
955 5295 1001 5327 ”
1024 5287 1222 5350 G'enes.
1245 5312 1303 5361 ιι,
1326 5287 1418 5350 25.
1495 5294 1542 5327 ⁸⁸
1562 5293 1761 5350 Cenes.
1798 5309 1951 5358 xxix,
1975 5287 2063 5345 14.

2123 4550 2228 4614 lus,
2258 4558 2314 4605 et
2347 4548 2530 4604 dillusi
2582 4558 2711 4604 sunt
2740 4548 2833 4602 filii
2878 4547 3069 4615 Israel,
3109 4558 3165 4603 et
3194 4548 3577 4619 multiplicavit
3607 4564 3706 4604 eos

2126 4651 2296 4706 terra,
2334 4650 2389 4696 et
2438 4652 2732 4697 creverunt
2762 4644 2925 4698 nimis
2968 4642 3144 4698 valde.
3180 4640 3294 4696 Nisi
3327 4643 3513 4707 enim,
3559 4642 3705 4697 sicut

2125 4730 2243 4799 ipse
2268 4730 2407 4785 dixit
2444 4732 2511 4797 “,
2535 4733 2828 4789 cecidisset
2856 4749 3087 4804 granum
3118 4732 3378 4788 frumenti
3414 4733 3468 4787 in
3502 4743 3705 4788 terram

2121 4833 2179 4880 et
2210 4835 2483 4880 mortuum
2514 4826 2728 4893 fuisset,
2756 4842 2863 4883 non
2903 4828 3099 4898 utique
3124 4828 3363 4883 fructum
3407 4826 3556 4882 hunc
3582 4827 3704 4897 plu-

2121 4917 2321 4971 rimum
2354 4917 2524 4972 totius
2549 4917 2702 4975 orbis
2732 4930 2895 4976 terrae
2934 4920 3181 4977 Ecciesia
3207 4919 3504 4975 attulisset.
3535 4917 3702 4989 Igitur

2120 5017 2481 5079 posteaquam
2512 5010 2712 5066 cecidit
2742 5029 2977 5083 granum
3011 5014 3066 5069 iu
3095 5021 3300 5068 terram
3335 5023 3392 5067 et
3426 5025 3701 5066 mortuum

2118 5110 2225 5165 est,
2261 5102 2441 5158 omnis
2474 5102 2596 5159 haec
2631 5119 2700 5161 ex
2732 5106 2850 5175 ipso
2887 5106 3128 5162 surrexit
3164 5105 3405 5161 fidelium
3435 5120 3613 5175 seges,
3646 5115 3706 5159 et

2196 5219 2242 5252 ³⁸
2272 5220 2442 5277 Exod.
2472 5238 2513 5288 ι,
2546 5223 2599 5277 1.
2706 5226 2755 5257 ⁸⁸
2784 5225 2954 5283 Exod.
2988 5242 3028 5291 ι,
3059 5225 3112 5280 5.
3223 5227 3269 5259 "
3294 5224 3315 5278 Ι
3342 5228 3468 5284 Cor.
3500 5240 3579 5291 tv,
3615 5225 3698 5280 [5.

2143 5290 2187 5323 ⁶¹
2217 5292 2389 5349 Exod.
2413 5309 2452 5359 ι,
2479 5294 2535 5362 6,
2560 5295 2615 5350 7.
2691 5296 2737 5328 “
2765 5295 2926 5353 Hebr.
2967 5290 3029 5363 ιι,
3054 5297 3144 5352 te.
3219 5296 3264 5330 ⁸³
3285 5297 3441 5353 Joan.
3464 5314 3565 5366 xu,
3604 5296 3699 5357 24.

2113 5461 2285 5516 codex
2340 5460 2697 5533 Remigianus
2758 5464 2919 5521 habet
2954 5484 2969 5520 :
3010 5485 3029 5519 ‹
3065 5465 3178 5521 Cur
3217 5481 3329 5521 non
3382 5465 3700 5526 intellexisti

2112 5534 2276 5606 etia_n_t
2306 5535 2543 5606 animam
2576 5538 2643 5592 de
2674 5547 2761 5590 tua
2797 5539 2976 5591 anima
3013 5538 3387 5606 processisse?
3423 5556 3442 5589 ι

2185 5603 2299 5674 (77)
2324 5605 2416 5658 Vel
2444 5608 2861 5676 expungendum
2907 5603 3037 5662 illud
3072 5626 3092 5659 ι
3128 5611 3296 5674 quod,
3344 5627 3362 5659 ι
3397 5608 3481 5661 vel
3550 5608 3693 5666 infra

2112 5674 2397 5745 legendam
2429 5694 2448 5727 ι
2480 5674 2578 5732 sua
2609 5674 2732 5733 ease
2768 5678 3073 5748 profitetur,
3095 5694 3200 5733 non
3234 5682 3400 5733 audet
3424 5694 3573 5735 vero.
3598 5699 3621 5733 ι
