4050 6142
345 241 446 298 5N

1541 247 1608 306 IN
1646 250 1933 310 EXODUM
1965 245 2246 312 HOMILIA
2286 257 2328 315 I.

3487 255 3602 326 δυε·

351 365 694 434 multiplicati
742 377 869 423 sunt
899 369 994 424 ﬁlii
1042 370 1232 436 Israel,
1265 382 1321 427 et
1368 372 1712 432 invaluerunt
1760 379 1920 435 nimis
1948 387 1995 444 Α
2024 382 2208 451 quitur
2237 392 2451 454 gentem
2487 399 2666 452 suam,
2705 401 2993 457 corporeas
3018 387 3227 446 scilicet
3249 389 3585 463 voluptates,

351 457 525 512 valde.
559 477 579 510 ‹
620 460 675 512 In
702 475 918 516 omnem
954 464 1102 518 enim
1142 474 1339 519 terram
1366 468 1533 522 exivit
1570 485 1734 526 sonus
1784 487 1917 541 apo-

353 548 637 612 stolorum,
666 561 721 604 et
753 553 805 606 in
845 553 980 608 ﬁnes
1009 556 1159 610 orbis
1184 567 1344 610 terrae
1372 561 1535 612 verba
1568 575 1756 614 eorum
1782 563 1844 624 ⁸⁵,
1893 581 1912 614 ι

350 651 403 693 et
439 656 538 708 per
580 642 751 710 ipsos,
806 645 946 699 sicut
987 647 1251 714 scriptum
1288 658 1369 702 est
1394 650 1460 714 ⁸⁸,
1501 668 1520 702 ι
1550 654 1773 706 verbum
1808 654 1920 708 Ι)οο

354 733 477 786 mini
510 736 828 800 crescebat,
861 746 914 792 et
945 738 1421 808 multiplicahatur.
1464 763 1483 798 ι
1511 743 1633 799 llzec
1657 759 1914 815 quantum

351 825 413 876 ad
442 828 730 894 mysticum
765 831 1003 896 pertinet
1035 831 1388 886 intellectum.
1417 833 1522 888 Sed
1555 846 1610 890 et
1658 839 1915 893 moralem

352 915 401 968 in
432 917 514 971 his
547 934 655 972 non
708 921 1025 978 omittamus
1080 923 1273 978 locum.
1310 923 1570 980 IEdiﬁcat
1605 929 1750 982 enim
1802 931 1918 984 aui-

353 1019 462 1059 mas
486 1007 817 1062 auditorum.
850 1007 1018 1078 Igitur
1049 1022 1102 1065 et
1137 1014 1189 1066 in
1217 1025 1267 1068 te
1300 1015 1346 1068 si
1393 1017 1874 1090 moriatnrJoseph
1899 1064 1914 1088 ,

355 1096 402 1149 id
421 1110 503 1149 εει
517 1098 561 1150 si
583 1099 1058 1155 mortiﬁcationem
1079 1103 1282 1157 Christi
1300 1105 1353 1158 in
1374 1121 1598 1175 corpore
1617 1119 1705 1160 tuo
1738 1112 1915 1164 susci-

351 1187 492 1256 pias,
526 1203 582 1243 et
609 1191 904 1246 mortiﬁces
941 1195 1181 1248 membra
1220 1205 1305 1249 tua
1336 1209 1591 1266 peccato,
1622 1208 1749 1254 tunc
1776 1203 1828 1254 in
1865 1212 1916 1257 te

352 1281 855 1350 multiplicabuntur
885 1283 977 1338 ﬁlii
1007 1283 1192 1339 Israel.
1222 1286 1343 1340 Filii
1377 1287 1540 1344 Israel
1570 1306 1766 1345 sensus
1791 1292 1914 1347 boni

348 1381 399 1426 et
421 1373 693 1442 spiritales
726 1376 1086 1444 accipiuntur.
1120 1377 1175 1431 Si
1196 1393 1325 1446 ergo
1355 1395 1544 1434 sensus
1569 1385 1749 1438 carnis
1777 1401 1918 1437 mor-

348 1466 645 1527 tiliccntur,
667 1481 860 1522 sensus
887 1469 1110 1536 spiritus
1133 1479 1408 1536 crescunt,
1427 1481 1481 1524 et
1497 1475 1736 1541 quotidie
1764 1492 1917 1530 cmo-

346 1561 614 1614 rientibus
657 1561 712 1614 in
749 1571 800 1614 te
851 1562 1025 1628 vitiis,
1063 1563 1328 1616 virtutum
1374 1581 1632 1622 numerus
1659 1578 1914 1636 augetur,

342 1652 438 1705 sed
467 1662 522 1706 et
552 1662 699 1706 terra
751 1662 802 1707 te
842 1654 1164 1723 multiplicat
1214 1657 1264 1708 in
1293 1657 1547 1725 operibus
1590 1658 1764 1727 bonis,
1799 1674 1916 1726 qua;

2019 487 2075 532 et
2102 478 2355 532 vitiorum
2393 479 2620 535 ducibus
2648 482 2711 535 ad
2747 483 3034 538 consilium
3059 485 3392 552 convocatis,
3417 487 3588 544 initur

2017 567 2339 624 deliberatio
2374 571 2634 626 adversus
2673 572 2812 628 ﬁlios
2842 572 3009 628 Israel
3039 577 3309 645 quomodo
3347 579 3582 634 circum-

2017 661 2323 729 veniantur,
2359 663 2630 730 quomodo
2662 666 3058 734 opprimantur,
3089 676 3145 720 ut
3173 667 3283 722 luto
3312 677 3368 723 et
3404 669 3584 724 lateri-

2016 751 2117 805 bus
2149 751 2479 822 afﬂigantur,
2513 763 2572 808 ιιι
2599 770 2776 810 mares
2799 766 3094 825 exponant,
3129 759 3362 815 feminas
3409 761 3581 826 alant,

2015 851 2076 895 ιιι
2103 843 2372 898 aediﬁcent
2395 845 2652 902 civitates
2699 847 2936 918 Egypti,
2971 860 3025 904 et
3046 851 3297 908 civitates
3327 858 3584 913 munitas.

2016 931 2132 987 Non
2162 936 2315 990 nobis
2343 937 2459 991 lucc
2481 937 2546 990 ad
2569 937 2850 994 historiam
2876 941 3076 1011 scripta
3100 954 3227 997 sunt
3244 943 3378 1014 (80),
3409 960 3584 1016 neque

2017 1027 2311 1096 putandum
2371 1038 2455 1084 est
2510 1030 2677 1086 libros
2726 1033 2943 1088 divinos
2994 1033 3370 1105 IEgyptiorum
3431 1049 3580 1108 gesta

2020 1134 2275 1184 narrare;
2303 1125 2396 1173 sed
2420 1135 2540 1188 qua:
2564 1122 2764 1190 scripta
2799 1132 2946 1188 sunt,
3002 1126 3067 1178 ad
3102 1137 3346 1181 nostram
3378 1129 3584 1184 doctri-

2019 1225 2142 1264 nam
2175 1220 2229 1264 et
2253 1212 2724 1268 commonitionem
2753 1215 2955 1284 scripta
2987 1228 3111 1272 sunt
3139 1235 3154 1274 :
3185 1232 3239 1274 ut
3265 1230 3318 1274 tu
3353 1222 3443 1290 qui
3467 1222 3587 1280 haec

2017 1301 2191 1364 audis,
2224 1302 2270 1354 si
2298 1301 2437 1357 forte
2465 1300 2575 1369 jam
2603 1305 2830 1373 gratiam
2862 1307 3113 1376 baptismi
3149 1320 3471 1367 consecutus
3500 1327 3582 1378 es,

2018 1402 2072 1445 et
2102 1403 2490 1448 annumeratus
2526 1409 2584 1449 es
2617 1396 2758 1449 inter
2789 1396 2928 1452 ﬁlios
2969 1397 3156 1461 Israel,
3195 1416 3258 1456 ac
3298 1405 3582 1472 suscepisti

2020 1483 2071 1537 in
2115 1495 2165 1537 te
2196 1483 2366 1538 Deum
2398 1501 2602 1554 regem,
2652 1497 2707 1541 et
2738 1498 2857 1558 post
2891 1491 3005 1544 lucc
3031 1492 3305 1548 declinare
3345 1495 3582 1552 volueris

2018 1575 2084 1628 ad
2111 1591 2272 1644 Opera
2302 1578 2502 1638 saeculi,
2531 1594 2692 1648 agere
2723 1589 2874 1634 actus
2905 1591 3086 1646 terrze,
3113 1594 3167 1638 et
3193 1584 3336 1640 lutea
3362 1587 3584 1655 explere

2022 1667 2345 1733 ministeria,
2383 1671 2528 1725 scias
2575 1681 2631 1725 et
2685 1686 2950 1742 agnoscas
2982 1675 3112 1743 quia
3159 1679 3395 1731 surrexit
3441 1678 3494 1733 in
3532 1687 3584 1734 te

342 1758 439 1811 per
461 1743 699 1799 cilicium
735 1748 979 1815 corporis
1008 1747 1402 1802 ministrentur.
1436 1748 1632 1802 Verum
1659 1751 1721 1804 si‘
1742 1751 1825 1803 vis
1857 1761 1914 1804 ut
1945 1738 1987 1792 Β
2019 1774 2109 1813 rex
2143 1762 2300 1829 alius,
2327 1761 2419 1830 qui
2455 1763 2628 1818 nescit
2652 1738 2874 1832 Ioseph,
2906 1738 3270 1836 rex-Egypti,
3301 1778 3356 1822 et
3385 1771 3499 1837 ipse
3529 1779 3582 1823 te

341 1838 628 1891 ostendam
681 1839 776 1892 tibi
821 1840 888 1892 de
939 1841 1261 1909 Scripturis,
1294 1843 1415 1911 quis
1445 1851 1528 1896 est
1560 1857 1719 1912 quem
1771 1851 1910 1898 terra

341 1929 808 1996 multiplicaverit,
838 1931 1047 1986 intuere
1073 1935 1371 2001 apostolum
1401 1933 1622 1988 Paulum
1643 1936 1912 2002 quomodo

342 2023 473 2077 dicit
501 2022 548 2053 “
578 2041 592 2076 :
616 2042 635 2075 ι
662 2021 718 2076 Si
752 2035 928 2077 autem
950 2024 1130 2080 vivere
1156 2027 1207 2079 in
1232 2041 1411 2090 carne,
1442 2029 1528 2081 hic
1553 2029 1680 2081 tnilti
1707 2028 1912 2082 fructus

341 2115 520 2182 Operis
554 2123 661 2178 est,
695 2116 898 2184 etquid
925 2117 1118 2186 eligam
1149 2117 1357 2187 ignoro.
1392 2119 1809 2173 Coarctorenim
1843 2136 1909 2174 cx

341 2205 576 2275 duobus,
619 2207 953 2262 desiderium
1006 2209 1215 2264 habens
1263 2210 1480 2263 dissolvi
1512 2222 1566 2265 et
1619 2227 1740 2266 esse
1789 2228 1908 2287 cum

337 2298 581 2362 Christo,
627 2300 796 2354 multo
827 2301 970 2354 enim
1025 2300 1236 2366 melius,
1275 2317 1594 2370 permanere
1640 2312 1820 2358 autem
1856 2306 1906 2358 itt

336 2406 502 2447 carne
517 2393 689 2461 magis
702 2394 1066 2447 necessarium
1084 2406 1301 2462 propter
1314 2409 1425 2448 vos.
1439 2414 1457 2446 ι
1473 2395 1629 2449 Vides
1641 2397 1911 2464 quomodo

341 2485 489 2540 hunc
527 2495 674 2540 terra
707 2486 1030 2556 multiplicat
1086 2485 1244 2556 (78)?
1290 2488 1421 2540 Dum
1469 2489 1611 2541 enim
1645 2498 1822 2542 manet
1856 2490 1906 2543 in

340 2585 509 2641 terra,
548 2576 601 2630 id
623 2587 708 2631 est
741 2578 794 2630 in
820 2592 985 2632 carne
1019 2594 1136 2643 sua,
1189 2578 1578 2646 multiplicatur
1623 2581 1904 2634 condendo

340 2666 631 2734 Ecclesias,
663 2669 1060 2740 multiplicatur
1099 2672 1428 2739 acquirendo
1474 2672 1729 2740 populum
1776 2673 1906 2736 Deo.

339 2771 389 2814 et
427 2760 496 2814 ab
519 2761 860 2816 Hierusalem
892 2763 944 2815 in
971 2763 1201 2816 circuitu
1228 2778 1393 2832 usque
1411 2763 1477 2816 ad
1511 2761 1784 2833 Illyricum
1814 2765 1906 2820 Dei

342 2852 692 2921 Evangelium
732 2854 1097 2920 praedicando.
1130 2853 1238 2909 Sed
1270 2855 1555 2911 videamus
1583 2856 1710 2928 quid
1752 2857 1906 2911 addi-

341 2951 426 2999 tur
453 2944 506 2998 in
534 2944 1016 3014 consequentibus.

408 3034 462 3088 5.
505 3052 529 3086 ι
573 3034 828 3089 Surrexit
887 3047 1100 3103 autem,
1153 3035 1329 3105 inquit
1361 3037 1442 3103 ⁸⁷,
1511 3052 1604 3092 rex
1665 3039 1804 3094 alius
1851 3041 1904 3095 in

337 3123 595 3198 Egypto,
627 3126 719 3194 qui
746 3127 1027 3181 nesciebat
1060 3127 1283 3196 Ioseph,
1309 3139 1365 3183 et
1398 3128 1535 3182 dixit
1575 3131 1720 3200 genti
1749 3145 1860 3185 sum
1888 3149 1904 3188 :

335 3219 475 3276 Ecce
499 3236 634 3290 gens
664 3220 902 3275 ﬁliorum
937 3218 1107 3275 Israel
1137 3222 1358 3289 grandis
1404 3221 1692 3276 multitudo
1720 3231 1825 3288 est,
1851 3232 1907 3277 et

335 3312 477 3366 valet
514 3327 682 3382 super
728 3327 846 3365 nos.
880 3330 900 3364 ι
935 3311 1118 3365 Primo
1158 3315 1400 3366 omnium
1455 3315 1733 3383 requirere
1781 3315 1907 3371 volo

334 3406 454 3472 quis
485 3416 574 3457 est
607 3419 699 3457 rex
732 3404 783 3456 in
810 3401 1047 3473 Egypto
1079 3403 1169 3472 qui
1205 3405 1308 3458 scit
1328 3402 1549 3472 .loseph,
1579 3414 1636 3460 et
1664 3406 1786 3474 quis
1810 3416 1904 3461 est

337 3513 428 3553 rex
457 3497 553 3567 qui
586 3498 765 3551 nescit
797 3496 1017 3566 Ioseph.
1054 3497 1186 3550 Dum
1215 3499 1361 3552 enim
1401 3497 1490 3550 ille
1525 3509 1778 3566 regnaret
1814 3501 1903 3566 qui

337 3593 549 3646 sciebat
591 3591 812 3658 Joseph,
869 3607 976 3645 non
1035 3591 1352 3645 referuntur
1403 3589 1582 3646 afﬂicti
1641 3607 1763 3646 esse
1810 3592 1906 3645 ﬁlii

339 3685 530 3752 Israel,
579 3700 759 3754 neque
807 3686 859 3738 in
897 3685 1006 3738 luto
1040 3693 1094 3738 et
1140 3684 1313 3738 latere
1359 3684 1686 3752 coasumpti,
1729 3697 1906 3753 neque

334 3780 558 3834 masculi
595 3791 786 3832 eorum
821 3779 1019 3845 necati,
1073 3788 1128 3831 et
1178 3778 1391 3832 femina;
1441 3777 1744 3832 vivificataa.
1797 3777 1905 3831 Sed

335 3889 457 3928 cum
493 3875 737 3926 surrexit
766 3871 866 3925 iste
899 3871 990 3940 qui
1022 3886 1127 3924 non
1159 3880 1384 3924 noverat
1411 3870 1639 3940 Ioseph,
1665 3879 1720 3924 et
1741 3872 1907 3939 etrapit

334 3966 450 4036 ipse
484 3981 734 4032 regnare,
786 3973 915 4017 tunc
962 3964 1078 4017 haec
1126 3961 1307 4016 omnia
1362 3971 1513 4032 gesta
1568 3960 1902 4015 referuntur.

334 4060 470 4126 Quis
493 4073 628 4126 ergo
653 4069 734 4110 est
762 4057 861 4110 iste
908 4071 1027 4122 rex,
1058 4056 1356 4109 videamus.
1391 4054 1447 4107 Si
1472 4053 1733 4108 Dominus
1765 4053 1906 4122 regit

331 4166 452 4215 nos,
491 4159 546 4202 et
578 4164 772 4202 sensus
812 4149 1006 4201 mentis
1036 4158 1240 4200 nostrae
1271 4147 1602 4201 illuminatus
1627 4161 1653 4197 a
1679 4144 1904 4198 Domino

331 4244 535 4297 Christi
571 4256 789 4308 semper
815 4240 1128 4294 memoriam
1164 4249 1332 4302 tenet,
1368 4237 1574 4292 faciens
1604 4237 1734 4291 illud
1763 4238 1906 4306 quod

333 4336 533 4391 Paulus
562 4335 631 4387 ad
664 4334 1004 4387 Timotheum
1032 4332 1221 4386 scribit
1246 4331 1290 4363 ⁸⁸
1321 4348 1334 4384 :
1364 4349 1382 4382 ι
1423 4329 1626 4385 Memor
1663 4340 1779 4384 esto
1810 4327 1904 4383 Je-

2013 1853 2160 1922 cogit
2196 1854 2263 1908 ad
2296 1869 2460 1922 opera
2491 1869 2610 1921 sua,
2645 1865 2702 1910 et
2754 1858 2870 1926 ipse
2925 1867 2975 1912 te
3025 1859 3159 1912 facit
3209 1859 3435 1916 laterem
3473 1861 3578 1917 sibi

2011 1945 2225 2013 Operari
2259 1953 2312 2000 et
2333 1947 2526 2000 lutum.
2559 1944 2678 2015 Ipse
2701 1957 2784 2002 est
2815 1949 2906 2018 qui
2945 1958 2997 2002 te
3027 1953 3381 2021 superpositis
3408 1955 3577 2025 magi-

2011 2037 2143 2090 stris
2177 2045 2230 2090 et
2259 2038 2694 2106 compulsoribus
2749 2041 2818 2094 ad
2845 2055 3009 2109 opera
3051 2053 3263 2097 terrena
3301 2041 3484 2112 ﬂagris
3513 2060 3578 2099 ac

2010 2129 2331 2184 verberibus
2361 2132 2492 2200 agit,
2538 2141 2597 2185 ut
2627 2132 2866 2187 :ediﬁces
2907 2133 2980 2187 illi
3026 2134 3298 2190 civitates.
3331 2134 3449 2205 Ipse
3492 2145 3579 2190 est

2010 2221 2101 2288 qui
2130 2229 2181 2272 te
2209 2218 2338 2274 facit
2364 2219 2673 2277 discurrere
2702 2236 2799 2292 per
2833 2223 3111 2290 saeculum,
3136 2225 3394 2280 maris‘ac
3419 2235 3577 2280 terra:

2011 2311 2279 2365 elementa
2307 2326 2404 2381 pro
2426 2313 2726 2382 cupiditate
2757 2314 2995 2369 turbare.
3040 2314 3158 2384 Ipse
3187 2315 3342 2386 132
3376 2323 3461 2372 est
3487 2317 3576 2372 hic

2009 2399 2224 2471 Egypti
2264 2417 2382 2466 rex,
2409 2403 2497 2471 qui
2555 2413 2606 2458 te
2649 2402 2824 2458 forum
2858 2405 3074 2474 pulsare
3116 2405 3304 2460 litibus
3339 2406 3488 2473 facit,
3519 2417 3579 2463 et

2009 2505 2109 2558 pro
2138 2493 2330 2562 exiguo
2355 2503 2513 2548 terra:
2546 2495 2753 2564 cespite
2776 2498 3108 2566 pr0pinquos
3148 2497 3344 2569 jurgiis
3377 2498 3578 2570 fatiga—

2009 2597 2093 2649 re,
2124 2593 2198 2651 et,
2237 2593 2295 2638 ut
2320 2585 2390 2639 ita
2424 2586 2602 2641 dicam
2647 2586 2810 2658 (80"),
2861 2589 3095 2643 castitati
3135 2588 3402 2656 insidiari,
3437 2592 3581 2647 deci-

2007 2690 2138 2746 pere
2169 2676 2560 2742 innocentiam,
2595 2680 2738 2733 domi
2767 2678 2930 2746 fmda,
2961 2680 3097 2736 foris
3141 2681 3405 2747 crudelia,
3436 2683 3577 2737 intra

2009 2765 2396 2820 conscientiam
2419 2767 2688 2837 ﬂagitiosa
2723 2774 3085 2825 committere.
3118 2769 3252 2826 Cum
3281 2787 3412 2840 ergo
3444 2773 3578 2829 tales

2007 2856 2212 2912 videris
2239 2867 2393 2913 actus
2421 2867 2561 2924 tuos,
2604 2860 2744 2914 scito
2787 2870 2838 2915 te
2881 2862 2994 2931 regi
3031 2860 3288 2932 Egyptio
3316 2862 3576 2931 militare,

2009 2950 2153 3020 quod
2181 2959 2267 3006 est
2293 2951 2476 3006 tnundi
2529 2951 2691 3021 hujus
2740 2953 2932 3023 spiritu
2980 2955 3066 3023 agi
3100 2953 3234 3027 (81).
3279 2953 3338 3009 Si
3367 2970 3495 3010 vero
3524 2967 3582 3012 et

2009 3043 2216 3112 aliquid
2243 3043 2308 3098 de
2343 3043 2445 3099 hoc
2472 3045 2634 3099 etiam
2661 3044 2825 3100 altius
2865 3038 3209 3100 sentiendum
3243 3056 3347 3113 est,
3398 3056 3578 3117 potest

2010 3135 2177 3191 videri
2207 3151 2303 3190 rex
2349 3136 2455 3189 iste
2505 3136 2594 3206 qui
2626 3137 2804 3191 nescit
2838 3135 3063 3206 .loseplt,
3094 3136 3364 3203 diabolus,
3393 3155 3415 3189 ε
3447 3139 3579 3193 insi-

2007 3228 2159 3296 piens
2185 3226 2274 3281 ille
2297 3226 2389 3295 qui
2419 3226 2554 3280 dixit
2591 3226 2645 3280 in
2673 3226 2836 3280 corde
2863 3241 2962 3280 suo
2989 3243 3002 3277 z
3029 3225 3146 3280 Non
3170 3235 3257 3281 est
3281 3227 3426 3283 Deus
3449 3229 3518 3296 ⁸ο,
3549 3248 3571 3282 ο

2008 3321 2155 3391 genti
2219 3335 2352 3385 suat,
2393 3319 2498 3374 hoc
2527 3327 2612 3374 est
2653 3318 2917 3388 apostatis
2965 3319 3187 3390 angelis,
3240 3321 3492 3391 colloqui,
3520 3331 3578 3377 et

2007 3413 2190 3468 dicere
2211 3412 2256 3443 τ⁰
2292 3427 2303 3460 :
2345 3430 2363 3463 ι
2395 3411 2541 3465 Ecce
2583 3426 2716 3480 gens
2754 3410 2986 3464 ﬁliorum
3019 3410 3182 3466 Israel
3215 3428 3406 3482 magna
3439 3415 3574 3468 mulo

2009 3505 2178 3560 titudo
2209 3515 2311 3568 est,
2340 3523 2358 3556 ι
2381 3504 2550 3558 dehis
2573 3503 2778 3557 scilicet
2809 3505 2896 3572 qui
2927 3512 3154 3572 possunt
3185 3516 3362 3559 mente
3403 3506 3574 3561 Deum

2007 3595 2212 3658 videre,
2249 3611 2270 3645 ι
2304 3605 2357 3648 et
2387 3593 2659 3662 potentior
2689 3599 2773 3646 est
2798 3593 2973 3646 nobis.
3001 3593 3192 3648 Venite
3225 3594 3426 3663 itaque,
3469 3598 3576 3649 cir-

2007 3685 2437 3740 cumscribamus
2495 3683 2613 3737 illos
2665 3698 2732 3737 ne
2787 3682 2928 3738 forte
2966 3683 3299 3750 increscant,
3361 3696 3574 3740 etcum

2009 3777 2273 3833 acciderit
2303 3775 2458 3830 nobis
2499 3775 2724 3842 bellum,
2769 3776 3114 3830 consentient
3140 3784 3194 3829 et
3225 3777 3281 3832 hi
3330 3792 3452 3832 cum
3486 3780 3577 3832 ad-

2006 3871 2288 3937 versariis,
2334 3879 2388 3924 et
2434 3875 2810 3938 expugnantes
2871 3882 2971 3921 nos
3022 3868 3248 3922 exibunt
3302 3871 3368 3923 de
3427 3879 3572 3923 terra

2009 3966 2219 4012 nostra.
2256 3975 2278 4009 ι
2315 3956 2422 4010 Sed
2467 3955 2612 4010 unde
2651 3955 2752 4009 hoc
2781 3956 2946 4008 sentit
2993 3954 3272 4010 diabolus?
3323 3958 3462 4012 unde
3495 3959 3580 4012 in-

2010 4047 2209 4118 telligit
2240 4045 2365 4115 quia
2391 4061 2584 4114 magna
2619 4058 2753 4114 gens
2778 4045 2848 4098 sit
2877 4043 3064 4111 Israel,
3094 4054 3148 4099 et
3190 4045 3307 4114 ipso
3345 4045 3575 4110 fortior,

2009 4142 2116 4196 nisi
2147 4139 2277 4210 quia
2303 4153 2445 4207 saape
2475 4151 2800 4206 congressus
2835 4145 2940 4198 est,
2974 4150 3116 4204 saepe
3165 4137 3355 4192 habuit
3399 4137 3578 4192 lucta-

2011 4247 2167 4299 men,
2203 4238 2258 4285 et
2289 4244 2430 4298 saepe
2465 4239 2752 4298 superatus
2782 4227 2903 4281 est?
2959 4226 3076 4282 Scit
3123 4228 3270 4282 enim
3304 4236 3358 4282 et
3403 4228 3579 4297 ipsum

2010 4322 2176 4379 Iacob
2205 4323 2470 4378 luctatum
2504 4333 2648 4384 esse,
2700 4328 2756 4374 et
2780 4319 3050 4389 adjutorio
3073 4320 3250 4389 angeli
3277 4319 3582 4375 obtinuisse

333 4443 451 4485 sum
479 4427 756 4484 Christum
792 4425 1157 4480 resurrexisse
1213 4437 1243 4475 a
1279 4423 1539 4487 mortuis;
1572 4441 1592 4474 ι
1626 4423 1752 4475 dum
1789 4421 1904 4476 bzec
1936 4421 1980 4476 D
2011 4415 2406 4475 adversarium,
2451 4420 2509 4467 et
2561 4410 2863 4465 invaluisse
2905 4426 3030 4464 cum
3080 4411 3210 4466 Deo.
3243 4409 3358 4465 Non
3392 4413 3581 4468 dubito

334 4520 710 4590 meminit(79)
730 4519 779 4573 in
801 4517 1057 4587 Egypto,
1077 4515 1127 4568 id
1153 4525 1234 4570 est
1260 4515 1314 4568 in
1336 4528 1500 4568 carne
1517 4523 1721 4577 nostra,
1746 4513 1903 4582 spiri-

337 4621 422 4667 tus
453 4621 642 4666 noster
667 4625 889 4677 regnum
921 4623 1042 4663 cum
1062 4606 1273 4676 justitia
1295 4613 1534 4669 teuet,et
1555 4605 1695 4657 lilios
1718 4603 1904 4668 Israel,

335 4723 472 4776 quos
500 4722 666 4775 supra
697 4705 930 4758 diximus
963 4701 1315 4757 rationabiles
1339 4714 1554 4764 sensus,
1587 4699 1668 4752 vel
1709 4699 1905 4751 anima:

333 4804 590 4863 virtutes,
621 4798 675 4851 in
710 4797 818 4851 luto
855 4805 910 4851 et
947 4795 1115 4848 latere
1143 4809 1247 4846 non
1295 4790 1584 4855 consumit,
1621 4803 1722 4843 nec
1757 4789 1906 4842 curis

335 4911 426 4950 eos
469 4891 702 4947 terrenis
730 4902 784 4944 et
806 4886 1259 4944 sollicitudinibus
1287 4885 1495 4940 atterit.
1534 4883 1591 4938 Si
1628 4898 1758 4937 vero
1779 4895 1909 4951 per-

336 4985 532 5038 diderit
558 4983 751 5036 borum
786 4980 1102 5032 memoriam
1134 4990 1324 5030 sensus
1360 4985 1563 5042 noster,
1599 4973 1906 5027 declinave-

337 5077 403 5128 rit
435 5091 463 5127 a
497 5075 629 5138 Deo,
658 5073 913 5127 nescierit
940 5070 1238 5134 Christum,
1269 5081 1394 5123 tttnc
1411 5067 1676 5136 sapientia
1701 5064 1901 5128 carnis,

335 5185 454 5238 qme
477 5167 699 5221 inimica
723 5173 809 5218 est
837 5165 964 5227 Deo,
1011 5159 1258 5215 succedit
1293 5160 1344 5212 itt
1391 5174 1644 5226 regnum,
1683 5166 1738 5210 et
1771 5155 1905 5209 allo-

403 5257 620 5313 “Psal.
648 5273 809 5321 xvm,
840 5255 894 5309 5.
991 5255 1036 5285 ⁵⁵
1067 5254 1188 5308 Act.
1220 5269 1290 5318 Vl,
1333 5253 1386 5308 7.

335 5347 454 5392 xm,
483 5331 537 5384 1.
601 5327 853 5387 ",Exod.
881 5340 919 5390 I,
947 5324 1117 5390 9,10.

406 5385 516 5496 (i8)
559 5385 686 5478 Mss.
710 5442 740 5496 At
773 5385 924 5474 lluuc
947 5385 1092 5475 terra
1113 5385 1454 5484 multiplicat.
1479 5432 1498 5465 ι
1524 5411 1696 5478 Alias,
1727 5428 1747 5461 ‹
1787 5414 1899 5466 haec

336 5493 475 5553 terra
499 5493 858 5563 'tnttltiplicat.
899 5509 917 5540 ι
959 5560 970 5563 Α
997 5559 1008 5563 _
1114 5559 1125 5563 _
1170 5558 1180 5563 _
1406 5554 1420 5563 _
1660 5560 1669 5563 _
1705 5551 1717 5563 .

407 5570 514 5637 (79)
545 5554 718 5629 Alias,
754 5580 773 5613 ι
810 5564 935 5616 dum
959 5559 1046 5613 hic
1076 5558 1232 5621 vivit,
1266 5575 1286 5608 ι
1327 5554 1420 5610 sed
1457 5568 1588 5609 mss.
1619 5560 1678 5606 ut
1704 5554 1758 5606 in
1797 5565 1897 5606 no-

337 5650 447 5694 stro
476 5647 648 5690 textu.

406 5709 514 5780 (80)
551 5705 688 5760 Vide
712 5702 750 5758 1.
778 5718 817 5757 ιι
843 5698 1079 5770 0rigen.,
1103 5707 1275 5770 qumst
1303 5697 1388 5752 l5.

1480 5252 1525 5283 ⁸⁸
1546 5251 1744 5319 Philip.
1777 5265 1816 5315 ι,
1845 5247 1938 5313 ('22,
1968 5245 2060 5313 25,
2088 5243 2180 5298 24.

2009 4509 2138 4578 quin
2173 4516 2230 4562 et
2279 4507 2510 4560 aliorum
2561 4511 2873 4558 sanctorum
2921 4504 3158 4556 senserit
3199 4502 3492 4567 luctamen,
3523 4515 3580 4558 et

2007 4599 2274 4670 spiritalia
2298 4595 2580 4665 pertulerit
2595 4608 2739 4664 saepe
2754 4593 3075 4659 certamina,
3093 4601 3146 4648 et
3163 4594 3286 4648 inde
3301 4594 3447 4649 dicat
3465 4593 3578 4666 (82)

2009 4695 2138 4764 quia
2166 4707 2299 4763 gens
2329 4690 2564 4745 ﬁliorum
2597 4687 2766 4742 Israel
2795 4702 2986 4757 magna
3024 4695 3108 4742 est
3138 4686 3314 4753 valde,
3345 4697 3402 4742 et
3433 4687 3577 4741 valet

2007 4801 2172 4856 super
2198 4799 2314 4838 nos.
2343 4781 2452 4837 Sed
2475 4790 2530 4835 et
2557 4779 2688 4834 illud
2713 4779 2855 4849 quod
2887 4779 3060 4842 timet,
3111 4777 3400 4847 nequando
3443 4792 3576 4832 eve-

2008 4863 2124 4934 niat
2148 4877 2230 4933 eis
2261 4873 2486 4938 bellum,
2519 4881 2575 4927 et
2615 4871 2964 4927 consentiant
2995 4869 3328 4925 adversariis
3358 4869 3498 4936 ejus,
3522 4881 3578 4924 et

2005 4971 2237 5027 devictis
2264 4969 2344 5023 eis
2365 4964 2647 5021 discedant
2670 4964 2736 5018 de
2771 4972 2915 5018 terra
2949 4977 3068 5029 sua,
3097 4962 3312 5016 videtur
3342 4963 3474 5016 mihi
3505 4977 3574 5018 ex

2006 5060 2093 5116 his
2121 5074 2241 5129 qua:
2263 5055 2470 5112 sanctis
2491 5051 2818 5123 patriarchis
2839 5053 2923 5106 vel
2947 5051 3224 5120 prophetis
3255 5053 3319 5106 de
3341 5054 3573 5108 adventu

2007 5149 2210 5206 Christi
2241 5159 2626 5216 nonnunquam
2659 5143 2892 5198 iudicata
2920 5141 3157 5206 fuerant,
3198 5143 3570 5212 prasensisse,

2259 5240 2301 5273 ⁸⁷
2325 5240 2498 5296 Exod.
2535 5255 2581 5303 ι,
2618 5235 2673 5302 8,
2699 5237 2754 5291 9.
2833 5235 2879 5267 ⁵⁸
2907 5232 2951 5289 II
2973 5235 3113 5290 Tim.
3148 5251 3212 5301 ιι,
3245 5235 3300 5292 8.
3375 5235 3571 5291 "I’sal.

2077 5404 2213 5477 (80‘)
2247 5405 2398 5470 Mss.,
2429 5419 2450 5456 ι
2487 5411 2546 5458 ιιι
2572 5417 2679 5457 non
2710 5401 2841 5457 illud
2867 5400 3080 5466 dicam;
3105 5397 3275 5456 Diibb.
3306 5399 3490 5466 editi,t
3513 5409 3571 5454 ut

2007 5480 2081 5534 ita
2109 5480 2302 5530 dicam.
2343 5494 2361 5526 ι

2079 5548 2190 5615 (81)
2223 5546 2392 5608 Alias,
2429 5563 2448 5595 ι
2488 5541 2750 5615 immundi
2784 5541 3014 5615 spiritus
3040 5540 3402 5615 imperioagi.
3443 5559 3461 5591 ι

2081 5611 2192 5685 (82)
2225 5617 2390 5677 Alias,
2425 5633 2442 5665 ‹
2475 5613 2626 5675 dicit,
2656 5631 2689 5693 ,ι
2717 5621 2771 5667 et
2804 5611 2967 5676 infra,
3001 5631 3018 5662 ι
3057 5614 3148 5663 sed
3180 5620 3238 5665 et
3266 5612 3396 5664 illud
3425 5611 3570 5678 quod

2010 5689 2236 5753 timent;
2274 5705 2291 5737 ι
2326 5695 2382 5738 at
2409 5697 2542 5738 mss.
2571 5689 2710 5740 utin
2749 5693 2938 5736 nostro
2975 5693 3141 5738 textu.
