4050 6142
404 234 517 295 803

1853 231 2181 291 QRICENiS

3550 238 3657 294 304

404 366 460 413 et
488 357 616 414 inde
660 358 805 413 scire
854 356 997 429 quod
1049 356 1152 410 sibi
1190 356 1471 412 immineat
1516 357 1742 414 bellum.
1798 357 1976 412 Sentit
2004 361 2050 417 Λ
2080 357 2349 425 perdiccm
2376 373 2435 414 se
2457 358 2684 423 dictum,
2722 372 2843 428 quae
2866 373 2974 413 non
3014 358 3221 429 peperit
3264 373 3658 428 congregasse,

408 460 696 507 venturum
727 451 821 521 qui
869 459 1038 505 exuat
1087 450 1429 520 principatus
1461 450 1578 518 ejus
1630 461 1684 504 et
1732 462 1975 521 potesta-

408 552 492 598 tes
529 543 599 608 ",
622 551 679 598 et
712 557 835 597 cum
869 541 1066 597 ﬁducia
1104 541 1402 611 triumphet
1447 556 1565 609 eos,
1598 551 1654 597 et
1685 541 1868 615 alligat
1923 544 1978 599 in

406 635 555 705 ligno
587 635 772 690 crucis
800 650 934 691 suae.
966 634 1134 707 Igitur
1173 647 1469 690 convocata
1512 638 1657 692 omni
1693 648 1853 710 gente
1882 654 1981 695 sua

404 727 805 782 circumvenire
855 736 912 783 et
960 727 1410 783 circumscribere
1454 731 1605 796 cupit
1633 730 1686 784 in
1740 730 1982 785 homini-

402 820 504 874 bus
527 820 907 876 rationabilem
941 836 1181 886 sensum,
1215 821 1307 891 qui
1342 836 1483 876 nunc
1515 822 1812 892 ﬁguraliter
1846 824 1980 878 dici-

405 922 496 965 tur
521 908 726 975 Israel;
770 922 827 966 et
856 912 976 967 ideo
1022 910 1271 983 prmfecit
1304 911 1385 965 eis
1416 913 1702 980 magistros
1730 928 1976 982 operum,

403 1003 498 1074 qui
543 1019 640 1059 eos
684 1013 886 1071 cogant
928 1005 1144 1063 discere
1173 1019 1336 1074 Opera
1380 1005 1583 1067 carnis,
1633 1004 1773 1059 sicut
1821 1014 1877 1060 et
1923 1004 1977 1058 in

403 1094 632 1151 Psalmis
660 1096 857 1152 dicit"
889 1115 903 1152 :
937 1115 956 1148 ι
996 1098 1059 1151 Ει
1095 1099 1311 1155 admisti
1346 1109 1476 1156 sunt
1530 1096 1782 1167 gentibus
1813 1107 1869 1152 et
1897 1097 1979 1149 di-

401 1186 651 1241 dicerunt
692 1202 856 1256 opera
907 1202 1126 1244 eorum.
1173 1207 1191 1240 ι
1244 1188 1414 1244 Docet
1466 1204 1562 1245 eos
1615 1196 1670 1242 et
1729 1188 1978 1241 civitates

401 1280 671 1337 rediﬁcare
700 1280 990 1342 Pharaoni.
1029 1280 1241 1335 Phitom
1265 1280 1399 1352 (83),
1436 1295 1556 1351 quae
1584 1281 1635 1334 in
1662 1291 1845 1334 nostra
1867 1279 1975 1333 lin-

406 1388 512 1442 gua
537 1373 815 1443 signiﬁcat
862 1389 919 1427 os
968 1373 1297 1443 dejectionis,
1334 1374 1416 1428 vel
1450 1390 1508 1427 os
1538 1371 1718 1443 abyssi
1735 1389 1754 1437 ;
1780 1382 1837 1427 et
1861 1371 1974 1425 Ila-

402 1480 608 1522 messes
661 1463 773 1535 (84)
802 1504 818 1531 ,
868 1480 989 1533 quas
1020 1463 1409 1533 interpretatur
1459 1465 1738 1519 commotio
1779 1463 1973 1529 tinem;

402 1560 601 1626 Ethou,
640 1559 693 1615 id
728 1567 813 1614 est
841 1557 1132 1627 Heliopolis
1159 1573 1278 1628 qum
1326 1557 1524 1612 dicitur
1582 1557 1766 1610 civitas
1821 1555 1969 1609 solis.

410 1653 574 1707 Vides
605 1650 801 1721 quales
828 1650 931 1706 sibi
960 1650 1211 1705 civitates
1242 1648 1500 1704 aedificari
1550 1649 1799 1718 prazcipit
1831 1647 1973 1701 Pha-

2085 462 2140 506 et
2190 453 2331 521 quod
2382 453 2433 506 hi
2465 468 2600 522 quos
2630 469 2737 507 non
2777 468 2902 508 cum
2941 453 3150 524 judicio
3183 454 3554 524 congregavit,
3600 454 3657 509 in

2085 545 2312 599 dimidio
2357 545 2566 599 dierum
2598 560 2822 599 suormn
2864 545 3250 615 derelinquent
3275 562 3422 609 eum,
3476 557 3530 601 ct
3577 565 3663 601 se-

2082 646 2318 704 quentur
2370 634 2654 690 Dominum
2704 646 2759 691 et
2792 637 3108 694 Creatorem
3170 654 3327 692 suum
3375 638 3658 694 Christum

2082 729 2289 794 desum,
2317 729 2407 799 qui
2440 745 2536 786 eos
2574 730 2761 800 genuit
2805 729 2940 802 (85).
2970 731 3062 786 Ille
3088 739 3268 785 autem
3300 735 3658 803 congregavit

2081 838 2219 893 quos
2261 837 2365 878 nou
2398 823 2602 893 genuit.
2638 822 2704 876 Et
2733 823 2852 877 ideo
2886 823 3186 878 remanebit
3235 824 3433 878 stultus
3466 826 3518 876 in
3557 840 3659 880 no-

2082 916 2321 971 vissimis
2353 916 2487 980 suis,
2506 932 2627 971 cum
2654 916 2721 970 ad
2748 915 3006 971 factorem
3029 925 3085 969 et
3111 915 3176 969 ad
3197 927 3475 984 parentem
3498 934 3658 973 suum

2082 1003 2359 1068 universa,
2401 1018 2522 1072 quae
2554 1018 2699 1057 nunc
2730 1018 2827 1073 pro
2856 1005 3016 1076 hujus
3065 1006 3352 1075 tyrannide
3381 1011 3659 1078 congemi-

2081 1092 2204 1156 scit,
2246 1103 2500 1147 creatura
2553 1093 2882 1165 confugerit.
2936 1097 3003 1151 Et
3055 1100 3158 1154 hoc
3207 1099 3540 1169 indignatur,
3601 1112 3659 1156 es

2083 1184 2216 1238 dicit
2244 1184 2314 1250 ",
2335 1202 2354 1235 ‹
2381 1200 2451 1241 ne
2474 1198 2869 1254 expugnantes,
2928 1188 3102 1258 inquit
3126 1231 3141 1256 ,
3200 1207 3318 1256 nos,
3367 1202 3564 1246 exeant
3589 1194 3658 1249 de

2080 1284 2226 1331 terra
2252 1286 2458 1331 nostra.
2500 1296 2519 1329 ι
2556 1275 2673 1331 Non
2716 1279 2832 1333 vult
2868 1296 2970 1335 nos
3011 1283 3162 1338 exire
3212 1283 3277 1337 de
3322 1295 3465 1338 terra
3520 1300 3654 1350 sua,

2081 1369 2176 1422 sed
2209 1367 2324 1422 vult
2355 1379 2413 1421 ut
2440 1384 2655 1437 semper
2681 1380 2965 1440 portemus
3006 1372 3298 1444 imaginem
3342 1375 3564 1429 terreni.
3596 1375 3656 1429 Si

2080 1459 2227 1515 enim
2262 1462 2326 1515 ad
2364 1462 2744 1516 adversarium
2782 1465 2899 1532 ejus
2922 1463 3353 1534 confugerimus,
3398 1481 3520 1521 eum
3560 1468 3654 1538 qui

2081 1553 2236 1607 nobis
2261 1558 2588 1623 pra'paravit
2630 1572 2797 1626 regna
2851 1557 3137 1623 caelorum,
3196 1572 3419 1612 necesse
3460 1566 3544 1613 est
3598 1565 3659 1614 υι

2080 1645 2452 1715 relinquamus
2481 1648 2772 1716 imaginem
2796 1648 3019 1712 terreni,
3049 1660 3104 1702 et
3129 1648 3496 1717 suscipiamus
3523 1649 3657 1703 ima.

405 1743 532 1796 rao!
571 1740 666 1805 Os,
691 1740 890 1811 inquit,
920 1738 1180 1794 deficiens
1208 1754 1221 1803 ;
1258 1739 1444 1794 delicit
1476 1752 1712 1808 namque
1736 1753 1817 1797 os,
1850 1752 1976 1792 cum
2008 1724 2052 1780 Β
2081 1737 2260 1806 ginem
2287 1740 2545 1795 ctelestis.
2578 1741 2874 1811 Propterea
2915 1755 3046 1811 ergo
3074 1741 3291 1796 Pharao
3317 1742 3513 1798 statuit
3541 1759 3657 1795 ma-

403 1833 748 1889 mendacium
799 1831 1061 1899 loquitur,
1098 1839 1150 1884 et
1200 1844 1229 1883 a
1289 1829 1517 1883 veritate
1561 1827 1979 1897 probationibus

399 1927 608 1984 delicit.
655 1923 750 1982 Ille
795 1926 938 1981 enim
976 1926 1043 1979 ab
1074 1924 1235 1978 initio
1265 1924 1500 1978 mendax
1547 1920 1739 1986 fuit",
1772 1930 1828 1976 ct
1856 1920 1979 1973 ideo

401 2020 538 2076 tales
587 2018 688 2075 sibi
744 2017 998 2073 civitates
1047 2016 1308 2071 aediﬁcari
1364 2014 1502 2069 vult.
1559 2013 1653 2068 Vel
1710 2013 1881 2068 etiam
1914 2025 1977 2065 os

400 2114 605 2185 abyssi,
656 2112 784 2183 quia
812 2111 1040 2181 abyssus
1091 2110 1439 2179 perditionis,
1493 2116 1550 2163 et
1587 2109 1843 2162 interitus
1893 2114 1980 2161 est

400 2205 569 2263 locus.
595 2203 661 2260 Et
692 2202 796 2258 alia
820 2201 938 2271 ejus
961 2201 1158 2256 civitas
1194 2202 1489 2256 commotio
1515 2200 1675 2254 tinea;
1708 2209 1814 2254 est.
1848 2198 1978 2255 0m-

399 2314 496 2354 nes
529 2295 678 2351 enim
703 2294 798 2367 qui
823 2308 947 2349 eum
977 2303 1304 2364 sequuntur,
1353 2290 1426 2348 ibi
1483 2302 1818 2363 congregant
1855 2294 1977 2349 the-

400 2403 593 2445 sauros
631 2402 782 2453 suos,
829 2387 920 2441 ubi
980 2387 1121 2441 tinea
1175 2385 1535 2447 exterminat,
1592 2394 1650 2439 et
1704 2385 1792 2439 ubi
1828 2386 1979 2441 fures

398 2479 664 2536 eﬂodiunt
688 2488 745 2535 et
787 2477 1061 2533 furantur.
1102 2476 1207 2531 Sed
1241 2487 1296 2531 et
1324 2478 1601 2532 civitatem
1639 2478 1770 2532 solis
1803 2477 1977 2531 aediﬁ-

397 2582 527 2627 cant
560 2570 699 2627 falso
731 2570 971 2635 nomine,
1013 2584 1114 2637 pro
1145 2583 1211 2623 eo
1239 2568 1384 2637 quod
1418 2569 1694 2623 convertit
1728 2582 1787 2623 se
1829 2570 1979 2623 sicut

398 2664 624 2736 angelus
656 2664 814 2718 lucis.
842 2660 898 2714 In
934 2662 1021 2715 his
1059 2675 1188 2731 ergo
1235 2660 1522 2729 praevenit,
1549 2661 1604 2715 in
1634 2659 1719 2715 bis
1744 2670 1978 2731 occupat

401 2765 634 2823 mentes,
666 2768 788 2823 quae
810 2753 877 2807 ad
908 2753 1009 2806 hoc
1043 2752 1201 2804 factae
1245 2761 1392 2811 sunt.
1433 2760 1494 2804 ut
1528 2751 1753 2807 videant
1781 2753 1973 2808 Deum.

399 2845 668 2914 Prospicit
700 2855 879 2899 tamen
912 2843 1200 2898 imminere
1229 2842 1331 2896 sibi
1366 2842 1586 2907 bellum,
1619 2856 1675 2899 et
1701 2858 1975 2901 maturum

401 2941 549 3011 genti
576 2953 689 2993 sua:
719 2936 1030 2991 adfuturum
1056 2935 1223 2989 sentit
1253 2935 1506 2990 exitium.
1532 2938 1655 2992 Ideo
1694 2939 1825 2993 dicit
1851 2941 1975 3008 quia

2078 1830 2280 1901 gistros
2310 1847 2562 1902 Operum,
2585 1836 2675 1905 qui
2703 1852 2803 1889 nos
2836 1849 2965 1888 suas
2988 1843 3138 1888 artes
3163 1835 3413 1898 doceant,
3443 1836 3532 1902 qui
3561 1848 3660 1888 nos

2079 1921 2321 1978 artilices
2373 1924 2596 1979 malitia:
2657 1924 2882 1990 faciant,
2937 1927 3028 1993 qui
3086 1925 3242 1978 nobis
3281 1925 3657 1994 magisterium

2079 2014 2345 2069 malorum
2374 2017 2674 2083 praebeant.
2704 2016 2771 2070 Et
2799 2018 2925 2085 quia
2962 2015 3115 2070 multi
3134 2026 3260 2069 sunt
3289 2016 3375 2070 isti
3412 2018 3658 2085 magistri

2079 2119 2132 2162 et
2163 2109 2415 2163 doctores
2440 2108 2680 2176 malitias,
2712 2124 2846 2177 quos
2878 2107 3119 2177 praefecit
3149 2109 3380 2172 Pharao,
3420 2117 3473 2161 et
3497 2106 3658 2178 133

2078 2210 2162 2254 est
2186 2200 2377 2270 ingens
2414 2200 2703 2255 multitudo
2726 2200 3094 2269 hujuscemodi
3117 2199 3543 2269 compulsorum,
3563 2200 3656 2265 qui

2079 2307 2270 2347 omnes
2296 2294 2543 2365 exigunt,
2566 2294 2853 2361 imperant,
2880 2301 2936 2346 et
2967 2301 3469 2360 extorquentopera
3489 2302 3657 2345 terre-

2082 2403 2149 2440 na
2171 2403 2185 2436 :
2206 2386 2328 2441 ideo
2345 2386 2568 2441 veniens
2583 2383 2845 2439 Dominus
2866 2384 3027 2439 Jesus
3046 2384 3173 2438 fecit
3189 2382 3324 2437 alios
3345 2384 3656 2452 magistros.

2081 2486 2138 2530 et
2177 2477 2452 2541 doctores,
2480 2476 2573 2544 qui
2603 2484 2908 2545 pugnantes
2939 2476 3230 2527 adversum
3270 2472 3413 2536 illos,
3455 2479 3509 2525 et
3538 2475 3658 2525 sub-

2074 2567 2333 2638 jicientes
2368 2581 2560 2621 omnes
2589 2581 2776 2620 eorum
2807 2564 3166 2633 principatus,
3222 2573 3277 2617 et
3327 2571 3650 2631 potestates,

2081 2671 2138 2719 et
2184 2662 2454 2726 virtutes,
2510 2650 2807 2716 defendant
2856 2673 2885 2712 a
2944 2648 3217 2712 v'iolentiis
3272 2671 3464 2712 eorum
3518 2655 3659 2711 filios

2081 2755 2266 2821 Israel,
2295 2765 2352 2810 et
2380 2758 2613 2811 doceant
2645 2769 2742 2808 nos
2781 2766 2944 2823 opera
2976 2750 3273 2806 Israelitica
3304 2765 3319 2803 :
3355 2758 3410 2804 et
3438 2765 3654 2803 rursum

2082 2851 2318 2905 doceant
2346 2864 2446 2904 nos
2474 2857 2656 2903 mente
2681 2846 2846 2901 Deum
2882 2844 3097 2908 videre,
3138 2843 3448 2913 relinquere
3485 2857 3655 2911 opera

2081 2940 2407 3006 Pharaonis,
2463 2942 2617 2997 exire
2652 2941 2718 2993 de
2747 2951 2890 2993 terra
2925 2936 3169 3009 Egypti,
3220 2934 3461 3004 abjicere
3486 2931 3658 3004 Egy-

401 3048 537 3102 gens
563 3030 730 3086 Israel
759 3029 902 3083 valet
927 3042 1091 3096 super
1129 3041 1248 3081 nos.
1281 3025 1494 3081 Utinam
1520 3039 1574 3082 et
1601 3029 1669 3084 de
1693 3030 1974 3088 nobishoc
2003 3068 2047 3127 C
2082 3034 2228 3106 ptios
2255 3042 2314 3090 et
2368 3034 2636 3089 barbaros
2667 3048 2875 3098 mores,
2909 3033 3178 3101 deponere
3211 3038 3380 3083 totum
3412 3040 3655 3083 veterem

400 3127 565 3189 dicat,
596 3122 798 3178 sentiat
825 3135 922 3174 nos
941 3118 1121 3174 valere
1150 3133 1317 3188 super
1336 3122 1431 3176 se!
1462 3119 1744 3187 Quomodo
1771 3126 1979 3182 sentire

400 3217 508 3271 hoc
534 3213 780 3287 poterit?
810 3211 868 3266 Si
900 3225 1021 3265 cmn
1058 3208 1188 3262 mihi
1241 3212 1603 3279 cogitationes
1657 3214 1834 3284 injicit
1864 3231 1977 3270 ma-

400 3309 505 3375 las,
539 3317 596 3363 et
625 3303 1100 3375 concupiscentias
1135 3300 1400 3369 pessimas
1423 3343 1439 3369 ,
1491 3320 1593 3376 ego
1641 3321 1750 3360 non
1800 3309 1970 3363 susci-

400 3402 570 3473 piam,
602 3400 697 3457 sed
717 3399 899 3468 jacula
922 3398 1043 3470 ejus
1065 3398 1237 3471 ignita
1260 3408 1418 3453 scuto
1446 3396 1570 3453 ﬁdei
1609 3397 1889 3466 repellam,
1929 3400 1975 3454 si

400 3496 458 3553 in
489 3493 743 3548 omnibus
776 3506 1119 3562 quaecunque
1177 3489 1420 3562 suggerit
1466 3491 1633 3544 menti
1670 3503 1836 3553 meae,
1873 3505 1977 3560 ego

398 3600 611 3641 uienmr
636 3584 840 3641 Christi
867 3586 972 3640 mei
1008 3584 1265 3650 Domini,
1295 3584 1473 3639 dicam
1507 3582 1554 3615 "
1585 3599 1600 3637 :
1643 3601 1663 3635 ι
1712 3582 1865 3639 Vade
1890 3598 1978 3639 re-

402 3689 513 3745 tro,
538 3678 771 3735 Satana.
805 3677 1084 3748 Scriptum
1135 3690 1222 3735 εει
1261 3677 1449 3734 enim:
1485 3677 1775 3732 Dominum
1807 3678 1977 3732 Deum

402 3782 553 3828 tuum
590 3774 869 3840 adorabis,
921 3782 976 3828 et
1005 3774 1104 3843 ipsi
1129 3774 1228 3829 soli
1265 3772 1492 3828 servies.
1529 3792 1549 3825 ι
1591 3770 1648 3827 Si
1680 3787 1816 3843 ergo
1859 3772 1979 3828 hac

399 3867 549 3923 omni
580 3867 712 3932 ﬁde,
766 3867 914 3922 omni
972 3867 1282 3922 constantia
1328 3880 1575 3937 agamus,
1624 3867 1757 3921 dicit
1807 3874 1861 3920 et
1910 3866 1978 3921 de

400 3963 579 4026 nobis,
608 3963 733 4032 quia
752 3961 1062 4033 genslsrael
1084 3976 1274 4028 magna
1294 3971 1398 4026 est,
1425 3969 1481 4015 et
1507 3959 1651 4015 valet
1676 3975 1839 4029 super
1856 3974 1976 4016 nos.

403 4056 512 4112 Sed
549 4065 603 4112 et
628 4058 733 4112 hoc
756 4055 898 4124 quod
939 4053 1074 4109 dicit
1101 4055 1188 4109 ":
1229 4073 1249 4106 ι
1298 4052 1378 4109 Ne
1409 4053 1550 4109 forte
1580 4055 1792 4108 accidat
1820 4054 1977 4109 nobis

399 4149 622 4214 bellum,
670 4156 729 4204 et
773 4145 1119 4203 consentiant
1159 4156 1216 4202 et
1251 4147 1304 4202 hi
1340 4161 1464 4202 cum
1515 4146 1843 4201 adversariis
1878 4160 1977 4201 no-

397 4242 574 4309 stris;
615 4260 635 4293 ι
673 4255 745 4297 ex
770 4238 1107 4310 propheticis
1145 4238 1374 4295 vocibus
1404 4239 1660 4309 praavidit
1687 4249 1976 4293 venturum

400 4335 504 4389 sibi
542 4333 740 4390 bellum
769 4342 825 4388 et
853 4333 1335 4403 derelinquendum
1376 4346 1436 4387 se
1463 4347 1493 4385 a
1543 4331 1667 4386 liliis
1703 4331 1892 4396 Israel,
1923 4341 1977 4387 et

2081 3132 2355 3186 hominem
2389 3143 2512 3184 cum
2543 3128 2756 3183 actibus
2783 3129 2918 3191 suis,
2943 3134 2998 3180 et
3030 3125 3257 3179 induere
3286 3136 3509 3187 novum,
3552 3120 3649 3191 qui

2080 3221 2381 3275 secundum
2432 3219 2601 3272 Deum
2652 3225 2873 3271 creatus
2920 3224 3006 3270 est
3055 3214 3306 3269 renovari
3340 3226 3558 3282 semper
3587 3211 3655 3264 de

2079 3312 2169 3367 die
2203 3312 2255 3366 in
2282 3311 2425 3366 diem
2479 3312 2544 3364 ad
2601 3310 2890 3378 imaginem
2940 3308 3060 3376 ejus
3097 3306 3188 3378 qui
3237 3305 3368 3360 fecit
3402 3320 3504 3360 nos
3539 3300 3656 3374 (86)

2079 3403 2285 3460 Christi
2317 3403 2444 3458 Jesu
2485 3402 2702 3458 Domini
2743 3405 2910 3458 nostri
2951 3400 3038 3457 cui
3073 3408 3160 3456 est
3194 3398 3366 3470 gloria
3403 3406 3460 3451 et
3487 3396 3656 3466 impe-

2081 3499 2222 3553 rium
2254 3497 2308 3552 in
2336 3495 2532 3553 saecula
2560 3496 2899 3552 szeculorum.
2931 3494 3129 3549 Amen.

2675 3583 2952 3640 HOMILIA
3012 3583 3076 3639 ll.

2610 3678 2685 3733 De
2708 3679 3087 3734 obstetricibus.

2151 3778 2203 3832 1.
2244 3773 2410 3831 Multa
2452 3775 2668 3847 quidem
2712 3778 2998 3830 adversum
3043 3783 3255 3845 gentem
3300 3774 3395 3830 Dei
3435 3774 3660 3830 molitur

2081 3883 2175 3925 rex
2207 3871 2312 3924 iste
2337 3909 2352 3934 ,
2386 3869 2479 3939 qui
2527 3883 2635 3923 non
2682 3870 2832 3924 novit
2858 3867 3057 3939 Ioseph
3087 3908 3101 3934 ,
3137 3877 3194 3924 et
3241 3879 3390 3924 artes
3430 3868 3658 3924 nocendi

2082 3976 2252 4016 novas
2295 3975 2513 4028 semper
2543 3959 2788 4029 inquirit.
2821 3958 3022 4015 Verum
3055 3974 3198 4013 nunc
3229 3959 3503 4016 calliditas
3540 3959 3661 4030 ejus

2080 4057 2453 4125 supereminet
2494 4056 2711 4108 modum
2743 4092 2759 4117 ,
2790 4066 2914 4106 cum
2963 4052 3319 4107 obstetricum
3355 4051 3661 4107 ministerio

2082 4148 2326 4204 sobolem
2372 4147 2555 4218 gentis
2583 4153 2818 4200 conatur
2849 4145 3197 4216 exstinguere
3222 4184 3238 4211 ,
3272 4160 3503 4214 quarum
3542 4155 3662 4202 arte

2081 4240 2220 4297 solet
2249 4241 2354 4294 vita
2385 4241 2619 4296 servari.
2656 4239 2795 4306 Quid
2832 4241 2980 4293 enim
3015 4237 3191 4294 dicit?
3228 4258 3248 4290 ε
3271 4237 3340 4292 Ει
3374 4237 3536 4303 dixit,
3570 4238 3660 4293 in-

2082 4332 2199 4402 quit
2227 4332 2409 4396 ",rex
2439 4332 2815 4406 Egyptiorum
2851 4329 3233 4387 obstetricibus
3261 4329 3617 4387 Hebraeorum
3638 4370 3657 4400 ,

400 4422 530 4493 quia
560 4422 913 4479 consentient
941 4423 1256 4478 adversario
1289 4420 1429 4489 ejus,
1461 4431 1517 4476 et
1550 4421 1877 4490 adjicientur
1906 4424 1975 4479 ad
2007 4414 2054 4471 Ι)
2082 4438 2313 4493 quarum
2346 4426 2436 4479 uni
2489 4439 2683 4478 nomen
2727 4431 2844 4478 erat
2872 4422 3118 4492 Sephora
3146 4463 3162 4484 ,
3202 4431 3257 4476 et
3293 4437 3494 4477 nomen
3526 4423 3661 4478 alte-

403 4516 712 4572 Dominum.
749 4513 865 4570 Hoc
887 4524 972 4571 est
1002 4517 1145 4570 enim
1169 4515 1311 4584 quod
1339 4514 1407 4570 de
1452 4528 1519 4570 eo
1543 4513 1809 4570 Jeremias
1849 4530 1977 4584 pro-

405 4610 565 4680 pheta
588 4607 985 4678 praedixerat"
1016 4625 1031 4662 :
1061 4624 1082 4658 (
1117 4605 1385 4662 Clamavit
1414 4606 1602 4675 perdix
1624 4648 1640 4673 ,
1676 4623 1977 4678 congrega-

403 4710 480 4758 vit
508 4717 631 4773 quae
680 4718 790 4758 non
833 4701 1065 4773 peperit,
1117 4700 1248 4755 fecit
1275 4701 1494 4757 divitias
1540 4716 1665 4756 suas
1697 4718 1802 4758 non
1854 4719 1978 4758 cum

397 4794 627 4865 judicio,
656 4794 709 4848 iu
743 4792 968 4849 dimidio
1006 4793 1216 4848 dierum
1265 4791 1382 4860 ejus
1415 4792 1796 4862 derelinquent
1829 4810 1979 4861 CIIII),

402 4899 460 4949 et
491 4891 543 4944 in
572 4888 885 4944 novissimis
928 4889 1047 4944 suis
1076 4887 1183 4942 erit
1226 4884 1446 4941 stultus.
1490 4904 1511 4938 ι
1543 4884 1799 4959 Intelligit
1847 4906 1980 4961 ergo

393 5126 408 5147 ε
482 5111 527 5153 τι
560 5108 677 5164 Col.
704 5122 744 5165 ι.
787 5106 857 5161 15
935 5106 982 5138 τ’
1011 5104 1153 5161 Psal.
1194 5104 1419 5170 cv|,35.

402 5180 449 5217 "
475 5180 645 5237 Exod.
672 5195 715 5244 ι,
745 5177 830 5232 10.
920 5176 967 5209 ⁷⁸
996 5177 1168 5232 Exod.
1215 5193 1253 5242 ι,
1287 5175 1378 5257 id,
1406 5173 1492 5230 16.
1573 5175 1618 5207 ⁷⁸
1646 5175 1776 5231 ibid.
1813 5178 1904 5232 17.

482 5345 592 5415 (85)
624 5343 862 5409 Philam,
898 5344 1165 5401 Hebraice
1188 5350 1314 5403 una
1347 5340 1407 5415 Si
1442 5341 1674 5395 ducatur
1709 5356 1777 5395 ex
1806 5350 1878 5404 ’τε
1900 5360 1982 5415 os,

407 5412 517 5473 oris
540 5431 596 5480 et
623 5427 760 5478 tam
789 5417 1012 5477 absolui.
1041 5416 1268 5483 absumi,
1294 5412 1549 5483 deficere,
1575 5422 1849 5482 utcunque
1899 5412 1983 5468 in-

410 5490 796 5558 terpretabilur
824 5501 882 5540 os
910 5481 1402 5556 defectionis,'nam
1429 5481 1622 5536 melius
1661 5481 1983 5558 redderetur

409 5576 466 5613 os
488 5554 844 5627 perfectionis,
873 5558 919 5612 si
950 5554 1082 5611 vero
1110 5562 1237 5616 tam
1262 5570 1330 5610 ex
1349 5560 1427 5616 ΠΒ
1462 5562 1520 5627 et
1548 5561 1697 5627 mm
1717 5554 1943 5627 μνείας
1962 5596 1980 5621 ,

408 5622 968 5700 abyssi,derivaretur,
984 5630 1121 5681 verti
1146 5634 1329 5696 posset
1343 5642 1400 5681 os
1418 5623 1615 5696 abyssi,
1640 5635 1696 5680 ut
1713 5622 1981 5683 Hebraice

410 5701 669 5757 scribitur
687 5706 834 5770 nm,
867 5713 974 5757 non
991 5705 1201 5767 επις-ιε.

2087 4518 2204 4572 rius
2228 4515 2380 4570 Phua
2410 4556 2426 4583 ,
2457 4525 2512 4571 et
2539 4515 2650 4569 ait:
2679 4514 2811 4568 Cum
2837 4513 3262 4567 obstetricsbitis
3296 4512 3574 4579 Hebraeas,
3605 4522 3662 4570 et

2088 4625 2253 4682 prope
2279 4620 2493 4680 partum
2524 4616 2708 4672 erunt,
2743 4608 2788 4661 si
2820 4606 3091 4661 masculus
3118 4604 3302 4670 fuerit,
3329 4606 3562 4662 occidite
3592 4605 3661 4661 il-

2087 4703 2198 4758 lum
2225 4742 2241 4766 ,
2275 4703 2319 4758 si
2354 4701 2555 4756 femina
2580 4740 2595 4765 ,
2626 4700 2919 4754 viviﬁcate.
2949 4717 2967 4751 »
3010 4695 3116 4753 Sed
3144 4698 3229 4753 his
3258 4697 3567 4770 adjuugitur
3602 4699 3660 4753 in

2087 4795 2551 4866 consequentibus
2584 4794 2663 4848 ἠπ
2704 4810 2725 4846 ι
2758 4792 3082 4849 Timuerunt
3130 4803 3310 4849 autem
3342 4792 3662 4849 obstetrices

2091 4894 2263 4948 Deum
2289 4933 2306 4959 ,
2355 4898 2411 4947 et
2452 4905 2563 4946 non
2596 4888 2846 4946 fecerunt
2889 4889 3031 4944 sicut
3067 4895 3405 4959 praeceperat
3430 4886 3536 4944 illis
3564 4900 3662 4941 rex

1521 5102 1568 5134 ’⁸
1591 5101 1750 5159 Joan.
1784 5121 1903 5170 vui,
1928 5108 1977 5164 «II.

2097 5110 2145 5143 "
2168 5109 2356 5166 Matth.
2392 5123 2468 5173 iv,
2501 5106 2588 5161 10.
2662 5103 2884 5159 "Exod.
2912 5118 2954 5168 ι,
3002 5100 3088 5156 10.
3162 5099 3210 5131 ⁷⁸
3243 5096 3355 5153 Jer.
3381 5109 3518 5156 xvu.
3567 5091 3661 5149 11.

2152 5339 2269 5413 (84)
2294 5338 2593 5413 Ramesses,
2630 5334 2897 5392 Hebraice
2920 5343 3123 5413 nomn
3148 5348 3177 5385 a
3214 5329 3383 5413 verbo
3402 5333 3527 5393 uri
3550 5335 3659 5413 Aio-‘-

2083 5401 2617 5476 nare,'commoveri,
2655 5416 2713 5461 et
2757 5418 2884 5461 voco
2925 5416 3007 5469 cp
3042 5406 3208 5468 tinea,
3255 5401 3457 5466 blatta,-
3509 5407 3659 5453 recte

2082 5484 2474 5549 interpretatur
2506 5479 2784 5549 commotio
2812 5478 2984 5549 tinctu.

2151 5544 2268 5626 (85)
2300 5552 2393 5626 Sic
2421 5564 2553 5605 mss.
2573 5548 2753 5626 alias,
2789 5566 2810 5626 ε
2846 5546 2936 5615 qui
2969 5561 3068 5626 nos
3098 5544 3304 5626 genuit.
3346 5561 3367 5594 ι

2151 5553 2245 5626 (85
2300 5552 2393 5606 Sic
2421 5564 2553 5605 mss.
2581 5551 2753 5612 Alias,
2789 5566 2809 5600 ε
2846 5551 2936 5615 qui
2969 5561 3068 5600 nos
3098 5551 3304 5614 genuit.
3346 5561 3367 5594 ι

2150 5551 2268 5695 (86)
2297 5623 2450 5695 Alias
2467 5659 2484 5685 ,
2524 5637 2543 5671 ι
2565 5617 2666 5686 Qui
2710 5617 2837 5695 fecit
2870 5631 2967 5670 nos
3007 5619 3061 5670 in
3094 5616 3323 5682 gloriatur
3353 5620 3408 5668 et
3438 5610 3655 5667 laudem

2077 5689 2258 5751 suam.
2280 5712 2299 5746 ι
2343 5691 2453 5748 Sed
2479 5703 2613 5748 mss.
2643 5697 2700 5744 ut
2727 5689 2783 5744 in
2810 5698 3000 5744 nostro
3035 5696 3205 5741 textu.
