4050 6142
384 273 493 332 501

1859 247 2183 324 amentiis

3525 242 3629 297 508

393 394 660 450 timebant
687 382 1013 448 obstetrices
1042 391 1233 459 Deum,
1268 392 1513 447 fecerunt
1539 391 1641 449 sibi
1673 389 1900 447 domos?
1929 409 1949 443 ι
1984 393 2032 449 Α
2058 395 2112 440 ει
2161 382 2498 439 orationibus
2551 377 2941 450 superandum.
2997 371 3293 440 Propterea
3341 374 3399 420 et
3447 362 3630 418 oblata

390 486 548 556 quasi
583 494 866 555 propterea
909 487 1100 542 domus
1152 484 1294 550 ﬁat,
1345 486 1470 556 quia
1523 487 1746 540 timetur
1791 485 1958 539 Deus.

392 576 507 631 doc
532 576 576 631 si
611 585 685 629 ita
719 576 1018 644 accipiatur
1077 586 1136 632 ut
1173 578 1429 645 scriptum
1466 586 1587 641 est,
1633 592 1740 631 non
1786 576 1959 630 solum

394 667 528 724 nihil
559 670 983 736 consequentiae,
1020 671 1112 724 sed
1147 679 1203 724 et
1232 669 1512 723 inanitatis
1541 667 1830 737 plurimum
1863 670 1962 723 ha-

395 757 526 813 bere
571 758 862 813 videbitur.
915 759 1009 814 Sin
1061 769 1240 814 autem
1289 761 1476 814 videas
1505 760 1775 829 quomodo
1807 759 1960 812 Scri-

395 857 569 918 ptura:
593 849 729 904 Novi
766 865 830 905 ac
861 848 1070 905 Veteris
1102 852 1432 906 Testamenli
1464 852 1710 906 timorem
1747 853 1840 906 Dei
1869 854 1961 905 do~

394 950 584 996 centes
609 941 799 997 domos
825 943 1082 998 Ecclesia:
1106 944 1328 1009 faciant,
1354 953 1413 998 ut
1438 946 1747 999 universum
1774 946 1960 998 orbem

395 1041 559 1088 terra;
602 1033 912 1089 orationum
995 1030 1248 1087 domibus
1319 1035 1594 1106 repleant,
1648 1045 1774 1090 tunc
1819 1035 1962 1106 quod

397 1126 659 1193 scriptum
689 1133 791 1191 est,
826 1127 1223 1182 rationabiliter
1251 1128 1512 1198 scriptum
1543 1128 1837 1183 videbitur.
1873 1129 1964 1184 Sic

395 1231 528 1285 ergo
555 1217 669 1271 istae
698 1218 1038 1282 obstetrices,
1069 1219 1194 1288 quia
1217 1219 1408 1274 timent
1437 1219 1604 1274 Deum
1631 1229 1684 1274 et
1714 1221 1962 1276 timorem

400 1307 493 1362 Dei
528 1309 758 1374 docent,
793 1325 900 1364 non
932 1310 1141 1366 faciunt
1175 1320 1498 1382 praeceptum
1530 1314 1670 1383 regis
1701 1312 1921 1384 [Egypti
1946 1352 1964 1379 ,

401 1402 495 1458 sed
522 1402 795 1458 vivificant
821 1404 1089 1459 masculos
1116 1421 1263 1471 suos,
1293 1420 1393 1460 nec
1419 1418 1596 1460 tamen
1621 1408 1817 1460 dicitur
1839 1406 1965 1476 quia

399 1494 682 1564 paruerint
709 1503 977 1566 prtecepto
1007 1496 1147 1566 regis
1182 1495 1421 1567 Egypti,
1449 1507 1508 1550 ut
1533 1497 1866 1551 viviﬁcarent
1889 1497 1967 1552 fe-

399 1585 597 1640 minas.
656 1586 769 1656 Ego
823 1588 1161 1644 conﬁdenter
1210 1589 1383 1643 audeo
1443 1590 1622 1644 dicere
1666 1593 1964 1643 secundum

402 1673 699 1743 Scriptura:
729 1690 949 1731 sensum
982 1675 1090 1750 (94)
1113 1676 1475 1732 :Obstetrices
1505 1676 1622 1730 istae
1653 1691 1756 1730 non
1789 1675 1966 1730 viviﬁ-

401 1777 528 1823 cant
559 1767 808 1824 feminas.
852 1769 1036 1839 Neque
1064 1771 1208 1826 enim
1245 1771 1374 1825 vitia
1405 1770 1663 1824 docentur
1697 1771 1747 1823 in
1783 1767 1966 1822 Eccle-

401 1862 500 1915 siis
533 1869 628 1914 aut
659 1860 872 1916 [iisiiria
902 1860 1251 1929 pra:dicatur,
1283 1870 1373 1914 aut
1405 1871 1622 1924 peccata
1658 1860 1967 1913 nutriuntur

403 1955 530 2025 (hoc
555 1957 696 2010 enim
724 1955 836 2009 vult
856 1955 1088 2016 Pharao,
1117 1970 1238 2009 cum
1255 1952 1518 2012 vivificari
1537 1946 1975 2021 feminasjubct),

402 2047 496 2104 sed
528 2046 643 2102 sola
681 2049 852 2103 virtus
885 2049 1173 2112 excolitur,
1203 2055 1257 2102 et
1283 2048 1400 2117 ipsa
1432 2058 1542 2100 s0ta
1572 2046 1829 2098 nutritur.
1862 2036 1969 2096 Ve-

406 2152 525 2194 rum
563 2137 676 2193 hinc
705 2139 772 2192 ad
807 2154 1243 2208 unumquemque
1281 2145 1522 2192 nostrum
1557 2135 1871 2190 referamus.
1908 2133 1974 2187 Et

405 2237 462 2285 ιιι
496 2228 540 2282 si
575 2228 730 2282 times
758 2229 956 2291 Deum,
986 2243 1090 2282 non
1121 2228 1257 2282 facis
1286 2239 1614 2296 praeceptum
1642 2226 1783 2294 regis
1808 2223 1974 2294 [Egy-

403 2321 502 2392 pti.
530 2319 622 2374 Ille
644 2322 785 2374 enim
820 2321 914 2375 tibi
947 2321 1188 2390 praecipit
1242 2329 1304 2375 ut
1349 2321 1402 2374 in
1457 2320 1662 2374 deliciis
1689 2321 1842 2373 vivas
1867 2359 1881 2382 ,
1915 2325 1976 2371 ut

409 2411 602 2481 diligas
631 2427 868 2482 praesens
891 2412 1169 2476 saeculum,
1197 2421 1258 2466 ut
1278 2411 1565 2482 prmsentia
1593 2411 1973 2480 concupiscas.

405 2503 488 2560 Τιι
517 2505 563 2560 si
617 2505 783 2564 Deum
831 2506 990 2561 times
1017 2543 1032 2570 ,
1065 2514 1119 2559 et
1149 2505 1374 2560 exhibes
1401 2505 1712 2561 obstetricis
1742 2503 1974 2556 ofﬁcium

407 2596 605 2651 anima.-
632 2607 759 2661 tuae,
788 2597 834 2653 si
863 2597 910 2652 ei
943 2596 1170 2654 salutem
1195 2595 1444 2651 conferre
1479 2595 1632 2664 cupis
1653 2633 1670 2658 ,
1709 2609 1815 2648 non
1846 2592 1978 2646 facis

407 2690 526 2749 haec
549 2730 564 2754 ,
594 2691 686 2744 sed
717 2689 959 2744 vivificas
996 2688 1294 2744 masculum
1325 2688 1415 2758 qui
1449 2687 1501 2739 in
1535 2697 1587 2740 te
1615 2693 1719 2753 est,
1751 2685 1978 2738 interio-

409 2797 526 2837 rem
559 2792 710 2836 tuum
739 2781 1011 2840 hominem
1043 2781 1332 2836 medicaris
1359 2789 1414 2833 et
1455 2777 1626 2841 foves,
1656 2786 1711 2830 et
1742 2776 1841 2846 ipsi
1884 2789 1980 2845 per

411 2883 568 2929 actus
615 2882 710 2928 aut
758 2873 1066 2931 intellectus
1097 2874 1269 2928 bonos
1315 2871 1482 2927 vitam
1515 2869 1794 2940 conquiris
1823 2877 1983 2923 aeter-

411 2982 556 3026 nam.

2061 477 2163 532 sibi
2192 475 2371 530 omnia
2402 488 2565 545 regna
2587 471 2795 534 mundi,
2826 477 2882 522 et
2903 465 3126 538 gloriam
3163 474 3350 516 eorum
3379 466 3628 511 contem-

2063 571 2184 635 nit,
2219 577 2278 622 ut
2311 577 2367 623 et
2421 577 2477 621 tu
2524 574 2878 620 contemnens
2937 557 3164 627 gloriam
3217 551 3402 608 mundi
3455 549 3633 617 possis

2062 676 2322 728 superare
2361 668 2682 716 tentantem.
2715 651 2952 724 [Egyptii
2985 664 3146 713 vero,
3181 647 3378 715 quibus
3419 642 3633 696 Pharao

2062 754 2215 809 dedit
2243 762 2532 821 praecepta,
2561 749 2794 804 feminas
2825 753 3030 797 tantum
3072 738 3372 799 viviﬁcant,
3401 734 3634 788 oderunt

2063 846 2371 910 masculos;
2402 848 2637 900 oderunt
2685 853 2917 908 namque
2957 837 3223 898 virtutes,
3263 829 3391 882 vitia
3424 837 3633 880 tantum

2063 948 2116 995 et
2142 939 2445 1006 voluptates
2481 934 2751 988 nutriunt.
2799 933 2865 986 Et
2915 944 3057 984 nunc
3109 927 3276 996 igitur
3307 923 3636 977 insidiantur
3681 921 3689 938 ‘

2062 1030 2326 1101 Egyptii,
2350 1029 2394 1083 si
2422 1028 2559 1083 forte
2588 1026 2827 1081 Hebraeis
2845 1030 3104 1077 nascatur
3127 1016 3322 1086 aliquis
3338 1011 3632 1076 masculus,

2064 1131 2124 1178 ut
2155 1123 2336 1177 statim
2363 1128 2756 1192 persequantur
2785 1125 2840 1171 et
2869 1113 3219 1174 interﬁciant,
3250 1107 3353 1162 nisi
3381 1112 3633 1170 caveant,

2065 1215 2168 1271 nisi
2200 1215 2534 1278 observent,
2580 1220 2636 1265 et
2665 1209 2938 1264 occultent
2981 1219 3200 1277 germen
3248 1199 3634 1256 masculinum.

2067 1308 2310 1376 Denique
2342 1308 2508 1362 refert
2534 1304 2813 1374 Scriptura
2840 1301 2886 1334 ⁸⁸
2913 1300 3053 1370 quod
3079 1297 3146 1352 de
3173 1295 3312 1349 tribu
3343 1292 3468 1346 Levi
3496 1305 3639 1359 quas

2067 1401 2187 1455 dam
2212 1399 2716 1471 genuitmasculum
2742 1396 2877 1467 (95),
2922 1403 2978 1449 et
3026 1392 3214 1446 videns
3243 1387 3496 1442 infantem
3514 1398 3636 1438 esse

2065 1493 2390 1564 elegantem,
2415 1491 2710 1547 occultavit
2745 1503 2865 1542 eum
2891 1485 3174 1540 mensibus
3211 1481 3402 1534 tribus.
3433 1477 3567 1533 Vide
3588 1475 3635 1530 si

2066 1603 2173 1643 non
2205 1595 2484 1656 propterea
2527 1565 2688 1638 nobis.
2715 1580 3030 1651 praecipitur
3051 1617 3066 1641 ,
3095 1590 3162 1630 ne
3191 1575 3362 1628 bonos
3395 1581 3551 1624 actus
3577 1568 3634 1622 in

2068 1678 2281 1748 publico
2304 1691 2577 1748 geramus,
2605 1691 2672 1728 ne
2696 1673 2960 1742 justitiam
2991 1677 3232 1722 nostram
3263 1679 3445 1718 coram
3474 1662 3640 1715 ltomt-

2070 1773 2226 1826 nibus
2247 1767 2534 1834 faciamus,
2553 1767 2646 1822 sed
2667 1775 2723 1820 ut
2738 1765 2922 1819 clauso
2943 1762 3085 1815 ostio
3101 1772 3320 1812 oremus
3345 1755 3556 1810 Patrem
3583 1754 3635 1808 in

2074 1861 2228 1932 135
2243 1861 2474 1924 occulto,
2496 1857 2705 1928 etquod
2734 1857 2863 1910 facit
2881 1857 3100 1910 dextera
3125 1858 3331 1912 nostra,
3358 1848 3406 1900 id
3432 1847 3642 1900 nesciat

2070 1957 2307 2011 sinistra.
2352 1951 2463 2006 Nisi
2487 1953 2628 2007 enim
2671 1950 2723 2002 in
2776 1946 2988 2002 occulto
3029 1941 3214 2002 fuerit,
3252 1939 3538 2006 diripietur
3567 1937 3638 1991 ab

2069 2045 2362 2118 Egyptiis,
2397 2044 2715 2106 invadetur,
2753 2040 2804 2093 in
2833 2038 3032 2091 ﬁumen
3060 2031 3374 2102 jactabitur,
3404 2029 3564 2084 undis
3584 2035 3641 2082 et

2071 2139 2332 2194 ﬂuctibus
2351 2139 2751 2204 submergetur.
2785 2131 2931 2201 Ergo
2963 2129 3008 2184 si
3047 2126 3186 2181 facio
3216 2123 3640 2192 eleemosynam,

2073 2232 2201 2300 quia
2257 2245 2393 2300 opus
2444 2229 2538 2284 Dei
2595 2238 2699 2293 est,
2749 2221 3053 2280 masculum
3097 2233 3319 2291 genero.
3362 2216 3466 2270 Sed
3490 2213 3533 2268 si
3560 2216 3640 2267 ita

2076 2326 2296 2391 faciam,
2341 2331 2400 2377 ut
2447 2321 2760 2378 hominibus
2787 2319 3109 2380 innotescat,
3142 2325 3198 2368 et
3239 2312 3306 2366 ab
3328 2309 3643 2365 hominibus

2077 2420 2292 2475 laudem
2321 2431 2584 2486 quaeram,
2611 2423 2667 2469 et
2698 2428 2802 2468 non
2834 2427 2954 2466 eam
2989 2408 3357 2466 occultavero.
3386 2413 3541 2472 rapta
3559 2410 3644 2457 est

2078 2514 2145 2568 ab
2166 2511 2435 2581 Egyptiis
2463 2508 2802 2578 eleemosyna
2828 2519 2972 2567 mea,
2997 2512 3050 2556 et
3083 2502 3135 2554 in
3167 2500 3364 2553 ﬁumen
3396 2495 3645 2548 demersa

2076 2613 2180 2665 est,
2209 2613 2262 2657 et
2294 2609 2441 2654 tanto
2470 2599 2677 2662 labore,
2713 2605 2970 2664 tantoque
2986 2591 3168 2648 studio
3190 2586 3457 2658 zEgyptiis
3489 2599 3639 2638 mas-

2079 2695 2258 2749 culum
2309 2691 2494 2762 genui.
2545 2689 2926 2758 Propterea.o
2979 2700 3096 2747 vos,
3131 2681 3358 2752 populus
3409 2678 3503 2731 Dei
3552 2673 3646 2744 qui

2079 2785 2194 2841 haec
2219 2783 2439 2846 auditis,
2457 2779 2619 2834 nolite
2641 2788 2848 2848 putare,
2872 2786 2930 2830 ut
2951 2790 3091 2843 sazpe
3110 2773 3224 2842 jam
3253 2769 3488 2825 diximus
3508 2764 3644 2837 (96),

2080 2887 2325 2931 veterum
2359 2872 2514 2928 vobis
2565 2870 2775 2926 fabulas
2808 2869 3052 2931 recitari,
3086 2866 3179 2922 sed
3208 2863 3389 2919 doceri
3423 2876 3520 2915 vos
3549 2871 3651 2929 per

2083 2969 2224 3032 haec,
2248 2973 2308 3020 ut
2345 2963 2657 3033 agnoscatis
2679 2961 2928 3016 ordinem
2959 2960 3100 3025 vitre,
3130 2955 3380 3011 instituta
3404 2962 3643 3012 morum,

485 3059 542 3115 '5.
572 3058 681 3114 Sed
711 3066 832 3128 post
859 3059 974 3113 bare
999 3058 1087 3112 ubi
1117 3057 1251 3112 vidit
1277 3057 1486 3112 Pharao
1515 3055 1657 3126 quod
1686 3069 1786 3124 per
1809 3053 1984 3107 obste
2008 3078 2053 3137 ο
2087 3059 2233 3124 ﬁdei,
2259 3056 2584 3124 virtutisque
2618 3051 2945 3108 certamina.

417 3147 585 3203 trices
618 3161 723 3201 non
755 3157 934 3214 posset
960 3161 1158 3200 necare
1189 3146 1456 3200 masculos
1490 3145 1652 3199 Israel
1676 3183 1692 3209 ,
1734 3161 1753 3195 ι
1777 3158 1980 3212 praece-

415 3235 535 3308 pit,
567 3235 743 3304 inquit
772 3234 839 3299 “,
873 3235 1020 3289 omni
1055 3234 1250 3306 populo
1275 3236 1501 3289 dicens:
1533 3233 1703 3290 Omne
1730 3233 1983 3288 masculi-

416 3341 546 3384 num
581 3328 940 3398 quodcunque
989 3337 1173 3380 natum
1204 3327 1364 3382 fuerit
1393 3325 1660 3389 Hebrmis,
1692 3328 1745 3380 in
1786 3324 1984 3379 ﬁumen

417 3418 692 3493 projicite,
714 3429 769 3475 et
791 3435 950 3475 omne
979 3419 1299 3475 femininum
1317 3417 1833 3474 vivilicate.iVidete
1856 3418 1984 3489 quid

418 3512 672 3583 princeps
693 3512 852 3584 hujus
879 3512 1060 3566 mundi
1093 3510 1345 3585 praecipit
1383 3511 1496 3565 suis
1521 3519 1580 3565 ut
1611 3510 1847 3566 infantes
1887 3525 1988 3563 no-

417 3615 564 3660 stros
594 3606 826 3679 rapiant,
861 3615 917 3660 et
945 3606 998 3660 in
1028 3605 1225 3660 ﬁumen
1254 3603 1558 3673 projiciant,
1589 3605 1778 3674 prima:
1803 3603 1985 3657 statim

420 3701 692 3756 nativitati
725 3711 1034 3756 nostrorum
1069 3698 1386 3754 insidiantes
1419 3699 1671 3753 continuo
1693 3736 1709 3763 ,
1741 3705 1799 3750 ut
1824 3697 1990 3752 ubera

423 3788 683 3848 Ecclesia:
712 3793 885 3860 prima
915 3789 1270 3858 contigerint,
1308 3789 1538 3854 irruant,
1563 3787 1839 3862 diripiant,
1871 3801 1994 3855 per-

423 3894 760 3952 sequantur,
809 3884 968 3939 undis
1003 3892 1058 3936 et
1099 3880 1356 3938 fluctibus
1398 3882 1555 3948 hujus
1578 3881 1763 3935 saeculi
1801 3881 1994 3934 absor-

423 3975 610 4030 beant.
643 3973 832 4029 Videte
859 3974 987 4041 quid
1018 3974 1270 4040 audiatis,
1303 3973 1569 4042 sapientia
1604 3973 1695 4026 Dei
1723 3986 1820 4041 per
1841 3971 1996 4026 Salo-

422 4082 640 4125 monem
681 4067 813 4122 dicit
840 4067 919 4118 ⁸⁸ε
973 4085 989 4118 ι
1018 4065 1430 4135 lntelligibiliter
1474 4064 1710 4135 intellige
1740 4081 1858 4133 qua:
1897 4079 1993 4133 ap-

423 4170 702 4234 ponuntur
725 4162 840 4220 tibi.
863 4180 881 4213 ι
913 4162 1048 4217 Vide
1068 4162 1245 4220 statim
1276 4174 1334 4214 ut
1359 4169 1536 4223 natus,
1564 4159 1672 4212 imo
1693 4168 1752 4213 ut
1777 4169 1996 4214 renatus

427 4253 596 4308 fueris
621 4293 637 4319 ,
683 4253 810 4322 quid
861 4254 956 4306 tibi
989 4254 1256 4307 imminet.
1309 4250 1424 4307 Hoc
1464 4253 1594 4306 illud
1628 4261 1730 4318 est,
1763 4251 1905 4321 quod
1941 4251 1996 4304 in

428 4345 720 4415 Evangelio
747 4346 880 4414 legis
906 4346 976 4411 “,
1010 4346 1133 4416 quia
1163 4345 1319 4402 Jesus
1354 4346 1538 4400 statim
1569 4354 1628 4399 ut
1654 4343 1900 4399 ascendit
1932 4343 1998 4397 de

2153 3150 2209 3204 Δ.
2247 3165 2266 3200 ι
2296 3145 2550 3200 Videntes
2571 3160 2589 3194 ι
2617 3157 2747 3212 ergo
2779 3139 2868 3193 isti
2897 3137 2964 3192 de
2991 3134 3132 3190 tribu
3151 3132 3279 3187 Levi
3302 3149 3321 3182 ι
3345 3128 3649 3198 elegantem

2085 3257 2207 3298 esse
2253 3239 2514 3295 infantem
2551 3276 2568 3304 ,
2601 3235 2921 3289 celaverunt
2971 3245 3092 3284 eum
3133 3227 3416 3281 mensibus
3450 3221 3650 3274 tribus.

2086 3334 2331 3400 Cumque
2361 3344 2466 3384 non
2509 3332 2731 3397 possent
2763 3320 2995 3390 amplius
3024 3318 3200 3373 celare
3225 3330 3366 3380 eum,
3396 3306 3650 3377 sumpsit,

2089 3425 2267 3496 inquit
2299 3424 2368 3488 δ’,
2403 3431 2577 3475 mater
2604 3418 2722 3488 ejus
2753 3414 2886 3467 tibin
2915 3411 3048 3482 (97),
3075 3420 3128 3464 et
3151 3408 3325 3461 linivit
3360 3402 3650 3468 bitumine,

2088 3529 2143 3576 et
2168 3495 2360 3585 injecit
2396 3514 2656 3569 infantem
2685 3509 2738 3563 in
2774 3522 2919 3570 eam,
2966 3516 3022 3559 et
3050 3501 3233 3572 posuit
3256 3500 3309 3552 in
3339 3495 3536 3569 palude
3563 3505 3642 3549 se-

2089 3627 2186 3669 cus
2216 3610 2437 3672 flumen,
2487 3615 2544 3660 et
2582 3602 2910 3658 observabat
2956 3613 3111 3654 soror
3155 3596 3270 3664 ejus
3293 3593 3361 3644 de
3389 3590 3565 3657 longe,
3596 3593 3656 3639 ut

2092 3706 2306 3759 videret
2327 3699 2457 3770 quid
2485 3697 2758 3752 accideret
2777 3695 2846 3749 ei.
2875 3689 3170 3747 Descendit
3187 3695 3367 3738 autem
3388 3681 3494 3736 ﬁlia
3518 3679 3658 3733 Pha-

2093 3797 2298 3860 raonis,
2353 3803 2412 3847 ut
2466 3792 2742 3847 lavaretur
2774 3787 2828 3842 in
2854 3785 3097 3848 flumine,
3122 3790 3178 3838 et
3198 3777 3402 3833 audivit
3436 3773 3634 3846 ploran'

2093 3902 2202 3947 tem
2231 3886 2516 3948 infantem,
2545 3893 2600 3938 et
2653 3880 2821 3946 misit,
2863 3877 3060 3946 inquit,
3103 3881 3159 3927 et
3193 3867 3658 3936 assumpsiteum,

2095 3991 2149 4037 et
2175 3981 2313 4035 dixit
2339 3978 2445 4035 lilia
2471 3973 2790 4037 Pharaonis,
2821 3969 2947 4038 quia
2984 3968 3048 4022 de
3074 3963 3374 4019 infantibus
3403 3959 3662 4013 Hebraeo-

2096 4086 2214 4127 rum
2242 4076 2323 4123 est
2357 4069 2470 4123 hic.
2503 4085 2522 4118 ι
2557 4065 2686 4119 Post
2726 4058 2973 4128 btecjam
3005 4055 3240 4111 refertur
3262 4050 3536 4126 quomodo
3567 4062 3661 4102 so-

2099 4177 2190 4216 ror
2239 4160 2357 4228 ejus
2382 4157 2542 4220 dixit,
2596 4163 2655 4208 ut
2679 4162 2908 4206 matrem
2943 4149 3094 4219 pueri
3123 4154 3361 4209 vocaret,
3391 4156 3510 4211 qua:
3537 4153 3661 4193 eum

2098 4253 2379 4308 nutriret.r
2395 4249 2458 4303 Et
2481 4249 2639 4312 dixit,
2658 4245 2919 4319 inquit”,
2937 4241 3003 4295 ad
3030 4239 3174 4293 illam
3197 4237 3304 4290 ﬁlia
3330 4232 3661 4290 Pharaonis:

2099 4345 2325 4404 Custodi
2373 4342 2504 4397 mihi
2547 4341 2691 4394 lnmc
2745 4335 3035 4395 infantem,
3070 4341 3126 4386 et
3169 4329 3319 4383 nutri
3351 4341 3472 4382 eum
3504 4323 3661 4385 mihi,

429 4439 704 4508 baptismo
733 4479 749 4503 ,
784 4457 802 4490 ι
833 4439 1029 4493 ductus
1073 4445 1157 4492 est
1204 4453 1234 4492 a
1301 4439 1491 4506 spiritu
1532 4438 1584 4491 in
1625 4437 1896 4491 desertum
1939 4449 1980 4486 ut

2100 4456 2203 4512 ego
2231 4447 2411 4493 autem
2448 4434 2587 4488 dabo
2624 4430 2718 4485 tibi
2768 4427 3096 4482 mercedem.
3133 4423 3378 4491 Cumque
3406 4417 3668 4473 nutrisset

436 4542 738 4586 tentaretur
759 4545 790 4585 a
815 4531 1050 4587 diabolo.
1075 4549 1094 4583 ι
1125 4529 1237 4587 Hoc
1255 4545 1382 4599 ergo
1403 4540 1483 4585 est
1506 4533 1648 4600 quod
1672 4540 1724 4584 et
1750 4531 1852 4584 hoc
1879 4529 2000 4586 loco

433 4624 645 4679 Pharao
673 4625 928 4696 praecepit
958 4623 1154 4692 populo
1183 4638 1301 4687 suo,
1332 4621 1588 4678 Hebraeos
1617 4621 1854 4676 infantes
1885 4631 1998 4676 sta-

433 4719 532 4771 tim
561 4727 621 4771 ut
643 4719 752 4771 nati
781 4716 1268 4778 fuerintinvadant,
1287 4714 1726 4783 diripiant,aqnis
1753 4714 2001 4769 submer-

435 4821 585 4882 gant.
606 4811 718 4866 Hoc
740 4809 988 4866 fortassis
1000 4819 1083 4864 est
1101 4807 1242 4876 quod
1265 4821 1358 4874 per
1378 4805 1698 4875 Prophetam
1717 4808 1915 4864 dicitur
1931 4806 1998 4861 δτι

443 4923 461 4956 ι
490 4905 624 4972 Quia
669 4905 1009 4958 intraverunt
1034 4918 1186 4972 aquae
1229 4915 1401 4970 usque
1431 4901 1495 4953 ad
1529 4899 1764 4956 animam
1797 4914 1998 4954 meam.

439 4998 655 5058 Deﬁxus
684 5012 802 5052 sum
833 4996 886 5050 in
917 4994 1046 5049 limo
1091 4994 1372 5062 profundi,
1401 5003 1456 5048 et
1488 5007 1592 5046 non
1625 5003 1710 5046 est
1743 4992 2001 5047 substan-

443 5093 538 5146 tla.
565 5108 584 5141 ι
623 5089 731 5143 Sed
761 5098 1049 5156 propterea
1081 5087 1326 5141 Christus
1357 5084 1632 5153 superavit
1661 5093 1714 5136 et
1745 5083 1913 5148 vicit,
1946 5091 2006 5136 ut

441 5184 534 5243 tibi
573 5180 815 5237 vincendi
844 5181 948 5234 iter
974 5178 1229 5246 aperiret.
1259 5175 1547 5244 Propterea
1576 5173 1824 5244 jejunans
1854 5173 2000 5240 vicit,

444 5289 503 5336 ttt
530 5288 585 5335 et
607 5284 660 5330 tu
686 5274 828 5332 scias
854 5269 1160 5341 hujusmodi
1187 5284 1356 5340 genus
1378 5269 1759 5324 daemoniorum
1786 5264 2006 5334 jejuniis

514 5375 562 5408 “
589 5374 757 5428 Exod.
787 5389 823 5432 ι,
854 5370 946 5423 92.
1019 5368 1064 5400 ⁸⁵
1091 5366 1253 5423 Prov.
1283 5381 1439 5433 xxnt,
1467 5365 1521 5419 1.

442 5448 479 5503 2
500 5455 554 5501 et
572 5459 727 5512 seqq.
803 5443 849 5480 θ’
881 5439 1050 5496 Exod.
1079 5453 1139 5502 tt,
1174 5436 1228 5493 9.

523 5540 634 5608 (94)
668 5539 834 5601 Alias,
874 5555 892 5588 ι
919 5536 1213 5608 Scriptura:
1243 5547 1453 5590 sensus.
1481 5552 1502 5588 ι

521 5606 634 5678 (95)
667 5610 833 5670 Alias,
872 5627 890 5658 ‹
918 5606 1294 5678 masculinum.
1321 5624 1340 5656 ι

525 5674 638 5751 (96)
673 5678 804 5734 Vide
828 5678 922 5734 lib.
947 5691 989 5732 ιι
1037 5675 1276 5747 0rigen.,
1304 5684 1496 5748 quaest.
1529 5674 1616 5732 15.

1594 5363 1641 5396 ⁸⁸
1679 5362 1868 5419 Matth.
1897 5377 1972 5432 tv,
2004 5362 2054 5418 1.

2103 4551 2248 4598 eum,
2282 4543 2337 4587 et
2361 4531 2555 4586 fortior
2581 4530 2755 4582 factus
2783 4535 2944 4590 esset,
2979 4522 3194 4579 induxit
3228 4520 3374 4574 illum
3401 4516 3466 4571 ad
3500 4516 3665 4569 ﬁliam

2105 4625 2428 4688 Pharaonis,
2471 4632 2526 4676 et
2576 4621 2748 4675 factus
2773 4627 2857 4674 est
2883 4619 2932 4672 ei
2961 4619 3015 4672 in
3052 4616 3246 4678 ﬁlium,
3274 4621 3328 4666 et
3359 4605 3665 4663 nominavit

2105 4734 2301 4776 nomen
2333 4715 2448 4786 ejus
2477 4713 2720 4783 Moysen,
2777 4710 2961 4764 dicens
3005 4708 3131 4776 quia
3171 4706 3238 4759 de
3267 4717 3402 4771 aqua
3431 4716 3552 4753 eum
3583 4713 3672 4750 as-

2108 4810 2334 4881 sumpsi.
2371 4829 2389 4861 ›
2420 4807 2640 4876 Singula
2673 4807 2787 4858 haec
2822 4799 3107 4856 immensis
3133 4796 3335 4864 repleta
3373 4790 3669 4867 mysteriis,
3753 4808 3759 4814 -

2110 4917 2319 4974 tempus
2338 4901 2558 4970 exigunt
2582 4897 2806 4968 grande,
2838 4904 2892 4948 et
2918 4893 3081 4947 totius
3109 4890 3210 4944 diei
3256 4885 3493 4956 spatium
3539 4885 3581 4937 si
3610 4887 3662 4937 in

2109 4999 2195 5054 bis
2249 5005 2666 5051 consumamus,
2696 4989 2783 5042 vix
2849 4987 3078 5040 fortasse
3125 4979 3380 5034 sufﬁciet.
3423 4976 3670 5030 Breviter

2114 5101 2293 5144 tamen
2341 5085 2518 5153 aliqua
2559 5081 2716 5138 nobis
2749 5096 2850 5149 pro
2893 5075 3149 5132 Ecclesiae
3178 5073 3535 5127 aedificatione
3557 5065 3675 5135 pul-

2110 5178 2278 5233 sanda
2303 5185 2446 5230 sunt.
2480 5171 2618 5226 Puto
2672 5171 2837 5224 ﬁliam
2871 5167 3174 5222 Pharaonis
3205 5161 3498 5218 Ecclesium
3555 5171 3677 5226 quae

2115 5273 2475 5334 congregatur
2507 5277 2574 5316 ex
2601 5259 2853 5330 gentibus
2885 5257 3051 5310 videri
3080 5269 3260 5327 posse,
3288 5268 3408 5322 qua:
3427 5249 3678 5318 quamvis

2129 5362 2175 5395 ⁸⁷
2203 5359 2348 5416 Psal.
2381 5374 2570 5427 vant,
2607 5358 2658 5419 ι,
2689 5357 2748 5409 2.
2820 5354 2868 5390 ⁸⁸
2899 5352 3072 5406 Exod.
3123 5365 3185 5416 ιι,
3220 5351 3274 5405 1.
3333 5348 3380 5380 ⁸³
3412 5344 3588 5400 Exod.
3612 5356 3673 5408 ιι,

2189 5526 2302 5596 (97)
2338 5523 2510 5577 Tibin.
2559 5518 2914 5596 Septuaginta
2975 5514 3314 5596 reliquerunt
3348 5524 3530 5596 vocem
3575 5505 3678 5559 lle—

2117 5581 2361 5678 braicam
2401 5601 2546 5678 nam
2579 5581 2700 5658 quia:
2724 5581 2993 5658 signiﬁcat
3017 5581 3198 5640 arcani
3229 5591 3321 5636 aut
3355 5581 3537 5651 potius
3583 5592 3674 5632 vas

2115 5673 2446 5738 navigationi
2487 5673 2695 5734 aptum.
