  <div class='ocr_page' id='page_1' title='image "/cluster/home/n/w/nwhite01/storage/ocr_20150623/12/mdp.39015028786690/164.png"; bbox 0 0 2025 3071; ppageno 0'>
   <div class='ocr_carea' id='block_1_1' title="bbox 188 141 238 169">
    <p class='ocr_par' dir='ltr' id='par_1_1' title="bbox 188 141 238 169">
     <span class='ocr_line' id='line_1_1' title="bbox 188 141 238 169; baseline 0 0"><span class='ocrx_word' id='word_1_1' title='bbox 188 141 238 169; x_wconf 68' lang='lat'><strong>309</strong></span> 
     </span>
    </p>
   </div>
   <div class='ocr_carea' id='block_1_2' title="bbox 791 142 1196 172">
    <p class='ocr_par' dir='ltr' id='par_1_2' title="bbox 791 142 1196 172">
     <span class='ocr_line' id='line_1_2' title="bbox 791 142 1196 172; baseline 0.002 -2"><span class='ocrx_word' id='word_1_2' title='bbox 791 143 826 170; x_wconf 83' lang='grc' dir='ltr'><strong>ΙΝ</strong></span> <span class='ocrx_word' id='word_1_3' title='bbox 842 142 986 172; x_wconf 81' lang='lat' dir='ltr'><strong>EXODUM</strong></span> <span class='ocrx_word' id='word_1_4' title='bbox 1005 143 1146 172; x_wconf 78' lang='lat' dir='ltr'><strong>HOMlLlA</strong></span> <span class='ocrx_word' id='word_1_5' title='bbox 1162 143 1196 171; x_wconf 84' lang='lat' dir='ltr'><strong>Ill</strong></span> 
     </span>
    </p>
   </div>
   <div class='ocr_carea' id='block_1_3' title="bbox 1758 144 1811 172">
    <p class='ocr_par' dir='ltr' id='par_1_3' title="bbox 1758 144 1811 172">
     <span class='ocr_line' id='line_1_3' title="bbox 1758 144 1811 172; baseline -0.019 0"><span class='ocrx_word' id='word_1_6' title='bbox 1758 144 1811 172; x_wconf 66' lang='lat'><strong>310</strong></span> 
     </span>
    </p>
   </div>
   <div class='ocr_carea' id='block_1_4' title="bbox 191 200 1811 241">
    <p class='ocr_par' dir='ltr' id='par_1_4' title="bbox 191 200 1811 241">
     <span class='ocr_line' id='line_1_4' title="bbox 191 200 1811 241; baseline 0.004 -15"><span class='ocrx_word' id='word_1_7' title='bbox 191 200 300 235; x_wconf 86' lang='lat' dir='ltr'><strong>impium</strong></span> <span class='ocrx_word' id='word_1_8' title='bbox 313 204 341 227; x_wconf 87' lang='lat' dir='ltr'><strong>et</strong></span> <span class='ocrx_word' id='word_1_9' title='bbox 364 200 491 236; x_wconf 88' lang='lat' dir='ltr'><strong>iniquum</strong></span> <span class='ocrx_word' id='word_1_10' title='bbox 508 202 611 230; x_wconf 88' lang='lat' dir='ltr'><strong>habeat</strong></span> <span class='ocrx_word' id='word_1_11' title='bbox 632 208 748 238; x_wconf 89' lang='lat' dir='ltr'><strong>patrem,</strong></span> <span class='ocrx_word' id='word_1_12' title='bbox 765 209 854 233; x_wconf 91' lang='lat' dir='ltr'><strong>tamen</strong></span> <span class='ocrx_word' id='word_1_13' title='bbox 880 206 979 232; x_wconf 92' lang='lat' dir='ltr'><strong>dicitur</strong></span> <span class='ocrx_word' id='word_1_14' title='bbox 992 209 1016 237; x_wconf 73' lang='grc' dir='ltr'>Α</span> <span class='ocrx_word' id='word_1_15' title='bbox 1032 207 1183 241; x_wconf 77' lang='lat' dir='ltr'><strong>egregium,</strong></span> <span class='ocrx_word' id='word_1_16' title='bbox 1210 210 1294 233; x_wconf 91' lang='lat' dir='ltr'><strong>totum</strong></span> <span class='ocrx_word' id='word_1_17' title='bbox 1318 205 1437 241; x_wconf 82' lang='lat' dir='ltr'><strong>elegans.</strong></span> <span class='ocrx_word' id='word_1_18' title='bbox 1463 205 1562 234; x_wconf 88' lang='lat' dir='ltr'><strong>Totum</strong></span> <span class='ocrx_word' id='word_1_19' title='bbox 1590 205 1662 232; x_wconf 87' lang='lat' dir='ltr'><strong>enim</strong></span> <span class='ocrx_word' id='word_1_20' title='bbox 1682 213 1811 240; x_wconf 72' lang='lat' dir='ltr'><strong>magnum</strong></span> 
     </span>
    </p>
   </div>
   <div class='ocr_carea' id='block_1_5' title="bbox 189 248 974 284">
    <p class='ocr_par' dir='ltr' id='par_1_5' title="bbox 189 248 974 284">
     <span class='ocr_line' id='line_1_5' title="bbox 189 248 974 284; baseline 0.006 -10"><span class='ocrx_word' id='word_1_21' title='bbox 189 248 220 275; x_wconf 82' lang='lat' dir='ltr'><strong>ad</strong></span> <span class='ocrx_word' id='word_1_22' title='bbox 238 255 297 274; x_wconf 84' lang='lat' dir='ltr'><strong>eam</strong></span> <span class='ocrx_word' id='word_1_23' title='bbox 327 255 377 282; x_wconf 83' lang='lat' dir='ltr'><strong>per</strong></span> <span class='ocrx_word' id='word_1_24' title='bbox 396 249 563 284; x_wconf 83' lang='lat' dir='ltr'><strong>Proplietam</strong></span> <span class='ocrx_word' id='word_1_25' title='bbox 579 251 602 267; x_wconf 74' lang='grc' dir='ltr'><strong>ἰ</strong></span> <span class='ocrx_word' id='word_1_26' title='bbox 619 260 625 277; x_wconf 90' lang='lat'>:</span> <span class='ocrx_word' id='word_1_27' title='bbox 645 260 655 276; x_wconf 73' lang='grc' dir='ltr'><strong>ι</strong></span> <span class='ocrx_word' id='word_1_28' title='bbox 671 251 752 283; x_wconf 83' lang='lat' dir='ltr'><strong>Audi,</strong></span> <span class='ocrx_word' id='word_1_29' title='bbox 776 252 841 284; x_wconf 84' lang='lat' dir='ltr'><strong>ﬁlia,</strong></span> <span class='ocrx_word' id='word_1_30' title='bbox 860 257 888 280; x_wconf 92' lang='lat' dir='ltr'><strong>et</strong></span> <span class='ocrx_word' id='word_1_31' title='bbox 903 253 974 283; x_wconf 87' lang='lat' dir='ltr'><strong>vide,</strong></span> 
     </span>
    </p>
   </div>
   <div class='ocr_carea' id='block_1_6' title="bbox 189 294 975 332">
    <p class='ocr_par' dir='ltr' id='par_1_6' title="bbox 189 294 975 332">
     <span class='ocr_line' id='line_1_6' title="bbox 189 294 975 332; baseline 0.004 -11"><span class='ocrx_word' id='word_1_32' title='bbox 189 299 213 321; x_wconf 80' lang='lat' dir='ltr'><strong>et</strong></span> <span class='ocrx_word' id='word_1_33' title='bbox 233 294 334 320; x_wconf 82' lang='lat' dir='ltr'><strong>inclina</strong></span> <span class='ocrx_word' id='word_1_34' title='bbox 361 302 458 322; x_wconf 89' lang='lat' dir='ltr'><strong>aurem</strong></span> <span class='ocrx_word' id='word_1_35' title='bbox 485 300 579 328; x_wconf 90' lang='lat' dir='ltr'><strong>tuam,</strong></span> <span class='ocrx_word' id='word_1_36' title='bbox 605 301 633 323; x_wconf 91' lang='lat' dir='ltr'><strong>et</strong></span> <span class='ocrx_word' id='word_1_37' title='bbox 661 297 827 325; x_wconf 84' lang='lat' dir='ltr'><strong>obliviscere</strong></span> <span class='ocrx_word' id='word_1_38' title='bbox 848 298 975 332; x_wconf 89' lang='lat' dir='ltr'><strong>populum</strong></span> 
     </span>
    </p>
   </div>
   <div class='ocr_carea' id='block_1_7' title="bbox 191 344 976 380">
    <p class='ocr_par' dir='ltr' id='par_1_7' title="bbox 191 344 976 380">
     <span class='ocr_line' id='line_1_7' title="bbox 191 344 976 380; baseline 0.006 -12"><span class='ocrx_word' id='word_1_39' title='bbox 191 347 272 371; x_wconf 82' lang='lat' dir='ltr'><strong>tuum.</strong></span> <span class='ocrx_word' id='word_1_40' title='bbox 283 347 310 368; x_wconf 83' lang='lat' dir='ltr'><strong>et</strong></span> <span class='ocrx_word' id='word_1_41' title='bbox 325 344 434 369; x_wconf 89' lang='lat' dir='ltr'><strong>domum</strong></span> <span class='ocrx_word' id='word_1_42' title='bbox 451 344 536 377; x_wconf 92' lang='lat' dir='ltr'><strong>patris</strong></span> <span class='ocrx_word' id='word_1_43' title='bbox 554 344 603 376; x_wconf 85' lang='lat' dir='ltr'><strong>tui,</strong></span> <span class='ocrx_word' id='word_1_44' title='bbox 616 345 678 379; x_wconf 84' lang='lat' dir='ltr'><strong>quia</strong></span> <span class='ocrx_word' id='word_1_45' title='bbox 690 347 846 379; x_wconf 90' lang='lat' dir='ltr'><strong>concupivit</strong></span> <span class='ocrx_word' id='word_1_46' title='bbox 859 354 906 373; x_wconf 89' lang='lat' dir='ltr'><strong>rex</strong></span> <span class='ocrx_word' id='word_1_47' title='bbox 919 353 976 380; x_wconf 89' lang='lat' dir='ltr'><strong>spe-</strong></span> 
     </span>
    </p>
   </div>
   <div class='ocr_carea' id='block_1_8' title="bbox 191 387 974 426">
    <p class='ocr_par' dir='ltr' id='par_1_8' title="bbox 191 387 974 426">
     <span class='ocr_line' id='line_1_8' title="bbox 191 387 974 426; baseline 0.009 -14"><span class='ocrx_word' id='word_1_48' title='bbox 191 388 252 413; x_wconf 80' lang='lat' dir='ltr'><strong>ciem</strong></span> <span class='ocrx_word' id='word_1_49' title='bbox 271 391 356 415; x_wconf 87' lang='lat' dir='ltr'><strong>tuam.</strong></span> <span class='ocrx_word' id='word_1_50' title='bbox 371 396 381 413; x_wconf 85' lang='grc'><strong>›</strong></span> <span class='ocrx_word' id='word_1_51' title='bbox 401 387 463 414; x_wconf 70' lang='lat' dir='ltr'><strong>Hice</strong></span> <span class='ocrx_word' id='word_1_52' title='bbox 479 396 544 424; x_wconf 82' lang='lat' dir='ltr'><strong>ergo</strong></span> <span class='ocrx_word' id='word_1_53' title='bbox 559 395 601 417; x_wconf 88' lang='lat' dir='ltr'><strong>est</strong></span> <span class='ocrx_word' id='word_1_54' title='bbox 619 397 681 424; x_wconf 81' lang='lat' dir='ltr'><strong>quae</strong></span> <span class='ocrx_word' id='word_1_55' title='bbox 698 390 764 418; x_wconf 88' lang='lat' dir='ltr'><strong>exiit</strong></span> <span class='ocrx_word' id='word_1_56' title='bbox 777 391 810 418; x_wconf 90' lang='lat' dir='ltr'><strong>de</strong></span> <span class='ocrx_word' id='word_1_57' title='bbox 826 392 907 419; x_wconf 88' lang='lat' dir='ltr'><strong>domo</strong></span> <span class='ocrx_word' id='word_1_58' title='bbox 924 399 974 426; x_wconf 90' lang='lat' dir='ltr'><strong>pa-</strong></span> 
     </span>
    </p>
   </div>
   <div class='ocr_carea' id='block_1_9' title="bbox 193 432 976 473">
    <p class='ocr_par' dir='ltr' id='par_1_9' title="bbox 193 432 976 473">
     <span class='ocr_line' id='line_1_9' title="bbox 193 432 976 473; baseline 0.01 -16"><span class='ocrx_word' id='word_1_59' title='bbox 193 432 235 458; x_wconf 87' lang='lat' dir='ltr'><strong>tris</strong></span> <span class='ocrx_word' id='word_1_60' title='bbox 251 436 277 458; x_wconf 88' lang='lat' dir='ltr'><strong>et</strong></span> <span class='ocrx_word' id='word_1_61' title='bbox 295 433 370 459; x_wconf 84' lang='lat' dir='ltr'><strong>venit</strong></span> <span class='ocrx_word' id='word_1_62' title='bbox 381 434 415 461; x_wconf 91' lang='lat' dir='ltr'><strong>ad</strong></span> <span class='ocrx_word' id='word_1_63' title='bbox 428 441 513 469; x_wconf 92' lang='lat' dir='ltr'><strong>aquas</strong></span> <span class='ocrx_word' id='word_1_64' title='bbox 524 455 532 468; x_wconf 89' lang='lat'><strong>,</strong></span> <span class='ocrx_word' id='word_1_65' title='bbox 547 440 576 462; x_wconf 91' lang='lat' dir='ltr'><strong>ut</strong></span> <span class='ocrx_word' id='word_1_66' title='bbox 593 435 729 464; x_wconf 89' lang='lat' dir='ltr'><strong>lavaretur</strong></span> <span class='ocrx_word' id='word_1_67' title='bbox 744 445 757 464; x_wconf 92' lang='lat' dir='ltr'><strong>a</strong></span> <span class='ocrx_word' id='word_1_68' title='bbox 771 439 888 471; x_wconf 78' lang='lat' dir='ltr'><strong>peccatis</strong></span> <span class='ocrx_word' id='word_1_69' title='bbox 915 447 976 473; x_wconf 70' lang='lat' dir='ltr'><strong>qua:</strong></span> 
     </span>
    </p>
   </div>
   <div class='ocr_carea' id='block_1_10' title="bbox 191 479 971 519">
    <p class='ocr_par' dir='ltr' id='par_1_10' title="bbox 191 479 971 519">
     <span class='ocr_line' id='line_1_10' title="bbox 191 479 971 519; baseline 0.008 -15"><span class='ocrx_word' id='word_1_70' title='bbox 191 482 365 505; x_wconf 75' lang='lat' dir='ltr'><strong>contraxerat</strong></span> <span class='ocrx_word' id='word_1_71' title='bbox 392 479 419 506; x_wconf 91' lang='lat' dir='ltr'><strong>in</strong></span> <span class='ocrx_word' id='word_1_72' title='bbox 451 481 532 508; x_wconf 90' lang='lat' dir='ltr'><strong>domo</strong></span> <span class='ocrx_word' id='word_1_73' title='bbox 553 482 640 516; x_wconf 90' lang='lat' dir='ltr'><strong>patris</strong></span> <span class='ocrx_word' id='word_1_74' title='bbox 661 483 714 511; x_wconf 89' lang='lat' dir='ltr'><strong>sui.</strong></span> <span class='ocrx_word' id='word_1_75' title='bbox 735 483 857 519; x_wconf 87' lang='lat' dir='ltr'><strong>Denique</strong></span> <span class='ocrx_word' id='word_1_76' title='bbox 877 487 971 511; x_wconf 80' lang='lat' dir='ltr'><strong>stat;m</strong></span> 
     </span>
    </p>
   </div>
   <div class='ocr_carea' id='block_1_11' title="bbox 192 523 973 562">
    <p class='ocr_par' dir='ltr' id='par_1_11' title="bbox 192 523 973 562">
     <span class='ocr_line' id='line_1_11' title="bbox 192 523 973 562; baseline 0.012 -14"><span class='ocrx_word' id='word_1_77' title='bbox 192 523 293 549; x_wconf 76' lang='lat' dir='ltr'><strong>viscera</strong></span> <span class='ocrx_word' id='word_1_78' title='bbox 319 525 515 553; x_wconf 72' lang='lat' dir='ltr'><strong>misericordiae</strong></span> <span class='ocrx_word' id='word_1_79' title='bbox 534 527 655 562; x_wconf 84' lang='lat' dir='ltr'><strong>suscipit,</strong></span> <span class='ocrx_word' id='word_1_80' title='bbox 675 533 702 555; x_wconf 88' lang='lat' dir='ltr'><strong>et</strong></span> <span class='ocrx_word' id='word_1_81' title='bbox 724 529 871 556; x_wconf 83' lang='lat' dir='ltr'><strong>miseratur</strong></span> <span class='ocrx_word' id='word_1_82' title='bbox 885 530 973 556; x_wconf 77' lang='lat' dir='ltr'><strong>infan-</strong></span> 
     </span>
    </p>
   </div>
   <div class='ocr_carea' id='block_1_12' title="bbox 192 569 974 609">
    <p class='ocr_par' dir='ltr' id='par_1_12' title="bbox 192 569 974 609">
     <span class='ocr_line' id='line_1_12' title="bbox 192 569 974 609; baseline 0.012 -15"><span class='ocrx_word' id='word_1_83' title='bbox 192 573 249 595; x_wconf 81' lang='lat' dir='ltr'><strong>tem.</strong></span> <span class='ocrx_word' id='word_1_84' title='bbox 262 569 328 597; x_wconf 69' lang='lat' dir='ltr'><strong>Hmc</strong></span> <span class='ocrx_word' id='word_1_85' title='bbox 344 577 409 605; x_wconf 73' lang='lat' dir='ltr'><strong>ergo</strong></span> <span class='ocrx_word' id='word_1_86' title='bbox 420 571 541 599; x_wconf 83' lang='lat' dir='ltr'><strong>Ecclesia</strong></span> <span class='ocrx_word' id='word_1_87' title='bbox 560 579 592 599; x_wconf 83' lang='lat' dir='ltr'><strong>ex</strong></span> <span class='ocrx_word' id='word_1_88' title='bbox 609 574 869 607; x_wconf 80' lang='lat' dir='ltr'><strong>gentibusveniens.</strong></span> <span class='ocrx_word' id='word_1_89' title='bbox 883 575 908 602; x_wconf 92' lang='lat' dir='ltr'><strong>in</strong></span> <span class='ocrx_word' id='word_1_90' title='bbox 927 583 974 609; x_wconf 87' lang='lat' dir='ltr'><strong>pa-</strong></span> 
     </span>
    </p>
   </div>
   <div class='ocr_carea' id='block_1_13' title="bbox 189 613 973 655">
    <p class='ocr_par' dir='ltr' id='par_1_13' title="bbox 189 613 973 655">
     <span class='ocr_line' id='line_1_13' title="bbox 189 613 973 655; baseline 0.01 -15"><span class='ocrx_word' id='word_1_91' title='bbox 189 613 246 641; x_wconf 93' lang='lat' dir='ltr'><strong>lude</strong></span> <span class='ocrx_word' id='word_1_92' title='bbox 265 614 372 642; x_wconf 76' lang='lat' dir='ltr'><strong>invenit</strong></span> <span class='ocrx_word' id='word_1_93' title='bbox 392 616 528 651; x_wconf 88' lang='lat' dir='ltr'><strong>jacentem</strong></span> <span class='ocrx_word' id='word_1_94' title='bbox 549 617 658 653; x_wconf 81' lang='lat' dir='ltr'><strong>Moysen</strong></span> <span class='ocrx_word' id='word_1_95' title='bbox 672 639 679 651; x_wconf 85' lang='lat'><strong>,</strong></span> <span class='ocrx_word' id='word_1_96' title='bbox 698 620 832 655; x_wconf 86' lang='lat' dir='ltr'><strong>abjeetum</strong></span> <span class='ocrx_word' id='word_1_97' title='bbox 847 627 861 647; x_wconf 87' lang='lat' dir='ltr'><strong>a</strong></span> <span class='ocrx_word' id='word_1_98' title='bbox 878 622 934 648; x_wconf 89' lang='lat' dir='ltr'><strong>suis</strong></span> <span class='ocrx_word' id='word_1_99' title='bbox 946 625 973 648; x_wconf 88' lang='lat' dir='ltr'><strong>et</strong></span> 
     </span>
    </p>
   </div>
   <div class='ocr_carea' id='block_1_14' title="bbox 187 661 970 701">
    <p class='ocr_par' dir='ltr' id='par_1_14' title="bbox 187 661 970 701">
     <span class='ocr_line' id='line_1_14' title="bbox 187 661 970 701; baseline 0.011 -15"><span class='ocrx_word' id='word_1_100' title='bbox 187 661 351 694; x_wconf 77' lang='lat' dir='ltr'><strong>expositum,</strong></span> <span class='ocrx_word' id='word_1_101' title='bbox 367 662 412 689; x_wconf 88' lang='lat' dir='ltr'><strong>dat</strong></span> <span class='ocrx_word' id='word_1_102' title='bbox 426 670 488 690; x_wconf 91' lang='lat' dir='ltr'><strong>eum</strong></span> <span class='ocrx_word' id='word_1_103' title='bbox 507 665 616 696; x_wconf 87' lang='lat' dir='ltr'><strong>nutrici,</strong></span> <span class='ocrx_word' id='word_1_104' title='bbox 637 670 664 692; x_wconf 89' lang='lat' dir='ltr'><strong>et</strong></span> <span class='ocrx_word' id='word_1_105' title='bbox 679 666 800 692; x_wconf 83' lang='lat' dir='ltr'><strong>nutritur</strong></span> <span class='ocrx_word' id='word_1_106' title='bbox 812 668 881 701; x_wconf 88' lang='lat' dir='ltr'><strong>apud</strong></span> <span class='ocrx_word' id='word_1_107' title='bbox 891 675 970 700; x_wconf 88' lang='lat' dir='ltr'><strong>suos,</strong></span> 
     </span>
    </p>
   </div>
   <div class='ocr_carea' id='block_1_15' title="bbox 186 706 970 746">
    <p class='ocr_par' dir='ltr' id='par_1_15' title="bbox 186 706 970 746">
     <span class='ocr_line' id='line_1_15' title="bbox 186 706 970 746; baseline 0.01 -14"><span class='ocrx_word' id='word_1_108' title='bbox 186 706 221 732; x_wconf 85' lang='lat' dir='ltr'><strong>ibi</strong></span> <span class='ocrx_word' id='word_1_109' title='bbox 236 707 292 742; x_wconf 80' lang='lat' dir='ltr'><strong>agit</strong></span> <span class='ocrx_word' id='word_1_110' title='bbox 312 708 465 736; x_wconf 82' lang='lat' dir='ltr'><strong>infantiam.</strong></span> <span class='ocrx_word' id='word_1_111' title='bbox 489 709 556 737; x_wconf 85' lang='lat' dir='ltr'><strong>Cum</strong></span> <span class='ocrx_word' id='word_1_112' title='bbox 580 715 670 737; x_wconf 92' lang='lat' dir='ltr'><strong>autem</strong></span> <span class='ocrx_word' id='word_1_113' title='bbox 692 711 789 739; x_wconf 78' lang='lat' dir='ltr'><strong>fortior</strong></span> <span class='ocrx_word' id='word_1_114' title='bbox 810 712 898 740; x_wconf 81' lang='lat' dir='ltr'><strong>factus</strong></span> <span class='ocrx_word' id='word_1_115' title='bbox 919 719 970 746; x_wconf 82' lang='lat' dir='ltr'><strong>est,</strong></span> 
     </span>
    </p>
   </div>
   <div class='ocr_carea' id='block_1_16' title="bbox 186 752 970 789">
    <p class='ocr_par' dir='ltr' id='par_1_16' title="bbox 186 752 970 789">
     <span class='ocr_line' id='line_1_16' title="bbox 186 752 970 789; baseline 0.009 -12"><span class='ocrx_word' id='word_1_116' title='bbox 186 755 249 778; x_wconf 89' lang='lat' dir='ltr'><strong>tunc</strong></span> <span class='ocrx_word' id='word_1_117' title='bbox 279 752 417 780; x_wconf 85' lang='lat' dir='ltr'><strong>inducitur</strong></span> <span class='ocrx_word' id='word_1_118' title='bbox 437 755 471 781; x_wconf 87' lang='lat' dir='ltr'><strong>ad</strong></span> <span class='ocrx_word' id='word_1_119' title='bbox 499 762 572 787; x_wconf 88' lang='lat' dir='ltr'><strong>eam,</strong></span> <span class='ocrx_word' id='word_1_120' title='bbox 600 760 629 782; x_wconf 88' lang='lat' dir='ltr'><strong>et</strong></span> <span class='ocrx_word' id='word_1_121' title='bbox 655 756 800 789; x_wconf 83' lang='lat' dir='ltr'><strong>adoptatur</strong></span> <span class='ocrx_word' id='word_1_122' title='bbox 821 757 847 783; x_wconf 93' lang='lat' dir='ltr'><strong>in</strong></span> <span class='ocrx_word' id='word_1_123' title='bbox 873 757 970 785; x_wconf 86' lang='lat' dir='ltr'><strong>lilium.</strong></span> 
     </span>
    </p>
   </div>
   <div class='ocr_carea' id='block_1_17' title="bbox 184 797 971 835">
    <p class='ocr_par' dir='ltr' id='par_1_17' title="bbox 184 797 971 835">
     <span class='ocr_line' id='line_1_17' title="bbox 184 797 971 835; baseline 0.009 -12"><span class='ocrx_word' id='word_1_124' title='bbox 184 797 291 833; x_wconf 78' lang='lat' dir='ltr'><strong>Moyses</strong></span> <span class='ocrx_word' id='word_1_125' title='bbox 306 804 397 827; x_wconf 88' lang='lat' dir='ltr'><strong>autem</strong></span> <span class='ocrx_word' id='word_1_126' title='bbox 418 801 480 834; x_wconf 84' lang='lat' dir='ltr'><strong>quia</strong></span> <span class='ocrx_word' id='word_1_127' title='bbox 498 800 541 827; x_wconf 95' lang='lat' dir='ltr'><strong>lex</strong></span> <span class='ocrx_word' id='word_1_128' title='bbox 561 800 724 835; x_wconf 81' lang='lat' dir='ltr'><strong>appellatur,</strong></span> <span class='ocrx_word' id='word_1_129' title='bbox 742 801 770 829; x_wconf 92' lang='lat' dir='ltr'><strong>in</strong></span> <span class='ocrx_word' id='word_1_130' title='bbox 792 802 886 829; x_wconf 88' lang='lat' dir='ltr'><strong>multis</strong></span> <span class='ocrx_word' id='word_1_131' title='bbox 904 802 971 830; x_wconf 90' lang='lat' dir='ltr'><strong>locis</strong></span> 
     </span>
    </p>
   </div>
   <div class='ocr_carea' id='block_1_18' title="bbox 179 844 970 882">
    <p class='ocr_par' dir='ltr' id='par_1_18' title="bbox 179 844 970 882">
     <span class='ocr_line' id='line_1_18' title="bbox 179 844 970 882; baseline 0.004 -10"><span class='ocrx_word' id='word_1_132' title='bbox 179 844 235 879; x_wconf 81' lang='lat' dir='ltr'><strong>jam</strong></span> <span class='ocrx_word' id='word_1_133' title='bbox 254 852 326 880; x_wconf 58' lang='lat' dir='ltr'><strong>saepe</strong></span> <span class='ocrx_word' id='word_1_134' title='bbox 339 846 483 873; x_wconf 88' lang='lat' dir='ltr'><strong>dissertum</strong></span> <span class='ocrx_word' id='word_1_135' title='bbox 501 852 553 874; x_wconf 89' lang='lat' dir='ltr'><strong>est.</strong></span> <span class='ocrx_word' id='word_1_136' title='bbox 577 847 696 874; x_wconf 85' lang='lat' dir='ltr'><strong>Veniens</strong></span> <span class='ocrx_word' id='word_1_137' title='bbox 716 855 782 882; x_wconf 79' lang='lat' dir='ltr'><strong>ergo</strong></span> <span class='ocrx_word' id='word_1_138' title='bbox 799 847 921 875; x_wconf 81' lang='lat' dir='ltr'><strong>Ecclesia</strong></span> <span class='ocrx_word' id='word_1_139' title='bbox 937 849 970 875; x_wconf 91' lang='lat' dir='ltr'><strong>ad</strong></span> 
     </span>
    </p>
   </div>
   <div class='ocr_carea' id='block_1_19' title="bbox 183 891 969 929">
    <p class='ocr_par' dir='ltr' id='par_1_19' title="bbox 183 891 969 929">
     <span class='ocr_line' id='line_1_19' title="bbox 183 891 969 929; baseline 0.004 -12"><span class='ocrx_word' id='word_1_140' title='bbox 183 898 269 925; x_wconf 87' lang='lat' dir='ltr'><strong>aquas</strong></span> <span class='ocrx_word' id='word_1_141' title='bbox 287 891 417 926; x_wconf 80' lang='lat' dir='ltr'><strong>baptismi</strong></span> <span class='ocrx_word' id='word_1_142' title='bbox 446 894 568 928; x_wconf 86' lang='lat' dir='ltr'><strong>suscepit</strong></span> <span class='ocrx_word' id='word_1_143' title='bbox 590 894 673 920; x_wconf 88' lang='lat' dir='ltr'><strong>etiam</strong></span> <span class='ocrx_word' id='word_1_144' title='bbox 690 894 786 928; x_wconf 78' lang='lat' dir='ltr'><strong>legem,</strong></span> <span class='ocrx_word' id='word_1_145' title='bbox 803 902 863 929; x_wconf 66' lang='lat' dir='ltr'><strong>qum</strong></span> <span class='ocrx_word' id='word_1_146' title='bbox 879 899 969 922; x_wconf 90' lang='lat' dir='ltr'><strong>tamen</strong></span> 
     </span>
    </p>
   </div>
   <div class='ocr_carea' id='block_1_20' title="bbox 183 935 971 972">
    <p class='ocr_par' dir='ltr' id='par_1_20' title="bbox 183 935 971 972">
     <span class='ocr_line' id='line_1_20' title="bbox 183 935 971 972; baseline 0.005 -10"><span class='ocrx_word' id='word_1_147' title='bbox 183 935 227 962; x_wconf 79' lang='lat' dir='ltr'><strong>lex</strong></span> <span class='ocrx_word' id='word_1_148' title='bbox 246 941 308 962; x_wconf 89' lang='lat' dir='ltr'><strong>erat</strong></span> <span class='ocrx_word' id='word_1_149' title='bbox 331 936 402 963; x_wconf 88' lang='lat' dir='ltr'><strong>intra</strong></span> <span class='ocrx_word' id='word_1_150' title='bbox 437 937 503 964; x_wconf 91' lang='lat' dir='ltr'><strong>tibin</strong></span> <span class='ocrx_word' id='word_1_151' title='bbox 537 936 681 970; x_wconf 87' lang='lat' dir='ltr'><strong>conclusa,</strong></span> <span class='ocrx_word' id='word_1_152' title='bbox 708 939 767 972; x_wconf 89' lang='lat' dir='ltr'><strong>pice</strong></span> <span class='ocrx_word' id='word_1_153' title='bbox 789 943 816 965; x_wconf 90' lang='lat' dir='ltr'><strong>et</strong></span> <span class='ocrx_word' id='word_1_154' title='bbox 840 939 971 966; x_wconf 89' lang='lat' dir='ltr'><strong>bitumine</strong></span> 
     </span>
    </p>
   </div>
   <div class='ocr_carea' id='block_1_21' title="bbox 182 980 968 1018">
    <p class='ocr_par' dir='ltr' id='par_1_21' title="bbox 182 980 968 1018">
     <span class='ocr_line' id='line_1_21' title="bbox 182 980 968 1018; baseline 0.006 -12"><span class='ocrx_word' id='word_1_155' title='bbox 182 980 277 1007; x_wconf 84' lang='lat' dir='ltr'><strong>oblita.</strong></span> <span class='ocrx_word' id='word_1_156' title='bbox 296 980 372 1008; x_wconf 88' lang='lat' dir='ltr'><strong>Tibis</strong></span> <span class='ocrx_word' id='word_1_157' title='bbox 387 989 473 1015; x_wconf 80' lang='lat' dir='ltr'><strong>genus</strong></span> <span class='ocrx_word' id='word_1_158' title='bbox 487 986 529 1009; x_wconf 87' lang='lat' dir='ltr'><strong>est</strong></span> <span class='ocrx_word' id='word_1_159' title='bbox 553 983 690 1017; x_wconf 77' lang='lat' dir='ltr'><strong>tegminis,</strong></span> <span class='ocrx_word' id='word_1_160' title='bbox 706 990 739 1009; x_wconf 80' lang='lat' dir='ltr'><strong>ex</strong></span> <span class='ocrx_word' id='word_1_161' title='bbox 768 984 851 1018; x_wconf 81' lang='lat' dir='ltr'><strong>virgis</strong></span> <span class='ocrx_word' id='word_1_162' title='bbox 870 989 917 1011; x_wconf 90' lang='lat' dir='ltr'><strong>aut</strong></span> <span class='ocrx_word' id='word_1_163' title='bbox 935 992 968 1011; x_wconf 83' lang='lat' dir='ltr'><strong>ex</strong></span> 
     </span>
    </p>
   </div>
   <div class='ocr_carea' id='block_1_22' title="bbox 181 1028 971 1061">
    <p class='ocr_par' dir='ltr' id='par_1_22' title="bbox 181 1028 971 1061">
     <span class='ocr_line' id='line_1_22' title="bbox 181 1028 971 1061; baseline 0.005 -8"><span class='ocrx_word' id='word_1_164' title='bbox 181 1033 285 1061; x_wconf 80' lang='lat' dir='ltr'><strong>papyro</strong></span> <span class='ocrx_word' id='word_1_165' title='bbox 315 1032 484 1060; x_wconf 73' lang='lat' dir='ltr'><strong>contextum,</strong></span> <span class='ocrx_word' id='word_1_166' title='bbox 504 1028 546 1055; x_wconf 92' lang='lat' dir='ltr'><strong>vel</strong></span> <span class='ocrx_word' id='word_1_167' title='bbox 572 1028 655 1055; x_wconf 87' lang='lat' dir='ltr'><strong>etiam</strong></span> <span class='ocrx_word' id='word_1_168' title='bbox 675 1036 707 1055; x_wconf 76' lang='lat' dir='ltr'><strong>ex</strong></span> <span class='ocrx_word' id='word_1_169' title='bbox 721 1028 850 1056; x_wconf 91' lang='lat' dir='ltr'><strong>arborum</strong></span> <span class='ocrx_word' id='word_1_170' title='bbox 870 1031 971 1057; x_wconf 89' lang='lat' dir='ltr'><strong>cortice</strong></span> 
     </span>
    </p>
   </div>
   <div class='ocr_carea' id='block_1_23' title="bbox 184 1072 971 1109">
    <p class='ocr_par' dir='ltr' id='par_1_23' title="bbox 184 1072 971 1109">
     <span class='ocr_line' id='line_1_23' title="bbox 184 1072 971 1109; baseline 0.006 -11"><span class='ocrx_word' id='word_1_171' title='bbox 184 1072 342 1105; x_wconf 76' lang='lat' dir='ltr'><strong>formatum,</strong></span> <span class='ocrx_word' id='word_1_172' title='bbox 369 1073 439 1100; x_wconf 83' lang='lat' dir='ltr'><strong>intra</strong></span> <span class='ocrx_word' id='word_1_173' title='bbox 470 1074 542 1108; x_wconf 87' lang='lat' dir='ltr'><strong>quod</strong></span> <span class='ocrx_word' id='word_1_174' title='bbox 574 1075 688 1109; x_wconf 82' lang='lat' dir='ltr'><strong>injectus</strong></span> <span class='ocrx_word' id='word_1_175' title='bbox 713 1075 802 1102; x_wconf 84' lang='lat' dir='ltr'><strong>infans</strong></span> <span class='ocrx_word' id='word_1_176' title='bbox 828 1076 971 1103; x_wconf 78' lang='lat' dir='ltr'><strong>videbatur</strong></span> 
     </span>
    </p>
   </div>
   <div class='ocr_carea' id='block_1_24' title="bbox 181 1118 970 1155">
    <p class='ocr_par' dir='ltr' id='par_1_24' title="bbox 181 1118 970 1155">
     <span class='ocr_line' id='line_1_24' title="bbox 181 1118 970 1155; baseline 0.004 -10"><span class='ocrx_word' id='word_1_177' title='bbox 181 1119 334 1152; x_wconf 76' lang='lat' dir='ltr'><strong>expositus.</strong></span> <span class='ocrx_word' id='word_1_178' title='bbox 350 1118 462 1147; x_wconf 69' lang='lat' dir='ltr'><strong>Iacebat</strong></span> <span class='ocrx_word' id='word_1_179' title='bbox 482 1128 546 1155; x_wconf 73' lang='lat' dir='ltr'><strong>ergo</strong></span> <span class='ocrx_word' id='word_1_180' title='bbox 576 1120 618 1147; x_wconf 86' lang='lat' dir='ltr'><strong>lex</strong></span> <span class='ocrx_word' id='word_1_181' title='bbox 636 1120 764 1147; x_wconf 88' lang='lat' dir='ltr'><strong>conclusa</strong></span> <span class='ocrx_word' id='word_1_182' title='bbox 784 1122 854 1148; x_wconf 84' lang='lat' dir='ltr'><strong>intra</strong></span> <span class='ocrx_word' id='word_1_183' title='bbox 873 1120 970 1155; x_wconf 84' lang='lat' dir='ltr'><strong>hujus-</strong></span> 
     </span>
    </p>
   </div>
   <div class='ocr_carea' id='block_1_25' title="bbox 183 1163 971 1201">
    <p class='ocr_par' dir='ltr' id='par_1_25' title="bbox 183 1163 971 1201">
     <span class='ocr_line' id='line_1_25' title="bbox 183 1163 971 1201; baseline 0.006 -12"><span class='ocrx_word' id='word_1_184' title='bbox 183 1163 254 1190; x_wconf 92' lang='lat' dir='ltr'><strong>modi</strong></span> <span class='ocrx_word' id='word_1_185' title='bbox 269 1165 400 1200; x_wconf 81' lang='lat' dir='ltr'><strong>tegmina,</strong></span> <span class='ocrx_word' id='word_1_186' title='bbox 426 1170 454 1193; x_wconf 86' lang='lat' dir='ltr'><strong>et</strong></span> <span class='ocrx_word' id='word_1_187' title='bbox 471 1167 530 1201; x_wconf 91' lang='lat' dir='ltr'><strong>pice</strong></span> <span class='ocrx_word' id='word_1_188' title='bbox 544 1174 576 1194; x_wconf 91' lang='lat' dir='ltr'><strong>ac</strong></span> <span class='ocrx_word' id='word_1_189' title='bbox 605 1167 737 1194; x_wconf 91' lang='lat' dir='ltr'><strong>bitumine</strong></span> <span class='ocrx_word' id='word_1_190' title='bbox 758 1167 852 1198; x_wconf 89' lang='lat' dir='ltr'><strong>oblitaI</strong></span> <span class='ocrx_word' id='word_1_191' title='bbox 872 1168 971 1194; x_wconf 88' lang='lat' dir='ltr'><strong>vilibus</strong></span> 
     </span>
    </p>
   </div>
   <div class='ocr_carea' id='block_1_26' title="bbox 183 1210 972 1246">
    <p class='ocr_par' dir='ltr' id='par_1_26' title="bbox 183 1210 972 1246">
     <span class='ocr_line' id='line_1_26' title="bbox 183 1210 972 1246; baseline 0.005 -11"><span class='ocrx_word' id='word_1_192' title='bbox 183 1214 211 1235; x_wconf 87' lang='lat' dir='ltr'><strong>et</strong></span> <span class='ocrx_word' id='word_1_193' title='bbox 239 1210 339 1237; x_wconf 88' lang='lat' dir='ltr'><strong>terreis</strong></span> <span class='ocrx_word' id='word_1_194' title='bbox 363 1210 518 1238; x_wconf 63' lang='lat' dir='ltr'><strong>Judmorum</strong></span> <span class='ocrx_word' id='word_1_195' title='bbox 544 1211 669 1238; x_wconf 87' lang='lat' dir='ltr'><strong>sensibus</strong></span> <span class='ocrx_word' id='word_1_196' title='bbox 691 1210 749 1246; x_wconf 81' lang='lat'><strong>(98)</strong></span> <span class='ocrx_word' id='word_1_197' title='bbox 774 1213 900 1239; x_wconf 83' lang='lat' dir='ltr'><strong>sordebat</strong></span> <span class='ocrx_word' id='word_1_198' title='bbox 923 1214 972 1240; x_wconf 90' lang='lat' dir='ltr'><strong>ob-</strong></span> 
     </span>
    </p>
   </div>
   <div class='ocr_carea' id='block_1_27' title="bbox 182 1257 972 1293">
    <p class='ocr_par' dir='ltr' id='par_1_27' title="bbox 182 1257 972 1293">
     <span class='ocr_line' id='line_1_27' title="bbox 182 1257 972 1293; baseline 0.004 -11"><span class='ocrx_word' id='word_1_199' title='bbox 182 1261 271 1290; x_wconf 81' lang='lat' dir='ltr'><strong>septa,</strong></span> <span class='ocrx_word' id='word_1_200' title='bbox 304 1264 445 1291; x_wconf 85' lang='lat' dir='ltr'><strong>nsqueqno</strong></span> <span class='ocrx_word' id='word_1_201' title='bbox 472 1257 594 1284; x_wconf 85' lang='lat' dir='ltr'><strong>Ecclesia</strong></span> <span class='ocrx_word' id='word_1_202' title='bbox 621 1257 727 1284; x_wconf 88' lang='lat' dir='ltr'><strong>veniret</strong></span> <span class='ocrx_word' id='word_1_203' title='bbox 748 1265 781 1285; x_wconf 84' lang='lat' dir='ltr'><strong>ex</strong></span> <span class='ocrx_word' id='word_1_204' title='bbox 802 1259 929 1293; x_wconf 79' lang='lat' dir='ltr'><strong>gentibus</strong></span> <span class='ocrx_word' id='word_1_205' title='bbox 945 1263 972 1285; x_wconf 91' lang='lat' dir='ltr'><strong>et</strong></span> 
     </span>
    </p>
   </div>
   <div class='ocr_carea' id='block_1_28' title="bbox 184 1303 971 1339">
    <p class='ocr_par' dir='ltr' id='par_1_28' title="bbox 184 1303 971 1339">
     <span class='ocr_line' id='line_1_28' title="bbox 184 1303 971 1339; baseline 0.005 -11"><span class='ocrx_word' id='word_1_206' title='bbox 184 1307 338 1329; x_wconf 88' lang='lat' dir='ltr'><strong>assumeret</strong></span> <span class='ocrx_word' id='word_1_207' title='bbox 355 1310 414 1329; x_wconf 85' lang='lat' dir='ltr'><strong>eam</strong></span> <span class='ocrx_word' id='word_1_208' title='bbox 431 1304 463 1330; x_wconf 89' lang='lat' dir='ltr'><strong>de</strong></span> <span class='ocrx_word' id='word_1_209' title='bbox 480 1303 560 1331; x_wconf 85' lang='lat' dir='ltr'><strong>luteis</strong></span> <span class='ocrx_word' id='word_1_210' title='bbox 570 1308 597 1331; x_wconf 88' lang='lat' dir='ltr'><strong>et</strong></span> <span class='ocrx_word' id='word_1_211' title='bbox 610 1304 779 1338; x_wconf 85' lang='lat' dir='ltr'><strong>palustribus</strong></span> <span class='ocrx_word' id='word_1_212' title='bbox 795 1305 872 1338; x_wconf 85' lang='lat' dir='ltr'><strong>locis,</strong></span> <span class='ocrx_word' id='word_1_213' title='bbox 890 1310 971 1339; x_wconf 86' lang='lat' dir='ltr'><strong>atque</strong></span> 
     </span>
    </p>
   </div>
   <div class='ocr_carea' id='block_1_29' title="bbox 185 1349 969 1384">
    <p class='ocr_par' dir='ltr' id='par_1_29' title="bbox 185 1349 969 1384">
     <span class='ocr_line' id='line_1_29' title="bbox 185 1349 969 1384; baseline 0.005 -10"><span class='ocrx_word' id='word_1_214' title='bbox 185 1349 255 1375; x_wconf 85' lang='lat' dir='ltr'><strong>intra</strong></span> <span class='ocrx_word' id='word_1_215' title='bbox 269 1349 410 1383; x_wconf 68' lang='lat' dir='ltr'><strong>sapientiae</strong></span> <span class='ocrx_word' id='word_1_216' title='bbox 430 1350 509 1377; x_wconf 86' lang='lat' dir='ltr'><strong>aulas</strong></span> <span class='ocrx_word' id='word_1_217' title='bbox 536 1355 564 1377; x_wconf 88' lang='lat' dir='ltr'><strong>et</strong></span> <span class='ocrx_word' id='word_1_218' title='bbox 581 1351 680 1384; x_wconf 67' lang='lat' dir='ltr'><strong>regalia</strong></span> <span class='ocrx_word' id='word_1_219' title='bbox 694 1356 763 1378; x_wconf 88' lang='lat' dir='ltr'><strong>tecta</strong></span> <span class='ocrx_word' id='word_1_220' title='bbox 777 1352 969 1379; x_wconf 85' lang='lat' dir='ltr'><strong>conscisceret.</strong></span> 
     </span>
    </p>
   </div>
   <div class='ocr_carea' id='block_1_30' title="bbox 186 1395 970 1433">
    <p class='ocr_par' dir='ltr' id='par_1_30' title="bbox 186 1395 970 1433">
     <span class='ocr_line' id='line_1_30' title="bbox 186 1395 970 1433; baseline 0.006 -12"><span class='ocrx_word' id='word_1_221' title='bbox 186 1395 247 1422; x_wconf 78' lang='lat' dir='ltr'><strong>Ihec</strong></span> <span class='ocrx_word' id='word_1_222' title='bbox 260 1401 353 1422; x_wconf 88' lang='lat' dir='ltr'><strong>tatncn</strong></span> <span class='ocrx_word' id='word_1_223' title='bbox 366 1396 407 1422; x_wconf 81' lang='lat' dir='ltr'><strong>lex</strong></span> <span class='ocrx_word' id='word_1_224' title='bbox 425 1396 565 1424; x_wconf 89' lang='lat' dir='ltr'><strong>inlantiam</strong></span> <span class='ocrx_word' id='word_1_225' title='bbox 582 1405 658 1424; x_wconf 89' lang='lat' dir='ltr'><strong>suam</strong></span> <span class='ocrx_word' id='word_1_226' title='bbox 669 1399 739 1433; x_wconf 87' lang='lat' dir='ltr'><strong>apud</strong></span> <span class='ocrx_word' id='word_1_227' title='bbox 756 1406 820 1425; x_wconf 90' lang='lat' dir='ltr'><strong>suos</strong></span> <span class='ocrx_word' id='word_1_228' title='bbox 835 1399 970 1433; x_wconf 78' lang='lat' dir='ltr'><strong>transigit.</strong></span> 
     </span>
    </p>
   </div>
   <div class='ocr_carea' id='block_1_31' title="bbox 185 1442 971 1478">
    <p class='ocr_par' dir='ltr' id='par_1_31' title="bbox 185 1442 971 1478">
     <span class='ocr_line' id='line_1_31' title="bbox 185 1442 971 1478; baseline 0.004 -10"><span class='ocrx_word' id='word_1_229' title='bbox 185 1442 261 1476; x_wconf 82' lang='lat' dir='ltr'><strong>Apud</strong></span> <span class='ocrx_word' id='word_1_230' title='bbox 277 1442 339 1469; x_wconf 89' lang='lat' dir='ltr'><strong>illos</strong></span> <span class='ocrx_word' id='word_1_231' title='bbox 351 1442 422 1468; x_wconf 83' lang='lat' dir='ltr'><strong>enim</strong></span> <span class='ocrx_word' id='word_1_232' title='bbox 439 1443 484 1477; x_wconf 86' lang='lat' dir='ltr'><strong>qui</strong></span> <span class='ocrx_word' id='word_1_233' title='bbox 502 1443 663 1476; x_wconf 79' lang='lat' dir='ltr'><strong>spiritaliter</strong></span> <span class='ocrx_word' id='word_1_234' title='bbox 677 1452 735 1470; x_wconf 85' lang='lat' dir='ltr'><strong>cani</strong></span> <span class='ocrx_word' id='word_1_235' title='bbox 761 1445 909 1478; x_wconf 74' lang='lat' dir='ltr'><strong>intelligere</strong></span> <span class='ocrx_word' id='word_1_236' title='bbox 923 1454 971 1472; x_wconf 90' lang='lat' dir='ltr'><strong>tie-</strong></span> 
     </span>
    </p>
   </div>
   <div class='ocr_carea' id='block_1_32' title="bbox 186 1488 972 1522">
    <p class='ocr_par' dir='ltr' id='par_1_32' title="bbox 186 1488 972 1522">
     <span class='ocr_line' id='line_1_32' title="bbox 186 1488 972 1522; baseline 0.003 -7"><span class='ocrx_word' id='word_1_237' title='bbox 186 1488 285 1519; x_wconf 80' lang='lat' dir='ltr'><strong>sciunl,</strong></span> <span class='ocrx_word' id='word_1_238' title='bbox 306 1488 416 1522; x_wconf 90' lang='lat' dir='ltr'><strong>parvula</strong></span> <span class='ocrx_word' id='word_1_239' title='bbox 432 1493 512 1515; x_wconf 84' lang='lat' dir='ltr'><strong>estet</strong></span> <span class='ocrx_word' id='word_1_240' title='bbox 527 1489 627 1521; x_wconf 82' lang='lat' dir='ltr'><strong>iulans,</strong></span> <span class='ocrx_word' id='word_1_241' title='bbox 646 1495 673 1516; x_wconf 87' lang='lat' dir='ltr'><strong>et</strong></span> <span class='ocrx_word' id='word_1_242' title='bbox 697 1490 851 1516; x_wconf 81' lang='lat' dir='ltr'><strong>iacientium</strong></span> <span class='ocrx_word' id='word_1_243' title='bbox 871 1491 972 1517; x_wconf 85' lang='lat' dir='ltr'><strong>habens</strong></span> 
     </span>
    </p>
   </div>
   <div class='ocr_carea' id='block_1_33' title="bbox 186 1534 971 1567">
    <p class='ocr_par' dir='ltr' id='par_1_33' title="bbox 186 1534 971 1567">
     <span class='ocr_line' id='line_1_33' title="bbox 186 1534 971 1567; baseline 0.004 -8"><span class='ocrx_word' id='word_1_244' title='bbox 186 1534 272 1561; x_wconf 70' lang='lat' dir='ltr'><strong>cibos.</strong></span> <span class='ocrx_word' id='word_1_245' title='bbox 287 1534 355 1561; x_wconf 89' lang='lat' dir='ltr'><strong>Cum</strong></span> <span class='ocrx_word' id='word_1_246' title='bbox 373 1542 436 1561; x_wconf 88' lang='lat' dir='ltr'><strong>vero</strong></span> <span class='ocrx_word' id='word_1_247' title='bbox 452 1535 486 1561; x_wconf 85' lang='lat' dir='ltr'><strong>ad</strong></span> <span class='ocrx_word' id='word_1_248' title='bbox 501 1535 652 1562; x_wconf 76' lang='lat' dir='ltr'><strong>Ecclesium</strong></span> <span class='ocrx_word' id='word_1_249' title='bbox 671 1537 757 1567; x_wconf 88' lang='lat' dir='ltr'><strong>venit,</strong></span> <span class='ocrx_word' id='word_1_250' title='bbox 772 1545 832 1562; x_wconf 80' lang='lat' dir='ltr'><strong>cum</strong></span> <span class='ocrx_word' id='word_1_251' title='bbox 846 1537 971 1563; x_wconf 64' lang='lat' dir='ltr'><strong>Ecclesiae</strong></span> 
     </span>
    </p>
   </div>
   <div class='ocr_carea' id='block_1_34' title="bbox 188 1580 971 1618">
    <p class='ocr_par' dir='ltr' id='par_1_34' title="bbox 188 1580 971 1618">
     <span class='ocr_line' id='line_1_34' title="bbox 188 1580 971 1618; baseline 0.006 -13"><span class='ocrx_word' id='word_1_252' title='bbox 188 1580 339 1614; x_wconf 81' lang='lat' dir='ltr'><strong>ingreditur</strong></span> <span class='ocrx_word' id='word_1_253' title='bbox 352 1581 472 1613; x_wconf 87' lang='lat' dir='ltr'><strong>domum,</strong></span> <span class='ocrx_word' id='word_1_254' title='bbox 491 1581 590 1608; x_wconf 82' lang='lat' dir='ltr'><strong>fortior</strong></span> <span class='ocrx_word' id='word_1_255' title='bbox 615 1588 656 1609; x_wconf 88' lang='lat' dir='ltr'><strong>cst</strong></span> <span class='ocrx_word' id='word_1_256' title='bbox 676 1588 703 1609; x_wconf 89' lang='lat' dir='ltr'><strong>et</strong></span> <span class='ocrx_word' id='word_1_257' title='bbox 727 1584 840 1609; x_wconf 83' lang='lat' dir='ltr'><strong>validior</strong></span> <span class='ocrx_word' id='word_1_258' title='bbox 855 1584 971 1618; x_wconf 77' lang='lat' dir='ltr'><strong>Moyses.</strong></span> 
     </span>
    </p>
   </div>
   <div class='ocr_carea' id='block_1_35' title="bbox 186 1626 973 1663">
    <p class='ocr_par' dir='ltr' id='par_1_35' title="bbox 186 1626 973 1663">
     <span class='ocr_line' id='line_1_35' title="bbox 186 1626 973 1663; baseline 0.006 -11"><span class='ocrx_word' id='word_1_259' title='bbox 186 1626 282 1653; x_wconf 79' lang='lat' dir='ltr'><strong>Amoto</strong></span> <span class='ocrx_word' id='word_1_260' title='bbox 298 1627 371 1653; x_wconf 91' lang='lat' dir='ltr'><strong>enim</strong></span> <span class='ocrx_word' id='word_1_261' title='bbox 390 1626 525 1654; x_wconf 78' lang='lat' dir='ltr'><strong>velamine</strong></span> <span class='ocrx_word' id='word_1_262' title='bbox 551 1628 657 1660; x_wconf 60' lang='lat' dir='ltr'><strong>litteric,</strong></span> <span class='ocrx_word' id='word_1_263' title='bbox 669 1629 804 1663; x_wconf 69' lang='lat' dir='ltr'><strong>perlectus</strong></span> <span class='ocrx_word' id='word_1_264' title='bbox 817 1632 841 1656; x_wconf 92' lang='lat' dir='ltr'><strong>in</strong></span> <span class='ocrx_word' id='word_1_265' title='bbox 857 1631 973 1657; x_wconf 83' lang='lat' dir='ltr'><strong>lectione</strong></span> 
     </span>
    </p>
   </div>
   <div class='ocr_carea' id='block_1_36' title="bbox 186 1674 973 1709">
    <p class='ocr_par' dir='ltr' id='par_1_36' title="bbox 186 1674 973 1709">
     <span class='ocr_line' id='line_1_36' title="bbox 186 1674 973 1709; baseline 0.005 -9"><span class='ocrx_word' id='word_1_266' title='bbox 186 1674 242 1707; x_wconf 77' lang='lat' dir='ltr'><strong>ejus</strong></span> <span class='ocrx_word' id='word_1_267' title='bbox 268 1674 346 1701; x_wconf 84' lang='lat' dir='ltr'><strong>cibus</strong></span> <span class='ocrx_word' id='word_1_268' title='bbox 365 1680 391 1701; x_wconf 85' lang='lat' dir='ltr'><strong>et</strong></span> <span class='ocrx_word' id='word_1_269' title='bbox 420 1675 522 1701; x_wconf 88' lang='lat' dir='ltr'><strong>solidus</strong></span> <span class='ocrx_word' id='word_1_270' title='bbox 537 1676 683 1703; x_wconf 87' lang='lat' dir='ltr'><strong>invenitur.</strong></span> <span class='ocrx_word' id='word_1_271' title='bbox 715 1677 785 1709; x_wconf 85' lang='lat' dir='ltr'><strong>Quid</strong></span> <span class='ocrx_word' id='word_1_272' title='bbox 820 1683 907 1703; x_wconf 79' lang='lat' dir='ltr'><strong>tamen</strong></span> <span class='ocrx_word' id='word_1_273' title='bbox 932 1683 973 1704; x_wconf 78' lang='lat' dir='ltr'><strong>est</strong></span> 
     </span>
    </p>
   </div>
   <div class='ocr_carea' id='block_1_37' title="bbox 187 1720 973 1759">
    <p class='ocr_par' dir='ltr' id='par_1_37' title="bbox 187 1720 973 1759">
     <span class='ocr_line' id='line_1_37' title="bbox 187 1720 973 1759; baseline 0.008 -14"><span class='ocrx_word' id='word_1_274' title='bbox 187 1720 256 1753; x_wconf 90' lang='lat' dir='ltr'><strong>quod</strong></span> <span class='ocrx_word' id='word_1_275' title='bbox 270 1725 296 1747; x_wconf 91' lang='lat' dir='ltr'><strong>et</strong></span> <span class='ocrx_word' id='word_1_276' title='bbox 312 1721 465 1748; x_wconf 80' lang='lat' dir='ltr'><strong>mercedem</strong></span> <span class='ocrx_word' id='word_1_277' title='bbox 494 1723 722 1749; x_wconf 87' lang='lat' dir='ltr'><strong>nutrimentorum</strong></span> <span class='ocrx_word' id='word_1_278' title='bbox 747 1732 760 1749; x_wconf 88' lang='lat' dir='ltr'><strong>a</strong></span> <span class='ocrx_word' id='word_1_279' title='bbox 786 1724 837 1750; x_wconf 87' lang='lat' dir='ltr'><strong>tilia</strong></span> <span class='ocrx_word' id='word_1_280' title='bbox 857 1725 973 1759; x_wconf 87' lang='lat' dir='ltr'><strong>percipit</strong></span> 
     </span>
    </p>
   </div>
   <div class='ocr_carea' id='block_1_38' title="bbox 187 1765 973 1804">
    <p class='ocr_par' dir='ltr' id='par_1_38' title="bbox 187 1765 973 1804">
     <span class='ocr_line' id='line_1_38' title="bbox 187 1765 973 1804; baseline 0.008 -12"><span class='ocrx_word' id='word_1_281' title='bbox 187 1765 349 1798; x_wconf 78' lang='lat' dir='ltr'><strong>Pharaonis,</strong></span> <span class='ocrx_word' id='word_1_282' title='bbox 368 1767 412 1793; x_wconf 87' lang='lat' dir='ltr'><strong>illa</strong></span> <span class='ocrx_word' id='word_1_283' title='bbox 432 1769 501 1801; x_wconf 82' lang='lat' dir='ltr'><strong>apud</strong></span> <span class='ocrx_word' id='word_1_284' title='bbox 530 1777 610 1802; x_wconf 87' lang='lat' dir='ltr'><strong>quam</strong></span> <span class='ocrx_word' id='word_1_285' title='bbox 633 1770 674 1796; x_wconf 88' lang='lat' dir='ltr'><strong>lex</strong></span> <span class='ocrx_word' id='word_1_286' title='bbox 693 1775 719 1796; x_wconf 89' lang='lat' dir='ltr'><strong>et</strong></span> <span class='ocrx_word' id='word_1_287' title='bbox 736 1776 796 1797; x_wconf 83' lang='lat' dir='ltr'><strong>nata</strong></span> <span class='ocrx_word' id='word_1_288' title='bbox 814 1777 864 1804; x_wconf 86' lang='lat' dir='ltr'><strong>est,</strong></span> <span class='ocrx_word' id='word_1_289' title='bbox 883 1777 908 1799; x_wconf 87' lang='lat' dir='ltr'><strong>et</strong></span> <span class='ocrx_word' id='word_1_290' title='bbox 924 1781 973 1798; x_wconf 91' lang='lat' dir='ltr'><strong>nu-</strong></span> 
     </span>
    </p>
   </div>
   <div class='ocr_carea' id='block_1_39' title="bbox 188 1811 972 1849">
    <p class='ocr_par' dir='ltr' id='par_1_39' title="bbox 188 1811 972 1849">
     <span class='ocr_line' id='line_1_39' title="bbox 188 1811 972 1849; baseline 0.009 -12"><span class='ocrx_word' id='word_1_291' title='bbox 188 1812 249 1838; x_wconf 86' lang='lat' dir='ltr'><strong>trita</strong></span> <span class='ocrx_word' id='word_1_292' title='bbox 259 1811 272 1838; x_wconf 81' lang='lat'><strong>?</strong></span> <span class='ocrx_word' id='word_1_293' title='bbox 287 1812 356 1844; x_wconf 83' lang='lat' dir='ltr'><strong>Quid</strong></span> <span class='ocrx_word' id='word_1_294' title='bbox 369 1814 493 1847; x_wconf 83' lang='lat' dir='ltr'><strong>estquod</strong></span> <span class='ocrx_word' id='word_1_295' title='bbox 507 1814 648 1849; x_wconf 68' lang='lat' dir='ltr'><strong>Synagoga</strong></span> <span class='ocrx_word' id='word_1_296' title='bbox 664 1816 763 1849; x_wconf 72' lang='lat' dir='ltr'><strong>accipit</strong></span> <span class='ocrx_word' id='word_1_297' title='bbox 780 1817 812 1842; x_wconf 85' lang='lat' dir='ltr'><strong>de</strong></span> <span class='ocrx_word' id='word_1_298' title='bbox 833 1817 972 1844; x_wconf 75' lang='lat' dir='ltr'><strong>Ecclesia?</strong></span> 
     </span>
    </p>
   </div>
   <div class='ocr_carea' id='block_1_40' title="bbox 187 1857 972 1897">
    <p class='ocr_par' dir='ltr' id='par_1_40' title="bbox 187 1857 972 1897">
     <span class='ocr_line' id='line_1_40' title="bbox 187 1857 972 1897; baseline 0.005 -12"><span class='ocrx_word' id='word_1_299' title='bbox 187 1857 254 1885; x_wconf 80' lang='lat' dir='ltr'><strong>Puto</strong></span> <span class='ocrx_word' id='word_1_300' title='bbox 274 1859 340 1885; x_wconf 89' lang='lat' dir='ltr'><strong>illud</strong></span> <span class='ocrx_word' id='word_1_301' title='bbox 369 1860 483 1893; x_wconf 74' lang='lat' dir='ltr'><strong>intelligi</strong></span> <span class='ocrx_word' id='word_1_302' title='bbox 506 1869 597 1894; x_wconf 81' lang='lat' dir='ltr'><strong>posse,</strong></span> <span class='ocrx_word' id='word_1_303' title='bbox 612 1862 682 1895; x_wconf 86' lang='lat' dir='ltr'><strong>quod</strong></span> <span class='ocrx_word' id='word_1_304' title='bbox 697 1862 766 1888; x_wconf 88' lang='lat' dir='ltr'><strong>idem</strong></span> <span class='ocrx_word' id='word_1_305' title='bbox 791 1862 894 1897; x_wconf 79' lang='lat' dir='ltr'><strong>Moyses</strong></span> <span class='ocrx_word' id='word_1_306' title='bbox 909 1864 972 1890; x_wconf 72' lang='lat' dir='ltr'><strong>seri-</strong></span> 
     </span>
    </p>
   </div>
   <div class='ocr_carea' id='block_1_41' title="bbox 186 1905 971 1941">
    <p class='ocr_par' dir='ltr' id='par_1_41' title="bbox 186 1905 971 1941">
     <span class='ocr_line' id='line_1_41' title="bbox 186 1905 971 1941; baseline 0.005 -10"><span class='ocrx_word' id='word_1_307' title='bbox 186 1905 236 1939; x_wconf 85' lang='lat' dir='ltr'><strong>bit,</strong></span> <span class='ocrx_word' id='word_1_308' title='bbox 263 1906 413 1933; x_wconf 72' lang='lat' dir='ltr'><strong>dicens&quot;:</strong></span> <span class='ocrx_word' id='word_1_309' title='bbox 434 1916 442 1931; x_wconf 84' lang='lat'><strong>(</strong></span> <span class='ocrx_word' id='word_1_310' title='bbox 462 1906 515 1940; x_wconf 77' lang='lat' dir='ltr'><strong>Ego</strong></span> <span class='ocrx_word' id='word_1_311' title='bbox 532 1908 556 1933; x_wconf 91' lang='lat' dir='ltr'><strong>in</strong></span> <span class='ocrx_word' id='word_1_312' title='bbox 586 1916 637 1934; x_wconf 89' lang='lat' dir='ltr'><strong>non</strong></span> <span class='ocrx_word' id='word_1_313' title='bbox 654 1913 759 1941; x_wconf 73' lang='lat' dir='ltr'><strong>gentem</strong></span> <span class='ocrx_word' id='word_1_314' title='bbox 777 1909 802 1934; x_wconf 94' lang='lat' dir='ltr'><strong>in</strong></span> <span class='ocrx_word' id='word_1_315' title='bbox 821 1909 971 1935; x_wconf 65' lang='lat' dir='ltr'><strong>ainmlatio-</strong></span> 
     </span>
    </p>
   </div>
   <div class='ocr_carea' id='block_1_42' title="bbox 185 1952 970 1987">
    <p class='ocr_par' dir='ltr' id='par_1_42' title="bbox 185 1952 970 1987">
     <span class='ocr_line' id='line_1_42' title="bbox 185 1952 970 1987; baseline 0.004 -10"><span class='ocrx_word' id='word_1_316' title='bbox 185 1958 246 1977; x_wconf 86' lang='lat' dir='ltr'><strong>nem</strong></span> <span class='ocrx_word' id='word_1_317' title='bbox 271 1959 320 1978; x_wconf 89' lang='lat' dir='ltr'><strong>vos</strong></span> <span class='ocrx_word' id='word_1_318' title='bbox 337 1952 476 1982; x_wconf 78' lang='lat' dir='ltr'><strong>inducant,</strong></span> <span class='ocrx_word' id='word_1_319' title='bbox 494 1953 519 1977; x_wconf 90' lang='lat' dir='ltr'><strong>in</strong></span> <span class='ocrx_word' id='word_1_320' title='bbox 536 1958 643 1985; x_wconf 68' lang='lat' dir='ltr'><strong>gentem</strong></span> <span class='ocrx_word' id='word_1_321' title='bbox 662 1954 836 1987; x_wconf 82' lang='lat' dir='ltr'><strong>insipientem</strong></span> <span class='ocrx_word' id='word_1_322' title='bbox 856 1955 881 1980; x_wconf 89' lang='lat' dir='ltr'><strong>in</strong></span> <span class='ocrx_word' id='word_1_323' title='bbox 904 1956 970 1980; x_wconf 81' lang='lat' dir='ltr'><strong>iram</strong></span> 
     </span>
    </p>
   </div>
   <div class='ocr_carea' id='block_1_43' title="bbox 184 1997 971 2032">
    <p class='ocr_par' dir='ltr' id='par_1_43' title="bbox 184 1997 971 2032">
     <span class='ocr_line' id='line_1_43' title="bbox 184 1997 971 2032; baseline 0.006 -11"><span class='ocrx_word' id='word_1_324' title='bbox 184 2004 232 2023; x_wconf 76' lang='lat' dir='ltr'><strong>vos</strong></span> <span class='ocrx_word' id='word_1_325' title='bbox 249 1997 403 2023; x_wconf 82' lang='lat' dir='ltr'><strong>concilabo.</strong></span> <span class='ocrx_word' id='word_1_326' title='bbox 430 1997 617 2032; x_wconf 49' lang='lat' dir='ltr'><strong>retSynago-zia</strong></span> <span class='ocrx_word' id='word_1_327' title='bbox 631 2006 696 2032; x_wconf 74' lang='lat' dir='ltr'><strong>ergo</strong></span> <span class='ocrx_word' id='word_1_328' title='bbox 715 1999 747 2025; x_wconf 88' lang='lat' dir='ltr'><strong>de</strong></span> <span class='ocrx_word' id='word_1_329' title='bbox 765 1999 883 2025; x_wconf 62' lang='lat' dir='ltr'><strong>Ecclesia</strong></span> <span class='ocrx_word' id='word_1_330' title='bbox 900 2000 971 2027; x_wconf 78' lang='lat' dir='ltr'><strong>istud</strong></span> 
     </span>
    </p>
   </div>
   <div class='ocr_carea' id='block_1_44' title="bbox 184 2042 970 2077">
    <p class='ocr_par' dir='ltr' id='par_1_44' title="bbox 184 2042 970 2077">
     <span class='ocr_line' id='line_1_44' title="bbox 184 2042 970 2077; baseline 0.006 -9"><span class='ocrx_word' id='word_1_331' title='bbox 184 2042 319 2069; x_wconf 82' lang='lat' dir='ltr'><strong>mercedis</strong></span> <span class='ocrx_word' id='word_1_332' title='bbox 333 2043 442 2077; x_wconf 88' lang='lat' dir='ltr'><strong>accipit,</strong></span> <span class='ocrx_word' id='word_1_333' title='bbox 470 2050 499 2069; x_wconf 89' lang='lat' dir='ltr'><strong>ut</strong></span> <span class='ocrx_word' id='word_1_334' title='bbox 519 2044 588 2069; x_wconf 84' lang='lat' dir='ltr'><strong>ultra</strong></span> <span class='ocrx_word' id='word_1_335' title='bbox 616 2044 685 2070; x_wconf 86' lang='lat' dir='ltr'><strong>idola</strong></span> <span class='ocrx_word' id='word_1_336' title='bbox 701 2053 751 2071; x_wconf 90' lang='lat' dir='ltr'><strong>non</strong></span> <span class='ocrx_word' id='word_1_337' title='bbox 772 2046 852 2071; x_wconf 83' lang='lat' dir='ltr'><strong>Ctilul.</strong></span> <span class='ocrx_word' id='word_1_338' title='bbox 873 2045 970 2073; x_wconf 84' lang='lat' dir='ltr'><strong>Videns</strong></span> 
     </span>
    </p>
   </div>
   <div class='ocr_carea' id='block_1_45' title="bbox 183 2089 970 2123">
    <p class='ocr_par' dir='ltr' id='par_1_45' title="bbox 183 2089 970 2123">
     <span class='ocr_line' id='line_1_45' title="bbox 183 2089 970 2123; baseline 0.005 -8"><span class='ocrx_word' id='word_1_339' title='bbox 183 2089 255 2115; x_wconf 86' lang='lat' dir='ltr'><strong>enim</strong></span> <span class='ocrx_word' id='word_1_340' title='bbox 269 2097 316 2115; x_wconf 86' lang='lat' dir='ltr'><strong>eos</strong></span> <span class='ocrx_word' id='word_1_341' title='bbox 331 2089 375 2123; x_wconf 92' lang='lat' dir='ltr'><strong>qui</strong></span> <span class='ocrx_word' id='word_1_342' title='bbox 391 2097 424 2116; x_wconf 79' lang='lat' dir='ltr'><strong>ex</strong></span> <span class='ocrx_word' id='word_1_343' title='bbox 449 2090 575 2123; x_wconf 79' lang='lat' dir='ltr'><strong>gentibus</strong></span> <span class='ocrx_word' id='word_1_344' title='bbox 592 2095 666 2121; x_wconf 89' lang='lat' dir='ltr'><strong>sttnt,</strong></span> <span class='ocrx_word' id='word_1_345' title='bbox 689 2091 723 2116; x_wconf 80' lang='lat' dir='ltr'><strong>ita</strong></span> <span class='ocrx_word' id='word_1_346' title='bbox 745 2092 777 2117; x_wconf 87' lang='lat' dir='ltr'><strong>ad</strong></span> <span class='ocrx_word' id='word_1_347' title='bbox 808 2093 890 2118; x_wconf 80' lang='lat' dir='ltr'><strong>licunt</strong></span> <span class='ocrx_word' id='word_1_348' title='bbox 905 2101 970 2119; x_wconf 83' lang='lat' dir='ltr'><strong>con-</strong></span> 
     </span>
    </p>
   </div>
   <div class='ocr_carea' id='block_1_46' title="bbox 184 2135 971 2171">
    <p class='ocr_par' dir='ltr' id='par_1_46' title="bbox 184 2135 971 2171">
     <span class='ocr_line' id='line_1_46' title="bbox 184 2135 971 2171; baseline 0.006 -12"><span class='ocrx_word' id='word_1_349' title='bbox 184 2141 279 2161; x_wconf 84' lang='lat' dir='ltr'><strong>versos</strong></span> <span class='ocrx_word' id='word_1_350' title='bbox 295 2142 366 2165; x_wconf 67' lang='lat' dir='ltr'><strong>esse,</strong></span> <span class='ocrx_word' id='word_1_351' title='bbox 385 2139 414 2160; x_wconf 94' lang='lat' dir='ltr'><strong>ut</strong></span> <span class='ocrx_word' id='word_1_352' title='bbox 432 2136 499 2160; x_wconf 89' lang='lat' dir='ltr'><strong>ultra</strong></span> <span class='ocrx_word' id='word_1_353' title='bbox 517 2135 586 2161; x_wconf 75' lang='lat' dir='ltr'><strong>idola</strong></span> <span class='ocrx_word' id='word_1_354' title='bbox 616 2136 748 2167; x_wconf 58' lang='lat' dir='ltr'><strong>nesciant,</strong></span> <span class='ocrx_word' id='word_1_355' title='bbox 778 2137 858 2163; x_wconf 80' lang='lat' dir='ltr'><strong>Deum</strong></span> <span class='ocrx_word' id='word_1_356' title='bbox 875 2145 971 2171; x_wconf 50' lang='lat' dir='ltr'><strong>praeter</strong></span> 
     </span>
    </p>
   </div>
   <div class='ocr_carea' id='block_1_47' title="bbox 185 2181 969 2215">
    <p class='ocr_par' dir='ltr' id='par_1_47' title="bbox 185 2181 969 2215">
     <span class='ocr_line' id='line_1_47' title="bbox 185 2181 969 2215; baseline 0.008 -11"><span class='ocrx_word' id='word_1_357' title='bbox 185 2187 268 2205; x_wconf 89' lang='lat' dir='ltr'><strong>unum</strong></span> <span class='ocrx_word' id='word_1_358' title='bbox 291 2181 425 2206; x_wconf 88' lang='lat' dir='ltr'><strong>neminem</strong></span> <span class='ocrx_word' id='word_1_359' title='bbox 457 2186 638 2212; x_wconf 83' lang='lat' dir='ltr'><strong>venerentur,</strong></span> <span class='ocrx_word' id='word_1_360' title='bbox 664 2182 718 2215; x_wconf 86' lang='lat' dir='ltr'><strong>ipsa</strong></span> <span class='ocrx_word' id='word_1_361' title='bbox 739 2182 875 2208; x_wconf 77' lang='lat' dir='ltr'><strong>erubescit</strong></span> <span class='ocrx_word' id='word_1_362' title='bbox 901 2184 969 2210; x_wconf 78' lang='lat' dir='ltr'><strong>idola</strong></span> 
     </span>
    </p>
   </div>
   <div class='ocr_carea' id='block_1_48' title="bbox 184 2225 969 2261">
    <p class='ocr_par' dir='ltr' id='par_1_48' title="bbox 184 2225 969 2261">
     <span class='ocr_line' id='line_1_48' title="bbox 184 2225 969 2261; baseline 0.006 -10"><span class='ocrx_word' id='word_1_363' title='bbox 184 2225 257 2251; x_wconf 87' lang='lat' dir='ltr'><strong>ultra</strong></span> <span class='ocrx_word' id='word_1_364' title='bbox 282 2225 336 2260; x_wconf 89' lang='lat' dir='ltr'><strong>jam</strong></span> <span class='ocrx_word' id='word_1_365' title='bbox 362 2227 461 2253; x_wconf 87' lang='lat' dir='ltr'><strong>colere.</strong></span> <span class='ocrx_word' id='word_1_366' title='bbox 491 2226 564 2252; x_wconf 75' lang='lat' dir='ltr'><strong>istud</strong></span> <span class='ocrx_word' id='word_1_367' title='bbox 587 2235 650 2261; x_wconf 79' lang='lat' dir='ltr'><strong>ergo</strong></span> <span class='ocrx_word' id='word_1_368' title='bbox 679 2228 774 2261; x_wconf 77' lang='lat' dir='ltr'><strong>recipit</strong></span> <span class='ocrx_word' id='word_1_369' title='bbox 795 2229 919 2255; x_wconf 77' lang='lat' dir='ltr'><strong>beneficii</strong></span> <span class='ocrx_word' id='word_1_370' title='bbox 937 2231 969 2257; x_wconf 87' lang='lat' dir='ltr'><strong>de</strong></span> 
     </span>
    </p>
   </div>
   <div class='ocr_carea' id='block_1_49' title="bbox 185 2271 968 2306">
    <p class='ocr_par' dir='ltr' id='par_1_49' title="bbox 185 2271 968 2306">
     <span class='ocr_line' id='line_1_49' title="bbox 185 2271 968 2306; baseline 0.005 -9"><span class='ocrx_word' id='word_1_371' title='bbox 185 2271 306 2298; x_wconf 78' lang='lat' dir='ltr'><strong>Ecclesia</strong></span> <span class='ocrx_word' id='word_1_372' title='bbox 319 2272 470 2306; x_wconf 71' lang='lat' dir='ltr'><strong>Synagoga,</strong></span> <span class='ocrx_word' id='word_1_373' title='bbox 489 2273 561 2305; x_wconf 87' lang='lat' dir='ltr'><strong>quod</strong></span> <span class='ocrx_word' id='word_1_374' title='bbox 574 2273 597 2298; x_wconf 83' lang='lat' dir='ltr'><strong>ei</strong></span> <span class='ocrx_word' id='word_1_375' title='bbox 617 2273 756 2306; x_wconf 82' lang='lat' dir='ltr'><strong>parvulam</strong></span> <span class='ocrx_word' id='word_1_376' title='bbox 780 2275 898 2301; x_wconf 73' lang='lat' dir='ltr'><strong>nutrisse</strong></span> <span class='ocrx_word' id='word_1_377' title='bbox 912 2276 968 2301; x_wconf 87' lang='lat' dir='ltr'><strong>visa</strong></span> 
     </span>
    </p>
   </div>
   <div class='ocr_carea' id='block_1_50' title="bbox 185 2316 969 2351">
    <p class='ocr_par' dir='ltr' id='par_1_50' title="bbox 185 2316 969 2351">
     <span class='ocr_line' id='line_1_50' title="bbox 185 2316 969 2351; baseline 0.006 -9"><span class='ocrx_word' id='word_1_378' title='bbox 185 2320 226 2342; x_wconf 79' lang='lat' dir='ltr'><strong>est</strong></span> <span class='ocrx_word' id='word_1_379' title='bbox 247 2316 346 2351; x_wconf 73' lang='lat' dir='ltr'><strong>legem.</strong></span> <span class='ocrx_word' id='word_1_380' title='bbox 370 2317 422 2343; x_wconf 71' lang='lat' dir='ltr'><strong>Sed</strong></span> <span class='ocrx_word' id='word_1_381' title='bbox 449 2322 476 2343; x_wconf 88' lang='lat' dir='ltr'><strong>et</strong></span> <span class='ocrx_word' id='word_1_382' title='bbox 489 2325 536 2342; x_wconf 84' lang='lat' dir='ltr'><strong>nos</strong></span> <span class='ocrx_word' id='word_1_383' title='bbox 548 2318 628 2343; x_wconf 84' lang='lat' dir='ltr'><strong>etiam</strong></span> <span class='ocrx_word' id='word_1_384' title='bbox 647 2319 667 2344; x_wconf 90' lang='lat' dir='ltr'><strong>si</strong></span> <span class='ocrx_word' id='word_1_385' title='bbox 682 2318 852 2345; x_wconf 79' lang='lat' dir='ltr'><strong>Pharaonem</strong></span> <span class='ocrx_word' id='word_1_386' title='bbox 872 2321 969 2347; x_wconf 87' lang='lat' dir='ltr'><strong>habui-</strong></span> 
     </span>
    </p>
   </div>
   <div class='ocr_carea' id='block_1_51' title="bbox 186 2364 970 2400">
    <p class='ocr_par' dir='ltr' id='par_1_51' title="bbox 186 2364 970 2400">
     <span class='ocr_line' id='line_1_51' title="bbox 186 2364 970 2400; baseline 0.006 -12"><span class='ocrx_word' id='word_1_387' title='bbox 186 2370 246 2389; x_wconf 85' lang='lat' dir='ltr'><strong>tiius</strong></span> <span class='ocrx_word' id='word_1_388' title='bbox 260 2368 378 2396; x_wconf 86' lang='lat' dir='ltr'><strong>patrem,</strong></span> <span class='ocrx_word' id='word_1_389' title='bbox 393 2364 474 2389; x_wconf 88' lang='lat' dir='ltr'><strong>etiam</strong></span> <span class='ocrx_word' id='word_1_390' title='bbox 491 2364 512 2390; x_wconf 89' lang='lat' dir='ltr'><strong>si</strong></span> <span class='ocrx_word' id='word_1_391' title='bbox 527 2372 575 2390; x_wconf 90' lang='lat' dir='ltr'><strong>nos</strong></span> <span class='ocrx_word' id='word_1_392' title='bbox 589 2364 615 2390; x_wconf 91' lang='lat' dir='ltr'><strong>iii</strong></span> <span class='ocrx_word' id='word_1_393' title='bbox 632 2365 761 2397; x_wconf 78' lang='lat' dir='ltr'><strong>operibus</strong></span> <span class='ocrx_word' id='word_1_394' title='bbox 782 2366 859 2392; x_wconf 83' lang='lat' dir='ltr'><strong>mulis</strong></span> <span class='ocrx_word' id='word_1_395' title='bbox 879 2368 970 2400; x_wconf 71' lang='lat' dir='ltr'><strong>genuit</strong></span> 
     </span>
    </p>
   </div>
   <div class='ocr_carea' id='block_1_52' title="bbox 188 2409 969 2446">
    <p class='ocr_par' dir='ltr' id='par_1_52' title="bbox 188 2409 969 2446">
     <span class='ocr_line' id='line_1_52' title="bbox 188 2409 969 2446; baseline 0.006 -12"><span class='ocrx_word' id='word_1_396' title='bbox 188 2409 314 2442; x_wconf 87' lang='lat' dir='ltr'><strong>princeps</strong></span> <span class='ocrx_word' id='word_1_397' title='bbox 334 2409 412 2441; x_wconf 85' lang='lat' dir='ltr'><strong>hujus</strong></span> <span class='ocrx_word' id='word_1_398' title='bbox 439 2410 543 2440; x_wconf 79' lang='lat' dir='ltr'><strong>mundi,</strong></span> <span class='ocrx_word' id='word_1_399' title='bbox 571 2418 633 2436; x_wconf 85' lang='lat' dir='ltr'><strong>cum</strong></span> <span class='ocrx_word' id='word_1_400' title='bbox 658 2412 782 2438; x_wconf 84' lang='lat' dir='ltr'><strong>venimus</strong></span> <span class='ocrx_word' id='word_1_401' title='bbox 811 2414 842 2437; x_wconf 85' lang='lat' dir='ltr'><strong>ad</strong></span> <span class='ocrx_word' id='word_1_402' title='bbox 873 2421 969 2446; x_wconf 77' lang='lat' dir='ltr'><strong>aquas,</strong></span> 
     </span>
    </p>
   </div>
   <div class='ocr_carea' id='block_1_53' title="bbox 190 2456 970 2490">
    <p class='ocr_par' dir='ltr' id='par_1_53' title="bbox 190 2456 970 2490">
     <span class='ocr_line' id='line_1_53' title="bbox 190 2456 970 2490; baseline 0.006 -10"><span class='ocrx_word' id='word_1_403' title='bbox 190 2463 362 2481; x_wconf 79' lang='lat' dir='ltr'><strong>assumamus</strong></span> <span class='ocrx_word' id='word_1_404' title='bbox 385 2456 417 2481; x_wconf 90' lang='lat' dir='ltr'><strong>ad</strong></span> <span class='ocrx_word' id='word_1_405' title='bbox 446 2463 493 2482; x_wconf 86' lang='lat' dir='ltr'><strong>nos</strong></span> <span class='ocrx_word' id='word_1_406' title='bbox 512 2456 598 2490; x_wconf 76' lang='lat' dir='ltr'><strong>legem</strong></span> <span class='ocrx_word' id='word_1_407' title='bbox 620 2457 677 2487; x_wconf 85' lang='lat' dir='ltr'><strong>Dei,</strong></span> <span class='ocrx_word' id='word_1_408' title='bbox 704 2465 753 2483; x_wconf 88' lang='lat' dir='ltr'><strong>nec</strong></span> <span class='ocrx_word' id='word_1_409' title='bbox 771 2459 847 2484; x_wconf 86' lang='lat' dir='ltr'><strong>nobis</strong></span> <span class='ocrx_word' id='word_1_410' title='bbox 863 2460 970 2485; x_wconf 81' lang='lat' dir='ltr'><strong>sordeat</strong></span> 
     </span>
    </p>
   </div>
   <div class='ocr_carea' id='block_1_54' title="bbox 190 2500 969 2538">
    <p class='ocr_par' dir='ltr' id='par_1_54' title="bbox 190 2500 969 2538">
     <span class='ocr_line' id='line_1_54' title="bbox 190 2500 969 2538; baseline 0.006 -12"><span class='ocrx_word' id='word_1_411' title='bbox 190 2501 288 2527; x_wconf 66' lang='lat' dir='ltr'><strong>littera:</strong></span> <span class='ocrx_word' id='word_1_412' title='bbox 299 2500 356 2534; x_wconf 84' lang='lat' dir='ltr'><strong>ejus</strong></span> <span class='ocrx_word' id='word_1_413' title='bbox 369 2501 420 2526; x_wconf 84' lang='lat' dir='ltr'><strong>vile</strong></span> <span class='ocrx_word' id='word_1_414' title='bbox 439 2506 565 2535; x_wconf 75' lang='lat' dir='ltr'><strong>tegumen</strong></span> <span class='ocrx_word' id='word_1_415' title='bbox 593 2507 618 2527; x_wconf 86' lang='lat' dir='ltr'><strong>et</strong></span> <span class='ocrx_word' id='word_1_416' title='bbox 632 2501 788 2533; x_wconf 62' lang='lat' dir='ltr'><strong>obscurum,</strong></span> <span class='ocrx_word' id='word_1_417' title='bbox 809 2512 868 2537; x_wconf 70' lang='lat' dir='ltr'><strong>quae</strong></span> <span class='ocrx_word' id='word_1_418' title='bbox 888 2513 969 2538; x_wconf 84' lang='lat' dir='ltr'><strong>parva</strong></span> 
     </span>
    </p>
   </div>
   <div class='ocr_carea' id='block_1_55' title="bbox 186 2546 970 2584">
    <p class='ocr_par' dir='ltr' id='par_1_55' title="bbox 186 2546 970 2584">
     <span class='ocr_line' id='line_1_55' title="bbox 186 2546 970 2584; baseline 0.006 -12"><span class='ocrx_word' id='word_1_419' title='bbox 186 2546 245 2580; x_wconf 76' lang='lat' dir='ltr'><strong>ejus</strong></span> <span class='ocrx_word' id='word_1_420' title='bbox 260 2551 323 2573; x_wconf 92' lang='lat' dir='ltr'><strong>sunt</strong></span> <span class='ocrx_word' id='word_1_421' title='bbox 345 2551 373 2573; x_wconf 90' lang='lat' dir='ltr'><strong>et</strong></span> <span class='ocrx_word' id='word_1_422' title='bbox 394 2547 523 2573; x_wconf 85' lang='lat' dir='ltr'><strong>lactentia</strong></span> <span class='ocrx_word' id='word_1_423' title='bbox 550 2549 741 2579; x_wconf 81' lang='lat' dir='ltr'><strong>concedamus,</strong></span> <span class='ocrx_word' id='word_1_424' title='bbox 766 2557 826 2583; x_wconf 66' lang='lat' dir='ltr'><strong>qum</strong></span> <span class='ocrx_word' id='word_1_425' title='bbox 852 2551 970 2584; x_wconf 78' lang='lat' dir='ltr'><strong>perfecta</strong></span> 
     </span>
    </p>
   </div>
   <div class='ocr_carea' id='block_1_56' title="bbox 184 2592 972 2627">
    <p class='ocr_par' dir='ltr' id='par_1_56' title="bbox 184 2592 972 2627">
     <span class='ocr_line' id='line_1_56' title="bbox 184 2592 972 2627; baseline 0.006 -9"><span class='ocrx_word' id='word_1_426' title='bbox 184 2598 213 2618; x_wconf 85' lang='lat' dir='ltr'><strong>et</strong></span> <span class='ocrx_word' id='word_1_427' title='bbox 227 2592 317 2618; x_wconf 74' lang='lat' dir='ltr'><strong>valida</strong></span> <span class='ocrx_word' id='word_1_428' title='bbox 342 2596 415 2624; x_wconf 86' lang='lat' dir='ltr'><strong>sunt,</strong></span> <span class='ocrx_word' id='word_1_429' title='bbox 449 2601 598 2625; x_wconf 76' lang='lat' dir='ltr'><strong>sumamus,</strong></span> <span class='ocrx_word' id='word_1_430' title='bbox 619 2598 700 2627; x_wconf 89' lang='lat' dir='ltr'><strong>atque</strong></span> <span class='ocrx_word' id='word_1_431' title='bbox 722 2595 778 2621; x_wconf 70' lang='lat' dir='ltr'><strong>huic</strong></span> <span class='ocrx_word' id='word_1_432' title='bbox 795 2595 863 2621; x_wconf 87' lang='lat' dir='ltr'><strong>intra</strong></span> <span class='ocrx_word' id='word_1_433' title='bbox 883 2598 972 2624; x_wconf 84' lang='lat' dir='ltr'><strong>cordis</strong></span> 
     </span>
    </p>
   </div>
   <div class='ocr_carea' id='block_1_57' title="bbox 186 2637 968 2672">
    <p class='ocr_par' dir='ltr' id='par_1_57' title="bbox 186 2637 968 2672">
     <span class='ocr_line' id='line_1_57' title="bbox 186 2637 968 2672; baseline 0.006 -9"><span class='ocrx_word' id='word_1_434' title='bbox 186 2637 272 2664; x_wconf 83' lang='lat' dir='ltr'><strong>nostri</strong></span> <span class='ocrx_word' id='word_1_435' title='bbox 291 2642 360 2665; x_wconf 87' lang='lat' dir='ltr'><strong>tecta</strong></span> <span class='ocrx_word' id='word_1_436' title='bbox 390 2639 489 2672; x_wconf 81' lang='lat' dir='ltr'><strong>regalia</strong></span> <span class='ocrx_word' id='word_1_437' title='bbox 509 2639 687 2666; x_wconf 85' lang='lat' dir='ltr'><strong>collocemus.</strong></span> <span class='ocrx_word' id='word_1_438' title='bbox 705 2640 842 2666; x_wconf 88' lang='lat' dir='ltr'><strong>Grandem</strong></span> <span class='ocrx_word' id='word_1_439' title='bbox 859 2646 886 2667; x_wconf 87' lang='lat' dir='ltr'><strong>et</strong></span> <span class='ocrx_word' id='word_1_440' title='bbox 900 2642 968 2668; x_wconf 88' lang='lat' dir='ltr'><strong>vali-</strong></span> 
     </span>
    </p>
   </div>
   <div class='ocr_carea' id='block_1_58' title="bbox 186 2683 968 2719">
    <p class='ocr_par' dir='ltr' id='par_1_58' title="bbox 186 2683 968 2719">
     <span class='ocr_line' id='line_1_58' title="bbox 186 2683 968 2719; baseline 0.005 -9"><span class='ocrx_word' id='word_1_441' title='bbox 186 2683 248 2710; x_wconf 89' lang='lat' dir='ltr'><strong>dum</strong></span> <span class='ocrx_word' id='word_1_442' title='bbox 271 2684 423 2711; x_wconf 85' lang='lat' dir='ltr'><strong>habeamus</strong></span> <span class='ocrx_word' id='word_1_443' title='bbox 440 2685 561 2719; x_wconf 82' lang='lat' dir='ltr'><strong>Moysen,</strong></span> <span class='ocrx_word' id='word_1_444' title='bbox 576 2686 642 2712; x_wconf 89' lang='lat' dir='ltr'><strong>nihil</strong></span> <span class='ocrx_word' id='word_1_445' title='bbox 659 2687 692 2711; x_wconf 89' lang='lat' dir='ltr'><strong>de</strong></span> <span class='ocrx_word' id='word_1_446' title='bbox 709 2694 740 2712; x_wconf 82' lang='lat' dir='ltr'><strong>eo</strong></span> <span class='ocrx_word' id='word_1_447' title='bbox 756 2694 883 2719; x_wconf 84' lang='lat' dir='ltr'><strong>parvum,</strong></span> <span class='ocrx_word' id='word_1_448' title='bbox 901 2688 968 2714; x_wconf 91' lang='lat' dir='ltr'><strong>nihil</strong></span> 
     </span>
    </p>
   </div>
   <div class='ocr_carea' id='block_1_59' title="bbox 186 2729 967 2766">
    <p class='ocr_par' dir='ltr' id='par_1_59' title="bbox 186 2729 967 2766">
     <span class='ocr_line' id='line_1_59' title="bbox 186 2729 967 2766; baseline 0.005 -9"><span class='ocrx_word' id='word_1_449' title='bbox 186 2729 288 2758; x_wconf 84' lang='lat' dir='ltr'><strong>humile</strong></span> <span class='ocrx_word' id='word_1_450' title='bbox 313 2731 484 2762; x_wconf 84' lang='lat' dir='ltr'><strong>sentiamus;</strong></span> <span class='ocrx_word' id='word_1_451' title='bbox 510 2732 555 2758; x_wconf 88' lang='lat' dir='ltr'><strong>sed</strong></span> <span class='ocrx_word' id='word_1_452' title='bbox 581 2732 755 2766; x_wconf 71' lang='lat' dir='ltr'><strong>magniﬁcum</strong></span> <span class='ocrx_word' id='word_1_453' title='bbox 774 2737 967 2763; x_wconf 88' lang='lat' dir='ltr'><strong>totum,toluni</strong></span> 
     </span>
    </p>
   </div>
   <div class='ocr_carea' id='block_1_60' title="bbox 219 2776 827 2809">
    <p class='ocr_par' dir='ltr' id='par_1_60' title="bbox 219 2776 827 2809">
     <span class='ocr_line' id='line_1_60' title="bbox 219 2776 827 2809; baseline 0 -5"><span class='ocrx_word' id='word_1_454' title='bbox 219 2777 241 2793; x_wconf 85' lang='lat'><strong><em>&quot;</em></strong></span> <span class='ocrx_word' id='word_1_455' title='bbox 255 2776 327 2804; x_wconf 82' lang='lat' dir='ltr'><strong>Psal.</strong></span> <span class='ocrx_word' id='word_1_456' title='bbox 344 2783 418 2808; x_wconf 80' lang='lat' dir='ltr'><strong>thv,</strong></span> <span class='ocrx_word' id='word_1_457' title='bbox 438 2776 481 2802; x_wconf 84' lang='grc' dir='ltr'><strong>Η.</strong></span> <span class='ocrx_word' id='word_1_458' title='bbox 504 2778 526 2793; x_wconf 82' lang='grc'><strong>⁹¹</strong></span> <span class='ocrx_word' id='word_1_459' title='bbox 560 2778 666 2804; x_wconf 85' lang='lat' dir='ltr'><strong>Denter.</strong></span> <span class='ocrx_word' id='word_1_460' title='bbox 679 2785 765 2809; x_wconf 78' lang='lat' dir='ltr'><strong>xxxii,</strong></span> <span class='ocrx_word' id='word_1_461' title='bbox 782 2778 827 2804; x_wconf 71' lang='lat'><strong>2|.</strong></span> 
     </span>
    </p>
   </div>
   <div class='ocr_carea' id='block_1_61' title="bbox 184 2812 876 2847">
    <p class='ocr_par' dir='ltr' id='par_1_61' title="bbox 184 2812 876 2847">
     <span class='ocr_line' id='line_1_61' title="bbox 184 2812 876 2847; baseline 0.001 -8"><span class='ocrx_word' id='word_1_462' title='bbox 184 2819 221 2845; x_wconf 84' lang='lat' dir='ltr'><strong>Iv,</strong></span> <span class='ocrx_word' id='word_1_463' title='bbox 234 2812 277 2839; x_wconf 79' lang='lat' dir='ltr'><strong>l2.</strong></span> <span class='ocrx_word' id='word_1_464' title='bbox 317 2812 339 2828; x_wconf 81' lang='grc'>³⁷</span> <span class='ocrx_word' id='word_1_465' title='bbox 355 2812 428 2838; x_wconf 75' lang='lat' dir='ltr'><strong>l’sal.</strong></span> <span class='ocrx_word' id='word_1_466' title='bbox 442 2813 579 2842; x_wconf 73' lang='lat' dir='ltr'><strong>LxxxiJO.</strong></span> <span class='ocrx_word' id='word_1_467' title='bbox 618 2813 640 2828; x_wconf 65' lang='lat'><strong>9&#39;</strong></span> <span class='ocrx_word' id='word_1_468' title='bbox 656 2813 757 2847; x_wconf 83' lang='lat' dir='ltr'><strong>Ephes.</strong></span> <span class='ocrx_word' id='word_1_469' title='bbox 775 2821 812 2844; x_wconf 85' lang='lat' dir='ltr'><strong>Vl,</strong></span> <span class='ocrx_word' id='word_1_470' title='bbox 832 2813 876 2841; x_wconf 77' lang='grc'><strong>19.</strong></span> 
     </span>
    </p>
   </div>
   <div class='ocr_carea' id='block_1_62' title="bbox 220 2858 833 2895">
    <p class='ocr_par' dir='ltr' id='par_1_62' title="bbox 220 2858 833 2895">
     <span class='ocr_line' id='line_1_62' title="bbox 220 2858 833 2895; baseline -0.002 -7"><span class='ocrx_word' id='word_1_471' title='bbox 220 2861 277 2895; x_wconf 80' lang='grc'><strong>(98)</strong></span> <span class='ocrx_word' id='word_1_472' title='bbox 295 2858 373 2893; x_wconf 83' lang='lat' dir='ltr'><strong>Mss.,</strong></span> <span class='ocrx_word' id='word_1_473' title='bbox 391 2868 400 2885; x_wconf 88' lang='grc'><em>‹</em></span> <span class='ocrx_word' id='word_1_474' title='bbox 420 2860 496 2887; x_wconf 87' lang='lat' dir='ltr'><strong>tetris</strong></span> <span class='ocrx_word' id='word_1_475' title='bbox 510 2859 662 2887; x_wconf 66' lang='lat' dir='ltr'><strong>Judaeoruni</strong></span> <span class='ocrx_word' id='word_1_476' title='bbox 675 2861 807 2889; x_wconf 85' lang='lat' dir='ltr'><strong>sensibus.</strong></span> <span class='ocrx_word' id='word_1_477' title='bbox 823 2870 833 2887; x_wconf 75' lang='grc' dir='ltr'><strong>ι</strong></span> 
     </span>
    </p>
   </div>
   <div class='ocr_carea' id='block_1_63' title="bbox 866 2779 1329 2817">
    <p class='ocr_par' dir='ltr' id='par_1_63' title="bbox 866 2779 1329 2817">
     <span class='ocr_line' id='line_1_63' title="bbox 866 2779 1329 2817; baseline 0.006 -10"><span class='ocrx_word' id='word_1_478' title='bbox 866 2779 888 2795; x_wconf 73' lang='grc'><strong>’³</strong></span> <span class='ocrx_word' id='word_1_479' title='bbox 907 2781 991 2810; x_wconf 79' lang='lat' dir='ltr'><strong>Exod.</strong></span> <span class='ocrx_word' id='word_1_480' title='bbox 1003 2790 1040 2817; x_wconf 82' lang='grc' dir='ltr'><strong>ιν,</strong></span> <span class='ocrx_word' id='word_1_481' title='bbox 1057 2782 1100 2810; x_wconf 79' lang='grc'><strong>10.</strong></span> <span class='ocrx_word' id='word_1_482' title='bbox 1138 2782 1161 2798; x_wconf 68' lang='grc'><strong>’⁵</strong></span> <span class='ocrx_word' id='word_1_483' title='bbox 1174 2783 1251 2809; x_wconf 81' lang='lat' dir='ltr'><strong>Joan.</strong></span> <span class='ocrx_word' id='word_1_484' title='bbox 1269 2791 1288 2814; x_wconf 82' lang='grc' dir='ltr'>ι,</span> <span class='ocrx_word' id='word_1_485' title='bbox 1304 2783 1329 2810; x_wconf 85' lang='lat' dir='ltr'><strong>l.</strong></span> 
     </span>
    </p>
   </div>
   <div class='ocr_carea' id='block_1_64' title="bbox 1029 252 1811 288">
    <p class='ocr_par' dir='ltr' id='par_1_64' title="bbox 1029 252 1811 288">
     <span class='ocr_line' id='line_1_64' title="bbox 1029 252 1811 288; baseline 0.003 -11"><span class='ocrx_word' id='word_1_486' title='bbox 1029 256 1080 283; x_wconf 88' lang='lat' dir='ltr'><strong>est,</strong></span> <span class='ocrx_word' id='word_1_487' title='bbox 1095 252 1227 286; x_wconf 86' lang='lat' dir='ltr'><strong>quidquid</strong></span> <span class='ocrx_word' id='word_1_488' title='bbox 1255 252 1387 285; x_wconf 89' lang='lat' dir='ltr'><strong>spiritale,</strong></span> <span class='ocrx_word' id='word_1_489' title='bbox 1404 253 1537 288; x_wconf 88' lang='lat' dir='ltr'><strong>quidquid</strong></span> <span class='ocrx_word' id='word_1_490' title='bbox 1562 252 1688 279; x_wconf 89' lang='lat' dir='ltr'><strong>sublimis</strong></span> <span class='ocrx_word' id='word_1_491' title='bbox 1710 252 1811 279; x_wconf 86' lang='lat' dir='ltr'><strong>intelli-</strong></span> 
     </span>
    </p>
   </div>
   <div class='ocr_carea' id='block_1_65' title="bbox 1027 297 1809 331">
    <p class='ocr_par' dir='ltr' id='par_1_65' title="bbox 1027 297 1809 331">
     <span class='ocr_line' id='line_1_65' title="bbox 1027 297 1809 331; baseline 0.003 -8"><span class='ocrx_word' id='word_1_492' title='bbox 1027 298 1125 331; x_wconf 75' lang='lat' dir='ltr'><strong>gentia:</strong></span> <span class='ocrx_word' id='word_1_493' title='bbox 1149 303 1202 325; x_wconf 89' lang='lat' dir='ltr'><strong>est.</strong></span> <span class='ocrx_word' id='word_1_494' title='bbox 1219 298 1252 324; x_wconf 90' lang='lat' dir='ltr'><strong>Et</strong></span> <span class='ocrx_word' id='word_1_495' title='bbox 1269 305 1379 325; x_wconf 89' lang='lat' dir='ltr'><strong>oremus</strong></span> <span class='ocrx_word' id='word_1_496' title='bbox 1398 298 1541 325; x_wconf 87' lang='lat' dir='ltr'><strong>Dominum</strong></span> <span class='ocrx_word' id='word_1_497' title='bbox 1558 297 1650 325; x_wconf 86' lang='lat' dir='ltr'><strong>Jesum</strong></span> <span class='ocrx_word' id='word_1_498' title='bbox 1669 299 1809 326; x_wconf 78' lang='lat' dir='ltr'><strong>Christum</strong></span> 
     </span>
    </p>
   </div>
   <div class='ocr_carea' id='block_1_66' title="bbox 1027 342 1812 379">
    <p class='ocr_par' dir='ltr' id='par_1_66' title="bbox 1027 342 1812 379">
     <span class='ocr_line' id='line_1_66' title="bbox 1027 342 1812 379; baseline 0.004 -11"><span class='ocrx_word' id='word_1_499' title='bbox 1027 346 1057 368; x_wconf 91' lang='lat' dir='ltr'><strong>ut</strong></span> <span class='ocrx_word' id='word_1_500' title='bbox 1071 342 1129 374; x_wconf 87' lang='lat' dir='ltr'><strong>ipse</strong></span> <span class='ocrx_word' id='word_1_501' title='bbox 1142 343 1221 369; x_wconf 89' lang='lat' dir='ltr'><strong>nobis</strong></span> <span class='ocrx_word' id='word_1_502' title='bbox 1235 343 1335 370; x_wconf 87' lang='lat' dir='ltr'><strong>revelet</strong></span> <span class='ocrx_word' id='word_1_503' title='bbox 1350 347 1378 369; x_wconf 90' lang='lat' dir='ltr'><strong>et</strong></span> <span class='ocrx_word' id='word_1_504' title='bbox 1403 344 1530 371; x_wconf 87' lang='lat' dir='ltr'><strong>ostendat</strong></span> <span class='ocrx_word' id='word_1_505' title='bbox 1547 344 1682 377; x_wconf 90' lang='lat' dir='ltr'><strong>quomodo</strong></span> <span class='ocrx_word' id='word_1_506' title='bbox 1696 352 1812 379; x_wconf 77' lang='lat' dir='ltr'><strong>magnus</strong></span> 
     </span>
    </p>
   </div>
   <div class='ocr_carea' id='block_1_67' title="bbox 1028 387 1812 423">
    <p class='ocr_par' dir='ltr' id='par_1_67' title="bbox 1028 387 1812 423">
     <span class='ocr_line' id='line_1_67' title="bbox 1028 387 1812 423; baseline 0.004 -9"><span class='ocrx_word' id='word_1_507' title='bbox 1028 392 1069 415; x_wconf 92' lang='lat' dir='ltr'><strong>cst</strong></span> <span class='ocrx_word' id='word_1_508' title='bbox 1085 387 1203 423; x_wconf 80' lang='lat' dir='ltr'><strong>Moyses,</strong></span> <span class='ocrx_word' id='word_1_509' title='bbox 1217 393 1244 416; x_wconf 92' lang='lat' dir='ltr'><strong>et</strong></span> <span class='ocrx_word' id='word_1_510' title='bbox 1261 389 1395 423; x_wconf 90' lang='lat' dir='ltr'><strong>quomodo</strong></span> <span class='ocrx_word' id='word_1_511' title='bbox 1405 389 1529 416; x_wconf 84' lang='lat' dir='ltr'><strong>sublimis</strong></span> <span class='ocrx_word' id='word_1_512' title='bbox 1543 394 1595 416; x_wconf 88' lang='lat' dir='ltr'><strong>est.</strong></span> <span class='ocrx_word' id='word_1_513' title='bbox 1612 390 1670 423; x_wconf 91' lang='lat' dir='ltr'><strong>Ipse</strong></span> <span class='ocrx_word' id='word_1_514' title='bbox 1683 390 1753 417; x_wconf 88' lang='lat' dir='ltr'><strong>enim</strong></span> <span class='ocrx_word' id='word_1_515' title='bbox 1769 398 1812 417; x_wconf 84' lang='lat' dir='ltr'><strong>re-</strong></span> 
     </span>
    </p>
   </div>
   <div class='ocr_carea' id='block_1_68' title="bbox 1027 432 1808 469">
    <p class='ocr_par' dir='ltr' id='par_1_68' title="bbox 1027 432 1808 469">
     <span class='ocr_line' id='line_1_68' title="bbox 1027 432 1808 469; baseline 0.004 -11"><span class='ocrx_word' id='word_1_516' title='bbox 1027 432 1109 464; x_wconf 85' lang='lat' dir='ltr'><strong>velat,</strong></span> <span class='ocrx_word' id='word_1_517' title='bbox 1141 433 1240 467; x_wconf 91' lang='lat' dir='ltr'><strong>quibus</strong></span> <span class='ocrx_word' id='word_1_518' title='bbox 1276 433 1343 466; x_wconf 84' lang='lat' dir='ltr'><strong>vult,</strong></span> <span class='ocrx_word' id='word_1_519' title='bbox 1363 441 1411 467; x_wconf 91' lang='lat' dir='ltr'><strong>per</strong></span> <span class='ocrx_word' id='word_1_520' title='bbox 1439 435 1571 467; x_wconf 83' lang='lat' dir='ltr'><strong>Spiritum</strong></span> <span class='ocrx_word' id='word_1_521' title='bbox 1598 439 1731 462; x_wconf 90' lang='lat' dir='ltr'><strong>sanctum.</strong></span> <span class='ocrx_word' id='word_1_522' title='bbox 1756 436 1808 469; x_wconf 88' lang='lat' dir='ltr'><strong>lpsi</strong></span> 
     </span>
    </p>
   </div>
   <div class='ocr_carea' id='block_1_69' title="bbox 1027 478 1809 513">
    <p class='ocr_par' dir='ltr' id='par_1_69' title="bbox 1027 478 1809 513">
     <span class='ocr_line' id='line_1_69' title="bbox 1027 478 1809 513; baseline 0.004 -8"><span class='ocrx_word' id='word_1_523' title='bbox 1027 478 1112 512; x_wconf 77' lang='lat' dir='ltr'><strong>gloria</strong></span> <span class='ocrx_word' id='word_1_524' title='bbox 1138 484 1165 506; x_wconf 92' lang='lat' dir='ltr'><strong>et</strong></span> <span class='ocrx_word' id='word_1_525' title='bbox 1193 479 1336 513; x_wconf 84' lang='lat' dir='ltr'><strong>imperium</strong></span> <span class='ocrx_word' id='word_1_526' title='bbox 1362 480 1388 506; x_wconf 93' lang='lat' dir='ltr'><strong>in</strong></span> <span class='ocrx_word' id='word_1_527' title='bbox 1406 480 1504 507; x_wconf 77' lang='lat' dir='ltr'><strong>stecnla</strong></span> <span class='ocrx_word' id='word_1_528' title='bbox 1526 482 1809 509; x_wconf 58' lang='lat' dir='ltr'><strong>saeculorum.Amen.</strong></span> 
     </span>
    </p>
   </div>
   <div class='ocr_carea' id='block_1_70' title="bbox 1314 532 1522 560">
    <p class='ocr_par' dir='ltr' id='par_1_70' title="bbox 1314 532 1522 560">
     <span class='ocr_line' id='line_1_70' title="bbox 1314 532 1522 560; baseline 0.005 -1"><span class='ocrx_word' id='word_1_529' title='bbox 1314 532 1451 560; x_wconf 77' lang='lat' dir='ltr'><strong>llOMlLlA</strong></span> <span class='ocrx_word' id='word_1_530' title='bbox 1478 533 1522 560; x_wconf 88' lang='lat' dir='ltr'><strong>lll.</strong></span> 
     </span>
    </p>
   </div>
   <div class='ocr_carea' id='block_1_71' title="bbox 1026 576 1810 613">
    <p class='ocr_par' dir='ltr' id='par_1_71' title="bbox 1026 576 1810 613">
     <span class='ocr_line' id='line_1_71' title="bbox 1026 576 1810 613; baseline 0.003 -10"><span class='ocrx_word' id='word_1_531' title='bbox 1026 576 1065 603; x_wconf 81' lang='lat' dir='ltr'><strong>De</strong></span> <span class='ocrx_word' id='word_1_532' title='bbox 1086 585 1115 604; x_wconf 90' lang='lat' dir='ltr'><strong>eo</strong></span> <span class='ocrx_word' id='word_1_533' title='bbox 1127 578 1198 613; x_wconf 85' lang='lat' dir='ltr'><strong>quod</strong></span> <span class='ocrx_word' id='word_1_534' title='bbox 1211 577 1337 610; x_wconf 79' lang='lat' dir='ltr'><strong>scriptum</strong></span> <span class='ocrx_word' id='word_1_535' title='bbox 1350 583 1387 603; x_wconf 76' lang='lat' dir='ltr'><strong>est</strong></span> <span class='ocrx_word' id='word_1_536' title='bbox 1405 585 1414 604; x_wconf 89' lang='lat'><strong><em>:</em></strong></span> <span class='ocrx_word' id='word_1_537' title='bbox 1431 587 1439 603; x_wconf 82' lang='grc' dir='ltr'><strong>ι</strong></span> <span class='ocrx_word' id='word_1_538' title='bbox 1464 576 1521 611; x_wconf 85' lang='lat' dir='ltr'><strong>Ego</strong></span> <span class='ocrx_word' id='word_1_539' title='bbox 1534 583 1619 604; x_wconf 78' lang='lat' dir='ltr'><strong>autem</strong></span> <span class='ocrx_word' id='word_1_540' title='bbox 1635 578 1729 613; x_wconf 82' lang='lat' dir='ltr'><strong>gracili</strong></span> <span class='ocrx_word' id='word_1_541' title='bbox 1750 587 1810 606; x_wconf 77' lang='lat' dir='ltr'><strong>voce</strong></span> 
     </span>
    </p>
   </div>
   <div class='ocr_carea' id='block_1_72' title="bbox 1234 614 1596 647">
    <p class='ocr_par' dir='ltr' id='par_1_72' title="bbox 1234 614 1596 647">
     <span class='ocr_line' id='line_1_72' title="bbox 1234 614 1596 647; baseline 0.003 -9"><span class='ocrx_word' id='word_1_542' title='bbox 1234 621 1304 644; x_wconf 77' lang='lat' dir='ltr'><strong>sunt,</strong></span> <span class='ocrx_word' id='word_1_543' title='bbox 1320 618 1343 639; x_wconf 84' lang='lat' dir='ltr'><strong>et</strong></span> <span class='ocrx_word' id='word_1_544' title='bbox 1360 614 1451 639; x_wconf 78' lang='lat' dir='ltr'><strong>tardus</strong></span> <span class='ocrx_word' id='word_1_545' title='bbox 1470 614 1571 647; x_wconf 83' lang='lat' dir='ltr'><strong>lingua.</strong></span> <span class='ocrx_word' id='word_1_546' title='bbox 1586 622 1596 639; x_wconf 72' lang='grc' dir='ltr'><strong>ι</strong></span> 
     </span>
    </p>
   </div>
   <div class='ocr_carea' id='block_1_73' title="bbox 1060 657 1812 693">
    <p class='ocr_par' dir='ltr' id='par_1_73' title="bbox 1060 657 1812 693">
     <span class='ocr_line' id='line_1_73' title="bbox 1060 657 1812 693; baseline 0.003 -9"><span class='ocrx_word' id='word_1_547' title='bbox 1060 658 1086 686; x_wconf 83' lang='lat' dir='ltr'><strong>l.</strong></span> <span class='ocrx_word' id='word_1_548' title='bbox 1099 657 1188 685; x_wconf 90' lang='lat' dir='ltr'><strong>Donec</strong></span> <span class='ocrx_word' id='word_1_549' title='bbox 1211 664 1283 686; x_wconf 88' lang='lat' dir='ltr'><strong>esset</strong></span> <span class='ocrx_word' id='word_1_550' title='bbox 1299 658 1407 693; x_wconf 85' lang='lat' dir='ltr'><strong>Moyses</strong></span> <span class='ocrx_word' id='word_1_551' title='bbox 1426 659 1452 685; x_wconf 91' lang='lat' dir='ltr'><strong>in</strong></span> <span class='ocrx_word' id='word_1_552' title='bbox 1468 658 1585 693; x_wconf 60' lang='lat' dir='ltr'><strong>Egypto</strong></span> <span class='ocrx_word' id='word_1_553' title='bbox 1612 663 1640 686; x_wconf 86' lang='lat' dir='ltr'><strong>et</strong></span> <span class='ocrx_word' id='word_1_554' title='bbox 1655 659 1812 686; x_wconf 85' lang='lat' dir='ltr'><strong>erudiretur</strong></span> 
     </span>
    </p>
   </div>
   <div class='ocr_carea' id='block_1_74' title="bbox 1024 704 1811 740">
    <p class='ocr_par' dir='ltr' id='par_1_74' title="bbox 1024 704 1811 740">
     <span class='ocr_line' id='line_1_74' title="bbox 1024 704 1811 740; baseline 0.001 -9"><span class='ocrx_word' id='word_1_555' title='bbox 1024 705 1099 732; x_wconf 87' lang='lat' dir='ltr'><strong>omni</strong></span> <span class='ocrx_word' id='word_1_556' title='bbox 1119 705 1252 740; x_wconf 83' lang='lat' dir='ltr'><strong>sapientia</strong></span> <span class='ocrx_word' id='word_1_557' title='bbox 1269 704 1469 739; x_wconf 65' lang='lat' dir='ltr'><strong>Egyptiorum,</strong></span> <span class='ocrx_word' id='word_1_558' title='bbox 1491 713 1543 732; x_wconf 91' lang='lat' dir='ltr'><strong>non</strong></span> <span class='ocrx_word' id='word_1_559' title='bbox 1563 709 1623 732; x_wconf 85' lang='lat' dir='ltr'><strong>erat</strong></span> <span class='ocrx_word' id='word_1_560' title='bbox 1636 705 1730 739; x_wconf 77' lang='lat' dir='ltr'><strong>gracili</strong></span> <span class='ocrx_word' id='word_1_561' title='bbox 1745 712 1811 732; x_wconf 90' lang='lat' dir='ltr'><strong>voce</strong></span> 
     </span>
    </p>
   </div>
   <div class='ocr_carea' id='block_1_75' title="bbox 1024 751 1811 787">
    <p class='ocr_par' dir='ltr' id='par_1_75' title="bbox 1024 751 1811 787">
     <span class='ocr_line' id='line_1_75' title="bbox 1024 751 1811 787; baseline 0.004 -10"><span class='ocrx_word' id='word_1_562' title='bbox 1024 758 1074 777; x_wconf 85' lang='lat' dir='ltr'><strong>nec</strong></span> <span class='ocrx_word' id='word_1_563' title='bbox 1100 753 1194 778; x_wconf 85' lang='lat' dir='ltr'><strong>tardus</strong></span> <span class='ocrx_word' id='word_1_564' title='bbox 1228 751 1330 785; x_wconf 80' lang='lat' dir='ltr'><strong>lingua,</strong></span> <span class='ocrx_word' id='word_1_565' title='bbox 1352 751 1432 786; x_wconf 78' lang='lat'><strong>136</strong></span> <span class='ocrx_word' id='word_1_566' title='bbox 1449 759 1498 778; x_wconf 91' lang='lat' dir='ltr'><strong>nec</strong></span> <span class='ocrx_word' id='word_1_567' title='bbox 1512 751 1691 785; x_wconf 84' lang='lat' dir='ltr'><strong>proﬁtebatur</strong></span> <span class='ocrx_word' id='word_1_568' title='bbox 1708 752 1764 787; x_wconf 78' lang='lat'><strong>(99)</strong></span> <span class='ocrx_word' id='word_1_569' title='bbox 1781 761 1811 780; x_wconf 89' lang='lat' dir='ltr'><strong>se</strong></span> 
     </span>
    </p>
   </div>
   <div class='ocr_carea' id='block_1_76' title="bbox 1023 797 1812 834">
    <p class='ocr_par' dir='ltr' id='par_1_76' title="bbox 1023 797 1812 834">
     <span class='ocr_line' id='line_1_76' title="bbox 1023 797 1812 834; baseline 0.001 -10"><span class='ocrx_word' id='word_1_570' title='bbox 1023 804 1083 824; x_wconf 91' lang='lat' dir='ltr'><strong>esse</strong></span> <span class='ocrx_word' id='word_1_571' title='bbox 1108 797 1318 831; x_wconf 90' lang='lat' dir='ltr'><strong>ineloquentem.</strong></span> <span class='ocrx_word' id='word_1_572' title='bbox 1343 798 1408 825; x_wconf 85' lang='lat' dir='ltr'><strong>Erat</strong></span> <span class='ocrx_word' id='word_1_573' title='bbox 1436 798 1508 824; x_wconf 90' lang='lat' dir='ltr'><strong>enim</strong></span> <span class='ocrx_word' id='word_1_574' title='bbox 1530 803 1662 832; x_wconf 89' lang='lat' dir='ltr'><strong>quantum</strong></span> <span class='ocrx_word' id='word_1_575' title='bbox 1677 798 1711 825; x_wconf 90' lang='lat' dir='ltr'><strong>ad</strong></span> <span class='ocrx_word' id='word_1_576' title='bbox 1727 798 1812 834; x_wconf 65' lang='grc' dir='ltr'><strong>Λεω-</strong></span> 
     </span>
    </p>
   </div>
   <div class='ocr_carea' id='block_1_77' title="bbox 1022 843 1810 878">
    <p class='ocr_par' dir='ltr' id='par_1_77' title="bbox 1022 843 1810 878">
     <span class='ocr_line' id='line_1_77' title="bbox 1022 843 1810 878; baseline 0.003 -9"><span class='ocrx_word' id='word_1_577' title='bbox 1022 843 1105 877; x_wconf 90' lang='lat' dir='ltr'><strong>ptios,</strong></span> <span class='ocrx_word' id='word_1_578' title='bbox 1116 848 1257 870; x_wconf 74' lang='lat' dir='ltr'><strong>etsonorai</strong></span> <span class='ocrx_word' id='word_1_579' title='bbox 1272 844 1355 874; x_wconf 86' lang='lat' dir='ltr'><strong>vocis,</strong></span> <span class='ocrx_word' id='word_1_580' title='bbox 1366 849 1393 871; x_wconf 95' lang='lat' dir='ltr'><strong>et</strong></span> <span class='ocrx_word' id='word_1_581' title='bbox 1404 843 1565 878; x_wconf 73' lang='lat' dir='ltr'><strong>eloquentia:</strong></span> <span class='ocrx_word' id='word_1_582' title='bbox 1580 843 1810 877; x_wconf 87' lang='lat' dir='ltr'><strong>incomparabilis.</strong></span> 
     </span>
    </p>
   </div>
   <div class='ocr_carea' id='block_1_78' title="bbox 987 879 1811 923">
    <p class='ocr_par' dir='ltr' id='par_1_78' title="bbox 987 879 1811 923">
     <span class='ocr_line' id='line_1_78' title="bbox 987 879 1811 923; baseline 0.001 -9"><span class='ocrx_word' id='word_1_583' title='bbox 987 879 1008 906; x_wconf 81' lang='grc' dir='ltr'><strong>Β</strong></span> <span class='ocrx_word' id='word_1_584' title='bbox 1027 888 1075 915; x_wconf 90' lang='lat' dir='ltr'><strong>Ubi</strong></span> <span class='ocrx_word' id='word_1_585' title='bbox 1092 894 1182 916; x_wconf 87' lang='lat' dir='ltr'><strong>autem</strong></span> <span class='ocrx_word' id='word_1_586' title='bbox 1207 889 1292 923; x_wconf 73' lang='lat' dir='ltr'><strong>cwpit</strong></span> <span class='ocrx_word' id='word_1_587' title='bbox 1307 889 1403 916; x_wconf 89' lang='lat' dir='ltr'><strong>audire</strong></span> <span class='ocrx_word' id='word_1_588' title='bbox 1430 897 1524 916; x_wconf 88' lang='lat' dir='ltr'><strong>vocem</strong></span> <span class='ocrx_word' id='word_1_589' title='bbox 1543 889 1588 915; x_wconf 87' lang='lat' dir='ltr'><strong>Dei</strong></span> <span class='ocrx_word' id='word_1_590' title='bbox 1608 894 1635 916; x_wconf 93' lang='lat' dir='ltr'><strong>et</strong></span> <span class='ocrx_word' id='word_1_591' title='bbox 1649 889 1755 923; x_wconf 86' lang='lat' dir='ltr'><strong>eloquia</strong></span> <span class='ocrx_word' id='word_1_592' title='bbox 1771 890 1811 916; x_wconf 90' lang='lat' dir='ltr'><strong>di-</strong></span> 
     </span>
    </p>
   </div>
   <div class='ocr_carea' id='block_1_79' title="bbox 1023 934 1811 970">
    <p class='ocr_par' dir='ltr' id='par_1_79' title="bbox 1023 934 1811 970">
     <span class='ocr_line' id='line_1_79' title="bbox 1023 934 1811 970; baseline 0.004 -10"><span class='ocrx_word' id='word_1_593' title='bbox 1023 934 1087 961; x_wconf 89' lang='lat' dir='ltr'><strong>vina</strong></span> <span class='ocrx_word' id='word_1_594' title='bbox 1103 935 1252 970; x_wconf 87' lang='lat' dir='ltr'><strong>suscipere,</strong></span> <span class='ocrx_word' id='word_1_595' title='bbox 1276 940 1338 962; x_wconf 91' lang='lat' dir='ltr'><strong>tunc</strong></span> <span class='ocrx_word' id='word_1_596' title='bbox 1352 935 1438 963; x_wconf 84' lang='lat' dir='ltr'><strong>sensit</strong></span> <span class='ocrx_word' id='word_1_597' title='bbox 1453 936 1552 962; x_wconf 76' lang='lat' dir='ltr'><strong>exilem</strong></span> <span class='ocrx_word' id='word_1_598' title='bbox 1570 940 1598 962; x_wconf 87' lang='lat' dir='ltr'><strong>et</strong></span> <span class='ocrx_word' id='word_1_599' title='bbox 1619 935 1747 969; x_wconf 81' lang='lat' dir='ltr'><strong>gracilem</strong></span> <span class='ocrx_word' id='word_1_600' title='bbox 1761 943 1811 963; x_wconf 82' lang='lat' dir='ltr'><strong>vo-</strong></span> 
     </span>
    </p>
   </div>
   <div class='ocr_carea' id='block_1_80' title="bbox 1023 982 1810 1016">
    <p class='ocr_par' dir='ltr' id='par_1_80' title="bbox 1023 982 1810 1016">
     <span class='ocr_line' id='line_1_80' title="bbox 1023 982 1810 1016; baseline 0.001 -8"><span class='ocrx_word' id='word_1_601' title='bbox 1023 988 1082 1008; x_wconf 88' lang='lat' dir='ltr'><strong>cem</strong></span> <span class='ocrx_word' id='word_1_602' title='bbox 1097 990 1184 1013; x_wconf 84' lang='lat' dir='ltr'><strong>suam.</strong></span> <span class='ocrx_word' id='word_1_603' title='bbox 1198 983 1358 1016; x_wconf 88' lang='lat' dir='ltr'><strong>tardamque</strong></span> <span class='ocrx_word' id='word_1_604' title='bbox 1374 988 1402 1009; x_wconf 88' lang='lat' dir='ltr'><strong>et</strong></span> <span class='ocrx_word' id='word_1_605' title='bbox 1416 982 1574 1016; x_wconf 87' lang='lat' dir='ltr'><strong>impeditam</strong></span> <span class='ocrx_word' id='word_1_606' title='bbox 1593 989 1655 1008; x_wconf 86' lang='lat' dir='ltr'><strong>esse</strong></span> <span class='ocrx_word' id='word_1_607' title='bbox 1668 989 1747 1008; x_wconf 89' lang='lat' dir='ltr'><strong>suam</strong></span> <span class='ocrx_word' id='word_1_608' title='bbox 1770 982 1810 1009; x_wconf 89' lang='lat' dir='ltr'><strong>iti-</strong></span> 
     </span>
    </p>
   </div>
   <div class='ocr_carea' id='block_1_81' title="bbox 1024 1028 1806 1063">
    <p class='ocr_par' dir='ltr' id='par_1_81' title="bbox 1024 1028 1806 1063">
     <span class='ocr_line' id='line_1_81' title="bbox 1024 1028 1806 1063; baseline 0 -9"><span class='ocrx_word' id='word_1_609' title='bbox 1024 1028 1118 1062; x_wconf 80' lang='lat' dir='ltr'><strong>telligit</strong></span> <span class='ocrx_word' id='word_1_610' title='bbox 1135 1028 1252 1063; x_wconf 80' lang='lat' dir='ltr'><strong>linguam</strong></span> <span class='ocrx_word' id='word_1_611' title='bbox 1265 1036 1272 1060; x_wconf 90' lang='lat'><strong>;</strong></span> <span class='ocrx_word' id='word_1_612' title='bbox 1293 1034 1355 1055; x_wconf 92' lang='lat' dir='ltr'><strong>tunc</strong></span> <span class='ocrx_word' id='word_1_613' title='bbox 1364 1036 1393 1056; x_wconf 85' lang='lat' dir='ltr'><strong>se</strong></span> <span class='ocrx_word' id='word_1_614' title='bbox 1413 1029 1571 1063; x_wconf 86' lang='lat' dir='ltr'><strong>pronuntiat</strong></span> <span class='ocrx_word' id='word_1_615' title='bbox 1583 1033 1686 1054; x_wconf 91' lang='lat' dir='ltr'><strong>mutum</strong></span> <span class='ocrx_word' id='word_1_616' title='bbox 1700 1028 1733 1060; x_wconf 81' lang='grc'><strong>⁸³,</strong></span> <span class='ocrx_word' id='word_1_617' title='bbox 1743 1035 1806 1054; x_wconf 90' lang='lat' dir='ltr'><strong>cum</strong></span> 
     </span>
    </p>
   </div>
   <div class='ocr_carea' id='block_1_82' title="bbox 1022 1074 1808 1108">
    <p class='ocr_par' dir='ltr' id='par_1_82' title="bbox 1022 1074 1808 1108">
     <span class='ocr_line' id='line_1_82' title="bbox 1022 1074 1808 1108; baseline -0.001 -7"><span class='ocrx_word' id='word_1_618' title='bbox 1022 1074 1106 1108; x_wconf 74' lang='lat' dir='ltr'><strong>cmpit</strong></span> <span class='ocrx_word' id='word_1_619' title='bbox 1133 1081 1284 1108; x_wconf 75' lang='lat' dir='ltr'><strong>agnoscere</strong></span> <span class='ocrx_word' id='word_1_620' title='bbox 1304 1082 1398 1101; x_wconf 82' lang='lat' dir='ltr'><strong>verum</strong></span> <span class='ocrx_word' id='word_1_621' title='bbox 1423 1075 1488 1101; x_wconf 92' lang='lat' dir='ltr'><strong>illud</strong></span> <span class='ocrx_word' id='word_1_622' title='bbox 1504 1074 1635 1105; x_wconf 74' lang='lat' dir='ltr'><strong>Verbum,</strong></span> <span class='ocrx_word' id='word_1_623' title='bbox 1655 1074 1727 1108; x_wconf 88' lang='lat' dir='ltr'><strong>quod</strong></span> <span class='ocrx_word' id='word_1_624' title='bbox 1748 1078 1808 1100; x_wconf 90' lang='lat' dir='ltr'><strong>erat</strong></span> 
     </span>
    </p>
   </div>
   <div class='ocr_carea' id='block_1_83' title="bbox 1023 1120 1809 1155">
    <p class='ocr_par' dir='ltr' id='par_1_83' title="bbox 1023 1120 1809 1155">
     <span class='ocr_line' id='line_1_83' title="bbox 1023 1120 1809 1155; baseline 0 -8"><span class='ocrx_word' id='word_1_625' title='bbox 1023 1121 1048 1147; x_wconf 91' lang='lat' dir='ltr'><strong>in</strong></span> <span class='ocrx_word' id='word_1_626' title='bbox 1062 1120 1198 1155; x_wconf 86' lang='lat' dir='ltr'><strong>principio</strong></span> <span class='ocrx_word' id='word_1_627' title='bbox 1219 1120 1289 1155; x_wconf 86' lang='lat' dir='ltr'><strong>apud</strong></span> <span class='ocrx_word' id='word_1_628' title='bbox 1313 1120 1398 1148; x_wconf 92' lang='lat' dir='ltr'><strong>Deum</strong></span> <span class='ocrx_word' id='word_1_629' title='bbox 1417 1121 1450 1149; x_wconf 74' lang='lat'><strong>&quot;.</strong></span> <span class='ocrx_word' id='word_1_630' title='bbox 1470 1120 1522 1148; x_wconf 89' lang='lat' dir='ltr'><strong>Sed</strong></span> <span class='ocrx_word' id='word_1_631' title='bbox 1543 1128 1596 1155; x_wconf 87' lang='lat' dir='ltr'><strong>quo</strong></span> <span class='ocrx_word' id='word_1_632' title='bbox 1614 1120 1722 1148; x_wconf 84' lang='lat' dir='ltr'><strong>facilius</strong></span> <span class='ocrx_word' id='word_1_633' title='bbox 1738 1121 1809 1154; x_wconf 90' lang='lat' dir='ltr'><strong>quod</strong></span> 
     </span>
    </p>
   </div>
   <div class='ocr_carea' id='block_1_84' title="bbox 1023 1166 1807 1201">
    <p class='ocr_par' dir='ltr' id='par_1_84' title="bbox 1023 1166 1807 1201">
     <span class='ocr_line' id='line_1_84' title="bbox 1023 1166 1807 1201; baseline 0.001 -9"><span class='ocrx_word' id='word_1_634' title='bbox 1023 1167 1140 1193; x_wconf 89' lang='lat' dir='ltr'><strong>dicitnus</strong></span> <span class='ocrx_word' id='word_1_635' title='bbox 1156 1167 1243 1201; x_wconf 87' lang='lat' dir='ltr'><strong>possit</strong></span> <span class='ocrx_word' id='word_1_636' title='bbox 1255 1166 1370 1198; x_wconf 84' lang='lat' dir='ltr'><strong>adverti,</strong></span> <span class='ocrx_word' id='word_1_637' title='bbox 1384 1171 1492 1194; x_wconf 87' lang='lat' dir='ltr'><strong>utaniitr</strong></span> <span class='ocrx_word' id='word_1_638' title='bbox 1505 1167 1660 1201; x_wconf 89' lang='lat' dir='ltr'><strong>hujusmodi</strong></span> <span class='ocrx_word' id='word_1_639' title='bbox 1677 1166 1807 1193; x_wconf 84' lang='lat' dir='ltr'><strong>similitu-</strong></span> 
     </span>
    </p>
   </div>
   <div class='ocr_carea' id='block_1_85' title="bbox 1023 1211 1809 1246">
    <p class='ocr_par' dir='ltr' id='par_1_85' title="bbox 1023 1211 1809 1246">
     <span class='ocr_line' id='line_1_85' title="bbox 1023 1211 1809 1246; baseline -0.001 -8"><span class='ocrx_word' id='word_1_640' title='bbox 1023 1212 1095 1239; x_wconf 88' lang='lat' dir='ltr'><strong>dine.</strong></span> <span class='ocrx_word' id='word_1_641' title='bbox 1112 1211 1193 1239; x_wconf 82' lang='lat' dir='ltr'><strong>Mutis</strong></span> <span class='ocrx_word' id='word_1_642' title='bbox 1225 1211 1391 1239; x_wconf 88' lang='lat' dir='ltr'><strong>animalibus</strong></span> <span class='ocrx_word' id='word_1_643' title='bbox 1419 1212 1543 1246; x_wconf 88' lang='lat' dir='ltr'><strong>quamvis</strong></span> <span class='ocrx_word' id='word_1_644' title='bbox 1556 1212 1592 1238; x_wconf 87' lang='lat' dir='ltr'><strong>sit</strong></span> <span class='ocrx_word' id='word_1_645' title='bbox 1615 1211 1758 1245; x_wconf 88' lang='lat' dir='ltr'><strong>imperitus</strong></span> <span class='ocrx_word' id='word_1_646' title='bbox 1781 1217 1809 1238; x_wconf 89' lang='lat' dir='ltr'><strong>et</strong></span> 
     </span>
    </p>
   </div>
   <div class='ocr_carea' id='block_1_86' title="bbox 1024 1257 1807 1291">
    <p class='ocr_par' dir='ltr' id='par_1_86' title="bbox 1024 1257 1807 1291">
     <span class='ocr_line' id='line_1_86' title="bbox 1024 1257 1807 1291; baseline 0 -7"><span class='ocrx_word' id='word_1_647' title='bbox 1024 1257 1159 1290; x_wconf 89' lang='lat' dir='ltr'><strong>indoctus,</strong></span> <span class='ocrx_word' id='word_1_648' title='bbox 1176 1257 1346 1284; x_wconf 82' lang='lat' dir='ltr'><strong>rationabilis</strong></span> <span class='ocrx_word' id='word_1_649' title='bbox 1361 1258 1442 1284; x_wconf 91' lang='lat' dir='ltr'><strong>homo</strong></span> <span class='ocrx_word' id='word_1_650' title='bbox 1460 1258 1482 1284; x_wconf 88' lang='lat' dir='ltr'><strong>si</strong></span> <span class='ocrx_word' id='word_1_651' title='bbox 1498 1261 1683 1291; x_wconf 78' lang='lat' dir='ltr'><strong>comparetur,</strong></span> <span class='ocrx_word' id='word_1_652' title='bbox 1699 1257 1807 1284; x_wconf 58' lang='lat' dir='ltr'><strong>videhir</strong></span> 
     </span>
    </p>
   </div>
   <div class='ocr_carea' id='block_1_87' title="bbox 1024 1304 1807 1339">
    <p class='ocr_par' dir='ltr' id='par_1_87' title="bbox 1024 1304 1807 1339">
     <span class='ocr_line' id='line_1_87' title="bbox 1024 1304 1807 1339; baseline -0.001 -9"><span class='ocrx_word' id='word_1_653' title='bbox 1024 1309 1068 1330; x_wconf 93' lang='lat' dir='ltr'><strong>tur</strong></span> <span class='ocrx_word' id='word_1_654' title='bbox 1091 1304 1225 1339; x_wconf 86' lang='lat' dir='ltr'><strong>eloquens</strong></span> <span class='ocrx_word' id='word_1_655' title='bbox 1253 1304 1287 1331; x_wconf 85' lang='lat' dir='ltr'><strong>ad</strong></span> <span class='ocrx_word' id='word_1_656' title='bbox 1311 1304 1546 1338; x_wconf 84' lang='lat' dir='ltr'><strong>comparationem</strong></span> <span class='ocrx_word' id='word_1_657' title='bbox 1573 1310 1667 1330; x_wconf 87' lang='lat' dir='ltr'><strong>eorum</strong></span> <span class='ocrx_word' id='word_1_658' title='bbox 1687 1311 1748 1337; x_wconf 62' lang='lat' dir='ltr'><strong>quae</strong></span> <span class='ocrx_word' id='word_1_659' title='bbox 1779 1308 1807 1330; x_wconf 87' lang='lat' dir='ltr'><strong>et</strong></span> 
     </span>
    </p>
   </div>
   <div class='ocr_carea' id='block_1_88' title="bbox 1024 1349 1809 1384">
    <p class='ocr_par' dir='ltr' id='par_1_88' title="bbox 1024 1349 1809 1384">
     <span class='ocr_line' id='line_1_88' title="bbox 1024 1349 1809 1384; baseline -0.001 -7"><span class='ocrx_word' id='word_1_660' title='bbox 1024 1350 1140 1378; x_wconf 88' lang='lat' dir='ltr'><strong>rationis</strong></span> <span class='ocrx_word' id='word_1_661' title='bbox 1154 1355 1182 1377; x_wconf 91' lang='lat' dir='ltr'><strong>et</strong></span> <span class='ocrx_word' id='word_1_662' title='bbox 1193 1350 1269 1377; x_wconf 87' lang='lat' dir='ltr'><strong>vocis</strong></span> <span class='ocrx_word' id='word_1_663' title='bbox 1282 1350 1404 1384; x_wconf 87' lang='lat' dir='ltr'><strong>expertia</strong></span> <span class='ocrx_word' id='word_1_664' title='bbox 1420 1355 1502 1381; x_wconf 82' lang='lat' dir='ltr'><strong>sunt;</strong></span> <span class='ocrx_word' id='word_1_665' title='bbox 1517 1350 1539 1376; x_wconf 90' lang='lat' dir='ltr'><strong>si</strong></span> <span class='ocrx_word' id='word_1_666' title='bbox 1557 1357 1623 1376; x_wconf 89' lang='lat' dir='ltr'><strong>vero</strong></span> <span class='ocrx_word' id='word_1_667' title='bbox 1642 1349 1759 1376; x_wconf 84' lang='lat' dir='ltr'><strong>eruditis</strong></span> <span class='ocrx_word' id='word_1_668' title='bbox 1781 1355 1809 1376; x_wconf 90' lang='lat' dir='ltr'><strong>et</strong></span> 
     </span>
    </p>
   </div>
   <div class='ocr_carea' id='block_1_89' title="bbox 1025 1395 1808 1431">
    <p class='ocr_par' dir='ltr' id='par_1_89' title="bbox 1025 1395 1808 1431">
     <span class='ocr_line' id='line_1_89' title="bbox 1025 1395 1808 1431; baseline -0.003 -8"><span class='ocrx_word' id='word_1_669' title='bbox 1025 1396 1215 1431; x_wconf 88' lang='lat' dir='ltr'><strong>eloquentibus</strong></span> <span class='ocrx_word' id='word_1_670' title='bbox 1236 1396 1313 1429; x_wconf 87' lang='lat' dir='ltr'><strong>viris,</strong></span> <span class='ocrx_word' id='word_1_671' title='bbox 1329 1400 1409 1429; x_wconf 86' lang='lat' dir='ltr'><strong>atque</strong></span> <span class='ocrx_word' id='word_1_672' title='bbox 1422 1395 1448 1421; x_wconf 94' lang='lat' dir='ltr'><strong>in</strong></span> <span class='ocrx_word' id='word_1_673' title='bbox 1465 1395 1539 1422; x_wconf 91' lang='lat' dir='ltr'><strong>omni</strong></span> <span class='ocrx_word' id='word_1_674' title='bbox 1558 1395 1693 1429; x_wconf 84' lang='lat' dir='ltr'><strong>sapientia</strong></span> <span class='ocrx_word' id='word_1_675' title='bbox 1709 1395 1808 1429; x_wconf 88' lang='lat' dir='ltr'><strong>proba-</strong></span> 
     </span>
    </p>
   </div>
   <div class='ocr_carea' id='block_1_90' title="bbox 1025 1441 1808 1476">
    <p class='ocr_par' dir='ltr' id='par_1_90' title="bbox 1025 1441 1808 1476">
     <span class='ocr_line' id='line_1_90' title="bbox 1025 1441 1808 1476; baseline 0 -8"><span class='ocrx_word' id='word_1_676' title='bbox 1025 1442 1137 1470; x_wconf 80' lang='lat' dir='ltr'><strong>tissimis</strong></span> <span class='ocrx_word' id='word_1_677' title='bbox 1151 1443 1322 1475; x_wconf 83' lang='lat' dir='ltr'><strong>conferatur,</strong></span> <span class='ocrx_word' id='word_1_678' title='bbox 1340 1447 1367 1469; x_wconf 91' lang='lat' dir='ltr'><strong>et</strong></span> <span class='ocrx_word' id='word_1_679' title='bbox 1382 1441 1543 1476; x_wconf 87' lang='lat' dir='ltr'><strong>ineloquens</strong></span> <span class='ocrx_word' id='word_1_680' title='bbox 1557 1446 1585 1469; x_wconf 88' lang='lat' dir='ltr'><strong>et</strong></span> <span class='ocrx_word' id='word_1_681' title='bbox 1600 1446 1689 1468; x_wconf 88' lang='lat' dir='ltr'><strong>mutus</strong></span> <span class='ocrx_word' id='word_1_682' title='bbox 1703 1441 1808 1468; x_wconf 85' lang='lat' dir='ltr'><strong>videbi-</strong></span> 
     </span>
    </p>
   </div>
   <div class='ocr_carea' id='block_1_91' title="bbox 1025 1487 1808 1524">
    <p class='ocr_par' dir='ltr' id='par_1_91' title="bbox 1025 1487 1808 1524">
     <span class='ocr_line' id='line_1_91' title="bbox 1025 1487 1808 1524; baseline -0.001 -9"><span class='ocrx_word' id='word_1_683' title='bbox 1025 1494 1079 1516; x_wconf 88' lang='lat' dir='ltr'><strong>tur.</strong></span> <span class='ocrx_word' id='word_1_684' title='bbox 1104 1489 1140 1516; x_wconf 85' lang='lat' dir='ltr'><strong>At</strong></span> <span class='ocrx_word' id='word_1_685' title='bbox 1163 1490 1184 1516; x_wconf 93' lang='lat' dir='ltr'><strong>si</strong></span> <span class='ocrx_word' id='word_1_686' title='bbox 1199 1490 1286 1523; x_wconf 90' lang='lat' dir='ltr'><strong>ipsum</strong></span> <span class='ocrx_word' id='word_1_687' title='bbox 1301 1489 1363 1524; x_wconf 87' lang='lat' dir='ltr'><strong>quis</strong></span> <span class='ocrx_word' id='word_1_688' title='bbox 1384 1489 1584 1523; x_wconf 80' lang='lat' dir='ltr'><strong>contempletur</strong></span> <span class='ocrx_word' id='word_1_689' title='bbox 1603 1488 1725 1515; x_wconf 92' lang='lat' dir='ltr'><strong>divinum</strong></span> <span class='ocrx_word' id='word_1_690' title='bbox 1741 1487 1808 1514; x_wconf 80' lang='lat' dir='ltr'><strong>Ver-</strong></span> 
     </span>
    </p>
   </div>
   <div class='ocr_carea' id='block_1_92' title="bbox 1024 1535 1806 1571">
    <p class='ocr_par' dir='ltr' id='par_1_92' title="bbox 1024 1535 1806 1571">
     <span class='ocr_line' id='line_1_92' title="bbox 1024 1535 1806 1571; baseline -0.003 -8"><span class='ocrx_word' id='word_1_691' title='bbox 1024 1536 1098 1567; x_wconf 90' lang='lat' dir='ltr'><strong>bum,</strong></span> <span class='ocrx_word' id='word_1_692' title='bbox 1111 1537 1249 1571; x_wconf 89' lang='lat' dir='ltr'><strong>ipsamque</strong></span> <span class='ocrx_word' id='word_1_693' title='bbox 1260 1536 1378 1563; x_wconf 87' lang='lat' dir='ltr'><strong>divinam</strong></span> <span class='ocrx_word' id='word_1_694' title='bbox 1394 1535 1523 1570; x_wconf 89' lang='lat' dir='ltr'><strong>respiciat</strong></span> <span class='ocrx_word' id='word_1_695' title='bbox 1538 1535 1710 1570; x_wconf 88' lang='lat' dir='ltr'><strong>sapientiam,</strong></span> <span class='ocrx_word' id='word_1_696' title='bbox 1718 1541 1806 1568; x_wconf 77' lang='lat' dir='ltr'><strong>quan-</strong></span> 
     </span>
    </p>
   </div>
   <div class='ocr_carea' id='block_1_93' title="bbox 1025 1580 1806 1616">
    <p class='ocr_par' dir='ltr' id='par_1_93' title="bbox 1025 1580 1806 1616">
     <span class='ocr_line' id='line_1_93' title="bbox 1025 1580 1806 1616; baseline -0.004 -7"><span class='ocrx_word' id='word_1_697' title='bbox 1025 1583 1101 1609; x_wconf 62' lang='lat' dir='ltr'><strong>tavis</strong></span> <span class='ocrx_word' id='word_1_698' title='bbox 1126 1583 1162 1609; x_wconf 90' lang='lat' dir='ltr'><strong>sit</strong></span> <span class='ocrx_word' id='word_1_699' title='bbox 1179 1582 1352 1614; x_wconf 86' lang='lat' dir='ltr'><strong>eruditionis,</strong></span> <span class='ocrx_word' id='word_1_700' title='bbox 1374 1586 1634 1616; x_wconf 69' lang='lat' dir='ltr'><strong>etquantmcunque</strong></span> <span class='ocrx_word' id='word_1_701' title='bbox 1655 1580 1806 1615; x_wconf 67' lang='lat' dir='ltr'><strong>sapientiae,</strong></span> 
     </span>
    </p>
   </div>
   <div class='ocr_carea' id='block_1_94' title="bbox 1024 1625 1807 1662">
    <p class='ocr_par' dir='ltr' id='par_1_94' title="bbox 1024 1625 1807 1662">
     <span class='ocr_line' id='line_1_94' title="bbox 1024 1625 1807 1662; baseline -0.004 -8"><span class='ocrx_word' id='word_1_702' title='bbox 1024 1627 1109 1654; x_wconf 91' lang='lat' dir='ltr'><strong>multo</strong></span> <span class='ocrx_word' id='word_1_703' title='bbox 1120 1627 1237 1661; x_wconf 88' lang='lat' dir='ltr'><strong>amplius</strong></span> <span class='ocrx_word' id='word_1_704' title='bbox 1262 1634 1343 1662; x_wconf 88' lang='lat' dir='ltr'><strong>quam</strong></span> <span class='ocrx_word' id='word_1_705' title='bbox 1359 1627 1429 1661; x_wconf 92' lang='lat' dir='ltr'><strong>apud</strong></span> <span class='ocrx_word' id='word_1_706' title='bbox 1451 1633 1499 1653; x_wconf 86' lang='lat' dir='ltr'><strong>nos</strong></span> <span class='ocrx_word' id='word_1_707' title='bbox 1522 1630 1585 1653; x_wconf 89' lang='lat' dir='ltr'><strong>sunt</strong></span> <span class='ocrx_word' id='word_1_708' title='bbox 1601 1625 1730 1659; x_wconf 84' lang='lat' dir='ltr'><strong>pecudes.</strong></span> <span class='ocrx_word' id='word_1_709' title='bbox 1749 1625 1807 1658; x_wconf 85' lang='lat' dir='ltr'><strong>ipse</strong></span> 
     </span>
    </p>
   </div>
   <div class='ocr_carea' id='block_1_95' title="bbox 1024 1671 1802 1709">
    <p class='ocr_par' dir='ltr' id='par_1_95' title="bbox 1024 1671 1802 1709">
     <span class='ocr_line' id='line_1_95' title="bbox 1024 1671 1802 1709; baseline -0.003 -9"><span class='ocrx_word' id='word_1_710' title='bbox 1024 1674 1093 1709; x_wconf 84' lang='lat' dir='ltr'><strong>apud</strong></span> <span class='ocrx_word' id='word_1_711' title='bbox 1109 1673 1193 1700; x_wconf 88' lang='lat' dir='ltr'><strong>Deum</strong></span> <span class='ocrx_word' id='word_1_712' title='bbox 1208 1678 1310 1700; x_wconf 91' lang='lat' dir='ltr'><strong>mutum</strong></span> <span class='ocrx_word' id='word_1_713' title='bbox 1325 1681 1355 1700; x_wconf 85' lang='lat' dir='ltr'><strong>se</strong></span> <span class='ocrx_word' id='word_1_714' title='bbox 1373 1672 1473 1699; x_wconf 89' lang='lat' dir='ltr'><strong>animal</strong></span> <span class='ocrx_word' id='word_1_715' title='bbox 1486 1672 1670 1706; x_wconf 88' lang='lat' dir='ltr'><strong>prolitebitur.</strong></span> <span class='ocrx_word' id='word_1_716' title='bbox 1679 1671 1742 1698; x_wconf 80' lang='lat' dir='ltr'><strong>Hoc</strong></span> <span class='ocrx_word' id='word_1_717' title='bbox 1758 1671 1802 1697; x_wconf 92' lang='lat' dir='ltr'><strong>iii-</strong></span> 
     </span>
    </p>
   </div>
   <div class='ocr_carea' id='block_1_96' title="bbox 1024 1718 1805 1754">
    <p class='ocr_par' dir='ltr' id='par_1_96' title="bbox 1024 1718 1805 1754">
     <span class='ocr_line' id='line_1_96' title="bbox 1024 1718 1805 1754; baseline -0.003 -8"><span class='ocrx_word' id='word_1_718' title='bbox 1024 1720 1121 1747; x_wconf 88' lang='lat' dir='ltr'><strong>mirum</strong></span> <span class='ocrx_word' id='word_1_719' title='bbox 1132 1725 1191 1747; x_wconf 89' lang='lat' dir='ltr'><strong>erat</strong></span> <span class='ocrx_word' id='word_1_720' title='bbox 1205 1720 1322 1754; x_wconf 86' lang='lat' dir='ltr'><strong>Moyses.</strong></span> <span class='ocrx_word' id='word_1_721' title='bbox 1334 1719 1410 1751; x_wconf 86' lang='lat' dir='ltr'><strong>Quod</strong></span> <span class='ocrx_word' id='word_1_722' title='bbox 1425 1724 1452 1745; x_wconf 87' lang='lat' dir='ltr'><strong>et</strong></span> <span class='ocrx_word' id='word_1_723' title='bbox 1466 1719 1566 1746; x_wconf 88' lang='lat' dir='ltr'><strong>beatus</strong></span> <span class='ocrx_word' id='word_1_724' title='bbox 1582 1718 1668 1745; x_wconf 87' lang='lat' dir='ltr'><strong>David</strong></span> <span class='ocrx_word' id='word_1_725' title='bbox 1684 1719 1805 1750; x_wconf 76' lang='lat' dir='ltr'><strong>intuens,</strong></span> 
     </span>
    </p>
   </div>
   <div class='ocr_carea' id='block_1_97' title="bbox 1023 1763 1804 1799">
    <p class='ocr_par' dir='ltr' id='par_1_97' title="bbox 1023 1763 1804 1799">
     <span class='ocr_line' id='line_1_97' title="bbox 1023 1763 1804 1799; baseline -0.003 -8"><span class='ocrx_word' id='word_1_726' title='bbox 1023 1769 1050 1792; x_wconf 88' lang='lat' dir='ltr'><strong>et</strong></span> <span class='ocrx_word' id='word_1_727' title='bbox 1066 1765 1216 1792; x_wconf 86' lang='lat' dir='ltr'><strong>taliordine</strong></span> <span class='ocrx_word' id='word_1_728' title='bbox 1240 1765 1416 1799; x_wconf 86' lang='lat' dir='ltr'><strong>semetipsum</strong></span> <span class='ocrx_word' id='word_1_729' title='bbox 1443 1764 1476 1791; x_wconf 85' lang='lat' dir='ltr'><strong>ad</strong></span> <span class='ocrx_word' id='word_1_730' title='bbox 1506 1765 1626 1791; x_wconf 86' lang='lat' dir='ltr'><strong>divinam</strong></span> <span class='ocrx_word' id='word_1_731' title='bbox 1643 1763 1804 1797; x_wconf 85' lang='lat' dir='ltr'><strong>sapientiam</strong></span> 
     </span>
    </p>
   </div>
   <div class='ocr_carea' id='block_1_98' title="bbox 1024 1809 1805 1845">
    <p class='ocr_par' dir='ltr' id='par_1_98' title="bbox 1024 1809 1805 1845">
     <span class='ocr_line' id='line_1_98' title="bbox 1024 1809 1805 1845; baseline -0.004 -7"><span class='ocrx_word' id='word_1_732' title='bbox 1024 1811 1136 1842; x_wconf 80' lang='lat' dir='ltr'><strong>librans,</strong></span> <span class='ocrx_word' id='word_1_733' title='bbox 1162 1811 1269 1839; x_wconf 83' lang='lat' dir='ltr'><strong>dicebat</strong></span> <span class='ocrx_word' id='word_1_734' title='bbox 1292 1811 1341 1838; x_wconf 71' lang='grc' dir='ltr'><strong>πε</strong></span> <span class='ocrx_word' id='word_1_735' title='bbox 1363 1821 1371 1836; x_wconf 84' lang='grc' dir='ltr'><strong>ι</strong></span> <span class='ocrx_word' id='word_1_736' title='bbox 1396 1810 1432 1838; x_wconf 90' lang='lat' dir='ltr'><strong>Ut</strong></span> <span class='ocrx_word' id='word_1_737' title='bbox 1454 1810 1608 1845; x_wconf 89' lang='lat' dir='ltr'><strong>jutnentum</strong></span> <span class='ocrx_word' id='word_1_738' title='bbox 1631 1809 1720 1836; x_wconf 76' lang='lat' dir='ltr'><strong>factus</strong></span> <span class='ocrx_word' id='word_1_739' title='bbox 1745 1816 1805 1836; x_wconf 88' lang='lat' dir='ltr'><strong>sum</strong></span> 
     </span>
    </p>
   </div>
   <div class='ocr_carea' id='block_1_99' title="bbox 1023 1856 1805 1893">
    <p class='ocr_par' dir='ltr' id='par_1_99' title="bbox 1023 1856 1805 1893">
     <span class='ocr_line' id='line_1_99' title="bbox 1023 1856 1805 1893; baseline -0.006 -8"><span class='ocrx_word' id='word_1_740' title='bbox 1023 1859 1092 1893; x_wconf 88' lang='lat' dir='ltr'><strong>apud</strong></span> <span class='ocrx_word' id='word_1_741' title='bbox 1122 1864 1158 1886; x_wconf 87' lang='lat' dir='ltr'><strong>te.</strong></span> <span class='ocrx_word' id='word_1_742' title='bbox 1187 1868 1196 1883; x_wconf 86' lang='lat' dir='ltr'><strong>I</strong></span> <span class='ocrx_word' id='word_1_743' title='bbox 1215 1858 1370 1885; x_wconf 91' lang='lat' dir='ltr'><strong>Secundum</strong></span> <span class='ocrx_word' id='word_1_744' title='bbox 1396 1859 1448 1885; x_wconf 91' lang='lat' dir='ltr'><strong>hoc</strong></span> <span class='ocrx_word' id='word_1_745' title='bbox 1469 1864 1537 1891; x_wconf 79' lang='lat' dir='ltr'><strong>ergo</strong></span> <span class='ocrx_word' id='word_1_746' title='bbox 1548 1861 1575 1883; x_wconf 88' lang='lat' dir='ltr'><strong>et</strong></span> <span class='ocrx_word' id='word_1_747' title='bbox 1606 1856 1805 1891; x_wconf 89' lang='lat' dir='ltr'><strong>prophetarum</strong></span> 
     </span>
    </p>
   </div>
   <div class='ocr_carea' id='block_1_100' title="bbox 1023 1903 1805 1939">
    <p class='ocr_par' dir='ltr' id='par_1_100' title="bbox 1023 1903 1805 1939">
     <span class='ocr_line' id='line_1_100' title="bbox 1023 1903 1805 1939; baseline -0.004 -8"><span class='ocrx_word' id='word_1_748' title='bbox 1023 1905 1157 1932; x_wconf 88' lang='lat' dir='ltr'><strong>maximus</strong></span> <span class='ocrx_word' id='word_1_749' title='bbox 1171 1904 1276 1939; x_wconf 86' lang='lat' dir='ltr'><strong>Moyses</strong></span> <span class='ocrx_word' id='word_1_750' title='bbox 1289 1905 1315 1931; x_wconf 91' lang='lat' dir='ltr'><strong>in</strong></span> <span class='ocrx_word' id='word_1_751' title='bbox 1330 1905 1455 1939; x_wconf 70' lang='lat' dir='ltr'><strong>pl&#39;tIESCllli</strong></span> <span class='ocrx_word' id='word_1_752' title='bbox 1468 1903 1585 1931; x_wconf 86' lang='lat' dir='ltr'><strong>lectione</strong></span> <span class='ocrx_word' id='word_1_753' title='bbox 1600 1903 1667 1930; x_wconf 91' lang='lat' dir='ltr'><strong>dicit</strong></span> <span class='ocrx_word' id='word_1_754' title='bbox 1678 1903 1711 1930; x_wconf 91' lang='lat' dir='ltr'><strong>ad</strong></span> <span class='ocrx_word' id='word_1_755' title='bbox 1732 1910 1805 1934; x_wconf 87' lang='lat' dir='ltr'><strong>eum,</strong></span> 
     </span>
    </p>
   </div>
   <div class='ocr_carea' id='block_1_101' title="bbox 1022 1950 1806 1986">
    <p class='ocr_par' dir='ltr' id='par_1_101' title="bbox 1022 1950 1806 1986">
     <span class='ocr_line' id='line_1_101' title="bbox 1022 1950 1806 1986; baseline -0.003 -9"><span class='ocrx_word' id='word_1_756' title='bbox 1022 1951 1196 1986; x_wconf 73' lang='lat' dir='ltr'><strong>quodgracili</strong></span> <span class='ocrx_word' id='word_1_757' title='bbox 1215 1958 1279 1977; x_wconf 90' lang='lat' dir='ltr'><strong>voce</strong></span> <span class='ocrx_word' id='word_1_758' title='bbox 1288 1951 1334 1983; x_wconf 86' lang='lat' dir='ltr'><strong>sit,</strong></span> <span class='ocrx_word' id='word_1_759' title='bbox 1352 1955 1378 1977; x_wconf 90' lang='lat' dir='ltr'><strong>et</strong></span> <span class='ocrx_word' id='word_1_760' title='bbox 1393 1952 1484 1977; x_wconf 88' lang='lat' dir='ltr'><strong>tardus</strong></span> <span class='ocrx_word' id='word_1_761' title='bbox 1498 1951 1598 1985; x_wconf 80' lang='lat' dir='ltr'><strong>lingua,</strong></span> <span class='ocrx_word' id='word_1_762' title='bbox 1618 1950 1688 1984; x_wconf 84' lang='lat' dir='ltr'><strong>quod</strong></span> <span class='ocrx_word' id='word_1_763' title='bbox 1705 1954 1732 1976; x_wconf 84' lang='lat' dir='ltr'><strong>et</strong></span> <span class='ocrx_word' id='word_1_764' title='bbox 1751 1956 1806 1975; x_wconf 84' lang='lat' dir='ltr'><strong>non</strong></span> 
     </span>
    </p>
   </div>
   <div class='ocr_carea' id='block_1_102' title="bbox 1021 1996 1807 2031">
    <p class='ocr_par' dir='ltr' id='par_1_102' title="bbox 1021 1996 1807 2031">
     <span class='ocr_line' id='line_1_102' title="bbox 1021 1996 1807 2031; baseline -0.003 -7"><span class='ocrx_word' id='word_1_765' title='bbox 1021 1998 1056 2024; x_wconf 83' lang='lat' dir='ltr'><strong>sit</strong></span> <span class='ocrx_word' id='word_1_766' title='bbox 1085 1997 1224 2031; x_wconf 87' lang='lat' dir='ltr'><strong>eloquens.</strong></span> <span class='ocrx_word' id='word_1_767' title='bbox 1242 1996 1343 2023; x_wconf 85' lang='lat' dir='ltr'><strong>Omnes</strong></span> <span class='ocrx_word' id='word_1_768' title='bbox 1369 1998 1441 2023; x_wconf 82' lang='lat' dir='ltr'><strong>enim</strong></span> <span class='ocrx_word' id='word_1_769' title='bbox 1467 1998 1589 2023; x_wconf 88' lang='lat' dir='ltr'><strong>homines</strong></span> <span class='ocrx_word' id='word_1_770' title='bbox 1614 1996 1647 2022; x_wconf 88' lang='lat' dir='ltr'><strong>ad</strong></span> <span class='ocrx_word' id='word_1_771' title='bbox 1665 2002 1807 2029; x_wconf 84' lang='lat' dir='ltr'><strong>compara-</strong></span> 
     </span>
    </p>
   </div>
   <div class='ocr_carea' id='block_1_103' title="bbox 1022 2041 1806 2077">
    <p class='ocr_par' dir='ltr' id='par_1_103' title="bbox 1022 2041 1806 2077">
     <span class='ocr_line' id='line_1_103' title="bbox 1022 2041 1806 2077; baseline -0.003 -7"><span class='ocrx_word' id='word_1_772' title='bbox 1022 2043 1122 2070; x_wconf 91' lang='lat' dir='ltr'><strong>tionem</strong></span> <span class='ocrx_word' id='word_1_773' title='bbox 1142 2041 1221 2069; x_wconf 85' lang='lat' dir='ltr'><strong>Verbi</strong></span> <span class='ocrx_word' id='word_1_774' title='bbox 1241 2042 1338 2075; x_wconf 90' lang='lat' dir='ltr'><strong>divini,</strong></span> <span class='ocrx_word' id='word_1_775' title='bbox 1361 2050 1414 2069; x_wconf 91' lang='lat' dir='ltr'><strong>non</strong></span> <span class='ocrx_word' id='word_1_776' title='bbox 1436 2042 1523 2070; x_wconf 85' lang='lat' dir='ltr'><strong>solum</strong></span> <span class='ocrx_word' id='word_1_777' title='bbox 1543 2042 1744 2077; x_wconf 88' lang='lat' dir='ltr'><strong>ineloquentes,</strong></span> <span class='ocrx_word' id='word_1_778' title='bbox 1757 2041 1806 2069; x_wconf 88' lang='lat' dir='ltr'><strong>sed</strong></span> 
     </span>
    </p>
   </div>
   <div class='ocr_carea' id='block_1_104' title="bbox 1020 2089 1341 2123">
    <p class='ocr_par' dir='ltr' id='par_1_104' title="bbox 1020 2089 1341 2123">
     <span class='ocr_line' id='line_1_104' title="bbox 1020 2089 1341 2123; baseline 0 -8"><span class='ocrx_word' id='word_1_779' title='bbox 1020 2094 1046 2115; x_wconf 90' lang='lat' dir='ltr'><strong>et</strong></span> <span class='ocrx_word' id='word_1_780' title='bbox 1061 2089 1126 2115; x_wconf 92' lang='lat' dir='ltr'><strong>muti</strong></span> <span class='ocrx_word' id='word_1_781' title='bbox 1140 2090 1248 2123; x_wconf 88' lang='lat' dir='ltr'><strong>putandi</strong></span> <span class='ocrx_word' id='word_1_782' title='bbox 1268 2093 1341 2116; x_wconf 84' lang='lat' dir='ltr'><strong>sunt.</strong></span> 
     </span>
    </p>
   </div>
   <div class='ocr_carea' id='block_1_105' title="bbox 1056 2133 1807 2170">
    <p class='ocr_par' dir='ltr' id='par_1_105' title="bbox 1056 2133 1807 2170">
     <span class='ocr_line' id='line_1_105' title="bbox 1056 2133 1807 2170; baseline 0 -10"><span class='ocrx_word' id='word_1_783' title='bbox 1056 2133 1083 2161; x_wconf 81' lang='grc'><strong>2.</strong></span> <span class='ocrx_word' id='word_1_784' title='bbox 1109 2134 1177 2167; x_wconf 85' lang='lat' dir='ltr'><strong>Quia</strong></span> <span class='ocrx_word' id='word_1_785' title='bbox 1199 2134 1281 2169; x_wconf 75' lang='lat' dir='ltr'><strong>igitur</strong></span> <span class='ocrx_word' id='word_1_786' title='bbox 1310 2135 1336 2161; x_wconf 93' lang='lat' dir='ltr'><strong>in</strong></span> <span class='ocrx_word' id='word_1_787' title='bbox 1362 2134 1388 2162; x_wconf 93' lang='lat' dir='ltr'><strong>id</strong></span> <span class='ocrx_word' id='word_1_788' title='bbox 1417 2134 1605 2170; x_wconf 72' lang='lat' dir='ltr'><strong>intelligentia:</strong></span> <span class='ocrx_word' id='word_1_789' title='bbox 1631 2133 1746 2169; x_wconf 80' lang='lat' dir='ltr'><strong>profecit</strong></span> <span class='ocrx_word' id='word_1_790' title='bbox 1777 2137 1807 2160; x_wconf 89' lang='lat' dir='ltr'><strong>ut</strong></span> 
     </span>
    </p>
   </div>
   <div class='ocr_carea' id='block_1_106' title="bbox 1022 2180 1805 2216">
    <p class='ocr_par' dir='ltr' id='par_1_106' title="bbox 1022 2180 1805 2216">
     <span class='ocr_line' id='line_1_106' title="bbox 1022 2180 1805 2216; baseline 0 -10"><span class='ocrx_word' id='word_1_791' title='bbox 1022 2186 1181 2215; x_wconf 80' lang='lat' dir='ltr'><strong>agnosceret</strong></span> <span class='ocrx_word' id='word_1_792' title='bbox 1195 2181 1408 2215; x_wconf 75' lang='lat' dir='ltr'><strong>semetipsum,in</strong></span> <span class='ocrx_word' id='word_1_793' title='bbox 1428 2188 1482 2216; x_wconf 91' lang='lat' dir='ltr'><strong>quo</strong></span> <span class='ocrx_word' id='word_1_794' title='bbox 1498 2186 1539 2209; x_wconf 90' lang='lat' dir='ltr'><strong>est</strong></span> <span class='ocrx_word' id='word_1_795' title='bbox 1549 2188 1613 2216; x_wconf 87' lang='lat' dir='ltr'><strong>pars</strong></span> <span class='ocrx_word' id='word_1_796' title='bbox 1630 2180 1749 2207; x_wconf 85' lang='lat' dir='ltr'><strong>maxima</strong></span> <span class='ocrx_word' id='word_1_797' title='bbox 1760 2187 1805 2206; x_wconf 85' lang='lat' dir='ltr'><strong>sa-</strong></span> 
     </span>
    </p>
   </div>
   <div class='ocr_carea' id='block_1_107' title="bbox 986 2224 1805 2262">
    <p class='ocr_par' dir='ltr' id='par_1_107' title="bbox 986 2224 1805 2262">
     <span class='ocr_line' id='line_1_107' title="bbox 986 2224 1805 2262; baseline 0.002 -11"><span class='ocrx_word' id='word_1_798' title='bbox 986 2224 1149 2261; x_wconf 73' lang='lat' dir='ltr'><strong>Dpientitn,</strong></span> <span class='ocrx_word' id='word_1_799' title='bbox 1179 2232 1334 2254; x_wconf 89' lang='lat' dir='ltr'><strong>remunerat</strong></span> <span class='ocrx_word' id='word_1_800' title='bbox 1363 2234 1423 2254; x_wconf 92' lang='lat' dir='ltr'><strong>enm</strong></span> <span class='ocrx_word' id='word_1_801' title='bbox 1456 2228 1546 2254; x_wconf 87' lang='lat' dir='ltr'><strong>divina</strong></span> <span class='ocrx_word' id='word_1_802' title='bbox 1576 2227 1709 2262; x_wconf 83' lang='lat' dir='ltr'><strong>dignatio.</strong></span> <span class='ocrx_word' id='word_1_803' title='bbox 1736 2227 1805 2254; x_wconf 81' lang='lat' dir='ltr'><strong>Audi</strong></span> 
     </span>
    </p>
   </div>
   <div class='ocr_carea' id='block_1_108' title="bbox 1023 2272 1807 2308">
    <p class='ocr_par' dir='ltr' id='par_1_108' title="bbox 1023 2272 1807 2308">
     <span class='ocr_line' id='line_1_108' title="bbox 1023 2272 1807 2308; baseline 0.001 -10"><span class='ocrx_word' id='word_1_804' title='bbox 1023 2280 1104 2306; x_wconf 92' lang='lat' dir='ltr'><strong>quam</strong></span> <span class='ocrx_word' id='word_1_805' title='bbox 1120 2272 1229 2307; x_wconf 91' lang='lat' dir='ltr'><strong>optimis</strong></span> <span class='ocrx_word' id='word_1_806' title='bbox 1255 2273 1456 2307; x_wconf 75' lang='lat' dir='ltr'><strong>magniﬁcisque</strong></span> <span class='ocrx_word' id='word_1_807' title='bbox 1478 2274 1644 2301; x_wconf 90' lang='lat' dir='ltr'><strong>muneribus.</strong></span> <span class='ocrx_word' id='word_1_808' title='bbox 1660 2282 1671 2299; x_wconf 84' lang='grc'><em>‹</em></span> <span class='ocrx_word' id='word_1_809' title='bbox 1685 2273 1751 2308; x_wconf 80' lang='lat' dir='ltr'><strong>Ego,</strong></span> <span class='ocrx_word' id='word_1_810' title='bbox 1766 2273 1807 2299; x_wconf 90' lang='lat' dir='ltr'><strong>iii-</strong></span> 
     </span>
    </p>
   </div>
   <div class='ocr_carea' id='block_1_109' title="bbox 1023 2318 1807 2354">
    <p class='ocr_par' dir='ltr' id='par_1_109' title="bbox 1023 2318 1807 2354">
     <span class='ocr_line' id='line_1_109' title="bbox 1023 2318 1807 2354; baseline 0 -9"><span class='ocrx_word' id='word_1_811' title='bbox 1023 2319 1083 2353; x_wconf 88' lang='lat' dir='ltr'><strong>quit</strong></span> <span class='ocrx_word' id='word_1_812' title='bbox 1096 2318 1131 2351; x_wconf 81' lang='lat'><strong>&#39;°,</strong></span> <span class='ocrx_word' id='word_1_813' title='bbox 1149 2319 1269 2353; x_wconf 89' lang='lat' dir='ltr'><strong>aperiam</strong></span> <span class='ocrx_word' id='word_1_814' title='bbox 1279 2326 1309 2346; x_wconf 89' lang='lat' dir='ltr'><strong>os</strong></span> <span class='ocrx_word' id='word_1_815' title='bbox 1326 2324 1411 2353; x_wconf 90' lang='lat' dir='ltr'><strong>tuum,</strong></span> <span class='ocrx_word' id='word_1_816' title='bbox 1426 2325 1453 2346; x_wconf 91' lang='lat' dir='ltr'><strong>et</strong></span> <span class='ocrx_word' id='word_1_817' title='bbox 1465 2320 1598 2346; x_wconf 89' lang='lat' dir='ltr'><strong>instruam</strong></span> <span class='ocrx_word' id='word_1_818' title='bbox 1614 2324 1639 2346; x_wconf 93' lang='lat' dir='ltr'><strong>te</strong></span> <span class='ocrx_word' id='word_1_819' title='bbox 1656 2327 1714 2353; x_wconf 68' lang='lat' dir='ltr'><strong>qua:</strong></span> <span class='ocrx_word' id='word_1_820' title='bbox 1725 2327 1807 2354; x_wconf 78' lang='lat' dir='ltr'><strong>opor~</strong></span> 
     </span>
    </p>
   </div>
   <div class='ocr_carea' id='block_1_110' title="bbox 1025 2365 1805 2401">
    <p class='ocr_par' dir='ltr' id='par_1_110' title="bbox 1025 2365 1805 2401">
     <span class='ocr_line' id='line_1_110' title="bbox 1025 2365 1805 2401; baseline 0.001 -11"><span class='ocrx_word' id='word_1_821' title='bbox 1025 2369 1080 2391; x_wconf 89' lang='lat' dir='ltr'><strong>teat</strong></span> <span class='ocrx_word' id='word_1_822' title='bbox 1095 2369 1120 2391; x_wconf 89' lang='lat' dir='ltr'><strong>te</strong></span> <span class='ocrx_word' id='word_1_823' title='bbox 1134 2365 1216 2399; x_wconf 90' lang='lat' dir='ltr'><strong>loqui.</strong></span> <span class='ocrx_word' id='word_1_824' title='bbox 1236 2373 1246 2390; x_wconf 77' lang='lat'><strong>)</strong></span> <span class='ocrx_word' id='word_1_825' title='bbox 1262 2365 1336 2392; x_wconf 85' lang='lat' dir='ltr'><strong>Beati</strong></span> <span class='ocrx_word' id='word_1_826' title='bbox 1364 2371 1437 2398; x_wconf 88' lang='lat' dir='ltr'><strong>sunt,</strong></span> <span class='ocrx_word' id='word_1_827' title='bbox 1455 2373 1570 2401; x_wconf 89' lang='lat' dir='ltr'><strong>quorum</strong></span> <span class='ocrx_word' id='word_1_828' title='bbox 1589 2366 1659 2393; x_wconf 87' lang='lat' dir='ltr'><strong>Deus</strong></span> <span class='ocrx_word' id='word_1_829' title='bbox 1675 2373 1705 2392; x_wconf 88' lang='lat' dir='ltr'><strong>os</strong></span> <span class='ocrx_word' id='word_1_830' title='bbox 1718 2366 1805 2400; x_wconf 84' lang='lat' dir='ltr'><strong>aperit</strong></span> 
     </span>
    </p>
   </div>
   <div class='ocr_carea' id='block_1_111' title="bbox 1023 2411 1807 2447">
    <p class='ocr_par' dir='ltr' id='par_1_111' title="bbox 1023 2411 1807 2447">
     <span class='ocr_line' id='line_1_111' title="bbox 1023 2411 1807 2447; baseline 0.001 -10"><span class='ocrx_word' id='word_1_831' title='bbox 1023 2416 1053 2438; x_wconf 92' lang='lat' dir='ltr'><strong>ut</strong></span> <span class='ocrx_word' id='word_1_832' title='bbox 1081 2411 1235 2446; x_wconf 86' lang='lat' dir='ltr'><strong>loquantur.</strong></span> <span class='ocrx_word' id='word_1_833' title='bbox 1262 2411 1405 2447; x_wconf 88' lang='lat' dir='ltr'><strong>Prophetis</strong></span> <span class='ocrx_word' id='word_1_834' title='bbox 1436 2413 1505 2439; x_wconf 86' lang='lat' dir='ltr'><strong>Deus</strong></span> <span class='ocrx_word' id='word_1_835' title='bbox 1526 2412 1663 2447; x_wconf 85' lang='lat' dir='ltr'><strong>aperitos,</strong></span> <span class='ocrx_word' id='word_1_836' title='bbox 1680 2417 1707 2439; x_wconf 88' lang='lat' dir='ltr'><strong>et</strong></span> <span class='ocrx_word' id='word_1_837' title='bbox 1722 2412 1807 2446; x_wconf 86' lang='lat' dir='ltr'><strong>replet</strong></span> 
     </span>
    </p>
   </div>
   <div class='ocr_carea' id='block_1_112' title="bbox 1023 2458 1805 2494">
    <p class='ocr_par' dir='ltr' id='par_1_112' title="bbox 1023 2458 1805 2494">
     <span class='ocr_line' id='line_1_112' title="bbox 1023 2458 1805 2494; baseline 0.001 -9"><span class='ocrx_word' id='word_1_838' title='bbox 1023 2458 1086 2485; x_wconf 86' lang='lat' dir='ltr'><strong>illud</strong></span> <span class='ocrx_word' id='word_1_839' title='bbox 1112 2458 1220 2492; x_wconf 87' lang='lat' dir='ltr'><strong>eloquio</strong></span> <span class='ocrx_word' id='word_1_840' title='bbox 1236 2465 1297 2490; x_wconf 87' lang='lat' dir='ltr'><strong>suo,</strong></span> <span class='ocrx_word' id='word_1_841' title='bbox 1316 2458 1386 2486; x_wconf 84' lang='lat' dir='ltr'><strong>sicut</strong></span> <span class='ocrx_word' id='word_1_842' title='bbox 1413 2459 1439 2485; x_wconf 92' lang='lat' dir='ltr'><strong>in</strong></span> <span class='ocrx_word' id='word_1_843' title='bbox 1466 2460 1590 2494; x_wconf 65' lang='lat' dir='ltr'><strong>prmscnti</strong></span> <span class='ocrx_word' id='word_1_844' title='bbox 1612 2459 1678 2487; x_wconf 86' lang='lat' dir='ltr'><strong>dicit</strong></span> <span class='ocrx_word' id='word_1_845' title='bbox 1695 2468 1701 2487; x_wconf 94' lang='lat'>:</span> <span class='ocrx_word' id='word_1_846' title='bbox 1719 2468 1729 2484; x_wconf 76' lang='grc' dir='ltr'><strong>ι</strong></span> <span class='ocrx_word' id='word_1_847' title='bbox 1749 2459 1805 2493; x_wconf 81' lang='lat' dir='ltr'><strong>Ego</strong></span> 
     </span>
    </p>
   </div>
   <div class='ocr_carea' id='block_1_113' title="bbox 1022 2505 1806 2540">
    <p class='ocr_par' dir='ltr' id='par_1_113' title="bbox 1022 2505 1806 2540">
     <span class='ocr_line' id='line_1_113' title="bbox 1022 2505 1806 2540; baseline -0.001 -9"><span class='ocrx_word' id='word_1_848' title='bbox 1022 2505 1140 2539; x_wconf 87' lang='lat' dir='ltr'><strong>aperiam</strong></span> <span class='ocrx_word' id='word_1_849' title='bbox 1157 2513 1188 2532; x_wconf 88' lang='lat' dir='ltr'><strong>os</strong></span> <span class='ocrx_word' id='word_1_850' title='bbox 1213 2511 1297 2536; x_wconf 85' lang='lat' dir='ltr'><strong>tuum,</strong></span> <span class='ocrx_word' id='word_1_851' title='bbox 1319 2511 1346 2532; x_wconf 88' lang='lat' dir='ltr'><strong>ct</strong></span> <span class='ocrx_word' id='word_1_852' title='bbox 1374 2505 1503 2532; x_wconf 87' lang='lat' dir='ltr'><strong>instruam</strong></span> <span class='ocrx_word' id='word_1_853' title='bbox 1527 2510 1553 2531; x_wconf 89' lang='lat' dir='ltr'><strong>te</strong></span> <span class='ocrx_word' id='word_1_854' title='bbox 1570 2513 1630 2540; x_wconf 77' lang='lat' dir='ltr'><strong>qua:</strong></span> <span class='ocrx_word' id='word_1_855' title='bbox 1641 2509 1766 2539; x_wconf 90' lang='lat' dir='ltr'><strong>oporteat</strong></span> <span class='ocrx_word' id='word_1_856' title='bbox 1781 2510 1806 2531; x_wconf 90' lang='lat' dir='ltr'><strong>te</strong></span> 
     </span>
    </p>
   </div>
   <div class='ocr_carea' id='block_1_114' title="bbox 1023 2551 1805 2586">
    <p class='ocr_par' dir='ltr' id='par_1_114' title="bbox 1023 2551 1805 2586">
     <span class='ocr_line' id='line_1_114' title="bbox 1023 2551 1805 2586; baseline 0 -9"><span class='ocrx_word' id='word_1_857' title='bbox 1023 2551 1107 2586; x_wconf 91' lang='lat' dir='ltr'><strong>loqui.</strong></span> <span class='ocrx_word' id='word_1_858' title='bbox 1126 2560 1135 2577; x_wconf 76' lang='grc' dir='ltr'><strong>ι</strong></span> <span class='ocrx_word' id='word_1_859' title='bbox 1155 2552 1207 2579; x_wconf 87' lang='lat' dir='ltr'><strong>Sed</strong></span> <span class='ocrx_word' id='word_1_860' title='bbox 1223 2556 1249 2579; x_wconf 90' lang='lat' dir='ltr'><strong>et</strong></span> <span class='ocrx_word' id='word_1_861' title='bbox 1262 2559 1309 2586; x_wconf 88' lang='lat' dir='ltr'><strong>per</strong></span> <span class='ocrx_word' id='word_1_862' title='bbox 1320 2552 1403 2578; x_wconf 89' lang='lat' dir='ltr'><strong>David</strong></span> <span class='ocrx_word' id='word_1_863' title='bbox 1423 2552 1489 2579; x_wconf 86' lang='lat' dir='ltr'><strong>dicit</strong></span> <span class='ocrx_word' id='word_1_864' title='bbox 1506 2551 1575 2579; x_wconf 88' lang='lat' dir='ltr'><strong>Deus</strong></span> <span class='ocrx_word' id='word_1_865' title='bbox 1587 2551 1610 2567; x_wconf 88' lang='grc'><strong>⁹⁷</strong></span> <span class='ocrx_word' id='word_1_866' title='bbox 1625 2561 1631 2578; x_wconf 90' lang='lat'>:</span> <span class='ocrx_word' id='word_1_867' title='bbox 1645 2561 1654 2576; x_wconf 86' lang='grc'><strong>‹</strong></span> <span class='ocrx_word' id='word_1_868' title='bbox 1675 2551 1761 2578; x_wconf 87' lang='lat' dir='ltr'><strong>Dilata</strong></span> <span class='ocrx_word' id='word_1_869' title='bbox 1774 2558 1805 2578; x_wconf 86' lang='lat' dir='ltr'><strong>os</strong></span> 
     </span>
    </p>
   </div>
   <div class='ocr_carea' id='block_1_115' title="bbox 1025 2596 1806 2633">
    <p class='ocr_par' dir='ltr' id='par_1_115' title="bbox 1025 2596 1806 2633">
     <span class='ocr_line' id='line_1_115' title="bbox 1025 2596 1806 2633; baseline -0.003 -9"><span class='ocrx_word' id='word_1_870' title='bbox 1025 2602 1110 2629; x_wconf 86' lang='lat' dir='ltr'><strong>tuum,</strong></span> <span class='ocrx_word' id='word_1_871' title='bbox 1132 2603 1159 2624; x_wconf 89' lang='lat' dir='ltr'><strong>et</strong></span> <span class='ocrx_word' id='word_1_872' title='bbox 1186 2598 1296 2633; x_wconf 83' lang='lat' dir='ltr'><strong>replebo</strong></span> <span class='ocrx_word' id='word_1_873' title='bbox 1323 2598 1398 2624; x_wconf 91' lang='lat' dir='ltr'><strong>illud.</strong></span> <span class='ocrx_word' id='word_1_874' title='bbox 1420 2606 1431 2624; x_wconf 74' lang='grc' dir='ltr'><strong>ι</strong></span> <span class='ocrx_word' id='word_1_875' title='bbox 1448 2597 1580 2625; x_wconf 90' lang='lat' dir='ltr'><strong>Similiter</strong></span> <span class='ocrx_word' id='word_1_876' title='bbox 1597 2601 1625 2624; x_wconf 85' lang='lat' dir='ltr'><strong>et</strong></span> <span class='ocrx_word' id='word_1_877' title='bbox 1647 2596 1747 2624; x_wconf 85' lang='lat' dir='ltr'><strong>Paulus</strong></span> <span class='ocrx_word' id='word_1_878' title='bbox 1764 2597 1806 2623; x_wconf 90' lang='lat' dir='ltr'><strong>di-</strong></span> 
     </span>
    </p>
   </div>
   <div class='ocr_carea' id='block_1_116' title="bbox 1023 2643 1806 2679">
    <p class='ocr_par' dir='ltr' id='par_1_116' title="bbox 1023 2643 1806 2679">
     <span class='ocr_line' id='line_1_116' title="bbox 1023 2643 1806 2679; baseline -0.001 -8"><span class='ocrx_word' id='word_1_879' title='bbox 1023 2645 1061 2671; x_wconf 92' lang='lat' dir='ltr'><strong>cit</strong></span> <span class='ocrx_word' id='word_1_880' title='bbox 1083 2645 1106 2661; x_wconf 73' lang='lat'>”</span> <span class='ocrx_word' id='word_1_881' title='bbox 1124 2653 1131 2671; x_wconf 87' lang='lat'>:</span> <span class='ocrx_word' id='word_1_882' title='bbox 1147 2654 1156 2669; x_wconf 78' lang='grc' dir='ltr'><strong>ι</strong></span> <span class='ocrx_word' id='word_1_883' title='bbox 1175 2645 1208 2672; x_wconf 89' lang='lat' dir='ltr'><strong>Ut</strong></span> <span class='ocrx_word' id='word_1_884' title='bbox 1229 2646 1308 2671; x_wconf 88' lang='lat' dir='ltr'><strong>detur</strong></span> <span class='ocrx_word' id='word_1_885' title='bbox 1328 2645 1392 2671; x_wconf 87' lang='lat' dir='ltr'><strong>mihi</strong></span> <span class='ocrx_word' id='word_1_886' title='bbox 1408 2652 1497 2671; x_wconf 86' lang='lat' dir='ltr'><strong>sermo</strong></span> <span class='ocrx_word' id='word_1_887' title='bbox 1515 2645 1541 2671; x_wconf 91' lang='lat' dir='ltr'><strong>in</strong></span> <span class='ocrx_word' id='word_1_888' title='bbox 1555 2644 1732 2679; x_wconf 83' lang='lat' dir='ltr'><strong>adapertione</strong></span> <span class='ocrx_word' id='word_1_889' title='bbox 1746 2643 1806 2670; x_wconf 86' lang='lat' dir='ltr'><strong>oris</strong></span> 
     </span>
    </p>
   </div>
   <div class='ocr_carea' id='block_1_117' title="bbox 1022 2690 1804 2725">
    <p class='ocr_par' dir='ltr' id='par_1_117' title="bbox 1022 2690 1804 2725">
     <span class='ocr_line' id='line_1_117' title="bbox 1022 2690 1804 2725; baseline -0.003 -8"><span class='ocrx_word' id='word_1_890' title='bbox 1022 2690 1085 2717; x_wconf 90' lang='lat' dir='ltr'><strong>mei.</strong></span> <span class='ocrx_word' id='word_1_891' title='bbox 1108 2700 1118 2716; x_wconf 74' lang='grc' dir='ltr'><strong>ι</strong></span> <span class='ocrx_word' id='word_1_892' title='bbox 1136 2691 1233 2718; x_wconf 86' lang='lat' dir='ltr'><strong>Eorum</strong></span> <span class='ocrx_word' id='word_1_893' title='bbox 1262 2699 1327 2725; x_wconf 79' lang='lat' dir='ltr'><strong>ergo</strong></span> <span class='ocrx_word' id='word_1_894' title='bbox 1340 2692 1385 2725; x_wconf 88' lang='lat' dir='ltr'><strong>qui</strong></span> <span class='ocrx_word' id='word_1_895' title='bbox 1413 2691 1494 2718; x_wconf 80' lang='lat' dir='ltr'><strong>verba</strong></span> <span class='ocrx_word' id='word_1_896' title='bbox 1521 2690 1568 2717; x_wconf 87' lang='lat' dir='ltr'><strong>Dei</strong></span> <span class='ocrx_word' id='word_1_897' title='bbox 1590 2690 1747 2724; x_wconf 89' lang='lat' dir='ltr'><strong>loquuntur,</strong></span> <span class='ocrx_word' id='word_1_898' title='bbox 1771 2696 1804 2716; x_wconf 90' lang='lat' dir='ltr'><strong>os</strong></span> 
     </span>
    </p>
   </div>
   <div class='ocr_carea' id='block_1_118' title="bbox 1023 2735 1805 2771">
    <p class='ocr_par' dir='ltr' id='par_1_118' title="bbox 1023 2735 1805 2771">
     <span class='ocr_line' id='line_1_118' title="bbox 1023 2735 1805 2771; baseline -0.004 -7"><span class='ocrx_word' id='word_1_899' title='bbox 1023 2737 1095 2764; x_wconf 83' lang='lat' dir='ltr'><strong>Deus</strong></span> <span class='ocrx_word' id='word_1_900' title='bbox 1108 2737 1206 2771; x_wconf 90' lang='lat' dir='ltr'><strong>aperit.</strong></span> <span class='ocrx_word' id='word_1_901' title='bbox 1234 2737 1337 2764; x_wconf 82' lang='lat' dir='ltr'><strong>Vereor</strong></span> <span class='ocrx_word' id='word_1_902' title='bbox 1354 2743 1442 2763; x_wconf 88' lang='lat' dir='ltr'><strong>autem</strong></span> <span class='ocrx_word' id='word_1_903' title='bbox 1459 2745 1492 2764; x_wconf 89' lang='lat' dir='ltr'><strong>ne</strong></span> <span class='ocrx_word' id='word_1_904' title='bbox 1506 2737 1561 2762; x_wconf 91' lang='lat' dir='ltr'><strong>sint</strong></span> <span class='ocrx_word' id='word_1_905' title='bbox 1574 2735 1669 2770; x_wconf 81' lang='lat' dir='ltr'><strong>aliqui,</strong></span> <span class='ocrx_word' id='word_1_906' title='bbox 1688 2742 1805 2770; x_wconf 87' lang='lat' dir='ltr'><strong>quorum</strong></span> 
     </span>
    </p>
   </div>
   <div class='ocr_carea' id='block_1_119' title="bbox 1368 2780 1803 2816">
    <p class='ocr_par' dir='ltr' id='par_1_119' title="bbox 1368 2780 1803 2816">
     <span class='ocr_line' id='line_1_119' title="bbox 1368 2780 1803 2816; baseline -0.002 -7"><span class='ocrx_word' id='word_1_907' title='bbox 1368 2782 1390 2798; x_wconf 83' lang='lat'>&quot;</span> <span class='ocrx_word' id='word_1_908' title='bbox 1406 2782 1477 2810; x_wconf 85' lang='lat' dir='ltr'><strong>Psal.</strong></span> <span class='ocrx_word' id='word_1_909' title='bbox 1496 2790 1580 2816; x_wconf 81' lang='lat' dir='ltr'><strong>Lxxu,</strong></span> <span class='ocrx_word' id='word_1_910' title='bbox 1595 2782 1640 2809; x_wconf 73' lang='grc'><strong>25.</strong></span> <span class='ocrx_word' id='word_1_911' title='bbox 1678 2780 1702 2797; x_wconf 74' lang='grc'><strong>³⁸</strong></span> <span class='ocrx_word' id='word_1_912' title='bbox 1716 2781 1803 2808; x_wconf 81' lang='lat' dir='ltr'><strong>Exod.</strong></span> 
     </span>
    </p>
   </div>
   <div class='ocr_carea' id='block_1_120' title="bbox 1061 2860 1444 2896">
    <p class='ocr_par' dir='ltr' id='par_1_120' title="bbox 1061 2860 1444 2896">
     <span class='ocr_line' id='line_1_120' title="bbox 1061 2860 1444 2896; baseline 0.003 -8"><span class='ocrx_word' id='word_1_913' title='bbox 1061 2860 1117 2896; x_wconf 86' lang='lat'><strong>(99)</strong></span> <span class='ocrx_word' id='word_1_914' title='bbox 1133 2860 1217 2894; x_wconf 82' lang='lat' dir='ltr'><strong>Alias,</strong></span> <span class='ocrx_word' id='word_1_915' title='bbox 1236 2870 1246 2887; x_wconf 75' lang='grc' dir='ltr'><strong>ι</strong></span> <span class='ocrx_word' id='word_1_916' title='bbox 1268 2861 1419 2896; x_wconf 76' lang='lat' dir='ltr'><strong>profitetur.</strong></span> <span class='ocrx_word' id='word_1_917' title='bbox 1433 2869 1444 2889; x_wconf 69' lang='grc' dir='ltr'><strong>ι</strong></span> 
     </span>
    </p>
   </div>
  </div>
