4050 6142
456 269 559 325 511

1935 263 2258 323 ORIGENIS

3603 253 3710 310 312

459 387 772 444 econtrario
805 401 866 441 os
899 384 1150 440 diabolus
1190 383 1423 454 aperiat.
1484 384 1615 441 Nam
1664 388 1757 456 qui
1791 387 2034 456 loquitur
2065 396 2110 451 Α
2139 389 2196 444 Si
2237 390 2454 458 quando
2504 403 2632 458 ergo
2689 401 2828 440 vana
2875 383 3154 447 dicuntur,
3183 380 3230 437 si
3258 379 3477 449 quando
3504 379 3712 441 inania,

462 480 830 543 mendacium,
871 487 1078 532 certum
1125 486 1210 531 est
1247 477 1374 546 quia
1427 478 1678 535 diabolus
1711 482 1922 550 aperuit
1972 497 2034 536 os

459 572 581 639 eius
610 579 670 624 ut
725 569 1066 624 mendacium
1127 569 1467 638 loqueretur.
1504 572 1603 638 Qui
1656 571 1848 626 falsum
1883 575 2035 629 testi-

461 663 706 716 monium
763 658 913 722 dicit,
943 660 1036 729 qui
1079 661 1446 717 scurrilitates
1482 677 1546 717 ac
1593 664 1955 732 turpitudines
1979 675 2034 720 et

361 731 366 742 ’
463 763 662 808 caetera
697 753 1005 824 hujusmodi
1037 754 1106 807 de
1169 768 1264 808 ore
1298 769 1396 807 suo
1441 754 1743 823 proferunt,
1782 757 2030 812 diabolus

460 850 676 916 aperuit
698 862 760 902 os
785 862 997 902 eorum.
1031 847 1236 902 Vereor
1268 861 1334 900 ne
1373 857 1429 902 et
1466 864 1822 903 susurronum
1856 860 1908 905 et
1938 851 2034 906 de-

463 947 760 994 tractorum
813 954 875 994 os
912 940 1160 994 diabolus
1211 941 1448 1010 aperiat,
1484 942 1578 995 sed
1627 953 1685 996 et
1721 957 1909 998 eorum
1937 945 2028 1013 qui

460 1030 639 1086 otiosa
669 1031 833 1086 verba
863 1031 1164 1100 proferunt,
1197 1047 1295 1100 pro
1327 1033 1522 1102 quibus
1564 1034 1833 1090 reddenda
1864 1035 1917 1089 in
1943 1036 2030 1090 die

452 1119 647 1187 iudicii
691 1125 831 1178 ratio
871 1133 976 1180 est.
1025 1121 1146 1178 Jam
1181 1140 1312 1180 vero
1351 1125 1442 1194 qui
1471 1126 1815 1198 iniquitatem
1855 1130 1906 1182 in
1935 1144 2031 1184 ex-

459 1215 665 1270 celsum
692 1214 1002 1284 loquuntur,
1031 1217 1120 1284 qui
1155 1226 1357 1288 negant
1398 1217 1684 1272 Dominum
1735 1232 1910 1272 meum
1941 1216 2031 1273 Je-

460 1322 578 1362 sum
631 1307 902 1362 Christum
956 1307 1010 1362 in
1041 1324 1206 1363 carne
1249 1309 1489 1374 venisse,
1525 1309 1608 1364 vel
1637 1310 1726 1378 qui
1765 1308 2028 1378 Spiritum

459 1408 709 1454 sanctum
758 1399 1170 1470 blasphemant,
1217 1401 1414 1472 quibus
1457 1416 1633 1472 neque
1681 1403 1731 1456 in
1779 1401 2029 1472 praesenti

459 1505 638 1560 neque
683 1492 737 1546 iu
774 1492 953 1548 futuro
1009 1494 1212 1550 sax-uio
1260 1495 1608 1562 remittetur,
1657 1497 1778 1565 quis
1815 1495 2030 1551 dubitet

457 1583 604 1651 quod
641 1597 705 1638 os
725 1597 916 1638 eorum
952 1583 1201 1640 diabolus
1226 1586 1478 1656 aperiat?
1509 1585 1601 1642 Vis
1632 1588 1726 1642 tibi
1751 1599 1806 1642 et
1839 1588 1939 1644 hoc
1962 1590 2028 1644 de

465 1673 768 1745 Scripturis
827 1677 1151 1741 ostendam,
1183 1677 1456 1747 quomodo
1505 1679 1807 1748 hujusmodi
1852 1679 2029 1734 homi-

2142 483 2352 552 inepta,
2408 483 2609 550 turpia,
2641 481 2892 548 profana,
2933 479 3170 534 scelesta
3205 473 3582 544 proferuntur,
3613 472 3709 541 qui

2140 576 2288 630 novit
2321 573 2531 629 Domini
2562 573 2949 637 eruditionem,
2975 569 3186 625 claudit
3209 581 3389 627 aures,
3415 575 3468 618 et
3504 565 3712 617 avertit

2139 669 2410 732 auditum,
2439 677 2495 721 et
2527 665 2660 720 dicit
2689 665 2734 696 ⁸⁸
2765 681 2779 718 :
2817 681 2835 714 ‹
2869 663 2980 734 Ego
3002 671 3182 716 autem
3209 659 3351 714 sicut
3379 656 3573 712 surdus
3600 670 3704 707 non

2136 761 2442 823 audiebam,
2491 769 2546 813 et
2593 759 2736 813 sicut
2783 765 2997 819 mutus,
3057 753 3152 823 qui
3208 767 3318 806 non
3371 749 3585 818 aperuit
3647 762 3708 800 us

2135 867 2313 907 suum.
2353 870 2371 902 ι
2396 851 2451 905 Si
2475 865 2606 904 vero
2633 849 2699 902 ad
2740 847 3028 902 utilitatem
3061 846 3258 900 animae
3281 845 3560 914 pertinent
3587 855 3706 910 ῳιιιι

2135 944 2392 999 dicuntur
2440 943 2486 998 si
2513 943 2580 997 de
2612 941 2722 996 Deo
2744 954 2928 995 sermo
2949 949 3056 1005 est,
3091 940 3138 993 si
3170 950 3352 991 mores
3385 937 3566 993 docet,
3597 931 3706 983 vir-
3737 979 3744 985 .

2137 1045 2281 1092 tutes
2335 1035 2548 1100 invitat,
2615 1035 2742 1088 vitia
2794 1041 3031 1096 resecat,
3071 1039 3256 1100 patere
3303 1028 3502 1081 debent
3548 1036 3706 1077 aures

2133 1126 2508 1197 hujuscemodi
2559 1125 2822 1195 eloquiis;
2876 1134 2930 1180 et
2979 1140 3084 1179 non
3155 1121 3326 1176 solum
3363 1135 3564 1183 aures,
3609 1117 3702 1171 sed

2132 1227 2189 1270 et
2235 1231 2352 1280 cor.
2400 1225 2455 1271 et
2509 1229 2685 1278 mens,
2739 1223 2794 1270 et
2842 1224 2950 1268 tota
3008 1215 3076 1267 ad
3123 1210 3493 1282 hujuscemodi
3549 1208 3704 1260 audi-

2135 1317 2246 1362 tum
2281 1307 2476 1362 anima:
2524 1307 2692 1377 jauua
2749 1305 3032 1376 pandenda
3087 1313 3191 1359 est.
3249 1303 3469 1356 Summa
3522 1309 3704 1352 tamen

2137 1401 2293 1472 137
2324 1400 2692 1455 moderatione
2719 1399 2969 1468 praecepti
3005 1414 3100 1452 usa
3138 1406 3223 1451 est
3247 1395 3328 1450 lex
3359 1411 3373 1448 :
3406 1402 3589 1447 utnon
3627 1389 3706 1444 di-

2130 1503 2316 1547 ceret:
2347 1490 2463 1546 Non
2501 1493 2689 1548 audies
2720 1491 2964 1546 auditum
2998 1505 3223 1553 vanum,
3259 1487 3352 1542 sed
3395 1501 3498 1540 non
3559 1481 3701 1537 reci-

2131 1585 2267 1654 pies.
2298 1583 2431 1638 Nam
2462 1599 2597 1637 vana
2629 1583 2947 1653 frequenter
2985 1583 3257 1637 audimus.
3313 1577 3554 1632 Marcion
3581 1589 3704 1644 quae

2133 1677 2392 1748 loquitur,
2450 1692 2589 1730 vana
2619 1685 2766 1731 sunt.
2795 1674 3119 1730 Valentinus
3153 1688 3272 1742 qua:
3313 1669 3572 1740 loquitur,
3605 1680 3702 1718 va-

459 1765 643 1834 nibus,
670 1769 761 1837 qui
807 1768 1095 1824 adversum
1125 1768 1402 1824 Christum
1447 1771 1766 1840 loquuntur,
1803 1786 1865 1825 os
1907 1772 2025 1824 dia-
2058 1757 2100 1811 Β
2133 1787 2200 1825 ua
2232 1780 2392 1826 sunt:
2426 1780 2480 1825 et
2510 1785 2699 1824 omnes
2726 1768 2818 1838 qui
2855 1780 3046 1822 contra
3075 1777 3375 1822 creatorem
3411 1762 3581 1816 Deum
3617 1757 3701 1812 lo-

459 1858 614 1914 bolus
666 1859 874 1929 aperit?
925 1859 1056 1914 Vide
1107 1861 1235 1930 quid
1297 1864 1558 1932 scriptum
1591 1872 1675 1917 est
1701 1864 1746 1896 ⁸⁸
1775 1863 1840 1918 de
1859 1861 2020 1927 Juda,

458 1951 734 2019 quomodo
770 1951 1008 2007 refertur
1064 1953 1188 2020 quia
1231 1952 1550 2008 introivitin
1584 1954 1733 2009 illum
1771 1953 2021 2019 Satanas,

455 2052 513 2097 et
544 2042 669 2114 quia
723 2045 874 2099 misit
913 2046 965 2099 in
1001 2061 1100 2101 cor
1125 2045 1242 2115 ejus
1278 2046 1548 2112 diabolus,
1578 2057 1636 2100 ut
1659 2047 1900 2102 traderet
1925 2048 2026 2103 Do-

457 2135 688 2190 minum.
732 2134 851 2207 Ipse
893 2153 1023 2209 ergo
1073 2139 1288 2206 aperuit
1339 2153 1401 2194 os
1431 2139 1580 2207 ejus,
1611 2150 1668 2193 ut
1712 2139 2024 2208 loqueretur

456 2243 580 2280 cum
615 2229 950 2298 principibus
969 2241 1024 2285 et
1050 2230 1362 2295 Pharisaeis,
1388 2233 1663 2301 quomodo
1687 2247 1810 2286 eum
1839 2233 2022 2286 trade-

453 2326 560 2385 ret,
583 2327 805 2390 accepta
862 2321 1089 2389 pecunia
1114 2321 1153 2375 ⁸.
1193 2320 1343 2376 Unde
1374 2321 1502 2375 mihi
1537 2323 1752 2376 videtur
1775 2336 1880 2376 non
1903 2335 2024 2376 esse

450 2423 634 2478 parvae
655 2413 843 2481 gratiae
865 2413 1164 2483 intelligere
1176 2429 1237 2468 os
1253 2414 1395 2483 quod
1414 2415 1590 2484 aperit
1610 2415 1778 2480 Deus,
1800 2423 1855 2469 et
1870 2415 2026 2469 intel-

451 2501 624 2572 ligere
652 2518 714 2559 os
751 2509 896 2573 quod
925 2509 1099 2576 aperit
1137 2506 1403 2562 diabolus.
1433 2505 1549 2561 Non
1581 2518 1667 2562 est
1693 2507 1815 2563 sine
1843 2509 2020 2562 sancti

451 2593 692 2664 Spiritus
722 2599 895 2667 gratia
954 2598 1260 2670 hujusmodi
1305 2618 1367 2658 os
1397 2613 1452 2658 et
1479 2601 1646 2656 verba
1676 2601 2018 2655 discernere.

449 2687 521 2743 Et
550 2687 673 2746 ideo
712 2689 766 2744 in
799 2690 1164 2747 divisionibus
1189 2695 1513 2764 spiritalium
1540 2694 1841 2764 gratiarum
1868 2691 2023 2746 addi—

449 2791 542 2834 tur
569 2781 732 2837 etiam
780 2783 913 2848 hoc,
965 2787 1110 2854 quod
1163 2787 1327 2841 datur
1371 2788 1696 2857 quibusdam
1749 2786 2011 2840 discretio

449 2874 741 2944 spirituum
782 2877 825 2927 ⁸.
879 2875 1022 2946 Ergo
1063 2877 1320 2946 spiritalis
1371 2888 1453 2932 est
1499 2878 1673 2946 gratia
1721 2893 1818 2945 per
1858 2891 2019 2946 quam

447 2967 673 3036 spiritus
697 2967 1043 3034 discernitur,
1075 2971 1292 3023 sicutet
1320 2968 1445 3024 alibi
1471 2970 1602 3024 dicit
1630 2968 1931 3037 Apostolus
1961 2969 2015 3023 ':

2127 1873 2389 1932 quuntur,
2415 1877 2553 1916 vana
2583 1873 2710 1916 sunt
2743 1878 2866 1930 qua:
2889 1861 3203 1929 loquuntur.
3255 1857 3360 1912 Sed
3391 1864 3569 1908 tamen
3599 1852 3704 1907 fre-

2125 1965 2354 2024 quenter
2384 1969 2483 2007 nos
2523 1955 2778 2009 audimus
2825 1969 2913 2018 ea,
2963 1965 3023 2007 ut
3055 1954 3341 2005 adversum
3385 1961 3444 2002 ea
3477 1960 3704 2014 respono

2128 2046 2257 2100 dere
2284 2045 2556 2115 possimus
2589 2062 2603 2099 :
2654 2061 2722 2099 ne
2751 2043 2888 2100 forte
2912 2043 3218 2113 subripiam
3267 2038 3702 2108 simplicioribus

2125 2137 2428 2206 quibusque
2457 2135 2686 2191 fratrum
2726 2145 3032 2192 nostrorum
3073 2150 3169 2204 per
3226 2132 3490 2187 sermonis
3528 2143 3700 2184 orna-

2127 2237 2265 2283 tum.
2294 2229 2557 2284 Audimus
2577 2243 2704 2297 ergo
2737 2229 2877 2294 lucc;
2921 2227 3016 2282 sed
3043 2241 3150 2280 non
3188 2225 3491 2293 recipimus.
3542 2222 3697 2276 Dicta

2125 2331 2252 2376 suttt
2285 2322 2430 2375 enim
2486 2320 2554 2374 de
2575 2335 2673 2376 ore
2717 2321 2808 2375 illo
2857 2324 3001 2388 quod
3060 2317 3311 2372 diabolus
3359 2316 3589 2385 aperuit.
3629 2313 3696 2367 Et

2125 2416 2246 2470 ideo
2269 2414 2533 2469 orandum
2577 2413 2733 2468 nobis
2762 2422 2866 2477 est,
2897 2421 2958 2466 ut
3003 2412 3254 2481 dignetur
3275 2410 3539 2464 Dominus
3565 2422 3695 2476 ape-

2126 2507 2238 2562 rire
2259 2522 2321 2562 os
2352 2518 2630 2572 nostrum;
2664 2517 2722 2560 ut
2751 2507 3022 2576 possimus
3051 2513 3105 2558 et
3140 2503 3576 2558 contradicentes
3601 2515 3694 2554 re-

2125 2602 2365 2665 vincere,
2396 2609 2452 2655 et
2478 2600 2739 2654 obturare
2763 2615 2825 2655 os
2861 2599 3004 2668 quod
3036 2595 3281 2652 diabolus
3313 2597 3542 2664 aperuit.
3569 2592 3696 2648 Haec

2122 2694 2191 2749 de
2219 2709 2285 2748 eo
2305 2695 2446 2763 quod
2479 2693 2740 2762 scriptum
2769 2703 2854 2749 est
2877 2695 2914 2724 “
2950 2711 2962 2745 :
2997 2713 3016 2744 ι
3045 2694 3155 2763 Ego
3177 2692 3416 2762 aperiam
3437 2705 3498 2744 os
3520 2699 3693 2750 tuum,

2124 2795 2180 2839 et
2209 2785 2473 2840 instruam
2505 2795 2579 2849 te,
2604 2799 2724 2854 qua:
2747 2794 2995 2854 oporteat
3029 2795 3079 2840 te
3103 2784 3269 2853 loqui.
3307 2801 3325 2834 ι
3374 2781 3486 2834 Non
3519 2781 3693 2834 solum

2123 2888 2306 2934 autem
2340 2877 2512 2948 Moysi
2541 2878 2878 2946 promittitur
2908 2893 2970 2932 os
3011 2877 3207 2946 aperiri
3260 2890 3289 2928 a
3323 2873 3570 2936 Domino,
3598 2871 3695 2925 sed

2122 2981 2179 3026 et
2208 2978 2412 3026 Aaron.
2459 2969 2666 3025 Dicitur
2693 2969 2838 3024 enim
2870 2979 2925 3024 et
2955 2969 3021 3023 de
3069 2969 3188 3037 ipso
3221 2968 3262 2998 “
3307 2983 3320 3020 :
3362 2985 3380 3018 ι
3407 2965 3518 3033 Ego
3565 2977 3695 3033 ape-

453 3077 474 3108 ι
515 3055 750 3112 Probate
784 3059 1007 3126 spiritus
1037 3061 1080 3113 si
1122 3075 1189 3114 ex
1242 3061 1354 3116 Deo
1385 3073 1510 3115 sunt
1544 3060 1643 3133 (l).
1668 3076 1689 3110 ι
1731 3059 1836 3116 Sed
1878 3061 2018 3116 sicut
2044 3101 2089 3162 Ο
2125 3063 2260 3117 riam
2292 3077 2356 3118 os
2385 3073 2556 3127 tuum,
2587 3071 2642 3115 et
2674 3077 2738 3116 os
2771 3059 2937 3127 illius,
2969 3069 3025 3114 et
3056 3061 3319 3114 instruam
3348 3071 3444 3112 vos
3469 3070 3590 3124 quae
3611 3052 3694 3106 la-

447 3148 599 3202 Deus
650 3149 825 3219 aperit
853 3164 915 3204 os
965 3162 1303 3217 sanctorum,
1347 3155 1422 3208 ita
1451 3155 1746 3223 putoquod
1777 3163 1832 3208 et
1857 3168 2018 3209 aures

450 3250 764 3294 sanctorum
805 3241 946 3294 Deus
971 3243 1178 3310 aperiat
1214 3245 1279 3297 ad
1319 3244 1587 3299 audienda
1617 3245 1777 3299 verba
1809 3245 2014 3300 divina.

449 3327 541 3383 Sic
573 3329 716 3383 enim
743 3330 874 3384 dicit
896 3327 1063 3384 lsaias
1094 3334 1355 3400 propheta
1377 3333 1400 3364 ⁸
1431 3355 1441 3388 :
1471 3351 1490 3385 ι
1526 3334 1784 3389 Dominus
1807 3336 2019 3403 aperuit

446 3421 582 3476 mihi
643 3436 854 3486 aurem,
901 3433 958 3477 ut
1003 3424 1168 3478 sciam
1213 3425 1426 3492 quando
1451 3434 1705 3494 oporteat
1747 3425 1852 3479 dici
1890 3441 2016 3479 vcr-

445 3517 599 3570 hum.
637 3532 657 3567 ι
695 3514 787 3569 Sic
830 3525 882 3570 et
942 3515 1129 3571 oculos
1179 3518 1357 3585 aperit
1385 3517 1665 3581 Dominus,
1707 3517 1848 3572 sicut
1887 3533 2014 3588 ape-

449 3608 558 3660 ruit
582 3609 772 3662 oculos
791 3606 938 3678 Agar
965 3625 978 3662 :
1011 3624 1032 3658 t
1073 3606 1140 3660 Et
1171 3607 1305 3662 vidit
1338 3619 1560 3676 puteum
1583 3623 1738 3677 aqua":
1765 3609 1899 3664 vivae
1933 3611 2008 3664 ⁸.»

443 3701 551 3754 Sed
581 3711 634 3757 et
655 3702 878 3757 Elisaeus
929 3702 1188 3771 propheta
1238 3704 1372 3760 dicit
1395 3704 1416 3736 ⁸
1443 3722 1459 3760 :
1491 3721 1512 3756 ε
1547 3705 1731 3772 Aperi,
1763 3703 2010 3770 Domine,

441 3795 628 3850 oculos
656 3797 830 3866 pueri,
860 3805 918 3850 ut
949 3796 1130 3850 videat
1193 3797 1318 3865 quia
1357 3797 1539 3866 plures
1575 3797 1854 3851 nobiscum
1887 3807 2014 3852 sunt

441 3901 606 3956 quam
666 3902 790 3942 cum
853 3890 1198 3946 adversariis.
1239 3889 1307 3942 Et
1339 3890 1571 3960 aperuit,
1602 3890 1797 3958 inquit,
1831 3890 2014 3945 Domi-

441 3995 544 4034 nus
573 3982 760 4036 oculos
803 3984 981 4051 pueri,
1035 3992 1091 4038 et
1125 3992 1415 4038 eccetotus
1459 3998 1616 4036 mons
1669 3982 1862 4052 plenus
1892 3993 2013 4037 erat

442 4071 741 4139 equitibus,
771 4083 828 4128 et
854 4075 1123 4139 curribus,
1157 4074 1486 4143 auxiliisque
1525 4075 1858 4130 caelestibus.
1891 4073 2009 4129 Cir-

438 4164 660 4218 cumdat
691 4163 836 4219 enim
864 4165 1089 4234 angelus
1115 4165 1326 4221 Domini
1352 4167 1404 4220 in
1435 4167 1671 4221 circuitu
1702 4167 2009 4221 timentium

437 4270 585 4322 eum,
622 4267 680 4310 ut
729 4258 925 4326 eripiat
968 4273 1063 4314 eos
1095 4259 1138 4313 ⁷.
1183 4279 1202 4311 ι
1242 4259 1431 4327 Aperit
1469 4274 1619 4329 ergo,
1656 4270 1714 4312 ut
1746 4260 2005 4326 diximus,

437 4346 603 4413 Deus,
629 4360 682 4402 et
709 4363 792 4412 os,
826 4360 880 4404 et
940 4366 1122 4413 aures,
1158 4359 1210 4404 et
1245 4352 1451 4415 oculos,
1480 4362 1537 4404 ut
1570 4352 1655 4405 vel
1689 4351 2000 4420 loquamur,

2123 3155 2302 3210 eiatis.
2347 3173 2366 3206 ι
2395 3155 2649 3210 Occurrit
2678 3158 2821 3210 enim
2853 3163 2906 3209 et
2928 3155 3105 3207 Aaron
3131 3150 3340 3222 Moysi,
3383 3159 3437 3204 et
3465 3147 3601 3201 exiit
3625 3147 3693 3200 de

2118 3247 2374 3318 Egypto.
2398 3247 2649 3304 Occurrit
2675 3257 2856 3302 autem
2880 3249 2950 3302 ei.
2983 3244 3123 3300 Ubi?
3152 3245 3205 3298 in
3245 3241 3391 3312 quali
3423 3239 3580 3294 loco?
3610 3238 3694 3293 in-

2121 3346 2288 3392 terest
2315 3339 2456 3392 enim
2487 3337 2577 3392 ubi
2603 3347 2859 3392 occurrat
2888 3335 3056 3406 Moysi
3082 3334 3147 3401 is,
3179 3334 3334 3402 cujus
3360 3347 3421 3386 os
3445 3330 3694 3401 aperien-

2117 3429 2244 3484 dum
2273 3440 2355 3485 est
2382 3445 2412 3483 a
2448 3429 2579 3484 Deo.
2613 3428 2868 3484 Occurrit
2908 3429 3076 3489 enim,
3109 3427 3309 3496 inquit,
3348 3425 3402 3479 in
3448 3431 3692 3480 montem

2118 3522 2232 3576 Dei.
2267 3521 2428 3578 Vides
2451 3524 2576 3592 quia
2609 3523 2803 3576 merito
2829 3523 3074 3589 aperitur
3103 3537 3166 3575 os
3212 3520 3352 3590 ejus,
3393 3518 3482 3589 qui
3515 3526 3692 3588 potest

2115 3627 2408 3667 accurrere
2451 3615 2501 3666 in
2547 3622 2784 3667 montem
2830 3612 2943 3668 Dei.
2987 3610 3202 3676 Petrus,
3249 3622 3304 3666 et
3337 3608 3594 3675 Jacobus,
3637 3614 3693 3661 et

2115 3705 2371 3767 Joannes,
2399 3707 2452 3759 in
2484 3718 2726 3763 montem
2764 3705 2855 3760 Dei
2905 3705 3286 3769 ascenderunt,
3335 3712 3395 3756 ut
3426 3700 3693 3756 transl‘or-

2116 3795 2530 3852 matumJesum
2565 3799 2749 3852 videre
2795 3806 3154 3860 mererentur,
3206 3805 3263 3850 et
3308 3793 3530 3866 Moysen
3563 3807 3686 3846 eum

2116 3886 2234 3954 ipso
2265 3899 2428 3957 atque
2453 3888 2626 3943 Eliam
2655 3888 2903 3942 viderent
2935 3887 2986 3941 in
3018 3886 3210 3956 gloria.
3243 3884 3312 3939 Et
3336 3895 3392 3939 tu
3424 3899 3554 3953 ergo
3585 3883 3689 3937 nisi

2115 3979 2426 4032 ascenderis
2447 3979 2513 4031 ad
2539 3988 2781 4034 montem
2812 3975 2934 4040 Dei,
2963 3990 3017 4030 et
3041 3976 3110 4031 ibi
3143 3976 3456 4030 occurreris
3497 3972 3685 4042 Moysi,

2115 4072 2166 4125 i-:l
2196 4082 2282 4126 est
2334 4071 2434 4126 nisi
2469 4072 2744 4127 excelsum
2771 4071 2908 4141 legis
2947 4069 3260 4126 ascenderis
3305 4082 3548 4135 sensum,
3583 4067 3686 4126 nisi

2113 4165 2181 4217 ad
2212 4164 2469 4233 Spiritalis
2491 4163 2858 4234 intelligentiae
2882 4177 3140 4216 cacumen
3167 4161 3433 4224 evaseris,
3468 4176 3572 4214 non
3605 4169 3688 4214 est

2113 4271 2176 4311 os
2208 4265 2356 4310 tuum
2395 4263 2638 4324 apertum
2673 4271 2702 4308 a
2729 4255 2973 4310 Domino.
3004 4255 3060 4308 Si
3092 4253 3143 4307 in
3177 4252 3366 4306 humili
3395 4253 3511 4307 loco
3538 4252 3683 4306 litte-

2114 4363 2187 4403 rae
2219 4349 2515 4413 steteris,et
2544 4348 2780 4403 historia:
2820 4357 3026 4400 textum
3059 4346 3300 4402 .ludaicis
3351 4345 3683 4400 narrationi-

431 4440 519 4492 vel
551 4455 859 4506 cernamus,
891 4441 971 4495 vel
999 4445 1283 4496 audiamus
1343 4458 1463 4511 quae
1489 4443 1578 4497 Dei
1629 4455 1775 4498 sunt.
1816 4442 1922 4498 Sed
1949 4453 2002 4498 et
2035 4451 2081 4508 ι)
2109 4441 2211 4496 bus
2245 4441 2514 4506 inuectas,
2552 4456 2661 4494 non
2689 4440 2977 4495 occurristi
3007 4439 3180 4512 Moysi
3207 4441 3260 4494 in
3295 4448 3534 4494 montem
3561 4437 3680 4499 Dei,

435 4531 569 4585 illud
597 4548 700 4584 non
731 4534 904 4588 otiose
931 4535 1137 4603 accipio
1159 4535 1302 4605 quod
1334 4537 1466 4589 dicit
1490 4537 1748 4605 propheta
1780 4553 1793 4590 :
1822 4554 1841 4588 ι
1869 4537 2007 4590 Eru-

433 4621 587 4686 ditio,
629 4622 803 4692 inquit
834 4622 876 4686 ⁸,
910 4622 1120 4677 Domini
1181 4628 1391 4695 aperuit
1437 4627 1569 4680 mihi
1607 4642 1814 4682 aurem.
1847 4646 1866 4678 ›
1893 4626 2006 4683 Hoc

434 4714 564 4767 mihi
601 4714 811 4767 videtur
836 4716 902 4769 ad
929 4731 1045 4781 uos,
1082 4717 1135 4770 id
1173 4727 1255 4770 est
1295 4719 1664 4772 communiter
1695 4721 1759 4773 ad
1785 4734 2001 4774 omnem

435 4803 525 4857 Dei
562 4803 860 4859 Ecclesiam
893 4809 1189 4877 pertinere.
1226 4808 1280 4861 Si
1315 4810 1460 4862 enim
1500 4811 1551 4862 in
1608 4809 1822 4864 Domini
1871 4827 2001 4865 eru-

434 4898 640 4949 ditione
687 4915 993 4964 versemur,
1050 4902 1226 4969 aperit
1255 4910 1311 4954 et
1364 4901 1520 4956 nobis
1560 4918 1749 4956 aurem
1782 4903 1996 4957 Domini

431 4991 688 5044 eruditio.
747 4994 910 5047 Auris
959 5009 1086 5048 vero
1112 5008 1233 5061 quae
1266 5009 1360 5062 per
1399 4996 1758 5050 eruditionem
1783 4996 1998 5050 Domini

430 5087 696 5151 aperitur,
754 5102 859 5140 non
918 5103 1133 5156 semper
1173 5097 1359 5159 aperta
1404 5100 1509 5152 est,
1567 5089 1661 5144 sed
1700 5089 1998 5160 aliquando

428 5185 636 5242 aperta,
671 5174 962 5244 aliquando
1011 5177 1194 5232 clausa
1258 5189 1366 5233 est.
1417 5177 1557 5232 Audi
1632 5177 1996 5249 legislatorem

429 5267 707 5322 dicentem
734 5269 755 5301 ⁸
785 5286 800 5322 :
832 5287 850 5320 ι
875 5268 962 5323 Ne
1007 5272 1284 5342 receperis
1317 5271 1394 5340 (2)
1433 5273 1676 5326 auditum
1711 5287 1926 5328 vanum.
1973 5291 1992 5324 ι

473 5456 520 5489 ⁸⁸
549 5455 706 5509 Joan.
743 5457 966 5519 xttt,27.

423 5525 445 5556 ⁸
477 5524 538 5578 IV
571 5526 705 5592 Reg.
734 5543 808 5589 vt,
842 5528 929 5581 17.

422 5594 466 5628 ⁸⁸
494 5597 626 5650 ibid.
656 5595 745 5651 15.

491 5707 569 5778 (ι)
598 5708 769 5779 Alias,
806 5731 824 5765 ε
850 5714 941 5785 qui
962 5729 1030 5770 ex
1053 5714 1165 5771 Deo
1194 5724 1344 5772 sunt.
1378 5734 1402 5770 ι

1007 5530 1027 5560 ⁷
1049 5531 1196 5585 Psal.
1215 5545 1409 5596 xxxtu,
1435 5531 1489 5585 7.

1048 5460 1064 5489 ⁸
1097 5457 1287 5514 Matth.
1326 5458 1590 5522 xxvt,15.
1667 5461 1688 5490 ⁸
1716 5459 1876 5514 lCor.
1909 5475 2006 5523 xn,
2045 5460 2133 5515 10.
2211 5459 2232 5491 ⁸
2262 5459 2277 5512 I
2308 5458 2557 5522 Joan.|v,
2585 5461 2634 5514 1.

1563 5531 1584 5563 ⁸
1619 5529 1721 5587 lsa.
1760 5545 1813 5598 ι,
1848 5530 1904 5588 5.
1977 5532 1996 5564 ⁸
2027 5531 2197 5588 Exod.
2232 5545 2448 5599 xxnt,t.

2107 4548 2210 4587 nec
2241 4548 2301 4588 es
2340 4543 2489 4586 tuum
2529 4535 2741 4603 aperuit
2777 4534 2941 4600 Deus,
2976 4547 3151 4603 neque
3195 4531 3453 4587 instruxit
3487 4540 3538 4585 te
3565 4544 3684 4598 qua:

2104 4636 2355 4694 Oporteat
2384 4636 2433 4679 te
2460 4626 2626 4694 loqui.
2666 4627 2778 4682 Nisu
2807 4642 2939 4698 ergo
2965 4627 3149 4681 Aaron
3181 4626 3512 4680 occurrisset
3536 4621 3686 4691 Moy-

2101 4717 2144 4772 si
2182 4717 2233 4770 in
2265 4725 2470 4782 monte,
2506 4717 2607 4771 nisi
2642 4719 2759 4786 ejus
2785 4735 3006 4775 sensum
3048 4717 3336 4772 sublimem
3379 4714 3603 4768 vidisset
3630 4721 3686 4766 et

2101 4809 2353 4877 arduum,
2401 4813 2505 4866 nisi
2549 4813 2822 4869 excelsam
2853 4813 2972 4882 ejus
3017 4808 3427 4879 intelligentiam
3463 4820 3683 4875 perspe-

2100 4904 2300 4969 xisset;
2353 4921 2627 4975 nunquam
2670 4908 2720 4962 ci
2758 4907 2970 4961 locutus
2997 4905 3188 4959 fuisset
3235 4901 3399 4957 verba
3431 4901 3550 4963 Dei,
3585 4913 3678 4953 ne-

2099 5009 2206 5065 que
2233 4995 2488 5050 virtutem
2519 4998 2801 5067 signorum
2829 4997 3314 5068 prodigiorumque
3343 4991 3678 5053 tradidisset,

2097 5104 2276 5158 neque
2321 5091 2637 5160 participem
2682 5106 2807 5145 eum
2855 5092 2990 5147 tanti
3017 5089 3265 5161 mysterii
3299 5085 3676 5141 conscivisset.

2168 5181 2222 5235 5.
2273 5181 2471 5235 Verum
2515 5184 2773 5251 quoniam
2823 5184 3042 5252 longum
3082 5193 3168 5236 est
3211 5182 3279 5235 de
3314 5177 3549 5247 singulis
3583 5189 3682 5245 per

2097 5274 2346 5330 ordinem
2386 5276 2590 5342 dicere,
2637 5278 2920 5333 videamus
2963 5275 3195 5346 ingressi
3236 5272 3302 5328 ad
3336 5270 3678 5326 Pharaonem

3151 5460 3173 5490 '
3204 5456 3402 5512 Genes.
3438 5467 3556 5516 xxi,
3586 5449 3677 5505 19.

2733 5459 2874 5513 ‘Isa.
2897 5475 2947 5523 ι,
2979 5458 3034 5514 5.
3151 5460 3173 5490 ⁸
3204 5458 3402 5512 Genes.
3438 5467 3556 5516 xxi,
3586 5458 3677 5505 19.

2735 5569 2749 5583 .
2797 5546 3007 5587 xxxvn.
3035 5529 3118 5585 l5.
3201 5529 3242 5560 “
3279 5527 3452 5583 Exod.
3483 5539 3555 5587 tv,
3587 5520 3677 5576 12.

2529 5531 2570 5562 ¹⁰
2607 5529 2749 5585 Psal.
2797 5546 3007 5598 xxxvn,
3035 5529 3118 5585 l5.

2176 5715 2254 5789 (2)
2284 5717 2458 5776 Alias.
2497 5735 2517 5770 ι
2550 5718 2883 5775 respexeris.
2913 5737 2934 5772 ι
