4050 6142
352 172 462 231 5η

1832 174 2156 235 ORIGENIS

3501 172 3610 230 316

358 293 635 354 Discedite
676 299 1049 371 unusquisque
1102 299 1170 354 ad
1210 313 1349 372 opus
1379 306 1643 357 vestrum.
1686 317 1708 352 ι
1749 298 1934 353 Donec
1960 298 2013 358 Α
2037 309 2201 366 quam
2238 292 2560 364 praedicatio
2587 292 2770 350 divina
2817 299 3094 359 nascatur,
3128 306 3238 348 non
3267 299 3353 349 est
3383 291 3613 349 tribula-

354 400 540 443 secum
578 398 662 443 est
690 390 945 459 populus,
974 400 1029 444 et
1053 389 1227 446 lutum
1262 399 1524 461 operatur
1558 405 1623 447 ac
1671 389 1925 454 laterem,

355 479 531 532 donec
568 477 620 532 in
654 479 824 548 paleis
847 493 1148 552 occupatus
1170 491 1276 550 est,
1326 498 1434 537 non
1472 489 1629 550 putat
1657 495 1781 535 eum
1808 495 1928 536 esse

354 582 691 636 perversum,
717 572 811 626 sed
839 584 991 629 recto
1013 575 1208 630 itinere
1230 576 1497 630 incedere.
1526 574 1582 629 Si
1606 588 1733 627 vero
1756 573 1925 639 dicat,

353 664 486 718 Volo
508 667 587 720 ire
607 666 754 721 viam
777 669 947 724 trium
984 666 1192 722 dierum
1216 677 1270 722 et
1297 667 1509 722 servire
1540 666 1788 731 Domino,
1808 680 1930 736 per-

357 752 494 805 verti
530 758 779 821 populum
813 757 943 809 dicit
974 772 1070 824 per
1093 756 1314 825 Moysen
1343 766 1399 813 et
1429 757 1632 811 Aaron.
1661 757 1774 811 Hoc
1804 757 1928 827 qui-

358 846 479 898 dem
518 844 805 901 dicebatur
854 848 1115 920 antiquis.
1172 849 1279 905 Sed
1317 861 1374 905 et
1421 851 1586 906 hodie
1629 852 1672 905 si
1714 850 1927 921 Moyses

354 946 412 990 et
443 936 647 1002 Aaron,
678 938 729 992 id
759 949 845 993 est
880 942 1232 1011 propheticus
1269 952 1325 996 et
1355 942 1714 998 sacerdotalis
1743 956 1928 998 sermo

355 1028 596 1082 animam
623 1030 878 1086 sollicitet
906 1033 971 1086 ad
1000 1034 1281 1089 servitium
1324 1033 1441 1096 Dei,
1480 1034 1778 1104 invitetque
1807 1051 1928 1090 eam

356 1122 510 1177 exire
541 1123 608 1177 de
636 1124 853 1188 saeculo,
889 1127 1208 1181 renuntiare
1236 1127 1489 1182 omnibus
1521 1144 1640 1196 qua:
1666 1130 1927 1197 possidet,

354 1228 577 1281 operam
604 1216 732 1270 dare
758 1217 952 1271 divina:
984 1217 1084 1286 legi
1112 1227 1167 1272 et
1203 1218 1355 1287 sequi
1386 1221 1611 1274 verbum
1646 1220 1761 1287 Dei,
1808 1236 1932 1276 cott-

357 1309 512 1363 tinuo
536 1309 723 1364 audies
753 1310 859 1365 dici
898 1311 966 1365 ab
996 1311 1081 1366 his
1114 1313 1207 1380 qui
1238 1311 1510 1368 Pharaoni
1554 1316 1837 1369 unanimes
1872 1322 1933 1371 et

358 1402 518 1457 amici
551 1413 678 1457 sunt
711 1419 725 1457 :
756 1403 947 1458 Videte
974 1404 1247 1474 quomodo
1292 1406 1630 1461 seducuntur
1683 1408 1932 1463 homines

356 1502 413 1549 et
437 1503 838 1560 pervertuntur,
883 1495 1070 1564 quales
1114 1497 1487 1553 adolescentes
1539 1512 1609 1553 ne
1657 1498 1932 1567 laborent,

356 1601 427 1641 ne
465 1587 720 1649 militent,
747 1602 816 1642 ne
855 1599 1016 1658 agant
1053 1590 1257 1657 aliquid
1295 1591 1440 1660 quod
1469 1590 1549 1646 eis
1580 1592 1772 1660 prosit,
1803 1594 1932 1649 reli-

356 1677 460 1735 ctis
498 1680 660 1735 rebus
683 1681 1008 1736 necessariis
1038 1691 1093 1736 et
1131 1684 1356 1739 utilibus
1387 1684 1618 1752 ineptias
1648 1695 1929 1741 sectantur

356 1783 415 1826 et
448 1772 642 1825 otium.
677 1770 817 1838 Quid
857 1782 942 1829 est
970 1776 1179 1830 servire
1219 1775 1485 1831 Domino?
1523 1775 1804 1831 Laborare
1836 1794 1934 1834 no-

359 1861 498 1929 lunt,
527 1873 584 1918 ct
612 1862 806 1919 inertis
825 1865 920 1919 otii
944 1866 1265 1921 occasiones
1294 1867 1604 1935 requirunt.
1630 1866 1754 1923 Hac
1777 1877 1933 1924 erant

361 1965 489 2012 tunc
515 1956 677 2011 verba
718 1956 1041 2021 Pharaonis,
1102 1959 1218 2015 haec
1256 1970 1312 2013 et
1333 1974 1479 2015 nunc
1517 1960 1679 2016 amici
1728 1960 1844 2028 ejus
1880 1969 1936 2016 et

358 2045 657 2102 familiares
687 2047 999 2119 loquuntur.
1039 2050 1155 2106 Non
1189 2053 1361 2106 solum
1399 2053 1578 2108 verbis
1604 2068 1692 2108 res
1731 2054 1932 2123 agitur,

358 2146 665 2207 sequuntur
711 2151 767 2193 et
793 2140 1064 2209 verbera;
1117 2142 1376 2212 flagellari
1400 2142 1553 2212 jubet
1592 2146 1805 2201 scribas
1834 2145 1936 2200 lle-

357 2226 649 2295 brazorntn,
690 2230 868 2299 paleas
895 2248 998 2286 non
1030 2233 1169 2302 dari,
1200 2249 1337 2303 opus
1370 2235 1510 2304 exigi
1539 2253 1555 2300 ;
1594 2236 1709 2291 haec
1748 2251 1937 2304 pertu-

357 2319 544 2376 leru'tt
573 2331 777 2389 patres,
824 2323 890 2378 ad
936 2339 1167 2392 quorum
1202 2325 1429 2394 ﬁguram
1462 2340 1604 2395 saepe
1641 2328 1805 2381 etiam
1836 2341 1936 2396 po-

357 2412 518 2481 pultis
559 2411 651 2466 Dei
687 2413 778 2482 qui
803 2423 888 2469 est
922 2415 976 2469 in
1003 2416 1241 2472 Ecclesia
1270 2420 1490 2488 patitur.
1505 2416 1757 2476 Invenies
1771 2416 1939 2485 enim,

359 2505 404 2557 si
441 2504 757 2560 consideres
781 2520 878 2561 eos
904 2508 993 2575 qui
1026 2523 1086 2563 se
1120 2524 1186 2562 ex
1236 2509 1450 2579 integro
1497 2511 1732 2581 principi
1772 2510 1936 2579 huius

357 2595 544 2650 mundi
605 2597 976 2662 tradiderunt,
1026 2601 1304 2669 prosperis
1350 2603 1694 2657 successibus
1744 2617 1932 2672 agere,

361 2688 544 2741 omnia
573 2689 673 2754 eis,
706 2695 766 2743 ut
800 2688 901 2758 ipsi
944 2699 1154 2759 putant,
1190 2692 1426 2749 feliciter
1462 2695 1717 2760 evenire;
1763 2695 1935 2751 servis

358 2787 538 2832 autem
580 2779 675 2834 Dei
723 2795 866 2851 saepe
913 2796 982 2836 ne
1063 2783 1180 2839 haec
1215 2785 1432 2854 quidem
1486 2787 1707 2841 humani
1760 2787 1936 2841 victus

359 2868 584 2925 humilia
635 2879 691 2925 et
722 2887 886 2942 parva
916 2875 1230 2930 succedere.
1262 2876 1396 2933 Istas
1421 2876 1564 2930 enim
1598 2886 1725 2947 puto
1760 2876 1932 2931 videri

2032 388 2127 453 tio,
2157 400 2264 441 non
2294 396 2377 443 est
2399 387 2628 443 tentatio
2658 403 2674 441 :
2705 386 2833 457 quia
2873 384 2981 440 nisi
3021 385 3275 441 buccinet
3299 383 3448 446 tuba,
3500 399 3609 440 non

2029 479 2389 535 committitur
2437 479 2670 545 bellum;
2724 478 2816 533 ubi
2875 492 3006 534 vero
3061 477 3276 548 signum
3323 475 3450 531 belli
3481 476 3612 531 tuba

2028 571 2432 643 praedicationis
2513 571 2833 635 ostenderit,
2910 570 3008 635 ibi,
3089 568 3290 638 inquit,
3362 567 3614 637 sequitur

2028 662 2290 730 alllictio,
2356 661 2431 717 ibi
2493 660 2674 716 omnis
2744 659 3154 714 tribulationum
3218 673 3397 727 pugna
3469 674 3609 714 con-

2028 753 2225 822 surgit.
2300 753 2380 809 Ex
2454 766 2562 823 quo
2624 766 2758 822 ergo
2831 750 2975 819 loqui
3044 750 3209 819 coepit
3292 748 3504 819 Moyses
3556 758 3615 803 et

2034 848 2197 920 139
2231 847 2412 903 Aaron
2444 848 2512 902 ad
2568 847 2929 912 Pharaonem,
2956 843 3208 915 allligitur
3237 845 3464 916 populus
3492 845 3608 900 Dei.

2029 940 2109 995 Es
2138 957 2247 1010 quo
2285 943 2339 995 in
2375 940 2610 996 animam
2669 950 2813 994 tuam
2847 954 3027 994 sermo
3078 940 3171 993 Dei
3214 938 3455 1007 perlatus
3500 945 3609 1005 est,

2030 1037 2344 1093 necessario
2387 1046 2665 1092 certamen
2703 1037 2845 1090 intra
2898 1045 2947 1089 te
2985 1035 3279 1090 virtutibus
3317 1035 3610 1089 adversum

2031 1129 2163 1182 vitia
2214 1129 2554 1194 suscitatur;
2608 1127 2760 1196 prius
2793 1141 2923 1181 vero
2964 1141 3127 1196 quam
3169 1126 3382 1181 veniret
3428 1140 3613 1181 sermo

2032 1220 2121 1287 qni
2148 1228 2424 1288 argueret,
2453 1220 2585 1275 vitia
2628 1220 2767 1272 intra
2809 1225 2861 1274 te
2903 1220 2955 1273 in
3004 1233 3135 1288 pace
3172 1217 3614 1274 durabantzsed

2032 1311 2124 1366 ubi
2157 1326 2336 1366 sermo
2376 1312 2470 1368 Dei
2524 1311 2702 1366 facere
2729 1312 2898 1379 ςωρὶι
2950 1311 3382 1381 uniuscujusque
3415 1310 3616 1365 discri-

2034 1417 2197 1468 men,
2246 1412 2377 1459 tunc
2422 1404 2762 1473 perturbatio
2803 1419 2999 1473 magna
3048 1403 3353 1473 consurgit,
3390 1413 3446 1458 et
3492 1402 3613 1458 sine

2035 1494 2239 1550 foedere
2262 1497 2501 1551 nascitur
2527 1496 2748 1551 bellum.
2778 1497 2911 1550 Cum
2944 1496 3204 1566 iniustitia
3227 1496 3369 1550 enim
3393 1496 3615 1565 quando

2034 1597 2213 1658 potest
2248 1589 2538 1643 convenire
2576 1588 2826 1657 justitia,
2865 1588 3198 1658 impudicitia
3232 1603 3356 1642 cum
3399 1588 3614 1642 sobrie-

2038 1692 2167 1749 tate,
2199 1698 2324 1738 cum
2355 1683 2586 1738 veritate
2620 1682 3001 1737 mendacium?
3023 1682 3088 1737 Et
3112 1683 3233 1736 ideo
3258 1698 3361 1736 non
3395 1696 3616 1751 magno-

2034 1788 2163 1842 pere
2191 1775 2594 1843 pertnrbemur,
2629 1772 2674 1827 si
2719 1773 2932 1827 videtur
2966 1773 3102 1825 odor
3135 1781 3322 1826 noster
3352 1785 3614 1825 exsecra-

2034 1865 2159 1920 bilis
2189 1879 2310 1920 esse
2348 1865 2638 1920 Pharaoni.
2695 1865 3062 1920 Exsecrationi
3102 1879 3335 1933 namque
3376 1874 3430 1918 et
3466 1863 3615 1917 vitiis

2036 1955 2254 2010 ducitur
2309 1956 2510 2010 virtus.
2555 1956 2699 2022 Quin
2755 1955 2938 2023 potius
2988 1963 3047 2008 ut
3104 1954 3154 2007 in
3215 1953 3614 2023 posterioribus

2035 2042 2189 2114 dicit,
2221 2047 2346 2116 quia
2371 2048 2521 2101 stetit
2563 2047 2773 2118 Moyses
2810 2057 2937 2101 ante
2983 2046 3361 2111 Pharaonem,
3405 2055 3615 2100 stemus

2035 2141 2200 2193 etiam
2226 2154 2323 2196 nos
2360 2147 2553 2195 contra
2588 2139 2925 2193 Pharaonem
2957 2146 3014 2194 et
3038 2153 3142 2191 non
3176 2137 3472 2201 ﬂectantur,
3516 2140 3613 2192 sed

2038 2242 2246 2288 stemus
2300 2248 2320 2282 ‹
2350 2231 2615 2286 succincti
2662 2231 2877 2286 lumbos
2916 2242 3132 2286 nostros
3163 2229 3213 2284 itt
3258 2229 3508 2292 veritate,
3557 2239 3615 2284 et

2035 2324 2262 2379 calceati
2299 2324 2461 2393 pedes
2488 2324 2541 2378 in
2572 2325 2972 2394 praeparatione
3005 2324 3289 2394 Evangelii
3316 2324 3464 2392 pacis
3495 2324 3559 2376 ³³.
3585 2342 3606 2376 ι

2038 2414 2130 2471 Sic
2154 2416 2298 2471 enim
2329 2432 2426 2471 nos
2459 2417 2713 2471 hortatur
2740 2416 3031 2482 Apostolus
3056 2418 3243 2472 dicens
3278 2417 3322 2448 ³³
3358 2438 3370 2472 :
3409 2436 3427 2468 ι
3458 2415 3612 2471 State

2037 2523 2166 2580 ergo
2203 2517 2259 2565 et
2310 2509 2478 2563 nolite
2529 2510 2724 2564 iterum
2771 2509 2900 2578 jugo
2947 2509 3226 2563 servitutis
3263 2508 3550 2564 inhterere.
3583 2526 3606 2561 ι

2034 2598 2234 2657 lterum
2263 2600 2393 2655 dicit.
2430 2601 2476 2632 “
2510 2615 2526 2655 :
2563 2619 2582 2653 ι
2612 2600 2669 2654 In
2701 2614 2809 2670 quo
2838 2610 3081 2667 stamus,
3122 2610 3177 2655 et
3230 2600 3525 2669 gloriamur
3556 2602 3611 2655 in

2038 2708 2134 2763 spe
2188 2693 2373 2763 gloria:
2423 2692 2539 2747 Dei.
2573 2711 2593 2745 ι
2646 2692 2871 2747 Stamns
2915 2703 3095 2747 autem
3147 2691 3514 2757 conﬁdenter,
3561 2691 3609 2746 si

2039 2785 2325 2840 Dominum
2385 2786 2765 2856 deprecemur,
2820 2794 2878 2838 ut
2934 2792 3135 2838 statuat
3182 2785 3345 2849 pedes
3394 2793 3611 2839 nostros

2038 2893 2201 2948 super
2238 2887 2473 2948 petram,
2516 2893 2584 2932 ne
2625 2877 2781 2934 nobis
2830 2877 2957 2932 illud
3009 2877 3245 2944 eveniat,
3291 2877 3432 2947 quod
3465 2877 3608 2931 idem

360 2960 569 3031 paleas,
623 2977 744 3031 qua:
791 2978 823 3018 a
875 2962 1165 3020 Pharaone
1201 2966 1603 3023 ministrantur.
1659 2966 1748 3021 Fit
1801 2982 1933 3037 ergo
1962 2982 2004 3039 ο
2037 2967 2306 3039 Propheta
2362 2967 2496 3022 dicit
2531 2965 2624 3022 ⁸⁸ε
2667 2984 2687 3019 t
2723 2965 2825 3022 Mei
2868 2974 3046 3020 autem
3086 2966 3429 3035 paulominus
3477 2964 3607 3018 moti

361 3067 523 3122 stepe,
578 3061 638 3107 ut
685 3055 849 3109 Deum
897 3057 1155 3111 timentes
1196 3058 1284 3112 vili
1329 3060 1431 3113 ltue
1454 3059 1619 3113 etiam
1658 3068 1713 3114 et
1760 3059 1933 3129 paleis

360 3143 526 3199 simili
576 3144 858 3214 indigeant
900 3148 1066 3204 victu.
1113 3148 1268 3218 Saepe
1315 3151 1480 3204 etiam
1527 3153 1936 3223 persecutiones

361 3233 633 3289 sustinent
658 3244 1043 3305 tyrannorum,
1072 3239 1354 3309 perferunt
1393 3244 1667 3298 cruciatus
1698 3254 1753 3298 et
1790 3259 1933 3298 s.'eva

362 3334 654 3391 tormenta,
685 3325 755 3380 ita
788 3335 845 3380 ut
873 3327 1078 3397 fatigati
1100 3330 1343 3385 nonnulli
1382 3333 1569 3387 dicant
1595 3334 1661 3387 ad
1691 3333 1933 3388 Pharao-

360 3431 526 3471 nem:
570 3418 770 3492 thttid
803 3431 856 3475 tu
893 3418 1086 3493 aflligis
1146 3425 1399 3493 populum
1447 3427 1634 3481 tuum?
1683 3426 1935 3496 Superati

359 3525 593 3581 namque
627 3513 944 3569 verberibus
975 3517 1216 3571 nonnulli
1244 3533 1274 3572 a
1308 3518 1411 3573 ﬁde
1438 3519 1697 3574 decidunt
1719 3530 1774 3575 et
1800 3536 1936 3576 con-

359 3600 582 3657 ﬁtentur
618 3619 679 3659 se
726 3620 845 3661 esse
905 3607 1159 3677 populum
1218 3607 1534 3665 Pharaonis.
1584 3629 1604 3663 ι
1632 3611 1746 3666 Non
1788 3613 1932 3667 enim

358 3707 549 3748 omnes
595 3695 684 3763 qui
726 3711 792 3750 ex
832 3697 1019 3762 lsrael,
1066 3699 1118 3753 h-i
1166 3711 1295 3754 sunt
1341 3701 1622 3767 Israelita,
1669 3719 1770 3758 nec
1808 3705 1932 3773 quia

363 3795 493 3841 sunt
545 3802 752 3853 semen,
802 3801 929 3845 sunt
971 3806 1160 3847 omnes
1199 3801 1253 3848 et
1300 3794 1394 3848 lilii
1443 3796 1508 3848 ".
1542 3796 1633 3852 lsti
1673 3811 1804 3868 ergo
1840 3800 1932 3870 qui

363 3878 510 3934 dubii
539 3889 686 3943 sunt,
727 3892 779 3934 et
820 3882 871 3935 in
904 3883 1343 3940 tribulationibus
1392 3886 1716 3959 fatigantur,
1767 3896 1930 3946 etiam

360 3981 548 4026 contra
597 3972 819 4043 Moysen
853 3983 905 4027 et
949 3974 1131 4032 Aaron
1182 3977 1494 4047 loquuntur,
1548 3989 1603 4033 ct
1631 3982 1930 4038 dicunt”:

364 4081 382 4115 ι
413 4063 489 4117 Ex
530 4079 633 4133 qua
672 4064 758 4119 die
798 4066 1040 4122 intrastis
1061 4077 1116 4122 et
1137 4070 1328 4124 existis
1347 4085 1445 4126 vos
1476 4071 1541 4124 ad
1564 4070 1929 4141 Pharaonem,

357 4158 746 4213 exsecrabilem
780 4158 984 4214 fecistis
1014 4162 1236 4217 odorem
1278 4174 1524 4220 nostrum
1563 4181 1746 4221 coram
1777 4181 1863 4226 eo.
1904 4187 1924 4221 ι

358 4246 556 4305 Verum
587 4254 773 4307 dicunt
801 4255 911 4320 isti,
942 4255 1089 4315 licet,
1112 4258 1362 4327 ignorent
1404 4260 1636 4317 fortasse
1668 4264 1815 4333 quod
1846 4264 1929 4318 di-

2038 3068 2163 3116 sunt
2189 3061 2374 3131 pedes,
2401 3069 2455 3115 et
2485 3060 2829 3129 paulominus
2851 3058 3007 3114 etl'nsi
3041 3069 3167 3112 sunt
3195 3072 3413 3127 gressus
3444 3056 3604 3112 mei.»

2037 3152 2256 3209 Stemus
2308 3167 2440 3223 ergo
2477 3162 2600 3208 ante
2641 3153 3005 3216 Pharaonem,
3038 3151 3092 3205 id
3136 3163 3219 3206 est
3282 3150 3609 3206 obsistamus

2035 3247 2086 3301 ei
2117 3249 2171 3302 in
2212 3245 2530 3310 certamine,
2566 3248 2707 3302 sicut
2739 3255 2794 3301 et
2820 3245 3011 3302 Petrus
3052 3243 3329 3314 apostolus
3352 3243 3486 3298 dicit
3514 3242 3562 3275 ⁸⁸
3591 3258 3606 3296 :

2042 3355 2063 3390 ι
2090 3336 2190 3393 Cui
2227 3337 2465 3393 resistite
2492 3338 2666 3393 fortes
2697 3338 2748 3393 in
2775 3338 2900 3393 fide.
2941 3355 2962 3389 ι
3011 3336 3114 3391 Sed
3146 3346 3200 3391 et
3232 3332 3435 3389 Paulus
3464 3335 3610 3390 nihi-

2037 3428 2275 3484 lominus
2304 3429 2438 3484 dicit
2468 3430 2511 3462 ³⁷
2549 3446 2563 3482 :
2601 3446 2623 3481 ‹
2656 3426 2809 3482 State
2848 3429 2899 3482 in
2931 3426 3034 3482 ﬁde
3056 3437 3112 3482 et
3140 3427 3373 3480 virtliter
3403 3426 3603 3496 agite.)

2037 3519 2093 3575 Si
2122 3520 2265 3575 enim
2292 3519 2506 3576 fortiter
2530 3522 2860 3586 steterimus,
2899 3528 3268 3589 consequetur
3298 3519 3425 3573 illud
3460 3517 3604 3586 quod

2036 3611 2228 3666 orabat
2269 3611 2463 3665 Paulus
2506 3627 2604 3683 pro
2652 3611 2935 3681 discipulis
2980 3612 3189 3677 dicens,
3236 3611 3362 3678 quia
3410 3627 3431 3661 ι
3464 3606 3608 3662 Deus

2035 3709 2285 3756 conteret
2336 3699 2500 3755 Satun
2537 3701 2636 3756 sub
2675 3700 2903 3769 pedibus
2946 3697 3145 3754 vestris
3191 3696 3450 3751 velociter
3476 3695 3540 3750 ³⁸.
3581 3712 3602 3746 ι

2035 3790 2253 3858 Quanto
2275 3791 2417 3846 enim
2450 3805 2552 3845 nos
2588 3789 2927 3845 constantius
2969 3796 3023 3843 et
3048 3787 3243 3842 fortius
3268 3786 3604 3851 steterimus,

2034 3892 2189 3938 tanto
2225 3883 2491 3938 inﬁrmior
2529 3891 2584 3937 et
2615 3881 2901 3937 invalidior
2927 3880 3032 3934 erit
3056 3879 3289 3934 Pharao.
3327 3878 3385 3933 Si
3422 3889 3607 3932 autem

2035 3989 2135 4029 nos
2159 3973 2245 4028 vel
2274 3972 2474 4027 inﬁrmi
2504 3972 2833 4041 coeperimus
2870 3984 3008 4033 esse,
3058 3968 3141 4022 vel
3180 3968 3357 4035 dubii,
3392 3966 3480 4021 ille
3509 3965 3606 4020 ad-

2032 4081 2252 4121 versum
2295 4082 2395 4121 nos
2440 4064 2670 4119 validior
2707 4071 2763 4116 et
2808 4062 3144 4117 constantior
3195 4062 3307 4114 ﬁet.
3366 4060 3435 4114 Et
3478 4074 3606 4114 vere

2035 4159 2170 4215 illud
2226 4158 2541 4228 implebitur
2594 4157 2647 4211 in
2696 4155 2893 4222 nobis,
2939 4155 2990 4208 in
3047 4170 3153 4223 quo
3189 4152 3400 4223 Moyses
3459 4151 3606 4229 dedit

2036 4253 2261 4323 ﬁguram
2294 4252 2360 4305 ³⁸.
2389 4251 2524 4306 Cum
2555 4250 2700 4306 enim
2745 4250 2858 4320 ipse
2883 4247 3121 4303 elcvaret
3161 4261 3374 4310 manus,
3414 4245 3603 4300 vince-

356 4349 507 4405 cunt,
565 4341 707 4397 sicut
753 4353 806 4397 et
835 4342 1071 4412 Caiphas
1125 4346 1213 4400 ille
1265 4362 1450 4402 verum
1498 4350 1746 4415 dicebat,
1799 4352 1926 4422 quia
1960 4333 2005 4388 Ῐ)
2034 4344 2199 4399 batur
2246 4342 2527 4399 Amalech.
2578 4342 2636 4397 Si
2678 4356 2808 4396 vero
2850 4340 2996 4394 Velut
3029 4340 3201 4394 lassas
3222 4340 3504 4410 dejiceret,
3548 4345 3602 4391 et

364 4448 383 4482 ι
420 4432 638 4498 expedit
685 4432 834 4486 vobis
876 4443 934 4486 ut
962 4434 1225 4489 moriatur
1266 4452 1406 4494 unus
1437 4454 1536 4508 pro
1574 4442 1771 4511 populo
1800 4443 1868 4511 ⁸⁸,
1904 4462 1924 4496 ι

357 4522 451 4576 sed
488 4523 615 4590 quid
648 4523 852 4580 diceret
883 4526 1183 4581 nesciebat.
1225 4527 1383 4595 Nam,
1426 4541 1484 4585 ut
1525 4532 1817 4602 Apostolus
1845 4536 1928 4591 tli-

357 4614 433 4669 cit
456 4614 525 4678 '°,
556 4633 573 4666 ι
605 4615 804 4672 Christi
855 4619 1028 4673 bonus
1056 4619 1193 4673 odor
1222 4636 1438 4689 sumus;
1506 4626 1598 4678 sed
1656 4627 1799 4694 aliis,
1843 4630 1927 4683 iti-

358 4706 495 4775 quit,
545 4707 679 4761 odor
724 4710 791 4762 de
846 4709 955 4762 vita
1005 4709 1057 4763 in
1112 4710 1297 4775 vitam,
1326 4712 1449 4766 aliis
1487 4724 1666 4768 autem
1694 4719 1828 4773 odor
1861 4721 1928 4777 de

359 4808 535 4852 morte
560 4798 611 4850 itt
650 4809 900 4856 mortem.
940 4820 959 4854 ι
995 4803 1075 4854 lta
1123 4812 1177 4855 et
1208 4804 1553 4872 propheticus
1594 4821 1774 4863 sermo
1799 4827 1927 4866 sua-

356 4892 439 4945 vis
466 4893 600 4945 odor
638 4902 722 4946 cst
752 4893 1136 4959 credentibus;
1167 4895 1346 4949 dubiis
1369 4909 1499 4949 vero
1521 4906 1576 4950 et
1606 4898 1922 4967 incredulis,

356 4992 412 5034 et
435 4981 519 5036 his
547 4982 638 5051 qui
676 4997 733 5035 se
760 4984 1012 5052 p0pulum
1062 4986 1384 5039 conﬁtentur
1439 5000 1565 5041 esse
1602 4987 1922 5056 Pharaonis,

357 5075 493 5128 odor
519 5076 867 5130 exsecrabilis
897 5077 1147 5131 efﬁcitur.
1184 5076 1289 5132 Sed
1321 5086 1377 5132 et
1407 5079 1521 5147 ipse
1547 5079 1758 5152 Moyses
1789 5084 1924 5139 dicit

358 5164 425 5217 ad
460 5164 764 5228 Dominum,
798 5168 919 5235 quia
961 5187 979 5219 ι
1012 5185 1078 5223 ex
1097 5184 1206 5241 quo
1234 5169 1441 5225 locutus
1464 5186 1582 5224 sum
1626 5189 1745 5227 cum
1776 5174 1921 5230 Plia-

360 5258 565 5323 raone,
603 5257 792 5312 aﬂlixit
852 5260 1104 5328 populum
1164 5270 1311 5315 tuum
1358 5261 1424 5314 ³⁸.
1480 5281 1500 5314 ι
1555 5263 1775 5319 Certum
1836 5278 1921 5323 est

358 5348 502 5402 cnim
558 5349 686 5417 quia
735 5360 1023 5419 antequam
1062 5367 1242 5407 sermo
1278 5351 1371 5407 Dei
1431 5353 1705 5420 audiatur,
1771 5366 1924 5412 aute-

434 5439 478 5469 "
513 5438 669 5509 Rom.
702 5455 781 5502 ix,
807 5440 860 5500 6.
890 5441 942 5496 7.
1018 5443 1065 5475 “
1098 5443 1267 5497 Exod.
1300 5459 1353 5509 ν,
1385 5443 1475 5498 21.

2033 4437 2255 4493 brachia
2307 4435 2520 4490 inﬁrma
2562 4436 2894 4504 deponeret,
2928 4431 3285 4488 invalescebat
3315 4429 3601 4485 Amalech.

2030 4529 2108 4585 lta
2147 4543 2277 4598 ergo
2315 4527 2478 4583 etiam
2529 4542 2632 4583 nos
2682 4527 2735 4581 in
2768 4530 2970 4580 virtute
3025 4525 3204 4580 crucis
3256 4522 3457 4577 Christi
3497 4534 3598 4575 ex-

2033 4622 2282 4677 tollamus
2312 4620 2573 4685 brachia,
2619 4627 2674 4675 et
2704 4620 2977 4674 elevemus
3028 4618 3079 4672 in
3118 4618 3360 4672 oratione
3408 4622 3598 4668 sancta

2031 4728 2226 4768 manus
2257 4714 2311 4766 in
2356 4712 2511 4765 omni
2558 4709 2677 4766 loco
2721 4710 2838 4765 sine
2885 4709 2966 4763 ira
2998 4718 3051 4763 et
3086 4705 3496 4776 disceptatione,
3541 4712 3601 4758 ιιι

2031 4805 2243 4861 Domini
2277 4817 2583 4858 mereamur
2610 4800 2894 4854 auxilium.
2941 4798 3053 4853 [loc
3093 4799 3231 4852 idem
3268 4810 3500 4865 namque
3543 4802 3601 4848 et

2027 4897 2262 4953 Iacobus
2287 4892 2563 4963 apostolus
2593 4892 2934 4954 cohortatur,
2987 4889 3173 4942 dicens
3192 4886 3270 4942 “z
3297 4904 3316 4937 ι
3343 4884 3600 4940 Resistite

2030 4997 2208 5043 autem
2263 4983 2502 5046 diabolo,
2563 4990 2618 5037 et
2664 4981 2833 5051 fugiet
2875 4995 2905 5033 a
2952 4976 3417 5048 vobis.iAgamus
3467 4990 3599 5045 ergo

2030 5080 2177 5136 omni
2216 5078 2339 5141 ﬁde,
2364 5087 2547 5129 utnon
2573 5075 2742 5129 solum
2784 5074 2954 5143 fugiat
2994 5088 3024 5126 a
3063 5073 3235 5139 nobis,
3263 5071 3354 5125 sed
3381 5080 3436 5124 et
3465 5084 3599 5122 con-

2035 5181 2240 5228 teratur
2268 5168 2498 5224 Satanas
2526 5169 2628 5221 sub
2657 5167 2884 5236 pedibus
2914 5165 3115 5219 nostris
3136 5205 3151 5227 ,
3183 5165 3322 5218 sicut
3361 5172 3416 5216 et
3450 5160 3594 5213 Pha-

2028 5280 2124 5319 rao
2160 5265 2438 5317 demersus
2477 5270 2562 5316 est
2600 5261 2652 5314 in
2686 5276 2835 5316 mare
2858 5299 2874 5326 ,
2921 5268 2975 5312 et
3007 5257 3059 5311 in
3106 5255 3373 5326 profundo
3413 5251 3595 5324 abyssi

2027 5356 2347 5411 exstinctus.
2395 5350 2505 5408 Nos
2558 5363 2738 5407 autem
2793 5355 2837 5405 si
2871 5353 3187 5405 recedamus
3239 5350 3306 5404 de
3357 5346 3592 5416 IEgypto

1551 5445 1596 5477 ²⁹
1619 5443 1775 5499 Joan.
1814 5464 1889 5514 ιιι,
1920 5448 2009 5505 50.
2084 5450 2131 5481 ³ο
2160 5446 2204 5503 ll
2232 5447 2356 5514 Cor.
2382 5460 2442 5507 tt,
2476 5442 2565 5507 15,
2599 5444 2685 5501 l6.
2762 5442 3007 5514 “LExod.
3045 5457 3099 5504 v,
3125 5442 3216 5495 ‘25.

3305 5441 3349 5474 ³³
3392 5439 3590 5502 Eplies.

359 5522 436 5573 VI,
471 5508 673 5588 15,315.
692 5511 998 5588 __”_Ca|at.
1027 5528 1084 5573 ν.
1120 5515 1168 5568 l.
1223 5514 1291 5588 ff
1317 5508 1529 5588 linunv,
1559 5516 1612 5569 2.
1690 5508 2179 5588 ³⁸Ρειι1ζιιιιιι,2.
2257 5513 2509 5571 "lPetr.
2537 5516 2657 5581 v.9.
2734 5515 2778 5546 ³⁷
2800 5511 2846 5570 ιι
2883 5513 3010 5570 Cor.
3040 5528 3155 5580 xw,
3197 5514 3288 5569 15.
3365 5510 3411 5544 ³⁸
3428 5509 3588 5564 Rom.

362 5593 476 5645 xvi,
525 5577 614 5633 30.
690 5579 737 5615 ³⁸
798 5581 969 5640 Exod.
1021 5599 1150 5648 xvtt,
1214 5584 1302 5641 ll.
1377 5585 1425 5618 δ’
1460 5577 1648 5645 Jacob.
1692 5603 1768 5657 tv,
1811 5590 1864 5644 'i.
