4050 6142
299 297 399 354 3|?

304 411 555 468 vitiorum
586 444 604 471 ,
659 399 858 456 ﬂuctus
910 390 1095 451 szeculi
1162 395 1420 454 tanquam
1482 376 1588 431 iter
1648 358 1962 428 solidumA

308 503 619 562 evademus,
649 509 748 564 per
773 491 960 547 Jesum
987 482 1264 542 Christum
1293 473 1578 531 Dominum
1609 472 1882 523 nostrum,

312 598 392 653 cui
432 602 516 650 est
543 589 717 662 gloria
746 594 802 642 et
840 579 1152 652 imperium.
1184 574 1241 629 in
1306 565 1504 625 saecula
1536 557 1881 617 saeculorum.

313 690 496 745 Arnen.

893 763 1169 827 HOMlLIA
1209 759 1301 818 IV.

334 880 404 936 De
452 876 631 929 decem
681 867 890 939 plagis,
935 862 1127 934 quibus
1175 867 1424 926 percussa
1471 853 1549 902 est
1599 840 1887 911 Egypt“.

387 966 439 1021 1.
492 960 741 1017 Historia
779 954 998 1026 quidem
1052 942 1414 1003 famosissima
1457 935 1618 992 nobis
1663 928 1890 985 recitata

323 1068 425 1125 est,
453 1064 509 1111 et
530 1066 654 1123 quae
680 1062 778 1120 pro
806 1045 887 1101 sui
914 1036 1289 1108 magnitudine
1310 1033 1563 1087 universo
1589 1021 1793 1080 mundo
1821 1018 1895 1073 sit

325 1149 562 1220 cognita,
627 1158 726 1213 per
777 1152 939 1209 quant
993 1132 1333 1201 designatur,
1390 1121 1535 1194 quod
1589 1114 1896 1187 ingentibus

323 1213 599 1311 sig‘norum
629 1249 695 1289 ac
718 1227 1085 1303 prodigiorum
1112 1218 1433 1276 verberibus
1471 1213 1743 1282 Egyptus
1769 1220 1894 1261 cum

323 1309 608 1389 Pharaone
641 1338 771 1394 rege
797 1320 1063 1390 castigata
1094 1316 1195 1382 sit,
1242 1321 1304 1368 ut
1333 1309 1683 1366 Bebrreornm
1722 1315 1897 1372 popu-

323 1426 460 1486 lum,
509 1434 673 1492 quem
712 1432 773 1472 cx
806 1413 992 1470 liberis
1027 1407 1273 1481 patribus
1313 1411 1498 1458 natum
1531 1398 1802 1453 violenter
1842 1393 1898 1447 in

326 1515 652 1570 servitutem
687 1507 995 1576 redegerat,
1042 1496 1295 1568 ingenita:
1341 1493 1592 1547 redderet
1630 1483 1897 1542 libertati.

325 1605 531 1662 Verum
591 1603 667 1657 ita
700 1608 976 1669 gestorum
1022 1596 1278 1647 contexta
1334 1581 1576 1639 narratio
1615 1586 1719 1641 est,
1765 1586 1826 1631 ut
1856 1573 1900 1629 si

326 1696 541 1769 singula
565 1693 857 1762 diligenter
891 1685 1169 1756 inSpicias,
1200 1682 1359 1751 plura
1390 1675 1442 1730 in
1468 1672 1669 1744 quibus
1700 1671 1902 1724 haereat
1933 1704 1979 1765 Β

328 1764 644 1845 intellectus
665 1796 827 1852 quam
862 1780 914 1834 in
947 1775 1148 1848 quibus
1179 1770 1436 1841 expedire
1469 1784 1530 1823 se
1560 1765 1733 1835 possit
1761 1764 1906 1818 inve-

334 1972 642 2041 Scripturae
693 1965 839 2020 dicta
886 1973 1235 2033 proponere,
1301 1952 1693 2011 continentiam
1748 1949 1913 2003 totius

333 2063 585 2122 historiae
614 2055 1060 2128 compendiosius
1092 2049 1518 2107 recensebimus.
1542 2044 1712 2114 igitur
1739 2041 1914 2111 primo

339 2158 496 2226 signo
530 2150 780 2223 proiecit.
806 2148 1016 2217 virgam
1068 2157 1225 2199 suam
1269 2141 1483 2203 Aaron,
1532 2144 1587 2190 et
1632 2134 1776 2187 facta
1832 2138 1917 2186 est

341 2249 530 2311 draco,
568 2256 628 2301 et
658 2237 939 2299 convocati
970 2239 1342 2293 ineantatores
1380 2239 1433 2286 et
1468 2226 1702 2283 maleﬁci
1746 2224 1917 2295 JEgy-

352 2341 589 2411 ptiorum
625 2336 877 2391 fecerunt
905 2328 1160 2387 similiter
1186 2342 1253 2387 ex
1288 2323 1454 2395 virgis
1482 2321 1593 2378 suis
1631 2320 1917 2375 dracones.

349 2430 454 2487 Sed
510 2431 707 2494 draco,
757 2425 850 2496 qui
893 2438 960 2479 ex
1001 2422 1152 2490 virga
1198 2418 1379 2473 Aaron
1428 2417 1610 2470 fuerat
1670 2412 1914 2474 effectus,

348 2525 636 2581 absorbuit
657 2523 924 2577 dracones
951 2516 1352 2589 :Egyptiormn.
1384 2509 1535 2577 Quod
1563 2522 1683 2563 cum
1711 2504 1919 2575 stupori

348 2632 470 2674 esse
514 2613 770 2671 debuerit
817 2609 1110 2673 Pharaoni,
1147 2615 1202 2662 et
1240 2605 1309 2659 ad
1351 2602 1728 2658 credulitatem
1759 2596 1926 2669 proﬁ-

352 2724 502 2774 cere,
532 2709 589 2763 in
614 2704 953 2761 contrarium
1012 2714 1231 2756 versum
1268 2706 1370 2753 est.
1420 2695 1560 2749 Dicit
1594 2693 1737 2747 enim
1770 2688 1924 2745 Scri-

353 2810 535 2870 ptura,
564 2797 731 2867 quiat
758 2794 1067 2848 induratum
1114 2798 1197 2844 est
1232 2801 1328 2842 cor
1360 2783 1684 2847 Pharaonis,
1740 2788 1794 2833 et
1820 2794 1924 2833 non

359 2889 643 2947 exaudivit
671 2902 765 2942 eos
798 2886 866 2943 υ.
900 2903 922 2938 ι
984 2884 1050 2939 Et
1079 2883 1167 2937 hic
1196 2879 1413 2951 quidem
1437 2877 1589 2940 dicit,
1617 2874 1741 2945 quia
1771 2871 1930 2925 indu—

359 2992 533 3039 ratum
559 2989 648 3037 est
681 2995 781 3036 cor
801 2976 1104 3034 Pharaonis
1127 3013 1143 3041 ,
1174 2974 1267 3028 sed
1294 2980 1349 3026 et
1372 2971 1424 3024 in
1449 2969 1620 3038 prima
1655 2964 1932 3021 nihilomi-

1534 259 1608 317 ιΝ
1641 241 1932 312 EXODUM
1966 235 2254 297 HOMILIA
2285 228 2377 290 Π.

3446 193 3556 256 318

1990 372 2151 412 manu
2199 352 2352 421 ejus,
2402 342 2666 401 additur:
2706 330 2982 395 «Facies,
3037 320 3214 393 inquit
3248 317 3320 382 ⁸⁸,
3378 327 3444 369 ea
3501 312 3557 368 ia

1985 455 2279 515 conspectu
2319 435 2641 494 Pharaonis.
2676 429 2788 499 Ego
2831 429 3013 476 autem
3059 413 3256 471 induro
3289 421 3385 463 cor
3409 402 3551 458 Pha-

1987 542 2198 606 raonis,
2227 548 2405 593 etnon
2435 530 2673 586 dimittet
2699 519 2956 594 populum
2990 525 3219 569 meum.)
3256 504 3356 560 llic
3382 501 3554 570 prima

1986 637 2191 692 dictum
2218 636 2306 683 est
2336 641 2366 678 a
2400 620 2662 677 Domino:
2695 614 2838 682 «Ego
2862 608 3059 662 indum
3087 616 3183 655 cor
3203 591 3556 651 Pharaonis:

1991 729 2098 785 Sed
2132 736 2185 781 et
2207 720 2443 780 secundo
2468 712 2559 769 ubi
2589 703 2890 766 enumerati
2915 707 3038 755 sunt
3069 692 3345 765 principes
3376 683 3564 747 Israel,

1989 833 2110 897 post
2150 832 2322 889 pauca
2361 812 2513 868 addit
2548 823 2618 861 ex
2659 814 2889 874 persona
2928 791 3140 849 Domini
3175 807 3188 842 :
3230 805 3249 839 ι
3288 785 3434 853 Ego,
3479 779 3568 832 in-

1992 875 2105 897 τ--τκ
2154 875 2165 889 .

1992 921 2115 992 quit
2142 917 2211 983 “,
2254 912 2450 969 induro
2472 920 2568 961 cor
2596 892 2929 958 Pharaonis,
2978 898 3034 943 et
3069 879 3371 950 multiplico
3415 875 3570 942 signa

1994 1027 2130 1070 mea.
2167 1027 2191 1064 ι
2257 1008 2263 1014 ’

2063 1107 2120 1161 2.
2162 1099 2315 1170 Quod
2343 1098 2386 1151 si
2417 1090 2690 1149 credimus
2720 1081 2936 1139 divinas
2979 1086 3102 1130 esse
3142 1071 3244 1125 has
3269 1067 3484 1120 litteras
3522 1066 3578 1112 et

1999 1214 2095 1271 per
2133 1192 2397 1264 Spiritum
2421 1192 2667 1240 sanctum
2696 1174 2964 1243 scriptas,
3001 1182 3108 1221 non
3141 1172 3271 1234 puto
3298 1155 3441 1228 quod
3469 1162 3577 1206 tam

1999 1245 2218 1360 indignre
2246 1285 2313 1339 de
2350 1279 2533 1334 divino
2572 1270 2779 1341 Spiritu
2804 1266 3128 1323 sentiamus,
3160 1265 3221 1310 ut
3262 1250 3484 1308 fortuitu
3525 1245 3579 1299 in

2001 1394 2157 1440 tanto
2199 1382 2303 1434 hoc
2349 1386 2517 1444 opere
2569 1367 2712 1420 facta
2757 1362 2828 1417 sit
2873 1359 2976 1414 ista
3012 1351 3288 1411 varietas,
3331 1352 3391 1397 ut
3437 1352 3582 1394 nunc

2000 1476 2217 1548 quidem
2253 1468 2512 1525 Dominus
2548 1460 2765 1515 dicatur
2806 1451 3091 1508 indurasse
3114 1456 3210 1497 cor
3239 1433 3577 1495 Pharaonis,

2961 1542 2971 1548 ‘
3167 1535 3178 1546 '
3290 1546 3299 1548 μ
3317 1546 3339 1548 α
3355 1538 3366 1548 ι
3382 1544 3398 1548 ι
3429 1525 3554 1548 2...1..

2004 1525 2195 1548 τη--.

2004 1584 2148 1625 nunc
2176 1575 2356 1620 autem
2385 1573 2489 1613 non
2521 1570 2551 1608 a
2582 1549 2836 1610 Domino,
2882 1542 2973 1599 sed
3025 1535 3180 1608 quasi
3213 1538 3406 1601 sponte
3429 1525 3585 1580 indu-

2009 1674 2185 1717 ratum
2217 1657 2451 1711 dicatur.
2495 1645 2762 1716 Equidem
2798 1636 3062 1693 conﬁteor
3111 1642 3198 1683 me
3244 1623 3422 1678 minus
3467 1617 3586 1670 ido-

2018 2131 2174 2186 debat
2206 2124 2251 2157 δ’
2287 2140 2302 2176 :
2337 2116 2547 2172 «Nobis
2611 2120 2794 2163 autem
2854 2093 3119 2155 revelavit
3178 2087 3442 2144 Dominus
3499 2095 3594 2149 per

2020 2219 2267 2289 spiritum
2322 2224 2503 2266 suum.
2567 2200 2807 2271 Spiritus
2860 2192 3007 2247 enim
3062 2183 3242 2240 omnia
3301 2184 3597 2235 scrutatur.

2020 2275 2186 2367 eiiam
2232 2306 2339 2360 alta
2376 2300 2490 2356 Dei.
2536 2314 2555 2349 ι
2606 2293 2799 2354 Hunc,
2856 2289 3094 2352 inquam,
3139 2275 3295 2330 video
3344 2277 3598 2336 tanquam

2022 2402 2408 2470 intelligentem
2443 2389 2574 2461 quid
2605 2383 2818 2441 differat
2848 2378 3165 2432 induratum
3190 2382 3313 2423 esse
3337 2378 3432 2418 cor
3459 2358 3600 2413 Pha-

2024 2492 2251 2554 raonis,
2313 2495 2370 2541 et
2425 2481 2709 2536 indurasse
2762 2485 2859 2526 cor
2914 2460 3215 2520 Pharaonis
3270 2454 3603 2510 Dominum,

2025 2540 2404 2644 dicereIAIibi
2447 2572 2669 2644 quidem
2717 2564 2853 2621 dicit
2884 2562 2973 2615 "‘:
3010 2577 3029 2610 ι
3061 2560 3141 2611 An
3181 2551 3404 2608 divitias
3446 2540 3602 2600 boui-

2027 2682 2157 2736 tatis
2187 2676 2324 2745 ejus,
2354 2680 2408 2727 et
2430 2663 2730 2740 patientiae,
2747 2655 2803 2715 ἐι
2824 2646 3253 2726 longanimitatis
3279 2634 3606 2702 contemnis,

2029 2777 2285 2847 ignorans
2309 2764 2436 2838 quia
2467 2755 2725 2830 patientia
2751 2751 2843 2806 Dei
2871 2749 2935 2802 ad
2961 2738 3334 2816 penitentiam
3370 2744 3422 2786 te
3447 2730 3610 2785 addu-

2031 2828 2080 2847 νο
2325 2828 2339 2838 ,
2469 2828 2479 2830 ν

2030 2868 2149 2925 cit?
2180 2860 2485 2919 Secundum
2512 2851 2766 2907 duritiam
2796 2853 2978 2898 autem
3015 2849 3184 2901 tuam,
3218 2842 3272 2887 et
3294 2846 3390 2885 cor
3417 2828 3609 2894 impai-

2030 2962 2213 3016 nitens
2247 2949 2587 3009 tltesaurizas
2621 2941 2718 2996 tibi
2754 2940 2890 2992 iram
2931 2934 2985 2988 in
3014 2931 3102 2986 die
3133 2929 3252 2990 iraa,
3303 2932 3353 2977 et
3401 2918 3604 2974 revelae

361 3010 533 3039 nuqu
559 3010 648 3037 cas
681 3010 770 3036 υυι
801 3010 831 3034 Ι
849 3010 1104 3032 υσιαυιιιδ
1127 3013 1143 3041 ,
1174 3010 1267 3028 anu
1294 3010 1349 3026 υ.
1375 3010 1424 3024 η-
1450 3010 1620 3038 γει-η..
1657 3010 1899 3021 ..ηπ--.-η
2035 3010 2159 3016 ---μγ

360 3095 462 3135 nus
490 3077 671 3149 plaga,
700 3074 790 3130 ubi
817 3087 954 3143 aqua
979 3070 1031 3125 in
1056 3062 1651 3139 sanguinem‘vertitur,
1677 3058 1929 3115 similiter
1955 3054 2001 3116 ϐ
2034 3049 2197 3107 tionis
2232 3045 2362 3116 justi
2393 3036 2583 3110 judicii
2617 3033 2731 3089 Dei.
2757 3050 2776 3084 ι
2810 3028 2915 3084 Per
2943 3022 3087 3095 quod
3119 3034 3240 3074 eum
3273 3015 3394 3070 sine
3424 3010 3613 3075 dubio,

2116 3142 2128 3149 .
2390 3137 2402 3148 ο
2466 3134 2477 3149 ι
2525 3139 2672 3149 _A.-__
2712 3134 2789 3149 Α...
2881 3120 3054 3149 ΛιιΙΛηΙ
3298 3123 3426 3149 Vp?"
3469 3103 3613 3149 VRIIII

367 3172 692 3238 rescriptum
723 3176 829 3232 est,
860 3174 913 3222 et
935 3166 985 3220 in
1018 3162 1255 3219 secunda
1282 3173 1402 3215 cum
1433 3169 1581 3211 rana!
1609 3151 1933 3215 debuliiunt,

368 3264 460 3319 sed
490 3270 548 3317 et
582 3262 634 3315 in
667 3260 821 3316 tertia
862 3273 984 3313 cum
1014 3255 1259 3323 cinipltes
1298 3253 1599 3322 ingruunt;
1644 3245 1698 3300 in
1744 3252 1938 3314 quarta

366 3370 586 3426 quoque
626 3368 753 3408 cum
798 3348 1081 3422 cynomyia
1127 3347 1399 3406 educitur,
1445 3348 1502 3396 et
1529 3340 1585 3394 in
1619 3338 1804 3408 quinta
1847 3334 1939 3390 ubi

370 3460 564 3502 manus
588 3443 800 3499 Domini
829 3446 889 3497 ﬁt
916 3457 1081 3511 super
1113 3454 1307 3510 pecora
1348 3435 1755 3506 Egyptiorum,
1788 3427 1943 3499 paria

371 3554 534 3609 super
565 3539 670 3594 hoc
703 3536 959 3591 dicuntur
993 3542 1048 3589 et
1074 3532 1292 3587 similia.
1347 3528 1404 3583 In
1462 3534 1613 3583 sexta
1670 3516 1944 3592 vero,nbi

372 3633 605 3704 sumpsit
640 3630 877 3686 favillam
905 3631 973 3682 de
1004 3626 1229 3681 fornace
1274 3623 1504 3691 Moyses,
1552 3627 1605 3672 et
1657 3612 1942 3684 respersit,

373 3734 427 3780 et
448 3724 594 3778 facta
625 3730 750 3777 sunt
777 3720 956 3775 ulcera
987 3725 1041 3773 et
1069 3717 1262 3772 vesicae
1300 3712 1576 3768 ferventes
1613 3710 1666 3762 in
1708 3704 1946 3763 homini-

373 3819 545 3876 buset
567 3818 623 3871 in
656 3810 1123 3886 quadrupedibus.
1165 3819 1217 3862 et
1240 3805 1351 3874 jam
1377 3819 1483 3859 non
1520 3810 1772 3871 poterant
1805 3808 1952 3853 stare

376 3907 612 3965 maleﬁci
648 3909 703 3962 in
736 3914 1030 3973 conspectu
1051 3899 1245 3970 Moysi,
1269 3912 1376 3951 non
1407 3894 1607 3949 dicitur
1639 3891 1763 3960 quia
1797 3890 1955 3942 indu-

376 4014 556 4059 ratum
592 4011 678 4056 est
720 4013 817 4054 cor
862 3994 1183 4054 Pharaonis,
1243 3989 1337 4046 sed
1399 3983 1699 4041 terribilius
1744 3979 1951 4051 aliquid

377 4096 600 4150 dicitur.
653 4090 928 4160 Scriptum
986 4093 1070 4141 est
1123 4083 1272 4138 enim
1332 4081 1403 4145 δ’,
1459 4076 1582 4146 quia
1624 4094 1643 4127 ‹
1683 4072 1959 4129 induravit

377 4185 644 4244 Dominus
671 4197 767 4239 cor
793 4178 1118 4243 Pharaonis,
1139 4185 1194 4230 et
1223 4188 1329 4228 non
1364 4169 1569 4225 audivit
1600 4166 1743 4229 illos,
1769 4179 1960 4235 quem-

382 4281 673 4337 admodum
716 4273 997 4333 constituit
1030 4268 1339 4324 Dominus.)
1368 4259 1672 4318 Rursumin
1705 4255 1957 4325 septima,

384 4390 508 4430 eum
546 4371 756 4442 grando
799 4366 1024 4437 ebignis
1061 4361 1357 4432 Egyptum
1407 4364 1583 4410 vastat
1624 4352 1955 4413 universam,

388 4467 678 4525 induratur
696 4462 914 4536 quidem
942 4471 1036 4513 cor
1063 4450 1387 4515 Pharaonis,
1418 4448 1510 4504 sed
1529 4463 1634 4501 non
1656 4462 1684 4500 a
1709 4443 1955 4499 Domino.

388 4563 449 4619 in
480 4570 692 4625 octava,
723 4555 815 4611 ubi
847 4555 1055 4608 locusta
1085 4544 1421 4619 producitur,
1455 4541 1717 4597 Dominus
1759 4537 1961 4593 dicitur

392 4657 653 4711 indurare
678 4664 773 4704 cor
801 4644 1126 4702 Pharaonis.
1169 4640 1277 4696 Sed
1306 4647 1360 4692 et
1387 4638 1442 4692 in
1487 4650 1629 4689 nona
1653 4647 1775 4687 cum
1808 4641 1963 4686 tene-

388 4747 501 4804 brae
554 4739 854 4815 palpabiles
896 4736 1035 4790 ﬁunt
1073 4747 1172 4803 per
1229 4739 1397 4783 totam
1453 4740 1653 4783 terram
1707 4724 1961 4795 Egypti,

389 4814 697 4897 Pharaonis
743 4846 839 4887 eor
902 4826 1168 4885 Dominus
1219 4819 1478 4876 scribitur
1531 4818 1811 4872 indurare.
1880 4814 1962 4868 Ad

390 4933 642 4990 ultimum
670 4936 885 4996 quoque
910 4936 1035 4977 cum
1077 4915 1362 4975 exstinctis
1407 4909 1784 4982 primogenitis
1805 4907 1966 4979 Aigy-

380 5028 634 5099 ‘ptiorum
669 5021 931 5076 Hebraeus
971 5013 1204 5086 populus
1245 5006 1612 5069 discessisset,
1643 5012 1764 5074 post
1794 5002 1961 5057 multa

392 5121 601 5178 dicitur
634 5115 684 5147 ⁸⁸
712 5129 729 5168 :
772 5129 792 5164 ι
823 5110 890 5166 Ει
928 5105 1208 5164 induravit
1243 5100 1504 5161 Dominus
1532 5113 1631 5153 cor
1666 5095 1965 5153 Pharaonis

386 5215 543 5285 regis
573 5205 790 5279 Egypti
813 5244 829 5270 ,
864 5210 921 5259 et
959 5211 1243 5258 servorum
1282 5195 1421 5266 ejus,
1470 5200 1526 5246 et
1567 5191 1845 5246 insecutus
1887 5197 1970 5243 est

386 5281 517 5377 post
550 5304 691 5358 ﬁlios
715 5296 904 5355 Israel.
936 5316 956 5350 ι
1011 5292 1121 5349 Sed
1150 5300 1208 5346 et
1237 5302 1360 5345 cum
1387 5285 1606 5357 Moyses
1640 5281 1689 5313 “
1721 5283 1788 5336 de
1821 5290 1968 5335 terra

402 5372 621 5455 bladian
652 5392 815 5466 ιω
838 5389 907 5446 ad
935 5387 1227 5458 Egyptum
1264 5377 1522 5442 mittitur,
1567 5384 1624 5430 et
1658 5372 1989 5443 praecipitur

400 5493 452 5547 ei
487 5489 673 5546 facere
697 5483 881 5542 omnia
918 5477 1165 5552 prodigia
1188 5512 1207 5541 ,
1251 5487 1371 5545 qua:
1421 5469 1570 5525 dedit
1611 5466 1874 5521 Dominus
1915 5466 1968 5521 in

473 5609 521 5646 ⁸⁸
561 5607 739 5664 Exod.
774 5617 876 5670 vn,
903 5603 993 5659 i5.

405 5681 453 5717 δ’
487 5683 505 5737 1
542 5683 675 5737 Cor.
700 5691 759 5741 ιι,
794 5666 880 5729 ιο.
947 5672 994 5711 ⁸·
1019 5670 1175 5729 Rom.
1208 5683 1270 5737 ιι,
1310 5666 1384 5735 4,
1426 5666 1484 5722 5.

406 5754 455 5789 ⁸⁸
494 5750 646 5809 l’sal.
720 5759 887 5813 cxxx,
929 5743 982 5799 1.

1067 5600 1115 5637 ⁵³
1154 5595 1322 5654 Exod.
1356 5592 1524 5661 μεθ.
1595 5587 1687 5661 '5"
1719 5564 1888 5646 Exod.
1928 5584 2141 5661 xiv,_8.
2214 5578 2262 5611 “
2287 5572 2457 5661 Exod.
2490 5584 2571 5661 ulti.

1583 5658 1817 5717 “Rom.
1877 5673 1954 5728 Ix,
2018 5657 2087 5716 i8
2139 5662 2197 5710 et
2235 5660 2391 5718 seqq.

2038 3142 2129 3216 qui
2158 3148 2348 3210 sponte
2390 3134 2675 3189 induratus
2709 3134 2833 3190 est,
2879 3120 3079 3188 culpat.
3111 3111 3252 3169 Alibi
3298 3123 3426 3164 vero
3469 3103 3617 3157 velut

2044 3196 2105 3216 τυ
2188 3196 2200 3210 .

2039 3234 2389 3309 quaestionem
2418 3240 2580 3295 super
2605 3223 2712 3276 hoc
2735 3215 3024 3287 quamdam
3048 3219 3357 3281 proponens
3379 3199 3510 3256 dicit
3532 3196 3615 3251 *ἐ

2059 3349 2078 3382 σ
2107 3329 2251 3397 Ergo
2298 3322 2382 3378 cui
2423 3318 2539 3373 vult
2578 3315 2889 3371 miseretur,
2923 3317 2978 3362 et
3018 3317 3178 3373 quem
3211 3298 3327 3352 vult
3376 3295 3614 3350 indurat.

2044 3420 2190 3477 Dicis
2231 3417 2411 3484 itaque
2449 3408 2580 3464 mihi
2616 3423 2631 3461 :
2663 3400 2802 3469 Quid
2834 3399 3003 3469 igitur
3032 3395 3210 3447 adhuc
3236 3378 3620 3454 conqueritur?

2046 3509 2326 3568 Voluntati
2370 3505 2512 3562 enim
2553 3500 2671 3569 ejus
2723 3496 2845 3567 quis
2889 3486 3135 3546 resistit?
3171 3502 3192 3536 ι
3247 3480 3413 3536 Addit
3457 3475 3622 3531 etiam

2049 3607 2134 3662 his
2165 3621 2180 3658 :
2214 3620 2232 3652 ‹
2262 3599 2305 3655 Ο
2356 3597 2543 3658 homo,
2577 3565 2634 3644 tu
2665 3565 2785 3657 quis
2825 3598 2886 3638 es
2929 3580 3020 3648 qui
3071 3583 3260 3631 contra
3293 3565 3625 3638 respondeas

2050 3696 2194 3756 Deo?
2214 3692 2357 3749 tPer
2380 3689 2523 3760 quod
2552 3687 2616 3739 de
2648 3699 2712 3738 eo
2735 3681 2875 3750 quia
2910 3672 3139 3729 Domino
3170 3667 3367 3723 dicitur
3407 3662 3626 3714 indura-

2051 3801 2159 3857 tus,
2194 3802 2302 3842 non
2339 3792 2446 3838 tam
2488 3775 2810 3849 quaestionis
2846 3766 3187 3824 absolutione
3208 3771 3368 3829 quant
3413 3759 3629 3821 aposto-

2053 3886 2155 3941 lica
2219 3877 2553 3935 auctoritate
2619 3865 2940 3938 respondit,
2992 3857 3158 3914 credo
3222 3868 3325 3907 non
3378 3848 3630 3918 judicans

2055 3979 2274 4049 dignum
2320 3986 2419 4043 pro
2482 3963 2844 4033 incapacitate
2902 3954 3210 4008 auditorum
3241 3988 3258 4013 ,
3313 3941 3524 3999 chartis
3576 3946 3632 3994 et

2057 4075 2365 4129 atramento
2404 4053 2775 4130 hujuscet'notli
2807 4047 3204 4104 ahsolutiunum
3245 4043 3456 4094 secreta
3486 4046 3634 4089 cont—

2060 4167 2301 4223 mittere.
2339 4156 2494 4212 Sicut
2523 4151 2655 4207 etin
2696 4145 2802 4200 alio
2837 4145 2956 4196 loco
2980 4139 3027 4170 ⁸ο
3052 4137 3117 4191 de
3146 4129 3476 4206 quibusdam
3510 4140 3636 4178 ver-

2060 4259 2147 4313 bis
2186 4256 2302 4325 ipse
2344 4248 2516 4312 dicit,
2554 4241 2771 4298 audisse
2809 4251 2869 4292 se
2916 4231 3164 4304 quaedam
3205 4240 3325 4297 quae
3369 4236 3472 4275 non
3509 4218 3637 4272 licet

2064 4347 2374 4407 hominibus
2405 4338 2577 4409 loqui.
2609 4333 2765 4390 Unde
2795 4339 2852 4384 et
2894 4327 2948 4381 in
2994 4315 3482 4389 consequentibus,
3511 4324 3633 4364 eum

2065 4445 2158 4519 qui
2197 4459 2302 4497 non
2340 4451 2449 4494 tam
2480 4433 2782 4492 studiorum
2822 4420 3018 4477 merito
3050 4429 3213 4486 quam
3256 4407 3459 4465 sciendi
3490 4402 3639 4470 cupi—

2069 4498 2133 4519 τί

2063 4544 2232 4598 ditate
2274 4529 2667 4592 secretioribus
2709 4537 2766 4577 se
2795 4513 3192 4589 quaestionibus
3231 4502 3503 4558 curiosius
3532 4498 3638 4551 im-

2064 4630 2283 4701 mergit,
2314 4620 2588 4695 magniﬁci
2619 4614 2862 4671 doctoris
2889 4607 3187 4664 severitate
3217 4600 3486 4655 deterret,
3516 4606 3638 4644 cum

2069 4727 2202 4783 dicit
2233 4724 2277 4755 ⁸¹
2317 4740 2330 4777 :
2364 4738 2381 4770 ι
2405 4716 2448 4773 0
2484 4717 2668 4777 homo,
2703 4718 2760 4761 tu
2788 4705 2912 4775 quis
2955 4717 3013 4758 es
3059 4697 3149 4768 qui
3187 4702 3376 4749 contra
3421 4701 3644 4754 respon-

2069 4818 2202 4873 deas
2258 4810 2405 4868 Deo?
2464 4801 2716 4873 Nunquid
2764 4797 2898 4852 dicit
2955 4794 3267 4863 ﬁgmentum
3312 4783 3379 4860 ,εἰ
3433 4780 3524 4849 qui
3586 4791 3645 4831 se

2072 4909 2230 4968 ﬁnxit
2259 4902 2431 4971 :Quid
2472 4915 2560 4955 me
2603 4871 2780 4950 fet-isti
2820 4888 2940 4944 sic?
2969 4906 2987 4939 ι
3026 4893 3080 4938 et
3120 4889 3337 4937 caetera.
3393 4871 3551 4931 Unde
3592 4879 3648 4923 et

2072 5002 2231 5060 nobis
2275 5000 2392 5052 luec
2435 4998 2761 5048 observasse
2810 4989 3016 5035 tantum
3065 4981 3120 5027 et
3162 4966 3462 5038 inspexisse
3502 4958 3649 5015 suﬁi-

2076 5097 2220 5161 ciat,
2268 5101 2432 5159 atque
2466 5079 2777 5140 ostendisse
2812 5069 3151 5128 auditoribus
3190 5073 3391 5134 quanta
3434 5057 3544 5110 sint
3591 5053 3647 5107 in

2077 5187 2195 5257 lege
2225 5145 2405 5237 divina
2447 5170 2730 5243 profundis
2775 5166 3020 5219 demersa
3064 5152 3356 5226 mysteriis,
3393 5164 3494 5218 pro
3521 5145 3648 5215 qui-

2079 5236 2191 5257 --ο-
2236 5236 2243 5237 κ
2448 5236 2460 5243 .

2074 5278 2177 5334 bus
2205 5275 2385 5329 dicere
2407 5269 2460 5323 in
2487 5263 2731 5320 oratione
2766 5256 3058 5311 debeamus
3081 5251 3126 5283 ⁸¹¹
3153 5266 3169 5304 :
3202 5266 3221 5300 ι
3252 5247 3327 5301 De
3364 5236 3653 5313 profundis

2077 5365 2304 5427 clamavi
2342 5360 2407 5416 ad
2437 5369 2507 5421 te,
2546 5352 2795 5409 Domine.
2825 5365 2844 5399 ι

2148 5461 2204 5516 3.
2245 5455 2352 5513 Sed
2385 5461 2437 5509 et
2460 5449 2550 5506 illa
2603 5461 2710 5502 non
2756 5441 2935 5496 minus
2983 5434 3112 5491 mihi
3143 5428 3402 5487 intuenda
3437 5426 3655 5481 videtur

2648 5568 2694 5600 ⁵³
2734 5562 2904 5620 Exod.
2931 5558 3103 5626 wﬂi.
3175 5548 3431 5626 “AExod.
3469 5540 3653 5626 vn.

2496 5613 2620 5695 ἱῖίι
2654 5613 3046 5701 Corniﬁci.
3090 5613 3097 5614 ί
3150 5625 3197 5661 ⁸⁸
3227 5624 3389 5680 Rom.
3432 5631 3512 5686 ιι,
3560 5613 3656 5672 ω.
