4050 6142
419 190 527 249 319

1905 186 2234 244 ORlGENIS

3572 176 3742 237 320

415 307 772 373 observatio,
827 321 952 363 cum
1006 308 1262 379 quaedam
1309 310 1535 366 verbera
1579 310 1757 364 Aaron
1802 307 2007 364 inferre
2034 314 2083 369 Α
2110 321 2252 360 nona
2304 318 2520 360 rursum
2569 301 2939 359 contemnitur
2983 299 3219 366 Pharao,
3266 307 3322 354 et
3372 298 3742 369 praecipitur

417 398 623 453 dicitur
676 398 945 454 Pharaoni
998 400 1083 454 vel
1141 399 1399 471 Egypto,
1455 402 1705 470 quaedam
1760 399 1998 469 Moyses,

418 490 668 557 quaedam
696 504 829 545 vero
864 490 983 560 ipse
1023 490 1308 548 Dominus.
1349 492 1480 546 Nam
1519 493 1571 547 in
1609 493 1781 561 prima
1822 494 2001 563 plaga,

421 596 545 636 cum
589 596 758 651 aquas
815 583 983 638 vertit
1037 584 1092 638 in
1149 587 1510 656 sanguinem,
1570 585 1751 641 Aaron
1805 586 2004 643 dicitur

423 669 638 727 levasse
696 672 901 744 virgam
956 684 1013 729 et
1058 677 1398 746 percussisse
1449 691 1666 747 aquam.
1713 676 1819 733 Sed
1861 678 2001 733 etin

425 763 686 831 secunda,
715 780 840 821 cum
869 767 1136 836 percussit
1177 781 1350 835 aquas
1372 806 1389 830 .
1427 777 1482 822 et
1508 770 1696 824 eduxit
1724 784 1906 833 ranas,
1949 778 2004 826 et

424 853 478 908 in
502 856 661 911 tertia
697 873 818 912 cum
854 860 1100 914 extendit
1146 875 1309 915 manu
1349 875 1446 915 sua
1491 860 1736 932 virgam,
1779 872 1834 916 et
1877 877 2003 932 per-

425 948 597 1004 cussit
625 948 900 1018 pulverem
951 959 1134 1016 terrae,
1183 961 1239 1004 et
1285 951 1414 1006 facti
1464 961 1593 1006 sunt
1629 953 1891 1023 ciniphes.
1942 955 2001 1009 in

426 1039 512 1095 bis
561 1040 732 1096 tribus
781 1041 1110 1097 verberibus
1155 1043 1335 1097 Aaron
1380 1044 1746 1100 ministerium
1790 1045 1912 1100 fuit.
1948 1046 2001 1100 in

428 1142 629 1202 quarto
678 1148 811 1188 vero
853 1134 1116 1189 Dominus
1149 1133 1345 1190 fecisse
1385 1134 1586 1190 dicitur
1626 1147 1687 1191 ut
1728 1138 2006 1194 adveniret

428 1228 742 1299 cynomyia,
776 1240 831 1283 et
872 1229 1109 1298 repleret
1132 1230 1325 1285 domos
1365 1229 1692 1289 Pharaonis.
1723 1232 1827 1286 Sed
1858 1242 1915 1287 et
1949 1233 2000 1287 in

426 1319 619 1385 quinto
680 1333 804 1373 cum
863 1322 1285 1391 exstinguuntur
1340 1334 1536 1389 pecora
1597 1320 2000 1393 :Egyptiorutn,

429 1408 691 1466 Dominus
737 1410 1087 1467 nihilominus
1135 1412 1328 1469 fecisse
1372 1413 1572 1468 dicitur
1611 1416 1833 1470 verbmn
1879 1417 2000 1471 hoc.

428 1500 484 1556 in
517 1512 672 1555 sexto
693 1516 824 1557 vero
853 1501 1068 1574 Moyses
1103 1505 1341 1575 aspergit
1371 1503 1611 1561 favillam
1661 1507 1727 1561 de
1759 1507 2002 1573 fornace,

428 1602 485 1647 et
518 1590 659 1647 ﬁunt
685 1593 864 1649 ulcera
894 1604 957 1649 et
987 1597 1179 1651 vesica:
1207 1611 1332 1652 cum
1359 1596 1578 1654 fervore
1615 1598 1667 1652 in
1694 1600 2006 1656 hominibus

2108 398 2175 452 ad
2221 396 2417 453 coelum
2463 410 2654 450 manus
2696 395 2992 449 extendere
3041 391 3287 462 Moyses,
3338 403 3396 444 ut
3450 389 3583 447 fiant
3649 391 3732 445 iu

2111 498 2222 544 tota
2252 496 2399 543 terra
2427 486 2649 559 Egypti
2684 485 2983 556 palpabiles
3020 483 3287 549 tenebrae;
3331 492 3385 538 et
3426 498 3532 537 non
3561 483 3725 552 qui-

2109 582 2230 636 dem
2268 595 2367 649 per
2406 594 2466 634 se
2500 581 2685 646 intrat,
2715 579 2808 633 sed
2842 584 3071 630 vocatur
3101 592 3131 629 a
3174 575 3485 630 Pharaone.
3521 574 3729 629 Simi—

2111 669 2238 725 liter
2263 680 2320 725 et
2366 670 2417 724 in
2449 670 2659 725 decima
2691 682 2811 722 cum
2866 666 3140 736 primitiva
3194 666 3463 732 delentur,
3495 676 3551 720 et
3582 682 3672 722 co
3699 694 3721 704 -

2109 762 2256 831 gitur
2297 776 2421 815 cum
2468 759 2820 815 festinatione
2849 758 3003 812 exire
3034 757 3103 812 de
3135 756 3396 829 Egypto.
3449 758 3590 813 Sunt
3637 766 3726 814 et.

2108 854 2229 908 aliae
2279 853 2561 924 permulta:
2606 852 3051 917 observationes,
3099 850 3154 907 in
3201 851 3400 920 quibus
3454 852 3718 922 singulis

2109 946 2308 1000 divin:e
2353 950 2798 1001 demonstrantur
2844 944 3042 998 indicia
3090 944 3409 1012 sapientiae.
3439 944 3718 1000 Invenies

2109 1037 2255 1091 enim
2295 1038 2435 1104 quod
2469 1038 2648 1106 primo
2675 1052 2782 1090 non
2820 1034 3057 1090 flectitur
3091 1033 3323 1103 Pharao,
3354 1051 3454 1091 nec
3484 1038 3715 1094 divinis

2110 1127 2432 1182 verberibus
2480 1127 2649 1195 cedit,
2696 1143 2821 1184 cum
2854 1144 3011 1198 aqua:
3058 1129 3113 1183 in
3151 1129 3469 1199 sanguinem
3514 1145 3711 1186 versa:

2111 1231 2258 1273 sunt.
2293 1219 2350 1272 In
2382 1221 2627 1273 secundo
2658 1235 2789 1274 vero
2817 1235 3005 1290 parum
3050 1220 3179 1288 quid
3208 1221 3407 1276 molliri
3442 1222 3699 1279 videtur.

2119 1330 2139 1363 ι
2169 1312 2397 1366 Vocavit
2422 1313 2567 1365 enim
2602 1311 2824 1382 Moysen
2869 1322 2925 1367 et
2953 1313 3162 1377 Aaron,
3189 1322 3244 1368 et
3271 1315 3410 1369 dixit
3437 1316 3505 1370 ad
3548 1332 3648 1373 eos
3683 1336 3703 1372 :

2113 1404 2275 1459 Orate
2310 1419 2409 1473 pro
2450 1420 2536 1458 me
2583 1405 2651 1459 ad
2697 1405 3006 1471 Dominum,
3046 1416 3104 1460 ut
3134 1405 3288 1460 tollat
3318 1423 3480 1463 ranas
3510 1425 3538 1463 a
3570 1426 3701 1475 me,

2114 1507 2169 1551 et
2196 1511 2226 1549 a
2260 1497 2456 1565 populo
2496 1513 2636 1561 meo,
2666 1508 2722 1551 et
2751 1497 3020 1551 dimittam
3062 1498 3317 1567 populum
3342 1501 3411 1554 ⁸⁷.
3436 1520 3455 1553 ι
3491 1501 3544 1554 lu
3578 1512 3705 1555 ter-

2118 1593 2191 1645 tio
2227 1592 2364 1658 magi
2416 1591 2649 1654 cedunt,
2691 1599 2746 1643 et
2781 1590 2969 1644 dicunt
3003 1590 3068 1644 ad
3108 1589 3456 1659 Pharaonem
3495 1611 3508 1647 :
3542 1612 3561 1645 t
3595 1594 3704 1648 Di-

425 1692 483 1741 et
534 1688 842 1756 pecoribus.
899 1687 1004 1743 Sed
1051 1698 1108 1743 et
1159 1690 1212 1744 in
1269 1692 1506 1755 septimo
1552 1693 1766 1765 Moyses
1814 1695 1996 1751 elevat

2120 1683 2263 1750 gitus
2294 1682 2502 1757 Dei.est
2528 1682 2634 1735 hoc
2683 1699 2702 1732 ι
2736 1680 2790 1734 in
2821 1690 3017 1750 quarto
3055 1696 3151 1751 per
3177 1684 3523 1755 cynomyiatn
3567 1700 3704 1737 ver-

428 1792 646 1832 tuanmn
683 1794 835 1833 suam
871 1781 925 1834 in
965 1781 1189 1846 cretum,
1224 1791 1280 1837 et
1309 1783 1444 1839 fiunt
1472 1798 1635 1841 voces
1664 1785 1719 1840 in
1746 1786 1906 1856 cmlo,
1954 1796 2011 1842 et

426 1870 652 1939 grando,
677 1880 731 1924 et
765 1872 1022 1927 discurrit
1062 1874 1200 1944 ignis
1238 1889 1405 1943 super
1442 1884 1667 1932 terram.
1718 1878 1774 1932 ln
1815 1886 2010 1934 octavo

426 1976 644 2032 quoque
696 1965 834 2020 idem
894 1966 1106 2037 Moyses
1160 1969 1402 2023 extendit
1462 1984 1681 2025 manum
1744 1986 1898 2027 suam
1953 1971 2007 2025 in

426 2051 654 2118 ctelum,
692 2065 749 2109 et
779 2054 1044 2112 Dominus
1074 2058 1284 2114 inducit
1314 2068 1532 2114 ventum
1562 2070 1671 2116 tota
1700 2063 1786 2116 die
1811 2071 1866 2118 et
1898 2071 2007 2118 tota

427 2153 612 2210 nocte,
655 2153 712 2201 et
751 2148 970 2203 adducit
1007 2149 1270 2206 locttstas.
1320 2148 1426 2205 Sed
1469 2160 1524 2207 et
1573 2153 1629 2208 in
1674 2169 1817 2210 nono
1867 2156 2007 2211 ident

428 2239 780 2293 nihilominus
821 2239 1031 2311 Moyses
1072 2241 1321 2296 extendit
1365 2248 1583 2297 tnam'tm
1612 2258 1767 2298 suam
1803 2244 1855 2298 in
1894 2260 2009 2300 cte-

430 2329 570 2393 lum,
597 2340 651 2384 et
698 2329 833 2384 fiunt
877 2332 1109 2386 tenebrae
1140 2342 1196 2387 et
1222 2333 1400 2403 caligo
1440 2349 1604 2404 super
1626 2349 1845 2388 omnem
1895 2346 2007 2391 ter-

431 2434 549 2474 ram
598 2420 839 2493 Egypti.
896 2422 952 2477 in
1005 2423 1218 2479 decimo
1267 2441 1416 2491 vero,
1470 2426 1593 2482 finis
1647 2437 1701 2484 et
1749 2429 2009 2498 perfectio

430 2513 599 2567 totius
665 2516 848 2582 operis
895 2530 923 2568 a
986 2515 1215 2573 Domino
1271 2513 1661 2575 tninistratur.'
1708 2521 1783 2575 Ita
1860 2524 2004 2578 enim

428 2602 689 2672 scriptum
714 2616 801 2661 est
828 2606 874 2639 ⁸³
909 2624 922 2660 :
958 2625 978 2656 ι
1006 2608 1234 2665 Factum
1265 2621 1349 2666 est
1376 2623 1559 2667 autem
1594 2612 1738 2668 circa
1772 2616 2005 2671 mediam

428 2703 676 2758 noctem,
718 2706 773 2749 et
810 2696 1068 2756 Dominus
1102 2703 1369 2769 percussit
1397 2717 1558 2757 omne
1584 2704 2005 2774 primogenitum

429 2787 487 2841 in
531 2796 674 2841 terra
716 2787 990 2862 Egyptii,
1036 2808 1066 2847 a
1112 2794 1473 2865 primogenito
1527 2794 1857 2862 Pharaonis,
1909 2799 2004 2869 qui

429 2878 655 2934 sedebat
680 2895 844 2950 super
881 2883 1134 2938 thronum
1162 2884 1300 2955 ejus,
1337 2900 1510 2955 usque
1559 2888 1627 2942 ad
1674 2889 2006 2959 primogeni-

430 2978 546 3024 tum
576 2973 801 3040 captivae
823 2989 941 3043 quae
984 2985 1067 3031 est
1105 2976 1157 3032 in
1199 2979 1339 3043 lacu,
1391 2990 1446 3033 et
1486 2993 1649 3035 omne
1675 2980 2008 3052 primogeni-

434 3068 546 3115 tum
576 3063 804 3129 pecoris.
840 3083 859 3115 ι

505 3153 562 3207 4.
585 3153 678 3207 Est
708 3165 762 3208 et
784 3154 889 3209 alia
930 3157 981 3210 in
1032 3156 1118 3211 his
1165 3158 1505 3225 diﬂ'erentia,
1546 3175 1707 3230 quam
1751 3164 2008 3218 observa-

431 3241 637 3308 vimus,
673 3248 817 3316 quod
846 3248 900 3303 in
952 3250 1127 3319 prima
1156 3251 1372 3320 quidem
1408 3252 1587 3322 plaga,
1626 3269 1748 3309 cum
1775 3271 1914 3324 aqua
1949 3256 2003 3312 in

434 3338 749 3406 sanguinem
778 3339 918 3406 linit,
965 3342 1206 3396 nondum
1234 3342 1435 3397 dicitur
1461 3342 1633 3415 Moysi
1681 3355 1741 3398 ut
1778 3345 2008 3403 intraret

433 3429 501 3482 ad
528 3427 888 3498 Pharaonem,
924 3434 1019 3488 sed
1051 3434 1252 3487 dicitur
1282 3434 1331 3488 ei
1358 3434 1406 3466 ⁸⁸
1434 3452 1449 3489 :
1485 3452 1503 3487 ι
1540 3433 1688 3490 Vade
1722 3437 1774 3491 in
1816 3453 2009 3494 occur-

434 3534 553 3574 sum
605 3519 724 3586 ejus
777 3528 845 3577 ad
894 3523 1068 3590 ripam
1114 3524 1351 3580 ﬂuminis
1381 3565 1398 3591 ,
1465 3541 1590 3581 cum
1643 3529 1891 3596 procedit
1940 3531 2008 3587 ad

436 3627 653 3682 aquam.
681 3635 703 3669 ι
730 3617 784 3671 in
808 3619 1043 3674 secunda
1070 3634 1199 3674 vero
1237 3620 1413 3691 plaga,
1443 3633 1791 3693 posteaquam
1834 3626 2007 3694 prima

435 3706 506 3759 ab
534 3707 617 3761 eis
641 3719 964 3764 constanter
984 3720 1038 3767 et
1061 3711 1294 3766 ﬁdeliter
1334 3713 1642 3769 ministrata
1668 3726 1774 3781 est,
1811 3717 2009 3771 dicitur

434 3797 503 3850 ad
563 3813 684 3852 eum
734 3801 779 3834 ⁸³
814 3818 829 3854 :
864 3803 1053 3858 tlntra
1112 3805 1178 3857 ad
1229 3803 1589 3871 Pharaonem,
1629 3816 1683 3861 et
1729 3808 2008 3876 ingressus

434 3886 525 3943 die
558 3903 577 3945 :
610 3889 733 3946 llaec
756 3892 887 3947 dicit
920 3894 1202 3958 Dominus,
1235 3912 1255 3948 ι
1290 3906 1345 3951 et
1372 3896 1601 3966 reliqua.
1640 3896 1756 3953 Jam
1790 3913 1919 3954 vero
1952 3901 2005 3954 in

438 3983 618 4045 tertia,
646 3985 734 4037 ubi
757 3985 1002 4054 ciniphes
1030 3986 1355 4053 inferuntur,
1376 3989 1515 4058 magi
1544 3992 1635 4058 qui
1668 3994 1818 4059 prius
1842 3991 2009 4047 obsti-

435 4081 646 4139 terant,
681 4079 880 4131 cedunt
923 4080 1256 4135 confidentes
1299 4082 1426 4151 quia
1486 4083 1731 4153 tdigitus
1788 4085 1879 4141 Dei
1923 4095 2008 4140 est

432 4163 537 4220 hoc
563 4166 608 4197 ⁸⁸
641 4187 654 4223 :
690 4186 709 4219 ι
752 4167 805 4221 ἰη
829 4178 1017 4237 quarta
1041 4186 1255 4242 quoque
1281 4173 1510 4243 vigilare
1526 4174 1752 4245 jubetur
1790 4176 2004 4250 Moyses

432 4272 616 4325 mane,
682 4267 738 4311 et
787 4268 935 4316 stare
976 4274 1162 4317 contra
1209 4262 1555 4320 Pharaonem
1614 4270 1999 4336 procedentem

2111 1773 2332 1829 beratus
2359 1773 2490 1827 dicit
2510 1773 2596 1832 '3:
2627 1794 2645 1826 ‹
2669 1771 3160 1831 Euntesitnmolate
3205 1774 3431 1828 Domino
3460 1776 3568 1831 Deo
3607 1794 3693 1831 ve

2110 1875 2244 1930 stro,
2275 1866 2371 1921 sed
2397 1881 2506 1921 non
2545 1866 2759 1935 longius
2790 1866 3010 1920 tentetis
3041 1865 3170 1924 iter.
3198 1865 3366 1922 Orate
3395 1868 3561 1938 igitur
3593 1886 3702 1939 pro

2111 1974 2198 2013 tne
2226 1958 2294 2013 ad
2328 1959 2636 2013 Dominum.
2662 1977 2681 2011 ι
2729 1958 2781 2012 In
2811 1959 3000 2027 quinto
3041 1974 3174 2014 nece
3218 1961 3483 2030 pecudum
3516 1963 3694 2018 caediq-

2113 2059 2224 2116 tur,
2257 2062 2313 2106 et
2345 2066 2452 2105 non
2488 2051 2663 2106 solum
2712 2068 2822 2107 non
2855 2052 3023 2119 cedit,
3052 2053 3145 2108 sed
3174 2063 3228 2108 et
3256 2054 3486 2122 amplius
3520 2056 3687 2109 indu—

2112 2152 2281 2196 ratur.
2315 2143 2577 2197 Similiter
2604 2153 2660 2198 et
2706 2144 2757 2197 in
2807 2154 2960 2198 sexto
3007 2159 3170 2215 super
3206 2144 3394 2216 plagas
3435 2146 3688 2202 ulcerum

2111 2234 2262 2290 facit.
2304 2233 2364 2290 In
2402 2237 2636 2307 septimo
2689 2251 2822 2292 vero
2867 2254 2991 2292 cum
3039 2238 3304 2311 grandine
3350 2249 3592 2294 vastatur
3633 2250 3692 2294 et

2110 2326 2363 2396 ignibus:
2405 2347 2424 2380 t
2455 2328 2623 2397 Misit,
2667 2329 2842 2399 inquit
2864 2329 2931 2399 ”,
2958 2328 3190 2394 Pharao,
3219 2341 3273 2385 et
3300 2332 3513 2386 vocavit
3545 2331 3696 2402 Moy-

2112 2433 2211 2475 sen
2253 2429 2307 2472 et
2331 2421 2537 2483 Aaron,
2568 2430 2624 2474 et
2666 2422 2804 2475 dixit
2835 2422 2979 2477 illis:
3014 2420 3266 2486 Peccavi,
3302 2430 3357 2478 et
3395 2439 3542 2478 nunc
3579 2424 3689 2479 Do-

2111 2509 2290 2564 minus
2310 2510 2490 2578 justus
2518 2520 2625 2575 est,
2651 2526 2750 2579 ego
2774 2520 2956 2565 autent
2985 2521 3040 2565 ct
3068 2511 3297 2581 pepulus
3327 2525 3477 2567 meus
3508 2512 3685 2581 impii.

2111 2599 2275 2657 Orate
2304 2602 2470 2671 igitur
2505 2618 2601 2672 pro
2636 2618 2721 2657 me
2757 2604 2826 2657 ad
2865 2603 3203 2658 Dominum.)
3239 2603 3294 2657 ln
3322 2615 3516 2666 octayo
3558 2619 3686 2658 cum

2110 2695 2335 2750 locustis
2369 2706 2692 2765 urgeretur:
2733 2716 2750 2748 ι
2783 2696 2848 2749 Et
2895 2695 3191 2758 festinavit,
3226 2694 3401 2765 inquit
3430 2695 3495 2759 θ’,
3542 2695 3689 2749 Pita-

2112 2803 2229 2853 rao,
2257 2801 2312 2844 et
2355 2791 2573 2844 vocavit
2622 2790 2837 2863 Moysen
2883 2804 2937 2845 et
2967 2792 3150 2846 Aaron
3187 2793 3415 2846 dicens:
3456 2790 3686 2845 Peccavi

2112 2887 2239 2934 ante
2265 2879 2559 2935 Dominum
2599 2881 2765 2935 Deum
2805 2891 3046 2936 vestrum
3087 2892 3143 2936 ct
3174 2881 3226 2935 in
3276 2897 3392 2948 vos,
3425 2880 3688 2949 suscipite

2112 2980 2393 3039 peccatum
2437 2988 2615 3028 meum
2661 2975 2824 3027 etiam
2866 2989 3031 3039 nunc,
3072 2986 3129 3028 et
3161 2978 3311 3029 orate
3345 2989 3443 3044 pro
3493 2989 3578 3028 me
3618 2973 3688 3025 ad

2111 3062 2396 3117 Dominum
2428 3065 2598 3119 Deum
2642 3075 2904 3120 vestrum.
2932 3085 2950 3118 ι
3002 3064 3057 3118 1η
3105 3081 3245 3121 nono
3285 3082 3408 3119 cum
3443 3067 3691 3119 tenebris

2108 3151 2450 3209 offunditur:
2489 3173 2507 3205 ε
2544 3155 2789 3221 Vocavit,
2823 3155 3086 3225 inquit“,
3122 3157 3331 3211 Pharao
3376 3155 3599 3225 Moysen
3632 3165 3687 3207 et

2109 3248 2291 3298 Aaron
2343 3247 2574 3301 dicens:
2607 3245 2703 3311 Ite,
2751 3249 2953 3303 servite
2996 3248 3228 3304 Domino
3275 3248 3382 3303 Deo
3428 3258 3629 3302 vestro.
3663 3267 3681 3298 ι

2108 3335 2228 3391 1am
2259 3352 2387 3392 vero
2434 3339 2484 3392 iu
2526 3340 2738 3393 decimo
2773 3356 2894 3395 cum
2939 3341 3219 3410 pritnitiva
3266 3340 3546 3394 hominum
3583 3353 3686 3392 ex-

2111 3429 2462 3498 stinguuntur
2495 3440 2550 3484 et
2583 3445 2838 3499 pecorum
2869 3450 2883 3485 :
2918 3450 2937 3483 (
2968 3432 3212 3496 Vocavit,
3244 3432 3425 3502 inquit
3451 3432 3515 3495 “,
3542 3429 3689 3484 Pha-

2111 3536 2210 3576 rao
2247 3520 2467 3593 Moysen
2510 3533 2568 3577 et
2588 3522 2774 3579 Aaron
2812 3533 2992 3589 nocte,
3021 3537 3076 3580 et
3109 3527 3245 3580 dixit
3287 3526 3436 3581 illis:
3469 3524 3687 3594 Surgite

2110 3622 2166 3667 et
2202 3614 2351 3669 exite
2381 3616 2448 3669 de
2486 3616 2684 3686 populo
2718 3632 2860 3677 meo,
2888 3618 2940 3673 et
2977 3634 3072 3674 vos
3101 3628 3154 3674 et
3202 3619 3296 3673 lilii
3344 3618 3536 3683 Israel,
3587 3620 3685 3685 ite,

2113 3707 2319 3759 servite
2366 3708 2594 3761 Dotnino
2645 3709 2753 3767 Deo
2801 3720 3009 3776 vestro,
3039 3712 3179 3765 sicut
3207 3711 3416 3776 dicitis;
3461 3726 3591 3765 oves
3624 3708 3688 3766 ‘et

2115 3799 2286 3854 boves
2330 3810 2543 3856 vestros
2583 3813 2933 3858 assumentes
2981 3805 3212 3875 pergite,
3265 3804 3407 3859 sicut
3443 3804 3681 3859 dixistis.

2110 3890 2425 3947 Benedicite
2486 3903 2669 3947 autem
2716 3903 2773 3948 et
2825 3909 2931 3950 me.
2979 3895 3048 3949 Et
3115 3896 3382 3966 cogebant
3440 3894 3685 3968 Egyptii

2107 3983 2368 4052 populum
2427 3999 2588 4054 quam
2648 3984 2941 4041 celerrime
2992 3987 3144 4041 exire
3183 3991 3248 4042 de
3314 4000 3460 4044 terra
3515 3990 3684 4065 Egy-

2110 4078 2211 4147 pti.
2251 4077 2512 4134 Dicebant
2559 4079 2745 4147 enim,
2796 4082 3053 4151 quoniam
3102 4097 3293 4139 omnes
3339 4101 3437 4142 nos
3480 4087 3684 4141 morie.

2107 4186 2249 4226 mur.
2272 4190 2292 4225 ι

2178 4264 2234 4319 5.
2276 4263 2410 4332 Quis
2438 4273 2523 4319 est
2565 4263 2672 4328 ille,
2699 4280 2858 4334 quem
2901 4269 3109 4337 repleat
3153 4269 3245 4324 illo
3280 4271 3473 4340 Spiritu
3522 4273 3682 4339 Deus,

431 4349 498 4403 ad
525 4365 740 4421 aquam,
786 4366 909 4408 cum
950 4356 1235 4428 cynomyia
1299 4358 1577 4428 replentur
1613 4358 1997 4432 [Egyptiorum
2035 4370 2081 4427 ι)
2113 4370 2225 4427 quo
2264 4358 2493 4427 replevit
2523 4358 2742 4429 Moysen
2788 4370 2843 4415 et
2880 4362 3088 4430 Aaron,
3118 4380 3241 4419 cum
3284 4364 3399 4420 htec
3442 4368 3682 4439 prodigia

432 4441 644 4499 domus.
696 4444 750 4499 In
797 4446 984 4514 quinta
1038 4448 1404 4515 nihilominus,
1442 4453 1535 4507 ubi
1591 4468 1787 4523 pecora
1825 4454 2001 4528 Egy-

441 4533 679 4602 ptiorunt
713 4536 982 4602 delentur,
1025 4539 1230 4594 intrare
1261 4542 1485 4611 jubetur
1541 4547 1608 4598 ad
1658 4544 2002 4604 Pharaonem

432 4627 663 4700 Moyses.
703 4629 760 4685 in
793 4643 942 4687 sexta
972 4648 1106 4689 sane
1134 4638 1505 4692 contemnitur
1532 4637 1765 4705 Pharao,
1806 4649 1863 4695 et
1891 4656 1999 4697 non

434 4718 673 4774 refertur
695 4722 836 4790 quod
866 4723 1147 4780 intraverit
1173 4725 1382 4797 Moyses
1427 4728 1510 4783 vel
1548 4730 1728 4783 Aaron
1755 4730 1823 4784 ad
1854 4730 2001 4786 Pha-
2050 4750 2055 4755 ·

433 4823 677 4874 raonetn,
712 4811 839 4880 quia
869 4812 1008 4868 facta
1036 4824 1164 4868 sunt
1209 4816 1387 4869 ulcera
1417 4826 1469 4871 et
1490 4817 1684 4872 vesicae
1722 4831 1844 4871 cum
1883 4817 1996 4873 fer-

435 4915 564 4954 vore
586 4904 747 4958 etiam
778 4919 941 4973 super
973 4906 1242 4963 maleﬁcos
1263 4907 1502 4979 Egypti,
1528 4916 1585 4962 et
1613 4923 1716 4962 non
1744 4916 2002 4977 poterant

2108 4463 2167 4504 et
2208 4451 2360 4519 signa
2406 4451 2762 4521 perficerent,
2792 4464 2852 4508 ut
2884 4456 3073 4511 eodem
3120 4457 3311 4527 spiritu
3354 4457 3686 4514 illuminat-ts

2108 4544 2283 4613 possit
2323 4557 2444 4613 quae
2490 4559 2586 4615 per
2617 4545 2738 4603 illos
2783 4559 2909 4603 sunt
2953 4559 3107 4621 gesta
3159 4549 3466 4606 disserere?
3511 4549 3684 4606 Aliter

2106 4635 2250 4688 enim
2285 4651 2390 4689 non
2424 4638 2663 4692 arbitror
2691 4639 2788 4695 bas
2820 4641 3128 4711 ingentium
3171 4658 3353 4698 rerum
3385 4645 3684 4700 varietates

2106 4741 2171 4781 ac
2212 4727 2552 4785 dili'ercnlias
2598 4732 2901 4802 explanari,
2933 4736 3038 4792 nisi
3084 4737 3275 4791 eodem
3324 4737 3517 4806 spiritu
3567 4754 3676 4806 quo

2108 4828 2256 4889 gesta
2304 4829 2467 4889 sunt,
2516 4823 2877 4893 disserantur,
2918 4829 3046 4898 quia
3093 4838 3149 4882 et
3180 4827 3378 4883 Paulus
3408 4830 3682 4899 apostolus

2108 4909 2246 4964 dicit
2267 4909 2336 4975 ⁸³,
2365 4913 2512 4979 quod
2547 4913 2770 4983 spiritus
2803 4919 3193 4987 prophetarum
3242 4921 3523 4989 prophetis
3552 4920 3681 4975 sub.

433 4993 690 5051 resistere
741 4995 930 5066 Moysi.
979 4999 1033 5052 ln
1064 5000 1293 5068 septima
1330 5001 1551 5072 vigilare
1587 5003 1810 5072 jubetnr
1847 5018 2006 5058 mane
2097 5000 2278 5072 jectus
2319 5003 2409 5056 sit.
2428 5002 2543 5058 Non
2575 5018 2706 5076 ergo
2738 5008 3152 5078 quibuscunque
3183 5011 3249 5062 ad
3278 5011 3678 5080 explanandtnn

434 5086 612 5151 valde,
639 5098 694 5142 et
736 5101 883 5143 s'are
916 5100 1103 5144 contra
1129 5090 1489 5157 Pharaonem,
1526 5109 1649 5149 eum
1681 5093 2003 5164 grandinem
2102 5092 2248 5146 dicta
2296 5094 2726 5165 prophetarum,
2773 5100 2867 5153 sed
2909 5100 3194 5170 prophetis
3258 5101 3515 5156 dicuntur
3560 5120 3681 5157 esse

437 5187 493 5231 et
545 5178 722 5249 ignem
765 5180 1013 5249 producit
1054 5192 1110 5236 et
1161 5197 1339 5238 voces.
1387 5183 1443 5237 In
1484 5193 1670 5239 octava
1700 5184 2009 5253 praecipitur
2104 5183 2371 5250 subjecta.
2418 5183 2614 5240 Verum
2657 5190 2916 5257 quoniam
2970 5191 3110 5244 idem
3158 5193 3350 5247 beatus
3393 5195 3683 5264 Apostolus

442 5270 596 5343 14],
626 5272 830 5328 intrare
864 5275 931 5329 ad
979 5289 1125 5340 eum,
1157 5290 1278 5330 cum
1314 5277 1520 5333 locusta
1571 5278 1904 5348 producitur.
1941 5278 1997 5331 In

503 5459 555 5532 ’ᾗ
587 5460 896 5529 Exoduxtt,
925 5464 1015 5520 29.
1090 5465 1137 5498 “
1176 5464 1341 5518 Exod.
1385 5481 1481 5532 vn,
1519 5467 1606 5521 l5.
1680 5468 1726 5498 ⁸⁸
1769 5466 1939 5519 Exod.
1999 5480 2115 5529 vm,
2166 5468 2219 5520 l.

2107 5276 2262 5345 hujus
2292 5279 2504 5351 gratize,
2535 5282 2585 5336 id
2619 5292 2703 5337 est
2749 5285 3088 5354 prophetalis
3124 5287 3277 5355 doni,
3312 5297 3567 5358 tanquam
3610 5308 3674 5344 ex

2324 5467 2374 5502 ⁸⁸
2432 5469 2560 5525 ibid.
2620 5471 2704 5525 l9.
2781 5470 2827 5503 ⁸⁷
2869 5471 2997 5525 ibid.
3038 5472 3095 5527 8.
3183 5472 3229 5505 ⁸⁸
3272 5473 3404 5526 ibid.
3456 5473 3542 5535 25,
3586 5475 3678 5531 28.

436 5529 485 5563 ”
523 5531 696 5590 Exod.
736 5550 822 5603 tx,
852 5534 1039 5603 27,28.
1113 5536 1158 5569 ⁶⁰
1198 5536 1347 5593 Exod
1405 5529 1574 5604 ι,ἰϋ.
1650 5539 1692 5570 ⁵³
1737 5537 1868 5592 ibid.
1896 5536 1988 5592 ει.

2110 5558 2111 5561 η
2150 5537 2319 5594 Exod.
2340 5554 2410 5594 xtt
2434 5583 2447 5605 ,
2479 5542 2568 5608 51,
2599 5540 2687 5609 32,
2711 5542 2800 5597 35.
2874 5542 2920 5574 ⁸³
2956 5544 2975 5598 l
3003 5542 3131 5599 Cor.
3160 5558 3273 5610 xlv,
3304 5545 3397 5599 5%.
