4050 6142
292 208 379 264 821
557 219 572 230 ⁵
1519 211 1585 268 ΙΝ
1625 211 1874 270 EXODUl

1976 212 2238 271 lOMlLlA
2277 213 2368 269 IV.

3441 212 3550 268 322

291 340 432 400 parte
472 329 552 384 sit
593 339 648 386 et
700 333 754 387 in
808 339 1078 402 potestate
1125 342 1349 398 nostra,
1406 335 1712 390 imitatores
1765 350 1865 390 nos
1895 343 1939 399 Α
1972 352 2164 391 eorum
2219 351 2410 404 poenas
2451 344 2506 389 et
2555 341 2768 388 reatum
2829 333 3108 400 sanguinis
3171 331 3419 400 exigunt.
3472 333 3548 386 Ita

291 423 394 475 ﬁeri
430 421 628 489 jubet,
677 425 866 478 dicens
891 425 980 480 ’δι
1034 442 1054 476 ι
1079 425 1436 480 λΕιιιυΙιιιιιίιιί
1483 439 1666 481 autem
1720 431 1859 484 dona

290 513 530 577 meliora,
566 515 738 586 magis
765 524 944 571 autem
973 525 1031 571 ut
1063 518 1427 586 brophetetis;
1456 537 1474 570 ι
1515 528 1788 574 tentemus
1810 530 1866 575 et
1903 510 1905 512 ’

283 619 374 660 nos
410 607 820 662 ambulationem
875 609 1151 676 suscipere
1211 623 1502 674 bonorum,
1537 623 1592 666 et
1635 614 1678 667 si
1722 614 1853 680 quid

281 708 356 751 est
387 698 438 750 in
465 699 654 763 nobis,
693 715 722 754 a
760 699 917 754 nobis
943 702 1187 771 exigere,
1215 717 1244 754 a
1281 702 1511 758 Domino
1543 719 1670 758 vero
1695 705 1864 772 pleni-

284 792 527 845 tudinem
566 795 809 848 nnmeris
837 804 1182 863 exspectare.
1212 795 1317 850 Pro
1356 797 1463 851 hoc
1491 800 1634 853 enim
1660 800 1863 853 dicitur

282 898 306 934 a
333 881 571 935 Domino
619 899 716 953 per
753 882 1078 954 Prophetam
1104 885 1156 916 ⁸⁵
1192 902 1206 939 :
1245 905 1262 938 ι
1287 886 1445 952 Aperi
1486 904 1550 943 os
1596 899 1770 953 ttmm,
1813 899 1866 946 et

279 974 502 1041 replebo
533 976 734 1039 illudn
772 992 872 1046 pro
942 977 1033 1033 illo
1052 975 1298 1033 veroalia
1312 981 1590 1052 Scriptura
1619 983 1820 1037 dicit“
1848 1006 1862 1040 ;

282 1083 301 1118 t
324 1065 513 1137 Punge
539 1070 782 1132 oculum,
809 1079 864 1124 et
891 1071 1135 1138 producit
1161 1070 1464 1138 lacrymam
1488 1091 1502 1139 ;
1538 1090 1716 1144 punge
1746 1091 1862 1140 cor,

273 1170 325 1216 et
371 1163 632 1230 producit
664 1177 906 1216 sensum.
933 1181 952 1215 ι
987 1159 1067 1215 Ne
1111 1177 1241 1233 ergo
1271 1179 1338 1217 ex
1373 1164 1757 1234 desperatione
1789 1168 1868 1221 si-

274 1253 441 1307 lentio
481 1270 588 1308 nos
615 1257 914 1320 tradamus,
945 1259 1090 1325 quod
1121 1259 1312 1326 utique
1351 1274 1457 1312 non
1505 1258 1741 1314 aediﬁcat
1775 1260 1870 1314 Ec-

272 1349 502 1401 clesiam
557 1349 678 1414 Dei,
725 1349 790 1403 de
818 1349 1013 1416 quibus
1057 1365 1370 1420 possumus,
1401 1362 1458 1408 et
1503 1353 1559 1408 in
1601 1366 1864 1422 quantum

271 1452 574 1506 pessumus
608 1440 848 1493 breviter
880 1451 1215 1508 repetamus.

339 1529 394 1582 6.
443 1530 590 1584 Puto
631 1547 782 1601 ergo,
827 1544 885 1585 ut
935 1534 1142 1590 sentire
1189 1549 1432 1603 possum,
1477 1536 1620 1605 quod
1657 1535 1868 1608 Moyses

273 1625 338 1676 ad
368 1621 676 1694 .ngyptum
711 1623 933 1679 veniens
976 1634 1030 1678 et
1060 1625 1315 1682 deferens
1349 1627 1582 1697 virgam,
1629 1644 1734 1698 qua
1772 1641 1866 1681 ca-

1964 432 2110 484 enini
2141 439 2198 483 ct
2240 429 2356 495 ipse
2404 426 2666 480 Dominus
2712 425 2931 491 dicit“,
2968 423 3097 492 quia
3136 441 3156 475 t
3183 423 3364 478 onmis
3403 440 3544 477 asan-

1963 524 2082 593 guis
2107 525 2197 592 qui
2229 522 2434 576 eﬂ'usus
2461 531 2544 575 est
2588 535 2754 588 super
2796 527 3024 581 terram,
3059 533 3087 570 a
3121 517 3384 583 sanguine
3415 514 3549 569 Abel

1960 611 2090 679 justi
2135 625 2306 680 usque
2347 611 2412 663 ad
2445 612 2770 677 sanguinem
2809 607 3112 670 Zachariae,
3159 607 3472 674 requiretur
3517 620 3548 660 a

1964 705 2320 775 generatione
2355 703 2478 757 hac.
2503 721 2521 753 ι
2568 703 2673 756 Per
2709 701 3000 756 secundam
3054 715 3185 754 vero
3217 699 3449 768 plagam,
3496 699 3550 750 in

1965 811 2072 866 qua
2104 810 2252 849 rana:
2283 796 2675 862 producuntur,
2705 791 2931 847 indicari
2962 790 3263 859 ﬁguraliter
3304 790 3542 842 arbitror

1967 888 2214 944 carmina
2275 895 2592 956 poetarum,
2641 885 2731 953 qui
2787 884 2936 937 inani
2978 884 3210 953 quadam
3257 893 3312 936 et
3353 882 3544 937 inﬂata

1968 979 2368 1044 modulatione,
2421 977 2566 1031 velut
2632 991 2891 1030 ranarum
2952 977 3105 1030 sonis
3173 985 3227 1029 et
3298 975 3548 1028 cantibus

1968 1074 2165 1127 mundo
2188 1071 2314 1126 huic
2343 1070 2677 1138 deceptionis
2707 1069 2918 1124 fabulas
2949 1069 3266 1124 intulerunt.
3294 1069 3375 1123 Ad
3411 1069 3542 1122 nihil

1968 1167 2114 1221 enim
2149 1166 2279 1218 illud
2309 1163 2510 1220 animal
2543 1164 2675 1218 utile
2711 1175 2818 1228 est,
2848 1165 2953 1219 nisi
2987 1165 3130 1231 quod
3174 1179 3366 1218 sonum
3405 1163 3553 1217 vocis

1970 1257 2237 1325 improbis
2288 1269 2345 1310 et
2407 1255 2736 1324 importunis
2790 1256 3126 1309 clamoribus
3178 1253 3372 1307 reddit.
3418 1252 3551 1308 Post

1969 1349 2076 1404 hoc
2106 1349 2354 1418 ciniphes
2382 1347 2774 1416 producuntur.
2813 1346 2926 1402 lloc
2966 1346 3168 1400 animal
3207 1347 3399 1415 pennis
3429 1346 3551 1414 qui-

1969 1441 2091 1496 dem
2135 1441 2484 1511 suspenditur
2521 1455 2617 1510 per
2647 1455 2776 1494 aera
2821 1441 3072 1503 volitans,
3114 1441 3208 1494 sed
3249 1441 3320 1493 ita
3357 1439 3555 1494 subtile

1969 1544 2053 1591 est
2091 1543 2147 1590 et
2179 1535 2483 1598 minutum,
2527 1545 2588 1589 ut
2634 1535 2777 1589 oculi
2814 1535 3021 1597 visum,
3065 1533 3171 1586 nisi
3220 1541 3378 1587 acute
3429 1547 3553 1584 cer-

1972 1632 2174 1692 nentis,
2199 1626 2454 1695 eﬂ'ugiat;
2487 1642 2689 1695 corpus
2719 1637 2900 1680 tamen
2934 1641 3055 1681 cum
3089 1625 3373 1688 insederit,
3406 1638 3554 1677 acer-

273 1717 445 1784 stigat
469 1727 529 1770 et
572 1717 821 1771 verberat
847 1715 1142 1788 Egyptum
1189 1719 1376 1774 decem
1420 1721 1618 1791 plagis,
1657 1719 1868 1792 Moyses
1901 1700 1948 1763 Β
1976 1723 2115 1776 rimo
2144 1720 2385 1774 terebrat
2423 1719 2666 1783 stimulo,
2712 1719 2786 1773 ita
2831 1729 2889 1772 ut
2917 1734 3080 1788 quem
3124 1718 3441 1771 volitantem
3473 1715 3554 1768 vi—

274 1808 364 1860 hic
400 1809 494 1860 lex
527 1809 620 1862 Dei
657 1809 759 1872 sit;
794 1824 916 1876 qure
949 1809 1076 1863 data
1115 1818 1198 1862 est
1232 1810 1360 1864 huic
1397 1810 1622 1876 mundo,
1653 1820 1712 1864 ut
1741 1826 1866 1866 eum

273 1899 475 1953 decezn
511 1899 707 1968 plagis,
741 1899 793 1952 id
825 1909 910 1953 est
935 1899 1121 1952 decem
1153 1901 1420 1954 mandatis
1451 1917 1572 1970 quae
1605 1901 1657 1954 in
1700 1901 1872 1956 Deca-

277 1991 406 2062 logo
447 1993 822 2054 continentur,
867 1993 1124 2062 corripiat
1154 2001 1207 2046 et
1241 1994 1516 2048 emendet.
1553 1993 1709 2064 Virga
1739 2010 1870 2063 ergo

281 2101 377 2154 per
430 2100 594 2154 quam
645 2095 912 2154 geruntur
943 2085 1055 2139 haec
1097 2086 1305 2149 omnia,
1350 2100 1446 2154 per
1495 2101 1656 2155 quam
1702 2084 1873 2158 Egy-

281 2187 411 2244 ptus
438 2177 733 2245 subjicitur
775 2186 831 2231 et
861 2175 1076 2230 Pharao
1120 2186 1438 2247 superatur,
1481 2192 1616 2230 crux
1667 2178 1868 2233 Christi

284 2271 386 2334 sit,
436 2284 537 2338 per
581 2284 749 2338 quant
798 2269 1034 2323 mundus
1075 2269 1166 2322 hic
1222 2269 1483 2332 vincitur,
1527 2279 1582 2322 et
1619 2269 1872 2338 princeps

288 2360 449 2425 huius
509 2361 699 2414 mundi
758 2375 880 2414 cum
938 2360 1340 2430 principatibus
1393 2369 1448 2414 et
1510 2362 1871 2428 potestatibus

287 2452 689 2521 triumphatur.
722 2451 876 2517 Quod
904 2460 1085 2504 autem
1113 2452 1268 2520 virga
1307 2449 1551 2520 projecta
1586 2453 1658 2506 sit
1683 2453 1870 2516 draco,

286 2545 375 2599 vel
431 2559 696 2614 serpens,
745 2553 801 2599 et
847 2545 1075 2599 devorat
1138 2543 1521 2615 Egyptiorum
1589 2561 1870 2613 magorum

288 2646 602 2708 serpentes,
633 2637 723 2706 qui
761 2636 814 2691 id
847 2638 1102 2691 similiter
1127 2636 1402 2703 fecerant;
1438 2649 1744 2706 serpentem
1773 2653 1872 2706 pro

289 2731 556 2799 Sapientia
608 2731 734 2800 poni
775 2729 858 2786 vel
913 2729 1226 2800 prudentia,
1272 2731 1478 2784 indicat
1525 2731 1872 2801 evangelicus

289 2837 472 2877 sermo
501 2838 628 2877 cum
675 2823 809 2878 dicit
844 2823 932 2878 ‘7:
970 2841 991 2874 ι
1022 2824 1210 2878 Estote
1265 2825 1560 2892 prudentes
1611 2834 1870 2893 tauquam

292 2927 604 2984 serpentes.
632 2934 649 2966 ι
685 2915 754 2970 Et
789 2915 916 2970 alibi
945 2916 1031 2970 σεε
1065 2935 1084 2968 t
1122 2915 1360 2985 Serpens
1389 2928 1510 2971 erat
1554 2919 1873 2987 prudentior

292 3009 547 3063 omnibus
592 3010 965 3064 animantibus
995 3018 1050 3064 et
1097 3010 1287 3065 bestiis
1330 3025 1450 3081 quae
1479 3020 1636 3064 erant
1683 3013 1734 3064 in
1777 3028 1874 3078 pa-

295 3100 538 3154 radiso.»
581 3100 729 3154 Crux
767 3115 898 3168 ergo
925 3100 1149 3168 Christi,
1188 3100 1344 3169 cujus
1375 3101 1692 3168 praedicatio
1737 3102 1872 3156 stul-

297 3195 414 3248 titia
448 3194 762 3258 videbatur,
807 3207 970 3261 quam
1001 3191 1238 3263 Moyses,
1266 3193 1317 3245 id
1356 3204 1439 3247 est
1472 3193 1580 3258 lex,
1611 3194 1872 3256 continet,

294 3290 435 3341 sicut
489 3286 754 3341 Dominus
805 3286 942 3340 dixit
969 3285 1056 3339 ‘9:
1102 3304 1120 3338 t
1153 3285 1228 3339 De
1267 3301 1352 3340 me
1391 3287 1536 3340 enim
1584 3287 1677 3342 ille
1734 3289 1874 3342 scri-

297 3380 432 3448 psit;
463 3398 483 3430 ι
521 3379 662 3443 haec,
693 3378 941 3446 inquam,
976 3393 1111 3432 crux
1147 3380 1213 3434 de
1237 3395 1345 3449 qua
1385 3379 1595 3452 Moyses
1632 3386 1874 3454 scripsit,

301 3480 586 3540 postquam
638 3469 692 3522 in
724 3479 868 3523 terra
904 3469 1140 3538 proiecta
1175 3480 1281 3536 est,
1311 3471 1364 3523 id
1393 3480 1476 3526 est
1520 3483 1872 3544 posteaquam

306 3564 375 3616 ad
403 3561 782 3616 credulitatem
814 3570 869 3615 et
899 3561 1056 3616 (idem
1087 3565 1364 3617 hominum
1401 3566 1567 3630 venit,
1612 3581 1874 3623 conversa

301 3664 383 3708 est
407 3655 458 3707 in
482 3655 831 3723 sapientiam,
849 3665 903 3709 et
925 3662 1126 3708 tantam
1149 3657 1494 3724 sapientiam,
1519 3672 1638 3727 qua:
1659 3673 1874 3713 omnem

303 3749 704 3820 Egyptiorum,
735 3747 789 3802 id
821 3759 902 3802 est
936 3747 1095 3814 hujus
1125 3748 1312 3801 mundi
1357 3750 1675 3816 sapientiam
1714 3755 1879 3805 devo-

304 3852 474 3895 raret.
526 3840 744 3895 latuere
789 3854 921 3910 ergo
971 3840 1246 3908 quomodo
1290 3840 1513 3894 stultam
1561 3839 1692 3896 fecit
1735 3842 1877 3898 Deus

302 3933 624 4004 sapientiam
665 3931 827 4001 hujus
874 3931 1083 3996 mundi,
1119 3939 1472 4001 posteaquam
1510 3932 1879 3987 manifestavit

301 4028 607 4092 Christum,
655 4028 745 4098 qui
790 4026 1087 4081 cruciﬁxus
1130 4033 1250 4089 est,
1302 4024 1393 4078 Dei
1447 4026 1704 4080 virtutem
1757 4040 1879 4082 esse

300 4130 356 4174 et
395 4119 489 4174 Dei
533 4119 894 4188 sapientiam;
923 4127 978 4173 et
1016 4118 1308 4173 universus
1332 4117 1440 4188 jam
1472 4117 1704 4171 mundus
1728 4133 1880 4173 com-

305 4214 605 4282 prehensus
632 4224 716 4268 est
742 4214 809 4268 ab
846 4227 912 4267 eo
944 4213 1036 4282 qui
1066 4213 1203 4267 dicit
1225 4213 1273 4245 "
1301 4231 1315 4267 :
1357 4231 1374 4264 ι
1397 4211 1880 4279 Comprehendens

304 4307 762 4377 comprehendam
793 4305 1068 4376 sapientes
1113 4307 1164 4359 in
1195 4306 1397 4361 astutia
1433 4319 1682 4359 eorum.»
1725 4302 1879 4369 Quod

1973 1815 2104 1870 dere
2148 1813 2275 1882 quis
2321 1828 2425 1866 non
2474 1811 2685 1878 valeat,
2732 1812 2932 1866 sentiat
2987 1809 3381 1864 stimulantem.
3441 1806 3552 1863 Hoc

1973 1923 2104 1978 ergo
2157 1905 2410 1960 animalis
2456 1920 2628 1972 genus
2675 1902 2992 1973 dignissime
3043 1899 3329 1967 putoarti
3380 1898 3552 1952 diale-

1971 2000 2127 2054 cticaa
2159 1998 2493 2066 comparari,
2533 2009 2651 2066 qua:
2683 1996 2906 2049 minutis
2933 2000 2988 2046 et
3023 1990 3315 2044 subtilibus
3355 1989 3554 2044 verbo-

1974 2102 2094 2140 rqu
2131 2086 2363 2140 stimulis
2404 2085 2615 2139 animas
2660 2083 2917 2148 terebrat,
2962 2091 3017 2134 et
3055 2089 3208 2134 tanta
3248 2078 3548 2133 calliditate

1972 2170 2350 2235 circumvenit,
2381 2181 2439 2225 ut
2470 2173 2730 2241 deceptus
2773 2185 2872 2224 nec
2915 2170 3100 2223 videat
3130 2183 3232 2223 nec
3273 2167 3553 2237 intelligat

1973 2267 2114 2320 unde
2152 2266 2438 2335 decipitur.
2467 2265 2671 2330 Quarto
2702 2277 2916 2332 quoque
2946 2263 2999 2314 in
3044 2260 3162 2316 loco
3203 2261 3550 2331 eynomyiam

1972 2357 2306 2430 Cynicorum
2353 2367 2519 2413 sectae
2559 2354 3026 2424 comparaverim,
3063 2353 3156 2423 qui
3200 2354 3268 2406 ad
3313 2353 3550 2421 reliquas

1974 2450 2314 2518 deceptionis
2354 2464 2464 2503 sua:
2503 2447 2902 2518 improbitates,
2933 2445 3098 2500 etiam
3131 2444 3462 2513 voluptatem
3496 2449 3554 2496 et

1973 2541 2248 2596 libidinem
2299 2556 2567 2594 summum
2638 2539 2934 2608 pradicant
3006 2539 3228 2592 bonum.
3281 2535 3552 2603 Quoniam

1974 2632 2138 2702 igitur
2176 2647 2271 2701 per
2301 2632 2415 2685 haec
2446 2629 2656 2699 singula
2694 2629 2843 2696 prius
2875 2628 3134 2695 deceptus
3164 2636 3247 2680 est
3291 2626 3546 2690 mundus,

1974 2723 2274 2777 adveniens
2306 2735 2504 2784 sermo,
2534 2731 2588 2774 et
2625 2719 2706 2772 lex
2744 2717 2835 2772 Dei
2869 2716 3242 2786 hujuscemodi
3272 2731 3396 2770 eum
3430 2731 3550 2770 cor-

1977 2814 2316 2884 reptionibus
2357 2812 2555 2882 arguit,
2589 2820 2646 2866 ut
2675 2827 2740 2864 ex
2773 2809 3035 2880 qualitate
3081 2823 3366 2878 poenarum
3413 2822 3552 2876 qua-

1975 2912 2160 2965 litates
2206 2910 2411 2980 proprii
2450 2916 2716 2980 agnoscat
2757 2905 2982 2962 erroris.
3019 2905 3173 2971 Quod
3203 2917 3332 2958 vero
3363 2903 3555 2971 quinto

1976 3003 2030 3056 in
2067 3001 2185 3057 loco
2214 2999 2529 3055 animalium
2562 3013 2692 3054 nece
2720 2997 2802 3053 vel
2832 2997 3098 3067 pecudum
3124 2993 3396 3065 Egyptus
3421 3009 3552 3048 ver-

1979 3099 2224 3156 beratur,
2259 3092 2512 3146 vecordia
2545 3092 2599 3144 in
2628 3090 2731 3144 hoc
2761 3089 3006 3159 arguitur
3039 3088 3377 3156 stultitiaque
3407 3102 3555 3141 mor-

1980 3186 2189 3250 talium,
2234 3185 2324 3254 qui
2361 3196 2616 3253 tauquam
2667 3180 3062 3236 irrationabilia
3109 3195 3307 3249 pecora
3342 3179 3548 3233 cultum

1977 3289 2032 3333 et
2058 3278 2378 3333 vocabulum
2411 3277 2502 3332 Dei
2531 3275 2760 3330 diversis
2787 3275 3165 3343 imposuerunt
3195 3271 3407 3341 ﬁguris,
3439 3286 3550 3325 non

1977 3372 2149 3428 Solum
2175 3371 2479 3435 hominum,
2507 3369 2602 3424 sed
2628 3378 2684 3421 et
2709 3366 2996 3434 pecudum,
3026 3364 3173 3433 ligno
3197 3374 3252 3418 et
3279 3364 3553 3431 lapidibus

1979 3464 2284 3535 impressis.
2311 3462 2664 3516 llammOnem
2695 3459 2880 3512 Jovem
2915 3458 3170 3510 iu'ariete
3203 3463 3552 3522 venerantes,

1977 3568 2033 3613 et
2063 3557 2279 3612 Anubin
2321 3557 2373 3609 in
2404 3568 2560 3617 cane,
2585 3553 2724 3622 Apin
2757 3565 2973 3621 quoque
2999 3549 3242 3604 colentes
3271 3548 3324 3602 in
3368 3556 3550 3608 tauro,

1978 3661 2175 3705 cattera
2232 3661 2449 3719 quoque
2505 3662 2626 3714 qua:
2676 3643 2947 3714 Egyptus
3013 3642 3238 3695 deorum
3304 3649 3556 3710 portenta

1979 3744 2229 3805 miratur,
2265 3749 2324 3793 ut
2357 3741 2409 3794 in
2449 3740 2648 3808 quibus
2679 3735 2883 3790 cultum
2922 3734 3222 3788 credebant
3265 3733 3447 3786 inesse
3475 3732 3560 3786 di-

1977 3837 2191 3897 vinum,
2220 3835 2272 3888 in
2310 3834 2394 3888 his
2424 3833 2668 3888 viderent
2698 3828 3001 3884 miseranda
3033 3827 3318 3896 supplicia.
3356 3825 3552 3881 Ulcera

1979 3938 2100 3998 post
2133 3929 2249 3982 lucc
2275 3937 2331 3981 et
2367 3926 2558 3980 vesicae
2605 3937 2730 3977 cum
2778 3922 2992 3977 fervore
3041 3929 3196 3974 sexto
3227 3918 3281 3972 in
3321 3920 3553 3976 verbere

1980 4022 2375 4092 producuntur.
2421 4017 2491 4072 Et
2539 4017 2755 4071 videtur
2800 4013 2931 4067 mihi
2981 4013 3125 4081 quotl
3178 4011 3231 4064 in
3277 4011 3557 4066 ulceribus

1981 4123 2243 4182 arguatur
2275 4109 2464 4164 dolosa
2490 4117 2546 4161 et
2577 4105 2865 4176 purulenta
2897 4102 3123 4166 malitia,
3153 4101 3206 4155 in
3239 4101 3436 4154 vesicis
3466 4108 3554 4153 tu-

1983 4221 2138 4261 mens
2165 4215 2220 4260 et
2258 4201 2440 4256 inﬂata
2477 4197 2751 4266 superbia,
2772 4197 2831 4252 in
2870 4194 3084 4250 fervore
3113 4191 3207 4248 irte
3246 4208 3311 4248 ac
3357 4191 3558 4245 luroris

1982 4298 2219 4355 insania.
2276 4294 2571 4361 Hueusque
2623 4303 2722 4358 per
2781 4301 3031 4342 errorum
3083 4301 3304 4342 suorum
3357 4284 3558 4352 liguras

305 4419 435 4458 vero
475 4415 631 4469 aqua:
668 4399 907 4454 ﬂuminis
948 4409 1232 4455 vertuntur
1273 4400 1325 4453 in
1371 4399 1714 4469 sanguinem,
1746 4399 1881 4453 satis
1910 4393 1955 4448 D
1987 4389 2187 4447 nmndo
2216 4386 2480 4457 supplicia
2511 4379 2907 4452 temperantur.

309 4493 695 4550 convenienter
747 4503 985 4560 aptatur.
1017 4489 1202 4543 Primo
1236 4491 1453 4558 quidem
1505 4499 1563 4544 ut
1595 4491 1642 4544 is
1688 4487 1884 4544 ﬂuvius

312 4588 394 4641 cui
429 4583 780 4640 Hebraeorum
815 4581 1077 4651 parvulos
1111 4581 1316 4637 crudeli
1347 4595 1480 4634 nece
1521 4580 1882 4646 tradiderant,

313 4677 630 4733 auctoribus
673 4673 896 4730 sceleris
943 4672 1198 4743 poculum
1250 4671 1535 4741 sanguinis
1589 4671 1884 4736 redderet,

314 4781 368 4826 et
391 4783 643 4825 cruorem
671 4765 860 4837 polluti
903 4765 1160 4834 gurgitis,
1188 4777 1352 4832 quem
1382 4761 1694 4831 parricidali
1735 4763 1886 4816 caede

315 4862 744 4927 maculaverant,
781 4858 1021 4928 potando
1069 4858 1356 4911 sentirent.
1407 4854 1544 4908 Tum
1576 4854 1791 4919 deinde,
1827 4863 1885 4908 ut

314 4953 621 5024 allegoricis
664 4949 873 5020 legibus
917 4947 1051 5001 nihil
1091 4947 1255 5011 desit,
1309 4960 1461 5014 aqua:
1503 4956 1788 4999 vertuntur
1831 4945 1883 4999 in

316 5044 656 5115 sanguinem,
703 5051 760 5098 et
808 5040 1031 5110 sanguis
1083 5055 1217 5094 suus
1269 5037 1506 5109 [Egypto
1540 5038 1881 5108 propitiatur.

315 5141 482 5208 Aquae
526 5135 784 5208 Egypti,
828 5133 1066 5188 erratica
1111 5143 1167 5185 et
1200 5131 1404 5185 lubrica
1439 5131 1884 5200 philosophorum

315 5242 444 5288 sunt
485 5233 776 5303 dogmata,
824 5242 944 5298 quau
994 5224 1246 5295 parvulos
1294 5239 1540 5294 quosque
1582 5239 1785 5289 sensu,
1833 5233 1888 5276 et

317 5339 512 5394 pueros
555 5320 912 5391 intelligentia
970 5317 1128 5390 142
1185 5317 1556 5385 deceperunt;
1612 5315 1701 5369 ubi
1753 5327 1886 5368 crux

318 5418 514 5474 Christi
553 5416 761 5472 mundo
793 5414 919 5469 huic
955 5413 1204 5468 veritatis
1239 5409 1420 5464 lumen
1449 5407 1710 5471 ostendit,
1737 5407 1886 5462 necis

387 5612 430 5643 “
465 5611 638 5666 lCor.
663 5621 741 5662 xtl
761 5645 776 5671 ,
804 5607 896 5671 51,
923 5605 1018 5658 etl
1046 5605 1171 5660 Cor.
1203 5618 1312 5668 χιιι,
1345 5603 1393 5656 1.

320 5698 408 5748 ut,
439 5685 486 5739 1.
566 5681 615 5715 ⁸⁸
659 5679 825 5734 Joan.
853 5693 903 5744 v,
931 5677 1019 5730 46.
1095 5676 1141 5709 ⁷ο
1167 5673 1186 5726 1
1211 5675 1336 5730 Cor.
1372 5686 1454 5736 ιιι,
1481 5672 1568 5726 19.

1469 5601 1514 5633 ⁸⁸
1556 5597 2006 5661 Psal.t.xxx1,10.
2081 5595 2126 5625 ⁸⁸
2166 5593 2333 5648 Eccli.
2364 5605 2511 5652 χιιι,
2547 5586 2639 5640 24.

1645 5671 1686 5702 ⁷¹
1719 5673 1905 5725 Matth.
1935 5682 2088 5734 χχιιι,
2111 5664 2201 5720 ⁸55.

2053 4483 2107 4536 Ἰ.
2133 4481 2282 4540 Post
2323 4480 2438 4534 haec
2471 4491 2602 4532 vero
2655 4475 2883 4530 verbera
2935 4470 3161 4526 veniunt
3194 4470 3260 4524 de
3305 4467 3559 4538 supernis

1983 4588 2165 4641 voces,
2199 4572 2410 4642 inquit,
2463 4568 2723 4629 tonitrui,
2775 4565 2892 4618 sine
2935 4562 3101 4618 dubio
3144 4570 3200 4614 et
3245 4562 3472 4630 grando,
3502 4571 3559 4614 et

1983 4666 2123 4738 ignis
2172 4665 2486 4721 discurrens
2531 4662 2586 4716 in
2634 4659 2916 4729 grandine.
2965 4654 3102 4710 Vide
3153 4663 3557 4723 temperamen-

1986 4771 2098 4816 tum
2142 4759 2341 4813 divinae
2390 4753 2794 4825 correptionis;
2858 4766 2962 4804 non
3013 4762 3136 4802 cum
3183 4746 3398 4802 silentio
3431 4760 3558 4800 ver-

1984 4855 2163 4916 berat,
2197 4850 2290 4904 sed
2323 4849 2416 4903 dat
2446 4862 2629 4908 voces,
2661 4853 2717 4898 et
2753 4844 3058 4898 doetrinam
3103 4839 3327 4892 ctelitus
3369 4838 3556 4901 mittit,

1985 4961 2081 5014 per
2104 4958 2265 5013 quam
2295 4941 2467 5012 possit
2499 4938 2714 5008 culpam
2746 4952 2897 4991 suam
2928 4933 3225 5000 castigatus
3259 4944 3562 4998 agnoscere

1988 5038 2240 5092 mundus.
2290 5036 2383 5088 Dat
2429 5043 2484 5086 et
2515 5031 2874 5102 grandinem,
2921 5040 3021 5095 per
3064 5038 3226 5094 quam
3271 5033 3328 5076 et
3373 5034 3560 5077 tenera

1988 5130 2168 5185 adhuc
2197 5134 2476 5182 vastentur
2508 5123 2784 5178 nascentia
2819 5119 3098 5174 vitiorum.
3145 5116 3243 5169 Dat
3271 5125 3327 5169 et
3357 5115 3562 5181 ignem,

1994 5220 2173 5275 sciens
2205 5232 2324 5273 esse
2354 5216 2545 5284 spinas
2582 5224 2638 5268 et
2691 5210 2942 5272 tribulos,
2989 5221 3128 5278 quos
3175 5205 3374 5260 debeat
3423 5205 3564 5274 ignis

1997 5311 2085 5367 ille
2113 5311 2430 5380 depascere,
2476 5306 2542 5360 de
2585 5319 2693 5374 quo
2739 5301 2872 5356 dicit
2914 5298 3174 5354 Dominus
3195 5297 3288 5351 7':
3327 5314 3345 5346 ι
3377 5295 3561 5364 Ignem

1994 5405 2117 5461 veni
2148 5405 2366 5459 mittere
2397 5403 2450 5455 iu
2485 5409 2708 5454 terram.
2732 5414 2750 5448 ι
2795 5394 2897 5451 Per
2939 5395 3083 5448 hunc
3107 5391 3253 5446 enim
3289 5389 3560 5443 incentiva

2716 5586 2759 5617 ⁸⁷
2801 5583 2986 5640 Matth.
3016 5597 3073 5647 ι,
3106 5580 3195 5634 16.
3289 5569 3334 5602 ⁸⁸
3356 5578 3557 5633 Getice.

2276 5664 2322 5695 τ’
2357 5661 2488 5715 Luc.
2520 5674 2622 5724 xu,
2646 5655 2734 5712 49.
