4050 6142
344 303 445 359 325

1591 310 1659 368 IN
1698 311 1985 369 EXODUM
2018 312 2303 369 HOMILIA
2342 313 2411 371 γ.

3502 309 3609 365 δὲϐ

341 434 389 476 et
425 423 729 493 religionis
787 428 1114 484 assertionis
1169 437 1448 485 certamen
1503 439 1590 486 est
1642 433 1933 486 adversum
1965 432 2107 493 Aad
2161 431 2420 486 Ecclesim
2465 429 2881 486 instructionem
2937 426 3134 484 merito
3188 424 3392 483 datam.
3437 422 3610 480 Judaei

339 515 739 588 Pharaonem;
783 521 901 576 sive
939 523 1103 576 etiam
1147 522 1400 577 obsessas
1439 523 1506 576 ab
1545 537 1612 577 eo
1647 522 1860 577 animas
1899 539 1929 576 a

335 620 626 685 potestate
687 612 806 680 cjus
847 629 1111 667 conamur
1157 615 1392 682 eripere,
1432 624 1487 668 et
1533 623 1617 668 est
1669 615 1823 668 nobis
1875 615 1926 668 in

337 702 734 772 diSputatione
769 705 1079 769 luctamen;
1115 719 1218 758 non
1243 705 1424 758 statim
1455 705 1507 758 in
1541 705 1711 772 prima
1754 705 1930 758 fronte

331 794 552 863 ingredi
607 795 874 850 debemus
906 795 972 847 ad
1007 793 1197 847 ultima
1249 796 1608 862 quaestionum
1660 795 1798 861 loca,
1833 798 1928 851 sed

328 886 752 938 occurrendum
789 885 944 938 nobis
978 885 1411 948 estadvetsario,
1446 894 1500 940 et
1529 886 1926 940 occurrendum

323 978 389 1028 ad
425 990 621 1044 aquas
648 991 801 1030 suas.
825 975 994 1043 Aqua:
1032 974 1176 1029 enim
1219 989 1330 1030 sua:
1361 984 1488 1029 sunt
1517 987 1767 1031 auctores
1795 992 1928 1045 gen-

326 1069 514 1121 tilium
545 1063 1266 1138 philosophorumJbiergo
1306 1069 1460 1122 nobis
1483 1073 1717 1136 primum
1743 1069 1932 1136 dispu-

323 1167 447 1213 tare
483 1159 838 1224 volentibus,
863 1159 1258 1212 occurrendum
1292 1167 1398 1220 est,
1434 1169 1490 1212 ut
1542 1160 1690 1226 ipsos
1732 1176 1929 1228 argua-

324 1266 452 1303 mus
483 1261 547 1304 et
597 1252 747 1320 ipsos
774 1263 994 1304 errasse
1039 1249 1349 1308 doceamus.
1386 1249 1516 1304 Post
1550 1251 1654 1305 hoc
1687 1250 1800 1318 jam
1853 1251 1929 1303 in-

319 1343 712 1411 grediendum
770 1345 926 1399 nobis
975 1355 1058 1400 est
1096 1355 1150 1400 et
1189 1347 1254 1400 ad
1293 1345 1550 1399 interiora
1587 1344 1923 1399 certaminis.

325 1433 478 1487 Dicit
511 1436 674 1488 enim
707 1435 969 1490 Dominus
999 1437 1045 1468 ⁸³
1073 1455 1088 1490 :
1127 1455 1146 1487 ι
1180 1435 1289 1490 Nisi
1336 1438 1485 1506 prius
1521 1436 1642 1504 quis
1671 1437 1930 1506 alligave-

320 1526 401 1578 rit
438 1525 686 1591 fortem,
721 1542 827 1580 non
857 1539 1035 1596 potest
1079 1529 1309 1582 introire
1365 1529 1418 1582 in
1450 1529 1666 1581 domum
1713 1527 1830 1597 ejus
1872 1537 1930 1583 ct

321 1628 470 1672 vasa
501 1619 632 1689 ejus
656 1619 917 1689 diripere.
943 1638 961 1672 ι
988 1620 1145 1675 Prius
1171 1635 1302 1689 ergo
1336 1620 1637 1691 alligandos
1665 1630 1747 1674 est
1769 1619 1926 1674 fortis

323 1721 382 1763 ct
413 1713 796 1780 quaestionum
832 1714 1066 1768 vinculis
1117 1714 1602 1782 constringeudus,
1647 1724 1702 1766 et
1731 1714 1803 1766 ita
1841 1713 1935 1766 ina

2033 538 2167 593 ergo
2206 524 2310 577 hoc
2335 524 2504 575 solum
2535 521 2928 590 intelligebant,
2955 523 3078 589 quia
3106 519 3329 588 profecti
3361 531 3486 573 sunt
3511 518 3610 574 ﬁlii

2031 615 2200 669 Israel
2233 619 2298 669 de
2327 615 2584 686 Egypto,
2613 624 2670 669 et
2700 615 2872 683 prima
2903 613 3167 682 profectio
3197 628 3382 666 eorum
3410 611 3512 665 fuit
3541 625 3608 666 ex

2032 706 2312 770 Ramesse,
2340 717 2394 760 et
2428 708 2551 760 inde
2578 707 2803 776 profecti
2837 714 3100 760 venerunt
3131 704 3182 757 in
3227 704 3464 756 Sochoth
3487 743 3502 768 ,
3550 709 3606 755 et

2030 805 2097 854 de
2128 798 2369 853 Sochoth
2395 797 2641 867 profecti,
2679 807 2944 852 venerunt
2989 797 3042 850 in
3072 796 3275 858 Othon,
3316 796 3381 848 ad
3428 795 3605 864 Epan-

2031 891 2173 946 leum
2201 892 2354 960 juxta
2396 905 2564 944 mare.
2600 890 2736 944 Tum
2779 889 2975 943 deinde
3003 888 3145 956 quod
3196 887 3272 940 ibi
3309 887 3481 942 nubes
3511 902 3608 940 eos

2029 984 2395 1052 praecesserit,
2439 991 2494 1036 et
2528 992 2711 1036 secuta
2761 982 2835 1034 sit
2889 990 3064 1050 petra,
3114 980 3180 1033 de
3211 995 3315 1049 qua
3357 982 3608 1034 biberunt

2029 1091 2248 1144 aquam.
2285 1074 2645 1129 Transierunt
2683 1073 2845 1126 etiam
2895 1087 2990 1140 per
3039 1087 3188 1125 mare
3237 1072 3502 1131 Rubrum,
3550 1079 3607 1124 et

2029 1175 2298 1221 venerunt
2346 1167 2399 1220 in
2445 1167 2722 1220 desertum
2756 1165 2910 1217 Sina.
2946 1162 3114 1218 Nobis
3159 1172 3338 1216 autem
3387 1162 3602 1230 qualem

2029 1257 2310 1310 tradiderit
2344 1258 2410 1311 de
2447 1257 2530 1310 his
2560 1255 2761 1309 Paulus
2790 1253 3066 1322 apostolus
3114 1252 3486 1322 intelligentia:
3517 1267 3607 1306 re-

2027 1348 2241 1418 gulam,
2294 1349 2596 1402 videamus.
2643 1347 2945 1402 Corinthiis
2985 1345 3237 1400 scribens
3283 1346 3333 1397 in
3368 1345 3603 1413 quodam

2028 1438 2144 1493 loco
2183 1439 2256 1492 ita
2283 1439 2415 1492 dicit
2444 1439 2488 1470 ⁸³
2535 1453 2546 1484 :
2593 1456 2611 1488 ι
2651 1437 2865 1490 Scimus
2892 1435 3034 1490 enim
3067 1435 3190 1504 quia
3212 1446 3392 1504 patres
3431 1436 3604 1490 nostri

2026 1548 2216 1587 omnes
2239 1533 2338 1585 sub
2371 1533 2512 1584 nube
2531 1529 2769 1594 fuerunt,
2785 1538 2838 1582 et
2861 1543 3050 1582 omnes
3076 1543 3227 1581 mare
3251 1527 3600 1592 transierunt,

2027 1633 2080 1677 et
2124 1638 2315 1677 omnes
2354 1622 2405 1675 in
2446 1621 2628 1690 Moyse
2675 1620 2935 1690 baptizati
2982 1628 3112 1674 sunt
3155 1619 3208 1672 in
3260 1619 3401 1672 nube
3442 1628 3497 1672 et
3546 1619 3603 1674 in

2031 1717 2189 1779 mari,
2213 1726 2265 1770 et
2299 1730 2488 1769 omnes
2523 1713 2770 1767 eamdem
2815 1728 2993 1766 escam
3031 1712 3328 1780 Spiritalem
3373 1711 3604 1765 mandu-

324 1807 682 1860 troeundum
727 1808 793 1861 ad
833 1805 1136 1875 diripienda
1182 1820 1308 1859 vasa
1351 1806 1466 1872 ejus
1521 1814 1575 1859 et
1621 1805 1924 1858 liberandas
1955 1782 1998 1836 Β
2033 1817 2317 1871 caverunt,
2355 1816 2410 1861 et
2437 1821 2628 1860 omnes
2657 1803 2908 1858 eumdem
2955 1814 3140 1874 potum
3190 1803 3485 1870 spiritalem
3518 1803 3602 1856 bi-

328 1898 591 1962 animas,
626 1913 771 1967 quas
799 1899 1136 1966 deceptiouis
1189 1897 1379 1951 fraude
1407 1897 1740 1966 possederat.
1773 1897 1924 1962 Quod

331 2004 465 2043 cum
493 1992 700 2058 saepius
736 1991 1049 2055 fecerimus,
1076 1999 1129 2044 et
1155 1991 1470 2045 steterimus
1494 1999 1682 2044 contra
1713 1990 1883 2055 ipsum
1907 2005 1922 2054 ;

333 2084 667 2138 steterimus
694 2096 875 2139 autem
901 2099 967 2138 eo
1003 2085 1180 2147 modo,
1208 2099 1316 2154 quo
1350 2083 1644 2152 Apostolus
1689 2082 1882 2137 dicit“
1907 2099 1922 2138 :

341 2192 361 2224 ι
393 2174 556 2230 State
590 2191 725 2244 ergo
749 2176 1011 2230 succincti
1053 2176 1262 2229 lumbos
1293 2188 1504 2230 vestros
1532 2177 1583 2228 in
1609 2176 1872 2240 veritate;
1898 2192 1918 2227 ι

334 2278 393 2320 et
421 2271 627 2322 iterum
650 2269 695 2300 ⁸⁸
725 2285 742 2320 :
773 2287 791 2318 ι
814 2268 968 2322 State
1000 2268 1052 2320 iu
1081 2267 1326 2333 Domino,
1367 2277 1423 2322 et
1447 2267 1680 2321 viriliter
1705 2267 1874 2336 agite;
1899 2287 1921 2319 ι

337 2371 463 2410 cum
515 2371 650 2426 ergo
697 2357 802 2411 hoc
851 2359 1010 2412 modo
1039 2357 1358 2411 steterimus
1393 2358 1677 2410 adversum
1715 2358 1921 2426 ipsum,

338 2447 432 2501 ille
463 2449 670 2503 artifex
706 2449 964 2516 antiquus
997 2459 1052 2502 et
1097 2448 1326 2502 callidus
1367 2449 1527 2502 etiam
1560 2448 1704 2501 vinci
1754 2463 1813 2504 se
1850 2452 1926 2504 si-

341 2543 578 2595 mulabit
619 2551 678 2596 et
721 2543 940 2606 cedere,
983 2543 1026 2594 si
1067 2542 1205 2595 forte
1240 2555 1334 2609 per
1375 2539 1476 2594 hoc
1507 2540 1924 2610 negligentiores

341 2647 444 2686 nos
475 2632 680 2686 cﬂiciat
714 2630 782 2684 ad
808 2640 1106 2686 certamen.
1134 2631 1240 2684 Sed
1265 2641 1318 2684 et
1351 2630 1724 2699 paenitentiam
1756 2633 1926 2686 simu-

343 2721 496 2786 labit,
544 2734 602 2776 et
638 2722 1025 2791 deprecabitur
1068 2739 1170 2777 nos
1211 2723 1494 2778 discedere
1538 2723 1782 2792 quidem,
1825 2725 1922 2779 sed

345 2829 449 2867 non
491 2815 654 2883 longe
686 2815 986 2869 discedere.
1025 2813 1154 2868 Vult
1199 2830 1297 2868 nos
1331 2829 1452 2869 esse
1491 2815 1592 2870 sibi
1635 2814 1813 2884 aliqua
1853 2831 1919 2870 ex

343 2917 492 2975 parte
526 2907 765 2970 vicinos,
795 2905 909 2958 vult
946 2920 1043 2958 nos
1071 2922 1095 2955 a
1117 2906 1230 2958 suis
1259 2905 1457 2959 ﬁnibus
1487 2920 1593 2958 non
1622 2904 1783 2975 longe
1810 2905 1923 2959 dis-

352 2998 570 3052 cedere.
606 2997 714 3050 Sed
755 3011 856 3050 nos
919 2997 1025 3052 nisi
1067 2997 1135 3050 ab
1176 3011 1242 3050 eo
1282 2995 1498 3065 longius
1525 2995 1841 3050 recedamus
1866 3005 1922 3050 et

345 3098 694 3143 transeamus
719 3103 890 3155 mare,
923 3097 980 3144 et
1021 3089 1302 3143 dicamus:
1341 3106 1360 3140 ι
1398 3087 1669 3154 Quantum
1701 3087 1923 3154 interja-

344 3189 428 3236 cet
469 3190 631 3236 ortus
680 3182 750 3235 ab
777 3196 998 3248 occasu,
1033 3180 1306 3251 elongavit
1337 3195 1367 3234 a
1400 3180 1556 3235 nobis
1601 3180 1917 3249 iniquitates

315 3277 320 3283 '
345 3286 564 3329 nostras
586 3274 665 3339 ⁸⁶;
687 3293 708 3326 ι
732 3274 866 3328 salvi
901 3289 1021 3328 esse
1051 3290 1158 3328 non
1190 3287 1499 3342 possumus.
1526 3271 1755 3344 Pr0pter
1776 3275 1919 3343 quod

347 3370 706 3437 deprecemur
733 3367 1169 3421 misericordiam
1217 3367 1452 3431 Domini,
1490 3376 1548 3420 ut
1577 3376 1632 3421 et
1678 3383 1776 3421 nos
1811 3368 1920 3420 eri-

346 3462 457 3531 piat
487 3463 555 3516 de
583 3472 732 3516 terra
759 3457 1010 3532 Egypti,
1063 3461 1128 3513 de
1159 3466 1432 3528 potestate
1469 3460 1834 3524 tenebrarum,
1865 3467 1920 3512 et

351 3555 692 3608 Pharaonem
751 3569 873 3607 cum
907 3552 1147 3606 exercitu
1203 3567 1302 3606 suo
1343 3561 1596 3620 tanquam
1640 3550 1916 3621 plumbum

353 3647 633 3714 demergat
662 3646 713 3697 in
739 3659 935 3715 aquam
969 3643 1386 3696 validissimam.
1418 3641 1528 3696 Nos
1573 3652 1753 3696 autem
1784 3642 1918 3696 libe-

357 3739 471 3801 rati,
496 3754 622 3792 cum
649 3737 846 3805 gaudio
868 3747 920 3787 et
940 3733 1302 3788 exsultatione
1319 3737 1572 3805 hymnum
1595 3754 1613 3786 ι
1638 3744 1918 3787 cantemus

351 3831 593 3897 Domino,
631 3830 868 3897 gloriose
923 3828 1066 3880 enim
1107 3828 1505 3880 honoriﬁcatus
1533 3835 1616 3879 est
1641 3823 1705 3889 ⁸⁷,
1731 3843 1750 3876 ι
1788 3827 1914 3894 quia

351 3924 449 3992 ipsi
487 3923 661 3992 gloria
691 3933 747 3977 et
781 3922 955 3976 honor
1003 3923 1053 3974 in
1097 3920 1292 3973 saecula
1340 3919 1683 3972 saeculorum.
1719 3919 1914 3973 Amen.

940 4012 1220 4068 ιιοιιιιιΑ
1271 4013 1325 4068 ν.

415 4109 491 4163 De
529 4107 855 4177 profectione
879 4105 1116 4172 ﬁliorum
1143 4101 1311 4155 Israel
1335 4102 1399 4154 de
1424 4111 1562 4152 terra
1587 4097 1831 4168 zEgypu'.

414 4203 466 4256 1.
504 4201 704 4255 Doctor
739 4199 978 4268 gentium
1024 4197 1077 4248 in
1127 4195 1233 4248 ﬁde
1266 4204 1320 4246 et
1360 4193 1596 4247 veritate
1635 4191 1916 4259 apostolus

347 4289 543 4343 Paulus
563 4288 610 4319 ⁸⁸
659 4287 884 4340 tradidit
929 4285 1204 4347 Ecclesiae,
1245 4297 1411 4352 quam
1457 4283 1810 4351 congregavit
1845 4297 1914 4336 ex

345 4381 615 4450 gentibus,
649 4379 923 4448 quomodo
954 4377 1119 4429 libros
1155 4375 1286 4444 legis
1331 4383 1612 4442 susceptos
1655 4374 1721 4426 ab
1754 4373 1910 4439 aliis,

2032 1905 2248 1959 berunt.
2274 1902 2534 1956 Bibebaut
2564 1911 2743 1954 autem
2766 1901 2832 1953 de
2850 1899 3081 1966 spiritali
3105 1909 3477 1967 consequente
3506 1913 3602 1954 eos

2028 2004 2202 2064 petra,
2238 2005 2389 2062 petra
2428 2008 2558 2046 vero
2590 2003 2706 2045 erat
2735 1991 3001 2045 Christus.
3034 2011 3054 2044 ›
3093 1989 3299 2045 Videtis
3330 2003 3599 2059 quantum

2029 2085 2244 2140 differat
2293 2085 2364 2139 ab
2405 2084 2669 2138 historica
2714 2083 2945 2137 lectione
2975 2083 3124 2137 Pauli
3169 2084 3409 2140 traditio.
3446 2083 3602 2151 Quod

2025 2179 2196 2234 Judmi
2251 2178 2538 2231 transitum
2589 2177 2755 2231 maris
2798 2175 3233 2246 putant,Pau|us
3273 2177 3601 2245 baptismum

2029 2281 2222 2334 vocat;
2258 2286 2420 2340 quam
2469 2270 2543 2323 illi
2575 2269 2892 2322 existimant
2933 2271 3148 2329 nubem,
3195 2267 3394 2322 Paulus
3428 2269 3603 2339 Spiri-

2031 2374 2140 2416 tum
2187 2372 2436 2416 sanctum
2472 2362 2658 2430 ponit:
2702 2372 2756 2414 et
2813 2363 2937 2417 huic
2975 2361 3150 2416 simile
3207 2361 3431 2426 intelligi
3489 2359 3603 2414 vult

2027 2455 2338 2524 illud,qnod
2372 2453 2631 2508 Dominus
2653 2452 2705 2504 in
2735 2451 3040 2522 Evangeliis
3057 2449 3513 2520 praecepitdiceus
3527 2448 3598 2503 ’°:

2031 2565 2050 2600 ι
2091 2546 2201 2600 Nisi
2224 2547 2346 2613 quis
2375 2553 2597 2599 renatus
2623 2543 2784 2597 fuerit
2807 2559 2872 2597 ex
2909 2559 3046 2612 aqua
3076 2553 3130 2595 et
3159 2538 3362 2608 Spiritu
3388 2551 3598 2607 sancto,

2027 2659 2134 2698 non
2191 2650 2366 2710 potest
2418 2640 2623 2693 intrare
2673 2639 2724 2692 in
2767 2653 2994 2708 regnum
3049 2635 3166 2688 Dei.
3211 2653 3230 2686 ›
3270 2620 3346 2687 Et
3380 2647 3600 2686 rursum

2025 2747 2246 2798 manna,
2291 2731 2434 2801 quod
2483 2728 2652 2784 Judaei
2701 2728 2884 2782 cibum
2933 2727 3151 2780 ventris
3182 2737 3238 2780 et
3288 2725 3598 2779 satietatem

2024 2825 2338 2880 existimant
2370 2821 2526 2892 gulze.
2559 2835 2738 2876 escam
2787 2818 3087 2890 spiritalem
3120 2817 3362 2871 nominat
3381 2817 3598 2874 Paulus.

2023 2919 2090 2971 Et
2128 2932 2232 2970 non
2259 2916 2430 2970 solum
2465 2915 2684 2981 Paulus,
2729 2913 2823 2968 sed
2855 2922 2910 2966 et
2947 2911 3207 2966 Dominus
3230 2909 3296 2964 de
3319 2909 3507 2963 eodem
3542 2911 3597 2963 in

2026 3008 2319 3076 Evangelia
2351 3007 2588 3061 dicit“:
2628 3024 2647 3058 ι
2688 3005 2880 3060 Patres
2919 3002 3082 3056 vestri
3118 3015 3316 3054 manna
3364 3001 3598 3054 mandu-

2025 3109 2290 3153 caverunt
2341 3099 2395 3152 in
2432 3098 2682 3160 deserto,
2721 3107 2776 3149 ct
2825 3096 3024 3149 mortui
3065 3104 3212 3148 sunt.
3267 3091 3366 3158 Qui
3415 3099 3596 3146 autem

2025 3191 2436 3246 manducavcrit
2461 3190 2528 3244 de
2547 3203 2684 3258 pane
2707 3203 2868 3258 quem
2885 3201 2985 3257 ego
3010 3185 3078 3240 do
3107 3187 3180 3250 ei,
3205 3200 3310 3238 non
3333 3185 3597 3239 morietur

2023 3285 2373 3336 inmternum.
2419 3300 2437 3333 ›
2481 3281 2543 3334 Ει
2581 3289 2701 3349 post
2729 3282 2832 3333 hoc
2883 3279 3020 3332 dicit
3056 3294 3070 3331 :
3108 3296 3126 3330 ι
3155 3278 3266 3347 Ego
3287 3293 3405 3330 sum
3440 3277 3598 3343 panis

2022 3377 2196 3441 vivus,
2229 3379 2318 3446 qui
2357 3377 2424 3429 de
2460 3374 2598 3428 callo
2626 3373 2902 3426 descendi.
2946 3389 2965 3422 ι
3007 3370 3140 3422 Τιιιιι
3172 3371 3366 3425 deinde
3413 3370 3484 3428 de
3511 3386 3599 3422 se-

2019 3471 2203 3538 quenti
2247 3477 2396 3538 petra
2433 3477 2622 3533 aperte
2646 3464 2959 3533 pronuntiat
3001 3462 3218 3530 Paulus,
3253 3472 3305 3517 et
3341 3462 3476 3516 dicit
3501 3461 3592 3513 9':

2025 3578 2042 3610 ι
2084 3559 2241 3612 Petra
2292 3572 2420 3611 vero
2443 3567 2561 3610 erat
2589 3555 2866 3610 Christus.
2904 3573 2922 3606 ι
2961 3555 3099 3619 Quid
3133 3554 3296 3624 igitur
3326 3554 3594 3621 agendum

2020 3651 2175 3704 nobis
2205 3658 2308 3711 est,
2342 3649 2432 3716 qui
2460 3647 2766 3716 hujusmodi
2796 3663 2825 3698 a
2857 3645 3024 3698 Paulo
3054 3645 3308 3698 Ecclesia:
3337 3646 3596 3713 magistro

2020 3742 2396 3810 intelligentia:
2425 3741 2672 3794 instituta
2715 3737 3089 3804 suscepimus?
3148 3737 3336 3791 Nonne
3371 3737 3590 3790 videtur

2012 3831 2240 3900 justum,
2267 3841 2324 3886 ut
2354 3833 2604 3884 traditam
2630 3829 2786 3883 nobis
2817 3827 3125 3895 lmjusmodi
3162 3827 3398 3898 regulam
3429 3826 3594 3881 simili

2018 3924 2071 3976 in
2094 3921 2305 3975 caneris
2325 3934 2607 3974 servemus
2625 3917 2907 3987 exemplo?
2933 3915 3036 3981 Au,
3058 3927 3114 3969 ut
3135 3918 3352 3984 quidam
3374 3918 3593 3983 volunt,

2018 4016 2132 4069 lucc
2165 4030 2286 4084 qua:
2318 4023 2502 4067 tantus
2537 4028 2600 4067 ac
2640 4013 2762 4065 talis
2806 4010 3100 4079 Apostolus
3137 4012 3380 4078 tradidit,
3424 4011 3594 4064 relin-

2015 4118 2265 4174 quentes,
2297 4121 2507 4158 rursum
2543 4104 2606 4158 ad
2637 4103 2894 4158 Judaicas
2920 4103 3131 4155 fabulas
3165 4101 3592 4156 convertamur?

2016 4199 2144 4252 Mihi
2179 4200 2397 4268 quidem
2440 4198 2516 4267 (⁸5)
2555 4197 2599 4250 si
2634 4197 2750 4251 haec
2782 4198 2940 4250 aliter
2965 4211 3125 4264 quam
3159 4195 3326 4248 Paulo
3354 4195 3589 4260 videtur,

2013 4303 2305 4357 exponam,
2339 4288 2439 4340 hoc
2480 4297 2609 4356 puto
2632 4301 2753 4340 esse
2783 4301 2975 4338 manus
3005 4285 3132 4338 dare
3165 4285 3400 4338 inimicis
3427 4284 3591 4338 Chri-

2015 4380 2106 4445 sti,
2151 4389 2204 4432 ct
2232 4381 2333 4433 hoc
2385 4392 2507 4432 esse
2545 4377 2688 4447 quod
2735 4376 2998 4445 propheta
3035 4376 3164 4430 dicit
3195 4377 3274 4422 '3:
3318 4391 3338 4425 ι
3381 4375 3469 4429 Va:
3497 4375 3589 4444 qui

345 4471 557 4540 sibique
595 4471 806 4538 ignotos
844 4465 1002 4538 144
1024 4469 1194 4534 prius,
1219 4473 1273 4518 et
1301 4462 1454 4517 valde
1486 4464 1802 4532 peregrinos
1821 4465 1913 4518 de—
1946 4493 1988 4548 Β
2019 4479 2166 4539 potat
2231 4469 2536 4538 proximum
2599 4483 2756 4522 suum
2808 4468 3166 4522 subversioue
3197 4463 3524 4520 turbulenta.
3559 4483 3582 4517 ι

347 4563 500 4616 heret
533 4561 852 4622 advertere,
887 4574 955 4613 ne
987 4559 1160 4612 aliena
1204 4557 1449 4610 instituta
1489 4556 1820 4624 suscipiens,
1857 4565 1914 4612 ct

345 4653 718 4707 institutorum
735 4650 976 4720 regulam
993 4651 1266 4712 nesciens,
1291 4649 1342 4701 in
1365 4648 1648 4718 peregrino
1679 4647 1913 4716 trepida-

344 4753 424 4798 ret
458 4743 855 4798 instrumento.
886 4743 1184 4811 Propterea
1215 4756 1348 4810 ergo
1383 4742 1498 4809 ipse
1541 4739 1594 4793 in
1638 4739 1911 4794 nonnullis

341 4837 711 4911 intelligentiae
735 4836 899 4891 tradit
919 4836 1192 4904 exetnpla,
1228 4843 1353 4888 utet
1379 4849 1476 4888 nos
1493 4832 1690 4887 similia
1717 4832 1906 4887 obser-

341 4947 526 4986 vemus
554 4933 606 4986 in
647 4931 886 4997 caeteris,
920 4946 986 4984 ne
1015 4930 1156 4985 forte
1187 4945 1289 4999 pro
1335 4930 1692 4984 similitudine
1719 4929 1906 4984 lectio-

341 5026 424 5077 nis
457 5033 512 5078 et
540 5022 886 5078 instrumenti
916 5020 1226 5076 Judzeorum
1266 5037 1369 5078 nos
1409 5021 1632 5078 etiectos
1661 5036 1787 5077 esse
1817 5021 1900 5076 di-

337 5116 573 5186 scipulos
629 5116 999 5170 crederemus.
1057 5116 1174 5170 Hoc
1225 5130 1356 5185 ergo
1401 5115 1623 5169 diﬂ‘erre
1670 5114 1788 5168 vult
1825 5114 1909 5168 di-

338 5208 576 5276 scipulos
605 5207 811 5262 Christi
837 5223 867 5260 a
899 5208 1180 5275 discipulis
1213 5206 1532 5277 Syttttgogan,
1555 5207 1699 5276 quod
1733 5205 1904 5274 legem

336 5313 497 5368 quam
529 5299 605 5352 illi
640 5299 780 5353 male
830 5300 1203 5369 intelligendo,
1249 5300 1522 5355 Christum
1555 5314 1660 5352 non
1694 5312 1909 5366 recepe-

339 5403 480 5456 runt,
506 5407 611 5448 nos
634 5392 957 5462 Spiritaliter
985 5393 1362 5462 intelligendo,
1397 5374 1747 5446 ostendamus
1781 5406 1902 5444 eam

408 5513 454 5544 ⁸³
481 5511 673 5567 Matth.
706 5528 811 5579 xit,
843 5512 934 5567 29.
1033 5513 1078 5544 ει
1109 5513 1242 5581 Eph.
1273 5527 1348 5574 vi,
1383 5509 1468 5564 14.

336 5581 380 5614 ⁸⁸
410 5583 427 5636 l
455 5584 598 5638 Tim.
637 5599 700 5650 ιι,
730 5583 782 5638 7.
860 5583 943 5636 ⁸⁹Ι
972 5583 1098 5638 Cor.
1129 5599 1184 5648 x,
1212 5583 1262 5645 l,
1288 5582 1341 5644 2,
1373 5582 1429 5644 ’5,
1454 5582 1508 5634 4.

335 5650 450 5710 bac.
493 5671 553 5720 ιι,
585 5655 677 5711 15.
765 5654 813 5687 ⁸⁸
847 5654 1014 5709 Exod.
1048 5669 1148 5722 xu,
1173 5652 1272 5715 37;
1303 5668 1424 5715 xm,
1454 5651 1543 5706 ‘20.

401 5769 480 5842 (5t
516 5770 650 5824 Vide
679 5768 774 5824 lib.
805 5783 846 5824 ιι
875 5766 1122 5838 Origen.,
1153 5774 1350 5837 quaest.
1385 5764 1471 5823 15.

1567 5510 1612 5542 ⁸⁸
1638 5508 1830 5578 Philip,
1862 5525 1936 5576 tv,
1974 5510 2038 5575 l;
2072 5507 2091 5564 l
2130 5506 2377 5578 Cotum.
2413 5506 2502 5560 l5.

1613 5581 1660 5613 ⁸ο
1683 5577 1838 5635 Joau.
1863 5595 1946 5648 ιιι,
1969 5579 2023 5635 5.
2131 5579 2175 5612 ³⁸
2205 5577 2361 5634 Joan.
2390 5592 2462 5643 γι,
2494 5577 2584 5645 49,
2608 5577 2698 5644 50,
2730 5579 2817 5634 δι.

2017 4562 2252 4629 Accepta
2274 4575 2406 4629 ergo
2438 4575 2468 4614 a
2504 4560 2665 4615 beato
2697 4560 2865 4614 Paulo
2891 4560 3140 4630 apostolo
3179 4559 3388 4612 semina
3419 4557 3585 4626 spiri-

2021 4655 2142 4708 talis
2173 4652 2566 4721 iutelligentizn,
2598 4652 2653 4706 in
2685 4661 2948 4720 quantum
2981 4666 3079 4706 nos
3113 4651 3378 4706 Dominus
3411 4651 3591 4720 preci-

2014 4746 2117 4801 bus
2148 4745 2350 4799 vestris
2377 4744 2686 4798 illuminare
2713 4743 3052 4812 dignabitur,
3079 4743 3418 4797 cxcolamus.

2085 4837 2140 4890 2.
2171 4854 2191 4888 ι
2219 4835 2287 4890 Ει
2314 4835 2578 4902 levantes,
2608 4835 2868 4905 inquit“,
2899 4834 2991 4888 ﬁlii
3024 4835 3187 4889 Israel
3207 4837 3274 4889 de
3303 4833 3582 4898 Ramesse,

2012 4939 2276 4984 venerunt
2303 4931 2354 4983 in
2389 4928 2650 4987 Sochoth.
2680 4938 2735 4983 et
2761 4927 2988 4998 profecti
3023 4929 3088 4983 de
3119 4928 3379 4991 Sochoth,
3418 4941 3609 4984 vene-.

2014 5031 2139 5074 runt
2160 5020 2212 5074 iu
2239 5018 2440 5074 Otlton.
2477 5038 2496 5071 ›
2523 5020 2580 5074 Si
2605 5021 2728 5088 quis
2748 5031 2832 5074 est
2861 5020 2953 5089 qui
2973 5020 3240 5088 proﬁcisci
3273 5017 3586 5090 deAEgypto

2011 5121 2189 5182 parat,
2221 5114 2264 5166 si
2298 5112 2422 5181 quis
2451 5121 2535 5167 est
2583 5113 2675 5181 qui
2720 5113 2867 5181 cupit
2914 5113 3173 5167 obscuros
3206 5113 3387 5166 mundi
3425 5113 3585 5181 hujus

2014 5216 2168 5259 actus
2219 5213 2274 5258 et
2317 5219 2566 5258 errorum
2617 5205 2874 5258 tenebras
2929 5205 3344 5274 derelinquere,
3406 5207 3584 5274 primo

2013 5297 2253 5352 omnium
2295 5311 2361 5349 ex
2397 5294 2658 5351 [latuesse
2710 5297 2760 5350 ei
2805 5297 3260 5367 proliciscendum
3310 5306 3413 5352 est.
3476 5297 3583 5350 lia-

2011 5406 2191 5446 mcsse
2227 5404 2356 5444 vero
2384 5389 2770 5458 interpretatur
2794 5391 3070 5444 commotio
3104 5392 3281 5444 linere.
3340 5390 3398 5444 Si
3449 5402 3587 5462 ergo

2577 5505 2624 5538 ⁸⁸
2652 5505 2797 5562 Psal.
2825 5523 2897 5563 cu
2920 5547 2934 5569 ,
2963 5507 3049 5561 l2.
3119 5507 3164 5539 ⁸⁷
3196 5507 3364 5562 Exod.
3398 5524 3490 5572 xv,
3522 5507 3575 5564 1.

2892 5579 2937 5611 θ’
2967 5578 2988 5632 l
3018 5578 3148 5634 Cor.
3183 5593 3238 5646 x,
3264 5579 3315 5633 4.
3390 5579 3437 5610 ⁸³
3471 5578 3584 5633 lia-
