4050 6142
439 303 546 365 527

1899 299 2223 358 ORIGENIS

3583 294 3688 351 5‘23

443 427 529 483 vis
551 425 740 484 venire
779 425 832 482 in
865 423 1127 490 Sochoth,
1162 434 1217 478 ut
1252 425 1512 479 Dominus
1555 422 1652 478 tibi
1681 423 1786 477 dux
1817 422 1923 486 sit,
1959 431 2014 476 et
2042 430 2088 485 Α
2122 419 2172 474 in
2222 418 2462 482 Christo,
2511 419 2565 473 in
2609 427 2783 473 morte
2834 418 3004 488 ipsius
3035 404 3381 488 baptitentur
3411 417 3452 479 ³,
3489 423 3541 470 et
3585 415 3688 481 ipsi

446 520 502 575 in
527 518 778 575 columna
811 518 970 574 nubis
994 530 1044 574 te
1077 522 1368 589 praecedat,
1399 525 1729 585 etsequatur
1760 527 1811 571 te
1836 527 2008 584 petra,

440 626 562 681 qua:
599 610 693 665 tibi
753 624 932 664 escam
955 607 1262 680 spiritalem
1311 619 1365 665 et
1413 620 1596 678 potum
1658 607 2010 662 nihilominus

441 703 680 772 praebeat
711 702 1026 770 spiritalem,
1060 702 1422 769 proficiscere,
1451 709 1505 754 et
1531 699 1618 754 exi
1639 715 1705 754 ex
1729 698 2007 764 Ramesse,

443 805 546 846 nec
580 790 915 845 lhesaurizes
945 791 1040 856 ibi,
1073 791 1160 844 ubi
1186 790 1327 844 tinea
1355 792 1702 854 exterminat,
1731 791 1816 846 ubi
1865 790 2010 845 fures

445 882 710 938 cllodiunt
762 893 817 937 et
871 883 1123 936 furantur
1156 883 1222 935 ⁸³.
1263 881 1372 935 lloc
1405 894 1488 938 est
1535 885 1675 952 quod
1726 897 1911 952 aperte
1959 895 2012 938 ct

440 973 703 1031 Dominus
733 976 786 1028 in
818 976 1125 1045 Evangeliis
1174 975 1301 1031 dicit
1328 977 1376 1008 ’⁸
1410 993 1423 1029 :
1464 995 1482 1028 ι
1525 977 1583 1031 Si
1616 978 1695 1030 vis
1736 977 2011 1045 perfectus

439 1080 579 1134 esse,
615 1067 771 1131 vade,
801 1069 970 1122 vende
989 1067 1173 1121 omnia
1203 1082 1324 1135 quae
1360 1067 1552 1132 habes,
1585 1077 1639 1120 et
1661 1067 1727 1120 da
1759 1068 2009 1136 pauperi-

442 1159 562 1224 bus,
585 1171 637 1213 et
666 1159 889 1214 habebis
916 1160 1230 1212 thesaurum
1261 1160 1312 1210 in
1338 1158 1500 1221 cmlo,
1523 1167 1578 1212 et
1607 1159 1750 1219 veni,
1784 1173 2011 1228 sequere

441 1265 546 1305 me.
591 1269 609 1301 ι
640 1249 749 1304 Hoc
771 1258 853 1304 est
877 1267 1006 1320 ergo
1052 1250 1318 1320 proficisci
1361 1249 1427 1304 de
1459 1249 1719 1305 Ramesse
1751 1261 1802 1305 et
1858 1252 2010 1318 sequi

437 1341 741 1397 Christum.
797 1343 1088 1397 Videamus
1135 1353 1316 1396 autem
1349 1345 1472 1410 quis
1512 1344 1582 1397 sit
1625 1351 1678 1396 et
1707 1354 2010 1397 castrorum

439 1433 592 1489 locus
645 1435 708 1488 ad
752 1449 912 1503 quem
966 1436 1181 1488 venitur
1228 1452 1292 1490 cx
1337 1436 1618 1490 Ramesse.
1649 1457 1666 1487 ι
1704 1436 2010 1512 Venerunt,

444 1523 643 1592 inquit,
683 1524 736 1577 itt
781 1522 1044 1579 Sochoth.
1083 1543 1101 1576 ›
1145 1523 1386 1580 Sochoth
1437 1526 1514 1598 (4)
1564 1528 1902 1580 tabernaculo
1932 1530 2014 1582 iu-

439 1617 606 1683 tclligi
638 1617 778 1685 apud
811 1616 1068 1670 Hebraeos
1102 1619 1326 1672 tradunt
1353 1620 1681 1688 interpretes
1707 1621 2009 1674 nominum.

439 1709 574 1763 Cum
610 1723 739 1778 ergo
781 1709 1165 1776 derelinquens
1195 1709 1514 1780 .‘Egyptum,
1556 1713 1884 1766 discusseris
1916 1714 2012 1767 abs

2118 510 2574 578 c0nsepeliantur,
2601 519 2658 563 et
2695 523 2816 563 cum
2849 510 2964 578 ipso
3000 509 3088 562 die
3122 508 3281 562 tertia
3319 513 3623 574 resurgant
3656 519 3687 557 a

2119 602 2384 661 mortuis;
2415 615 2551 670 quos
2579 613 2632 654 et
2661 601 2958 654 secundum
2990 601 3090 654 hoc
3111 599 3256 669 quod
3290 598 3422 652 dicit
3459 597 3690 665 Aposto-

2121 692 2206 747 lus
2233 693 2252 724 ’⁵
2288 732 2302 756 ,
2345 712 2364 744 α
2415 692 2584 746 Simul
2615 704 2798 746 secum
2831 693 3132 756 suscitavit,
3158 689 3425 759 simulque
3450 688 3577 742 fecit
3603 703 3692 743 se.

2119 787 2247 840 dere
2277 786 2326 839 in
2351 785 2684 840 ctelestibus.
2731 805 2749 838 ι
2780 786 2913 840 Cum
2944 799 3073 852 ergo
3106 783 3204 838 tibi
3253 781 3398 838 tertii
3433 781 3539 834 diei
3573 795 3690 851 my-

2119 877 2340 931 sterium
2363 877 2527 932 fuerit
2553 887 2887 947 susceptum,
2913 876 3135 944 incipiet
3153 887 3204 930 te
3227 874 3498 930 deducere
3522 873 3689 940 Deus,

2118 980 2172 1023 et
2201 969 2316 1036 ipse
2348 970 2442 1022 tibi
2475 969 2619 1023 viam
2641 969 2829 1024 salutis
2863 969 3171 1024 ostendere.

2189 1062 2242 1116 3.
2287 1061 2390 1116 Sed
2437 1064 2719 1118 videamus
2749 1063 2876 1133 quid
2924 1071 3044 1132 post
3073 1063 3190 1117 haec
3227 1060 3428 1114 dicitur
3449 1060 3515 1114 ad
3543 1059 3694 1130 Moy-

2119 1172 2240 1217 sen,
2274 1170 2394 1224 quae
2425 1156 2511 1208 via
2541 1157 2855 1224 praecipitur
2889 1153 3162 1224 eligenda.
3203 1173 3221 1206 ι
3258 1153 3332 1208 De
3363 1153 3566 1216 Othon,
3599 1153 3691 1206 itt-

2118 1249 2238 1316 quit
2261 1246 2302 1308 ',
2336 1248 2610 1311 conversi,
2654 1248 2757 1300 iter
2798 1247 2961 1302 facile
3011 1247 3155 1302 inter
3191 1246 3486 1313 Epaulcum
3516 1254 3569 1299 et
3599 1243 3687 1296 in~

2122 1350 2205 1392 ter
2240 1337 2566 1408 Magdalum,
2605 1340 2747 1407 quod
2787 1349 2871 1392 est
2907 1350 3098 1393 contra
3141 1337 3494 1406 Beelsephon.
3518 1354 3534 1386 >
3565 1334 3694 1390 llaec

2122 1436 2300 1480 autem
2335 1427 2413 1481 sic
2447 1428 2894 1496 interpretantur.
2925 1427 3218 1496 Epanleutn
3250 1426 3465 1494 quidem
3510 1442 3696 1478 ascen-

2118 1519 2198 1571 sio
2229 1529 2500 1582 tortuosa;
2533 1516 2836 1585 Magdalum
2865 1518 2964 1589 (t5),
2992 1520 3180 1585 turris;
3211 1518 3565 1585 Beelsephon,
3599 1533 3694 1569 us-

2120 1615 2293 1663 censio
2325 1609 2572 1676 speculie,
2634 1611 2714 1664 vel
2758 1611 2953 1665 habens
3005 1610 3290 1679 speculam.
3328 1610 3405 1664 Tu
3462 1609 3698 1664 fortasse

2123 1701 2409 1763 credebas,
2464 1701 2588 1766 quia
2643 1702 2746 1754 iter
2796 1702 2934 1769 quod
2993 1700 3132 1756 Deus
3186 1702 3440 1757 ostendit.
3479 1702 3697 1769 planum

439 1807 492 1854 te
522 1801 698 1852 tineas
731 1798 898 1851 totius
921 1798 1274 1868 corruptelw,
1304 1809 1357 1851 et
1380 1799 1634 1852 vitiorum
1663 1801 2012 1853 incitamenta
2047 1793 2087 1848 Β
2117 1804 2262 1848 esset
2293 1804 2348 1848 et
2372 1794 2552 1858 molle,
2592 1803 2646 1847 et
2680 1794 2815 1847 nihil
2847 1809 3069 1862 prorsus
3115 1794 3340 1848 haberet
3361 1792 3699 1848 difﬁcultatis

439 1888 730 1958 rejeceris,
794 1889 1070 1945 habitabis
1133 1891 1186 1945 in
1247 1891 1634 1948 tabernaculis.
1694 1892 2013 1948 Habitamus

439 1985 583 2036 enim
609 1983 661 2036 in
689 1983 1154 2047 tabernaculis,ex
1184 1986 1379 2052 quibus
1403 1985 1654 2039 nolumus
1694 1985 2010 2054 exspoliari,

438 2075 530 2130 sed
557 2076 935 2143 supervestiri.
995 2075 1274 2130 llabitatio
1305 2088 1492 2131 autem
1539 2078 2009 2130 tabernaculorum

439 2166 775 2236 expeditum,
833 2176 890 2223 et
930 2167 1134 2236 absque
1181 2167 1306 2222 ullis
1361 2168 1760 2236 impedimentis
1811 2166 2012 2221 indicat

441 2274 564 2314 esse
595 2273 742 2324 eum,
790 2259 882 2328 qui
934 2259 1155 2314 festinat
1209 2260 1278 2314 ad
1314 2261 1502 2314 Deum.
1535 2260 1639 2312 Sed
1677 2275 1776 2312 nec
1812 2259 1864 2312 in
1907 2259 2013 2313 hoc

439 2358 658 2427 quidem
693 2357 946 2412 standum
979 2366 1085 2422 est,
1139 2360 1381 2426 urgenda
1433 2367 1518 2410 est
1569 2354 1860 2425 profectio.
1900 2353 2012 2408 Mo—

439 2449 617 2505 venda
665 2457 794 2504 sunt
841 2457 1020 2503 castra
1075 2451 1237 2502 etiam
1277 2449 1343 2501 de
1375 2449 1636 2511 Sochoth,
1666 2459 1718 2500 et
1751 2447 2012 2500 festinan-

441 2543 566 2597 dtttn
596 2549 703 2605 est,
735 2548 791 2596 ut
819 2541 1072 2595 veniatur
1129 2541 1180 2594 in
1217 2542 1416 2595 Othon.
1458 2541 1636 2595 Othon
1676 2539 1751 2609 (5)
1791 2555 1919 2593 vero
1958 2541 2010 2594 in

439 2645 680 2693 nostram
709 2633 948 2705 linguam
987 2635 1125 2688 verti
1155 2636 1336 2688 dicunt
1376 2635 1529 2700 signa
1562 2638 1654 2687 eis.
1694 2634 1758 2686 Et
1793 2635 2010 2690 merito.

440 2730 537 2787 Hic
569 2730 715 2786 enim
739 2730 969 2783 audiens
1000 2729 1132 2783 dicit
1158 2730 1226 2793 ⁸⁷,
1266 2729 1389 2798 quia
1424 2747 1441 2779 ι
1477 2727 1619 2782 Deus
1659 2728 2014 2782 antecedebat

440 2838 533 2878 eos
557 2837 652 2892 per
679 2822 821 2876 diem
855 2821 908 2873 in
963 2820 1216 2874 columna
1269 2822 1451 2885 nubis,
1483 2831 1538 2873 et
1569 2835 1664 2887 per
1711 2831 1922 2874 noctem
1959 2821 2010 2874 in

442 2914 693 2969 columna
726 2911 896 2982 ignis;
937 2929 956 2962 ι
1001 2925 1108 2964 non
1141 2912 1242 2964 hoc
1270 2911 1487 2964 iuvenis
1515 2911 1714 2964 factum
1741 2911 1878 2978 apud
1907 2911 2015 2964 Ra-

442 3020 638 3072 messe,
666 3018 768 3057 nec
796 3003 934 3071 apud
963 3000 1224 3065 Sochoth,
1257 3019 1375 3072 qua:
1399 3004 1632 3058 secunda
1659 3002 2011 3071 proficiscen-

444 3099 588 3152 tibus
620 3104 799 3150 castra
846 3096 1119 3148 dicuntur.
1177 3095 1282 3149 Sed
1319 3097 1476 3149 tertia
1524 3105 1702 3148 castra
1749 3105 1899 3157 sunt,
1957 3095 2009 3148 in

2120 1897 2214 1938 aut
2248 1885 2468 1939 laboris.
2514 1885 2778 1939 Ascensio
2825 1896 2906 1939 est
2935 1895 2989 1939 et
3037 1886 3288 1940 ascensio
3325 1895 3563 1940 tortuosa
3590 1881 3696 1956 (ἶ).

2120 1977 2236 2031 Νοη
2266 1979 2407 2031 enim
2429 1977 2669 2047 proclive
2695 1978 2797 2032 iter
2817 1987 2919 2041 est,
2937 1993 3047 2047 quo
3073 1979 3315 2032 tenditur
3339 1979 3404 2032 ad
3431 1978 3654 2031 virtutes
3677 1994 3694 2042 ;

2121 2069 2214 2122 sed
2259 2069 2594 2132 ascenditur,
2634 2077 2690 2120 et
2727 2078 2954 2138 anguste
2997 2081 3060 2122 ac
3101 2068 3388 2123 difficulter
3438 2070 3693 2122 ascendi-

2122 2174 2229 2217 tur.
2260 2164 2396 2218 Audi
2425 2164 2588 2216 etiam
2623 2163 2910 2218 Dominum
2941 2164 2994 2218 in
3030 2163 3327 2234 Evangelia
3355 2164 3619 2218 dicentem
3643 2161 3690 2228 ⁸,

2125 2275 2144 2306 ι
2169 2258 2296 2325 quia
2320 2267 2470 2310 arcta
2500 2265 2553 2309 et
2584 2266 2811 2325 angusta
2837 2258 2919 2312 via
2945 2267 3048 2323 est,
3072 2272 3191 2327 quae
3210 2257 3355 2310 ducit
3378 2256 3443 2310 ad
3466 2256 3692 2309 vitam.)

2121 2350 2258 2404 Vide
2285 2365 2416 2420 ergo
2449 2361 2712 2418 quanttnn
2745 2359 3008 2405 consonat
3029 2349 3382 2420 Evangelium
3406 2364 3526 2402 cum
3549 2349 3695 2417 lege.

2121 2442 2178 2497 lu
2213 2441 2332 2509 lege
2369 2443 2680 2495 ostenditur
2720 2442 2940 2496 virtutis
2973 2443 3060 2495 via
3122 2441 3371 2496 ascensio
3423 2449 3692 2493 tortuosa.

2121 2538 2176 2592 lu
2218 2536 2532 2608 Evangeliis
2565 2537 2767 2592 dicitur
2793 2547 2943 2593 arcta
2977 2546 3031 2592 et
3075 2546 3306 2607 angusta
3337 2537 3420 2588 via
3452 2553 3571 2604 qu:e
3597 2536 3700 2589 du-

2122 2634 2197 2687 cit
2226 2633 2292 2687 ad
2325 2636 2512 2688 vitam.
2560 2631 2750 2686 Nonne
2787 2631 2875 2686 hic
2918 2640 3102 2697 aperte
3148 2629 3308 2683 etiam
3339 2630 3469 2683 caeci
3510 2629 3695 2682 videre

2123 2738 2370 2795 possunt,
2394 2727 2536 2796 quod
2571 2726 2740 2795 legem
2771 2734 2828 2778 et
2863 2724 3154 2794 Evangelia
3188 2740 3327 2778 unus
3359 2735 3521 2792 atque
3551 2723 3694 2777 idem

2123 2821 2350 2888 spiritus
2393 2819 2657 2890 scripsit?
2706 2819 2802 2872 Est
2843 2833 2973 2887 ergo
3015 2819 3117 2871 iter
3139 2817 3281 2887 quod
3317 2817 3572 2870 incedunt
3602 2829 3698 2868 as-

2123 2914 2308 2968 censio
2353 2924 2627 2977 tortuosa,
2673 2919 2728 2966 et
2763 2910 3011 2964 ascensio
3063 2909 3318 2980 speculae,
3359 2908 3441 2962 vel
3490 2907 3698 2961 habens

2122 3007 2418 3073 speculam.
2464 3005 2727 3060 Ascensio
2765 3004 2831 3058 ad
2872 3013 3030 3058 actus
3070 3003 3325 3073 pertinet,
3370 3000 3588 3070 specula
3625 3000 3696 3052 ad

2126 3094 2309 3150 ﬁdetn.
2349 3097 2598 3151 OSIendit
2644 3111 2775 3165 ergo
2814 3096 2938 3166 quia
2970 3105 3027 3150 et
3071 3095 3125 3148 in
3159 3095 3396 3154 actibus,
3432 3105 3486 3147 et
3517 3094 3566 3146 in
3593 3091 3698 3146 fide

440 3187 638 3254 quibus
670 3185 809 3239 lluut
836 3185 990 3255 signa
1034 3187 1240 3238 divina.
1271 3187 1579 3241 Recordare
1611 3203 1731 3257 qua:
1765 3189 2011 3257 superius
2041 3161 2084 3218 θ
2125 3189 2293 3242 multa
2324 3200 2410 3244 est
2445 3189 2753 3256 difﬁcultas,
2791 3200 2846 3244 et
2877 3189 3076 3244 multus
3128 3188 3301 3243 labor.
3337 3187 3512 3240 Mulae
3547 3186 3693 3240 enim

439 3277 577 3334 lecta
623 3287 769 3343 sunt,
801 3292 921 3330 cum
955 3277 1166 3330 dicebat
1202 3277 1412 3348 Moyses
1441 3281 1506 3331 ad
1546 3278 1884 3334 Pharaonem
1914 3281 1959 3312 ⁸⁸
1992 3299 2008 3334 :

447 3390 464 3422 ι
492 3369 597 3426 lter
629 3372 792 3425 trium
825 3369 1032 3423 dierum
1073 3372 1272 3423 ibimus
1308 3373 1357 3423 iu
1404 3371 1638 3434 deserto,
1674 3383 1732 3426 et
1765 3375 2012 3428 immola-

442 3462 621 3517 bimus
651 3460 878 3515 Domino
899 3460 1008 3513 Deo
1039 3469 1242 3516 nostro.
1265 3480 1281 3512 ι
1307 3461 1420 3516 lloc
1449 3476 1579 3531 ergo
1607 3475 1726 3517 erat
1752 3465 2009 3530 triduum,

444 3554 510 3608 ad
533 3554 677 3624 quod
693 3552 1237 3624 festinabatMoyses,
1263 3565 1316 3608 et
1345 3555 1752 3610 contradicebat
1775 3556 2013 3623 Pharao,

443 3646 536 3703 llle
590 3647 736 3702 enim
786 3646 1000 3701 dicebat
1026 3648 1072 3680 ⁹⁹
1108 3662 1121 3698 :
1161 3665 1180 3698 ι
1219 3645 1335 3700 Νοη
1383 3646 1523 3702 eatis
1566 3648 1797 3719 longius.
1836 3668 1855 3702 ι
1895 3649 2012 3706 Νοη

446 3738 801 3806 permittebat
833 3737 1048 3792 Pharao
1081 3738 1146 3790 ad
1202 3737 1380 3792 locum
1411 3741 1694 3810 signorum
1729 3739 2016 3809 pervenire

444 3827 586 3884 filios
613 3829 799 3894 lsrael,
825 3846 931 3885 non
961 3831 1418 3901 permittebateos
1441 3833 1707 3885 intantum
1725 3832 2012 3900 proficere,

444 3930 502 3973 ιιι
530 3929 754 3988 possent
786 3923 928 3975 tertii
964 3922 1071 3976 diei
1127 3923 1400 3992 mysteriis
1437 3923 1669 3992 perfrui.
1701 3924 1839 3978 Audi
1869 3925 2012 3978 enim

446 4013 764 4082 prophetam
809 4013 939 4082 quid
985 4015 1115 4069 dicit
1147 4016 1164 4046 ¹
1205 4032 1220 4070 :
1263 4035 1280 4067 ‹
1319 4015 1686 4070 Resuscitabit
1729 4033 1827 4072 nos
1876 4019 2017 4074 Deus

446 4116 567 4176 post
593 4105 838 4172 biduum,
875 4115 931 4159 et
955 4107 1006 4159 iu
1036 4107 1125 4159 die
1171 4108 1327 4161 tertia
1359 4122 1740 4176 resurgemus,
1783 4119 1838 4163 et
1871 4110 2018 4163 vive-

445 4216 568 4257 mus
599 4199 651 4253 in
685 4207 975 4268 conspectu
1018 4199 1156 4269 ejus.
1200 4220 1217 4252 I
1257 4200 1439 4254 Prima
1467 4202 1583 4256 dies
1627 4203 1784 4258 nobis
1834 4204 2016 4273 passio

447 4291 752 4348 Salvatoris
783 4301 888 4356 est,
943 4299 998 4344 et
1051 4294 1290 4346 secunda
1326 4292 1482 4364 145
1519 4310 1622 4362 qua
1653 4295 1933 4350 descendit
1963 4296 2014 4349 in

454 4389 748 4451 infernum,
782 4386 941 4441 tertia
970 4397 1149 4439 autem
1199 4386 1620 4442 resurrectionis
1655 4396 1738 4441 est
1769 4387 1908 4441 dies.
1952 4387 2043 4440 Et»

2124 3282 2450 3336 tentationes
2485 3283 2642 3338 nobis
2685 3291 3010 3348 occurrunt,
3046 3282 3213 3334 multa
3248 3280 3298 3333 in
3335 3279 3438 3334 fide
3466 3278 3696 3333 oll'eudi-

2122 3373 2263 3441 cula,
2302 3375 2606 3431 volentibus
2640 3391 2804 3446 agere
2834 3391 2954 3446 qua:
2987 3375 3080 3430 Dei
3113 3386 3262 3429 sunt.
3317 3373 3452 3428 Tum
3504 3375 3698 3429 deinde

2126 3471 2178 3525 in
2227 3469 2330 3525 fide
2367 3471 2532 3524 multa
2573 3471 2819 3526 invenies
2858 3481 3132 3536 tortuosa,
3162 3469 3422 3540 plurimas
3452 3469 3700 3538 quastio-

2126 3579 2259 3629 nes,
2290 3564 2490 3619 multas
2526 3565 2860 3633 objectiones
2893 3565 3297 3626 haereticorum,
3335 3568 3532 3618 multas
3566 3579 3698 3616 con-

2125 3656 2478 3710 tradictiones
2516 3655 2840 3710 infidelium.
2868 3654 2982 3711 Hoc
3005 3671 3135 3726 ergo
3167 3656 3274 3708 iter
3300 3657 3567 3724 agendum
3613 3663 3697 3708 est

2125 3747 2477 3816 sequentibus
2510 3747 2698 3801 Deum.
2731 3747 2836 3800 Sed
2855 3756 2941 3801 est
2967 3755 3020 3800 et
3051 3746 3222 3800 turris
3257 3747 3308 3799 in
3344 3746 3449 3800 hoc
3477 3746 3692 3798 itinere.

2124 3837 2256 3903 Qua:
2301 3848 2384 3892 est
2430 3839 2531 3892 ista
2561 3838 2765 3892 turris?
2793 3837 2885 3890 llla
2917 3839 3195 3902 nimirum,
3233 3852 3397 3906 quam
3442 3836 3700 3888 Dominus

2126 3932 2178 3985 in
2211 3930 2504 3999 Evangelio
2537 3929 2704 3984 dicit"
2744 3946 2756 3982 :
2801 3948 2818 3981 ι
2841 3930 2974 3997 Quis
2999 3941 3242 3984 vestrum
3276 3929 3465 3984 volens
3504 3928 3697 3982 turrim

2123 4024 2414 4088 aedificare,
2441 4039 2618 4079 nonne
2653 4027 2803 4091 prius
2832 4025 3061 4087 sedebit,
3094 4033 3148 4077 et
3177 4023 3512 4090 computabit
3550 4037 3702 4076 sum-

2125 4128 2267 4186 ptus,
2312 4118 2356 4171 si
2404 4117 2571 4174 habet
2600 4121 2745 4174 unde
2782 4118 3108 4186 perficiat?»
3143 4117 3251 4171 Ista
3297 4128 3380 4172 est
3413 4133 3542 4185 ergo
3586 4127 3698 4170 tur-

2126 4211 2221 4275 ris,
2260 4212 2414 4264 sedes
2459 4213 2625 4265 ardua
2671 4222 2726 4264 et
2769 4207 2982 4265 excelsa
3023 4211 3308 4263 virtutum.
3355 4209 3459 4262 Sed
3513 4211 3698 4264 videns

2127 4301 2241 4354 lucc
2275 4299 2508 4365 Pharao,
2553 4303 2673 4355 audi
2705 4303 2830 4371 quid
2877 4302 3011 4355 dicit
3051 4319 3063 4354 :
3098 4301 3316 4364 Errant,
3363 4301 3554 4368 inquit,
3591 4301 3697 4356 isti.

2125 4392 2281 4462 Apud
2311 4393 2675 4459 Pharaonem,
2707 4395 2800 4464 qui
2843 4395 3005 4449 Deum
3039 4395 3310 4462 sequitur,
3349 4408 3532 4446 errare
3564 4393 3699 4446 dici-

448 4482 570 4536 ideo
613 4482 666 4535 in
698 4481 784 4534 die
809 4477 994 4544 tertia,
1027 4476 1167 4532 Deus
1196 4477 1552 4532 antecedebat
1579 4493 1693 4543 eos,
1733 4494 1830 4548 per
1874 4478 2014 4532 diem
2051 4523 2099 4581 υ
2131 4494 2238 4550 tur,
2279 4487 2426 4554 quia,
2455 4496 2513 4538 nt
2540 4486 2801 4551 diximus,
2832 4487 3110 4556 sapientia:
3135 4487 3236 4539 iter
3261 4495 3558 4538 tortuosum
3591 4493 3696 4547 est,

450 4573 504 4627 in
551 4573 802 4628 columna
855 4571 1039 4633 nubis,
1092 4584 1188 4639 per
1216 4580 1432 4623 noctem
1478 4569 1529 4622 in
1569 4571 1816 4624 columna
1857 4571 2016 4640 ignis.

449 4666 602 4734 Quod
643 4666 686 4720 si
725 4666 1019 4720 secundum
1049 4680 1109 4719 ea
1136 4681 1256 4734 qua:
1295 4664 1544 4730 superius
1571 4664 1826 4728 diximus,
1853 4665 1906 4718 in
1938 4665 2020 4718 his

453 4759 632 4814 verbis
663 4767 808 4813 recte
839 4773 937 4812 nos
967 4759 1257 4829 Apostolus
1285 4757 1444 4810 docet
1469 4756 1489 4786 ³
1518 4755 1770 4825 baptismi
1816 4769 2019 4827 myste-

455 4854 535 4908 ria
565 4853 867 4917 contineri;
913 4851 1281 4906 necessarium
1327 4858 1410 4904 est
1447 4858 1504 4902 ut
1539 4849 1629 4917 qui
1680 4848 2024 4920 baptizantur

527 5021 572 5054 "
608 5020 797 5074 Matth.
823 5035 897 5081 vt,
928 5017 1018 5072 20.
1091 5019 1138 5052 9⁸
1171 5015 1362 5070 Matth.
1390 5029 1503 5072 xix,
1535 5013 1626 5066 9t.

457 5094 512 5148 5.
588 5095 608 5125 ³
643 5094 661 5146 1
693 5093 817 5146 Cur.
853 5107 908 5144 ι.
986 5091 1006 5122 ³
1042 5089 1198 5143 Rom.
1227 5103 1299 5152 VI,
1337 5088 1391 5141 5.
1469 5084 1490 5113 ⁸
1513 5085 1714 5151 Ephes.
1743 5101 1805 5149 tl,
1839 5087 1892 5139 l5.

530 5205 607 5280 (tl)
637 5203 804 5280 Radix
835 5211 918 5280 est
947 5201 1235 5280 πηοιιρπίι.

634 5275 712 5328 Ab
734 5280 840 5330 nm
865 5270 1090 5340 sign'um,
1125 5282 1179 5324 et
1211 5270 1388 5324 aﬂixo.

542 5274 583 5329 ’5
634 5275 712 5328 Ab
734 5280 840 5330 nm
865 5274 1090 5340 sigrium,
1125 5282 1179 5324 et
1211 5274 1388 5324 aflixo.

529 5274 605 5418 is;
631 5342 937 5412 Magdalum
963 5343 1143 5405 turris,
1164 5339 1501 5407 Beelsep/ton,
1527 5340 1762 5393 ascensio
1782 5339 2028 5406 specufa’,

460 5440 538 5494 ve!
557 5439 751 5492 habens
772 5435 1057 5506 speculam,
1084 5451 1112 5487 a
1139 5435 1320 5490 radice
1350 5419 1462 5499 ‘11:,
1494 5451 1738 5504 magnum
1769 5450 2028 5498 esse,cre-

460 5548 624 5596 scere,
657 5511 906 5586 615⁵1112,
953 5526 1151 5590 turris;
1200 5541 1229 5578 a
1277 5509 1387 5590 θνα
1423 5541 1570 5589 vero,
1597 5524 1896 5578 dominatus
1928 5535 2024 5588 est,

460 5604 753 5656 dominium
804 5599 1007 5660 habuit,
1049 5609 1104 5650 et
1142 5605 1260 5658 ΓιΞῖ
1287 5598 1584 5662 speculatus
1607 5606 1706 5662 est,
1745 5605 2023 5662 utcunque

460 5675 578 5727 erui
613 5683 792 5743 potest
834 5669 1089 5743 Dominus
1118 5671 1348 5743 specula:
1379 5679 1468 5720 aut
1505 5666 1698 5719 habens
1737 5665 2022 5743 speculam,

464 5736 835 5798 ιιθιιιίιιειίιιδ
884 5739 1217 5808 Beelsephon
1272 5739 1717 5808 interpretaretur
1769 5736 2025 5791 Dominus
2071 5779 2078 5785 .

1702 5014 1745 5045 ³⁷
1779 5014 1947 5069 Exod.
1981 5031 2102 5078 xm,
2134 5017 2223 5070 21.

1969 5088 1988 5117 ⁵
2019 5088 2184 5140 Exod.
2215 5104 2324 5151 xlv,
2349 5088 2401 5140 ‘:?..

2129 4577 2326 4630 multos
2351 4577 2553 4632 habens
2584 4577 2778 4641 flexus,
2808 4577 3002 4631 multas
3042 4576 3408 4638 dillicultates,
3440 4575 3700 4645 plurimos

2129 4669 2431 4723 anfractus.
2478 4669 2719 4738 Denique
2763 4685 2886 4724 cum
2935 4670 3249 4724 confitearis
3293 4685 3457 4722 untun
3508 4668 3698 4731 Deum,

2129 4764 2430 4830 eademque
2478 4762 2820 4816 cnnfessione
2861 4761 3102 4826 Patrem,
3129 4773 3183 4817 et
3209 4761 3423 4826 Filium,
3449 4771 3502 4816 et
3528 4761 3702 4830 Spiri-

2135 4859 2244 4904 tmn
2297 4862 2544 4906 sanctum
2585 4868 2802 4907 asseras
2829 4853 2905 4922 (8)
2944 4869 3110 4908 unum
3155 4853 3344 4919 Deum,
3393 4867 3556 4922 quam
3585 4862 3700 4906 toro

2300 5017 2346 5048 ³⁸
2385 5017 2552 5070 Exod.
2579 5033 2631 5078 v,
2659 5017 2712 5072 5.
2787 5019 2833 5050 ⁹⁹
2863 5017 3032 5072 Exod.
3069 5034 3188 5084 vm,
3222 5021 3311 5072 28.
3421 5018 3439 5049 ¹
3471 5019 3596 5073 Osc.
3623 5032 3701 5084 v1,

2481 5089 2501 5118 ⁸
2529 5087 2720 5144 Matth.
2749 5104 2845 5154 vn,
2882 5091 2970 5142 14.
3007 5089 3027 5120 ⁷
3057 5089 3188 5143 Luc.
3222 5104 3330 5154 xw,
3358 5089 3450 5145 28.

2133 5200 2432 5269 Aquilonis,
2448 5183 2627 5264 a531,
2647 5202 2924 5269 Dominus,
2945 5214 3001 5258 et.
3019 5212 3143 5292 τεν,
3163 5204 3365 5275 aquilo,
3397 5205 3697 5272 septentrio.

2137 5292 2238 5357 Qui
2274 5305 2454 5348 autem
2488 5292 2808 5360 Beelsephon
2857 5296 3292 5363 interpretantur
3345 5297 3702 5350 ascensionem

2138 5364 2385 5426 specufre,
2445 5375 2796 5430 respexerunt
2845 5365 3030 5434 procul
3050 5366 3212 5422 dubio
3243 5367 3312 5422 ad
3334 5367 3545 5422 radices
3574 5376 3706 5434 my,

2139 5436 2375 5486 ascendit
2406 5443 2461 5488 et
2482 5443 2619 5496 n53.
2653 5437 2948 5501 speculatus
2975 5447 3072 5490 est.

2135 5573 2148 5585 θ
2213 5503 2289 5573 (7)
2317 5507 2488 5567 Alias,
2527 5523 2546 5557 ι
2575 5516 2630 5559 et
2674 5507 2954 5562 descensio
2999 5514 3268 5579 tortuosa,
3296 5525 3316 5561 ι
3348 5509 3443 5566 sed
3487 5522 3618 5565 mss.
3644 5515 3708 5566 ut

2134 5588 2187 5626 In
2215 5585 2398 5628 nostro
2419 5585 2590 5630 textu.

2205 5645 2284 5714 t8)
2316 5645 2484 5711 Alias,
2522 5665 2541 5699 ι
2569 5648 2786 5703 asseris.
2815 5665 2835 5699 ι
