4050 6142
423 239 527 296 ὄπι

1907 230 2228 292 ORIGENlS

3566 243 3675 299 553
3688 273 3693 279 -

429 372 628 429 aquam
651 363 707 412 et
737 355 921 411 cvadis
953 353 1281 419 incolumis;
1320 359 1483 423 alque
1527 352 1728 408 ablatis
1757 353 2007 409 sordibus
2035 360 2081 417 Α
2109 355 2264 423 gains
2317 352 2430 408 hmc
2481 354 2650 419 dices,
2680 354 2725 409 si
2772 353 3027 408 habueris
3062 325 3371 426 tympanum
3416 355 3468 408 in
3511 372 3672 411 manu

427 462 811 522 peccatorum,
875 449 1036 504 homo
1089 460 1260 501 novus
1311 444 1604 510 ascendis,
1657 453 1877 513 paratus
1929 446 1998 499 ad

429 545 759 601 cantandum
782 541 1056 597 canticum
1082 554 1301 595 novum.
1330 537 1568 610 Egyptii
1602 553 1731 593 vero
1772 547 1898 609 post
1947 548 1998 593 te

430 640 802 707 insequentes,
829 634 1214 704 demergentur
1261 633 1313 685 in
1349 631 1627 702 abyssum,
1655 632 1865 687 etiamsi
1911 630 1995 685 vi-

428 727 626 779 dentur
656 721 1064 793 rogareJesum,
1101 721 1404 775 neinterim
1431 721 1607 775 mittat
1641 735 1733 776 eos
1762 722 1814 776 in
1835 722 1998 793 abys-

429 832 546 870 sum
570 816 634 870 ²¹.
680 813 786 870 Sed
819 826 873 869 et
900 813 1063 869 alium
1100 826 1166 869 ex
1211 813 1296 868 his
1330 814 1578 882 accipere
1600 828 1888 884 possumus
1912 814 1992 868 in-

431 909 726 963 tellectum.
760 906 816 962 Si
850 905 1145 978 Egyptum
1179 906 1377 976 fugias,
1415 907 1460 961 si
1491 906 1815 976 ignorantia:
1842 915 1996 960 tenc-

422 1001 556 1055 ‘hras
602 1000 895 1070 relinquas,
920 1009 974 1053 et
1001 999 1248 1068 sequaris
1283 998 1455 1068 legem
1498 998 1593 1053 Dei
1625 998 1868 1069 Moysen,
1900 996 1996 1051 ob-

426 1095 541 1147 viet
570 1101 751 1145 autem
798 1090 896 1145 tibi
941 1103 1111 1154 mare,
1138 1097 1193 1143 et
1232 1088 1724 1143 contradicentium
1760 1087 1859 1142 tibi
1889 1087 1996 1143 ﬁu-

422 1194 548 1237 ctus
575 1188 886 1246 occurrant,
914 1187 1137 1249 percute
1185 1187 1241 1233 tu
1268 1179 1613 1235 obiectantes
1641 1179 1814 1233 undas
1842 1179 1993 1247 virga

427 1275 620 1345 Moysi,
646 1275 697 1329 id
739 1282 823 1334 est
868 1273 1037 1328 verbo
1081 1272 1235 1342 legis,
1273 1278 1329 1326 et
1361 1271 1642 1341 vigilantia
1682 1270 1993 1345 Scriptura-

424 1382 549 1421 rum
574 1366 680 1420 iter
712 1364 806 1418 tibi
833 1362 934 1433 ipsi
961 1361 1286 1430 disputando
1315 1375 1411 1431 per
1438 1360 1780 1416 adversarios
1795 1360 1991 1429 pande,

421 1459 627 1512 cedent
672 1455 831 1511 undae
874 1455 1159 1517 continuo,
1191 1462 1248 1507 et
1284 1452 1529 1522 superati
1571 1452 1770 1507 ﬁuctus
1816 1451 1992 1507 locum

422 1547 724 1604 victoribus
756 1544 1001 1611 dabunt,
1051 1542 1481 1612 mirantibusque
1531 1550 1586 1598 et
1639 1541 1885 1596 attonitis
1930 1556 1996 1595 ac

424 1647 647 1706 stupore
687 1634 881 1691 deﬁxis
920 1636 1006 1690 his
1044 1635 1138 1705 qui
1177 1633 1338 1706 paulo
1386 1642 1512 1688 ante
1540 1632 1990 1701 adversabantur,

2104 457 2218 512 tua,
2254 448 2306 502 id
2333 457 2416 502 est
2465 448 2509 502 si
2539 462 2761 502 carnem
2809 458 2954 502 tuam
2989 450 3329 505 cruciﬁxeris
3372 464 3495 504 cum
3525 451 3673 505 vitiis

2099 550 2154 594 et
2187 540 2659 609 concupiscentiis,
2684 548 2739 593 et
2771 541 3255 597 si‘mortiﬁcaveris
3288 540 3532 595 membra
3557 551 3677 610 tua,

2054 693 2058 696 ,
2100 648 2221 704 quae
2266 641 2390 688 sunt
2427 647 2591 700 super
2625 642 2845 686 terram.
2889 632 2957 687 Et
3014 641 3196 688 tamen
3235 634 3515 688 videamus
3542 634 3675 703 quid

2101 727 2273 782 dicit:
2313 744 2331 778 ι
2370 724 2664 780 Cantemus
2709 722 2958 788 Domino,
2994 726 3230 795 gloriose
3263 727 3408 779 enim
3450 723 3677 780 honorin

2101 819 2290 874 ﬁcatus
2328 826 2431 882 est,
2463 838 2484 870 ι
2518 818 2671 882 quasi
2712 832 2816 872 non
2861 817 3131 872 suﬁiceret
3164 836 3177 873 :
3216 836 3235 869 ι
3277 818 3672 873 honoriﬁcatus

2098 920 2201 978 est,
2240 931 2258 964 ι
2294 910 2389 965 sed
2435 909 2689 964 addidit:
2728 928 2747 961 ‹
2786 908 3017 978 gloriose
3070 909 3461 964 honoriﬁcatus
3508 918 3610 965 est.
3642 927 3665 967 ι

2096 1006 2356 1074 Equidem
2396 1012 2659 1075 quantum
2707 1020 2925 1074 possum
2971 1002 3261 1070 conjicere,
3297 1005 3511 1057 videtur
3535 1004 3668 1058 mihi

2098 1095 2241 1150 aliud
2268 1110 2388 1153 esse
2408 1093 2731 1163 gloriﬁcari,
2763 1093 2910 1147 aliud
2935 1092 3169 1162 gloriose
3191 1092 3507 1164 gloriﬁcari.
3534 1092 3668 1147 Nam

2098 1186 2358 1241 Dominus
2414 1201 2569 1240 meus
2622 1183 2779 1240 Jesus
2826 1183 3100 1248 Christus,
3150 1199 3269 1238 cum
3323 1198 3542 1238 carnem
3595 1197 3667 1238 ex

2099 1277 2320 1348 Virgine
2352 1277 2521 1333 Maria
2552 1293 2649 1347 pro
2675 1278 2855 1333 salute
2890 1288 3078 1332 nostra
3110 1276 3371 1345 suscepit,
3398 1274 3670 1345 gloriﬁca-

2098 1380 2185 1426 tus
2202 1381 2284 1426 est
2309 1369 2547 1440 quidem,
2572 1369 2695 1438 quia
2730 1369 2877 1425 venit
2899 1382 3145 1439 qurerere
3170 1365 3312 1436 quod
3337 1365 3573 1435 perierat
3595 1364 3667 1428 ³⁸.

2099 1480 2204 1519 non
2239 1472 2419 1519 tamen
2453 1461 2690 1532 gloriose
2731 1460 3065 1531 gloriﬁcatus
3117 1468 3221 1514 est.
3269 1456 3479 1510 Dicitur
3522 1456 3668 1511 enim

2097 1556 2163 1610 de
2191 1556 2307 1624 ipso
2328 1555 2397 1622 ³⁷,
2427 1554 2548 1623 quia
2576 1572 2597 1606 ι
2627 1555 2862 1610 vidimus
2890 1567 3037 1616 eum,
3063 1557 3118 1605 et
3150 1566 3255 1603 non
3280 1548 3513 1603 habebat
3540 1561 3664 1616 spe-

2096 1650 2234 1703 ciem
2271 1660 2444 1714 neque
2479 1646 2750 1708 decorem,
2781 1651 2837 1699 et
2864 1642 3043 1696 vultus
3075 1641 3191 1710 ejus
3222 1636 3474 1706 ignobilis
3507 1650 3669 1705 super

422 1729 689 1800 legitimis
721 1737 776 1782 tu
821 1727 1248 1796 disputationum
1290 1725 1449 1780 lineis
1484 1735 1692 1781 rectum
1736 1725 1859 1779 ﬁdei
1890 1726 1996 1781 iter

2101 1739 2241 1793 ﬁlios
2267 1738 2567 1793 hominum.
2594 1754 2613 1788 ι
2636 1734 2984 1791 Cloriﬁcatus
3013 1742 3096 1788 est
3120 1740 3322 1785 etcum
3354 1734 3420 1782 ad
3450 1741 3667 1782 crucem

424 1821 657 1884 secabis,
702 1828 761 1874 et
807 1819 1077 1872 intantum
1123 1817 1382 1873 doctrina:
1428 1817 1594 1871 verbo
1635 1814 1913 1887 proﬁcies,
1936 1824 1996 1869 ut

426 1912 709 1966 auditores
743 1910 844 1975 tui,
869 1922 1008 1980 quos
1036 1908 1093 1963 in
1122 1909 1274 1977 virga
1306 1907 1441 1978 legis
1466 1906 1718 1972 erudisti,
1753 1906 1854 1977 ipsi
1880 1906 1994 1977 jam

427 2014 620 2060 contra
648 2002 952 2074 Egyptios,
973 2002 1121 2057 velut
1153 1999 1351 2055 ﬂuctus
1380 1999 1547 2054 maris
1588 1999 1896 2069 insurgant,
1939 2007 1997 2054 et

426 2112 533 2151 non
568 2094 743 2150 solum
771 2095 1088 2164 impugnent
1109 2107 1224 2159 eos,
1246 2091 1340 2146 sed
1365 2103 1418 2145 et
1436 2100 1693 2160 superent
1713 2100 1769 2146 et
1787 2091 1996 2145 exstin-

424 2198 614 2258 guaut.
644 2185 951 2254 Exstiuguit
983 2198 1218 2253 namque
1258 2182 1595 2254 Egyptium,
1624 2182 1717 2252 qui
1744 2197 1851 2237 non
1885 2182 1997 2253 agit

424 2295 591 2351 opera
639 2279 1009 2334 tcuebrarum.
1054 2275 1362 2345 Exstinguit
1392 2273 1725 2344 Egyptium,
1766 2274 1858 2343 qui
1885 2290 1990 2328 non

426 2373 742 2437 carnaliter,
773 2370 867 2425 sed
912 2366 1272 2439 spiritualiter
1295 2366 1452 2421 vivit.
1483 2366 1792 2437 Exstinguit
1822 2365 1994 2439 .Egy-

425 2470 624 2539 ptium,
654 2465 747 2535 qui
774 2463 1136 2533 cogitationes
1163 2460 1412 2516 sordidas
1440 2469 1496 2515 et
1517 2459 1760 2528 impuras
1788 2461 1871 2514 vel
1898 2461 1996 2514 de-

426 2561 580 2630 pellit
635 2575 705 2615 ex
768 2558 955 2623 corde,
1022 2554 1106 2609 vel
1166 2552 1392 2608 omnino
1444 2568 1550 2608 non
1611 2552 1827 2622 recipit,
1882 2554 1993 2607 sic-

436 2667 492 2708 ut
532 2661 588 2708 et
633 2650 921 2721 Apostolus
967 2648 1098 2704 dicit
1125 2646 1172 2679 ”
1200 2664 1214 2700 :
1247 2665 1266 2698 ι
1296 2646 1650 2700 Assumeutes
1682 2653 1893 2699 scutum
1926 2642 1994 2695 ﬁ-

427 2746 513 2801 dei
547 2746 601 2799 in
644 2758 755 2812 quo
792 2754 1078 2812 possumus
1124 2738 1305 2794 omnia
1346 2737 1527 2805 jacula
1574 2734 1795 2805 maligni
1825 2732 1994 2805 ignita

427 2837 796 2905 exstinguere.
825 2853 843 2886 ι
884 2832 998 2888 lloc
1019 2831 1161 2886 enim
1190 2829 1348 2885 modo
1381 2841 1674 2898 possumus
1704 2826 1867 2882 etiam
1898 2825 1996 2879 ho-

428 2932 516 2985 die
542 2928 831 2997 Egyptios
855 2926 1042 2980 videre
1067 2930 1330 2990 mortuos,
1365 2931 1420 2976 et
1439 2921 1687 2992 jacentes
1723 2919 1791 2973 ad
1822 2918 1991 2985 littus,

425 3017 703 3086 submergi
758 3015 1049 3084 quadrigas
1108 3026 1293 3068 eorum
1340 3020 1396 3065 et
1452 3023 1644 3079 equos.
1696 3006 1994 3063 Possumus

2096 1831 2265 1896 venit,
2297 1839 2353 1885 et
2380 1830 2604 1900 pertulit
2639 1836 2895 1883 mortem.
2929 1827 3023 1882 Vis
3060 1824 3204 1879 scire
3233 1824 3360 1892 quia
3400 1818 3671 1889 gloriﬁca-

2097 1935 2186 1981 tus
2219 1923 2339 1979 est?
2370 1922 2489 1993 ipse
2533 1920 2814 1978 dicebat”
2846 1937 2860 1974 :
2902 1939 2919 1969 ι
2951 1917 3136 1983 Pater,
3177 1914 3327 1969 venit
3373 1915 3526 1977 hora,
3554 1910 3668 1966 cla-

2099 2017 2247 2071 riﬁca
2279 2014 2471 2069 Filiqu
2516 2023 2691 2075 tuum,
2745 2018 2803 2064 ut
2851 2000 3018 2064 Filius
3067 2018 3189 2062 tuus
3230 2004 3494 2060 clariﬁcet
3530 2011 3600 2055 te.
3642 2019 3663 2052 ο

2097 2111 2226 2166 Erat
2254 2125 2384 2177 ergo
2405 2109 2453 2163 ci
2480 2108 2675 2179 gloria,
2702 2107 2864 2161 etiam
2898 2105 3011 2176 ipsa
3037 2104 3219 2173 passio
3246 2102 3447 2163 crucis,
3476 2113 3670 2154 verum

2096 2198 2267 2266 gloria
2299 2198 2415 2251 bzer.
2445 2212 2552 2250 non
2583 2204 2700 2250 erat
2741 2194 2995 2265 gloriosa,
3022 2192 3116 2247 sed
3150 2191 3387 2245 humilis.
3429 2188 3670 2257 Denique

2097 2288 2294 2344 dicitur
2320 2289 2384 2343 de
2411 2302 2476 2342 eo
2498 2288 2579 2341 ²⁹ε
2618 2305 2636 2338 ι
2673 2285 2986 2341 llumiliavit
3015 2299 3076 2339 se
3109 2296 3281 2353 usque
3309 2283 3375 2336 ad
3413 2289 3669 2347 mortem,

2096 2388 2324 2433 mortem
2377 2386 2557 2430 autem
2603 2377 2799 2431 crucis.
2844 2394 2862 2427 ι
2912 2376 2984 2429 De
3032 2389 3139 2445 quo
3194 2373 3359 2427 etiam
3405 2370 3670 2441 propheta

2096 2470 2420 2540 praedixerat.
2452 2467 2496 2499 ³⁸
2535 2483 2550 2521 :
2598 2485 2617 2518 ί
2667 2465 2839 2520 Morte
2889 2464 3198 2533 turpissima
3249 2463 3671 2518 condemnemus

2096 2577 2242 2619 eum.
2279 2580 2298 2614 ι
2331 2560 2437 2616 Sed
2475 2568 2530 2613 et
2574 2557 2742 2614 lsaias
2796 2558 2931 2613 dicit
2979 2559 3045 2612 de
3090 2572 3155 2611 eo
3177 2555 3221 2587 “
3254 2574 3268 2611 :
3307 2574 3326 2607 ι
3365 2554 3419 2608 In
3452 2553 3676 2608 humili-

2099 2663 2208 2709 tate
2230 2651 2492 2722 judicium
2526 2649 2643 2719 ejus
2679 2648 2951 2704 sublatum
2980 2657 3089 2702 est.
3131 2666 3151 2699 ι
3187 2644 3243 2699 ln
3275 2645 3360 2699 his
3393 2659 3523 2715 ergo
3552 2658 3672 2697 om-

2097 2742 2257 2797 nibus
2297 2740 2628 2808 gloriﬁcatns
2662 2748 2747 2793 est
2786 2739 3067 2803 Dominus,
3125 2737 3243 2802 sed,
3278 2743 3336 2790 ut
3364 2737 3436 2790 ita
3465 2736 3670 2799 dicam,

2097 2832 2394 2897 humiliter,
2420 2846 2525 2886 non
2555 2831 2791 2901 gloriose
2824 2830 3155 2900 gloriﬁcatus
3184 2839 3292 2884 est.
3314 2827 3514 2883 Verum
3541 2827 3669 2895 quia

2101 2943 2121 2976 ι
2158 2927 2272 2980 haec
2319 2924 2606 2994 oportebat
2651 2923 2760 2993 pati
2802 2921 3101 2989 Christum,
3128 2931 3182 2977 et
3216 2920 3297 2975 sic
3341 2920 3567 2974 introire
3615 2917 3669 2971 in

2097 3016 2322 3087 gloriam
2346 3032 2500 3070 suam
2529 3016 2596 3079 ³²,
2626 3036 2645 3068 ι
2673 3031 2795 3070 cum
2849 3015 3063 3069 venerit
3106 3016 3160 3068 in
3199 3013 3370 3086 gloria
3414 3012 3591 3066 Patris
3615 3019 3671 3064 et

425 3110 593 3168 etiam
640 3109 816 3177 ipsum
873 3105 1214 3160 Pharaonem
1248 3103 1435 3157 Videre
1465 3100 1732 3170 demersi.
1767 3099 1812 3154 Si
1844 3108 1991 3152 tanta
2021 3079 2065 3139 ο
2098 3115 2408 3160 sanctorqu
2429 3107 2776 3176 angelorum,
2799 3119 2921 3159 cum
2948 3104 3160 3159 venerit
3182 3079 3233 3158 in
3268 3103 3551 3173 majestate
3571 3116 3667 3156 sua

427 3201 535 3257 me
561 3198 832 3260 Vivamus.
865 3205 924 3249 υι
958 3196 1098 3248 Deus
1127 3200 1373 3248 comem"
1420 3188 1678 3244 3313mm
1707 3190 1808 3245 sub
1837 3189 1994 3260 Ρθάί·
2093 3200 2340 3272 judicare
2386 3211 2608 3265 terram,
2638 3196 2857 3268 quando
2895 3205 2948 3249 et
2996 3210 3182 3250 verum
3230 3194 3590 3257 Pharaonem,
3617 3192 3671 3246 id

429 3295 532 3350 bus
562 3291 768 3346 nostris
792 3288 840 3321 “
868 3286 1133 3343 velociter
1168 3301 1262 3356 per
1295 3283 1480 3340 Jesum
1511 3283 1789 3338 Christum
1812 3282 1996 3337 Domi-

430 3400 559 3441 num
592 3392 862 3446 nostrum,
897 3380 984 3435 cui
1016 3388 1097 3434 est
1124 3378 1293 3448 gloria
1321 3385 1376 3431 et
1397 3375 1687 3445 imperium
1710 3375 1763 3429 in
1795 3375 1995 3430 saecula

426 3480 766 3535 saeculorum.
808 3476 1002 3529 Amen.

1011 3626 1293 3684 llOMlLlA
1328 3625 1414 3684 Vl.

429 3749 508 3805 De
549 3748 754 3803 cantico
802 3745 944 3817 quod
1002 3741 1232 3817 cantavit
1274 3738 1485 3817 Moyses
1530 3753 1649 3792 cum
1700 3732 1912 3807 populo,
1949 3742 1996 3787 et

874 3814 1053 3870 Maria
1074 3828 1192 3866 cum
1220 3810 1550 3864 mulieribus.

502 3940 557 3993 1.
588 3935 751 3991 Multa
774 3934 991 4005 quidem
1024 3929 1237 3985 cantica
1261 3926 1376 3982 ﬁeri
1403 3925 1630 3996 legimus
1658 3924 1710 3977 in
1745 3922 1998 3991 Scriptu-

433 4032 511 4087 ris
535 4029 755 4093 divinis,
790 4027 986 4081 horum
1027 4032 1205 4077 tamen
1231 4017 1472 4074 omnium
1490 4016 1723 4087 primum
1756 4014 1899 4069 istud
1918 4021 2002 4067 est

428 4125 727 4185 canticum,
745 4118 888 4189 quod
906 4115 1175 4185 Egyptiis
1204 4120 1261 4167 et
1282 4110 1570 4166 Pharaone
1602 4108 1887 4164 submerso
1905 4122 2002 4177 po-

425 4217 584 4289 pulus
603 4213 695 4269 Dei
720 4209 876 4282 14⁵1
907 4218 1031 4279 post
1058 4205 1339 4260 victoriam
1367 4203 1584 4258 cecinit.
1608 4201 1770 4257 Moris
1801 4200 2002 4269 quippe

428 4317 744 4365 sanctorum
778 4313 880 4367 est,
912 4300 1000 4355 ubi
1031 4299 1378 4354 adversarius
1426 4294 1682 4358 vincitur,
1739 4301 2001 4361 tanquam

2097 3302 2182 3348 est
2207 3293 2478 3348 diabolmn
2532 3293 2826 3348 interﬁciet
2873 3291 3067 3359 spiritu
3095 3289 3209 3343 oris
3251 3289 3355 3351 sui,
3390 3301 3511 3342 cum
3543 3300 3677 3354 ergo

2109 3386 2395 3456 refulgebit
2425 3386 2479 3439 in
2514 3384 2792 3454 majestate
2824 3382 3000 3438 Patris
3024 3380 3127 3445 sui,
3157 3388 3210 3434 et
3235 3386 3359 3450 post
3383 3379 3675 3432 adventum

2100 3476 2453 3544 humilitatis,
2512 3478 2806 3530 secundum
2869 3476 3026 3530 nobis
3082 3476 3137 3530 in
3195 3473 3367 3541 gloria
3426 3472 3679 3527 OStendet

2104 3571 2423 3633 adventum,
2472 3580 2599 3623 tunc
2645 3583 2751 3622 non
2806 3568 2978 3624 solum
3025 3566 3357 3640 gloriﬁcatur
3395 3564 3676 3627 Dominus,

2099 3665 2194 3720 sed
2220 3673 2275 3718 et
2298 3662 2536 3731 gloriose
2573 3658 2929 3730 gloriﬁcatur,
2966 3674 3089 3714 cum
3128 3671 3316 3712 omnes
3344 3655 3418 3708 ita
3450 3653 3679 3708 honori-

2102 3756 2267 3811 ﬁcant
2295 3754 2514 3822 Filium,
2547 3755 2689 3809 sicut
2720 3750 3083 3809 honoriﬁcant
3108 3749 3324 3804 Patrem
3352 3746 3421 3800 ³³.

2170 3848 2226 3901 2.
2264 3865 2283 3899 ι
2335 3846 2545 3916 Equum
2592 3856 2647 3900 et
2687 3837 3032 3901 ascensorem
3092 3840 3322 3913 projecit
3369 3838 3422 3892 in
3473 3849 3624 3892 mare
3657 3851 3678 3893 :

2101 3940 2313 4010 adjutor
2339 3947 2396 3992 et
2424 3948 2697 4008 protector
2729 3938 2908 3991 factus
2939 3944 3023 3991 est
3049 3934 3179 3989 mihi
3212 3933 3264 3986 in
3298 3930 3525 3986 salutem
3547 3926 3616 3982 “.
3650 3943 3673 3979 ο

2106 4030 2360 4084 llomines
2389 4031 2480 4099 qui
2516 4043 2615 4083 nos
2655 4028 3034 4096 insequuntur,
3070 4024 3192 4093 equi
3226 4030 3374 4085 sunt,
3408 4028 3484 4084 et,
3516 4026 3575 4072 ut
3604 4017 3678 4070 ita

2103 4126 2299 4189 dicam,
2326 4138 2513 4178 onmes
2538 4122 2629 4190 qui
2676 4123 2728 4175 in
2781 4135 2945 4175 carne
2995 4120 3106 4173 nati
3136 4126 3284 4182 sunt,
3331 4113 3678 4184 singulariter

2103 4217 2225 4285 equi
2248 4225 2394 4282 sunt,
2422 4215 2514 4270 sed
2538 4215 2591 4269 hi
2621 4214 2823 4269 habent
2845 4226 3171 4268 ascensores
3197 4224 3340 4263 suos.
3368 4208 3508 4261 Sunt
3527 4203 3674 4274 equi,

2104 4323 2239 4378 quos
2264 4307 2522 4361 Dominus
2553 4306 2818 4371 ascendit,
2848 4314 2900 4359 et
2946 4304 3289 4358 circumeunt
3315 4312 3534 4354 omnem
3568 4306 3679 4350 ter-

428 4405 519 4471 «μή
547 4404 726 4457 sciant
749 4412 856 4454 non
885 4411 981 4452 sua
1006 4394 1226 4459 virtute,
1267 4392 1361 4445 sed
1386 4389 1480 4444 Dei
1510 4388 1684 4457 gratia
1714 4386 1998 4440 Vtctoriam

2107 4416 2220 4462 ram
2255 4416 2269 4453 :
2308 4402 2372 4453 de
2412 4399 2610 4468 quibus
2641 4399 2841 4453 dicitur
2867 4397 2952 4450 ³⁸ε
2989 4415 3007 4447 ε
3043 4393 3116 4448 Ει
3141 4394 3414 4463 equitatus
3438 4400 3559 4445 tuus
3588 4404 3679 4443 sa-

429 4499 655 4558 factam,
698 4494 957 4563 hymnum
994 4490 1104 4543 Deo
1147 4483 1530 4557 gratulationis
1574 4480 1791 4536 oﬂ‘erre.
1843 4479 2005 4533 Accio

428 4592 587 4659 piunt
626 4597 828 4650 tamen,
870 4584 1132 4654 hymnum
1173 4587 1455 4642 canentes,
1489 4575 1653 4629 etiam
1690 4583 2002 4645 tympanum

429 4680 484 4733 in
519 4678 772 4732 manibus
819 4676 954 4738 suis,
1008 4672 1147 4727 sicut
1183 4671 1250 4724 de
1288 4667 1458 4722 Maria
1512 4679 1700 4721 sorore
1744 4662 1911 4735 Moysi
1952 4670 2009 4715 et

430 4778 611 4829 Aaron
644 4773 898 4824 refertur.
931 4766 999 4820 Et
1028 4773 1083 4820 tu
1117 4778 1248 4832 ergo
1282 4761 1326 4815 si
1361 4773 1512 4813 mare
1547 4756 1795 4812 Rubrum
1830 4765 2009 4808 trans-

430 4866 581 4927 ieris,
627 4864 669 4917 si
703 4860 983 4932 [Egyptios
1011 4859 1064 4912 iu
1108 4854 1245 4910 mari
1273 4852 1552 4922 submergi
1580 4850 1779 4904 videris
1811 4858 1868 4902 et
1909 4862 2008 4901 ex-

433 4955 631 5025 stingui
657 4952 1021 5016 Pharaonem,
1049 4956 1210 5017 atque
1235 4948 1287 5000 in
1315 4945 1495 5014 abyssi
1523 4940 1845 5013 profundum
1867 4954 2005 5011 prte-

434 5045 671 5116 eipitari,
706 5052 858 5114 potes
907 5044 1162 5113 hymnum
1200 5050 1400 5094 canere
1451 5036 1581 5101 Deo,
1631 5043 1784 5104 potes
1822 5046 2006 5086 vocem

435 5138 815 5210 gratulationis
859 5138 1130 5201 emittere,
1164 5144 1220 5189 et
1251 5134 1435 5188 dicere
1465 5146 1479 5183 :
1518 5147 1538 5181 ς
1572 5128 1864 5184 Cantemus
1900 5125 2006 5179 Do-

434 5234 604 5300 mino,
644 5231 878 5302 gloriose
928 5228 1074 5283 enim
1129 5224 1519 5281 honoriﬁcatus
1562 5229 1667 5285 est,
1708 5233 1908 5288 equum
1958 5226 2013 5272 et

434 5332 777 5373 ascensorem
797 5315 1025 5386 projecit
1051 5315 1103 5369 in
1133 5327 1282 5368 mare
1301 5313 1368 5367 ’⁵.
1393 5331 1412 5364 ›
1432 5310 1621 5366 Melius
1638 5318 1815 5364 autem
1845 5318 1901 5364 et
1929 5308 2012 5364 di-

2105 4490 2208 4543 lus.
2246 4509 2264 4541 ι
2294 4489 2434 4543 Sunt
2463 4502 2641 4542 autem
2673 4487 2819 4557 equi,
2855 4487 2947 4556 qui
2981 4498 3301 4539 ascensores
3333 4481 3533 4535 habent
3563 4478 3681 4532 dia-

2104 4581 2283 4635 bolum
2323 4580 2399 4652 (9)
2434 4588 2489 4633 et
2532 4581 2750 4650 angelos
2795 4578 2933 4648 ejus.
2981 4575 3145 4631 Judas
3191 4587 3364 4643 equus
3400 4579 3547 4629 erat:
3586 4567 3682 4623 sed

2104 4668 2275 4724 donec
2320 4682 2664 4723 ascensorem
2715 4668 2908 4722 habuit
2961 4665 3272 4730 Dominum,
3314 4663 3381 4718 de
3430 4661 3679 4730 equitatu

2107 4758 2209 4813 fuit
2255 4759 2466 4814 salutis.
2521 4759 2655 4813 Cum
2709 4758 2921 4813 caeteris
2969 4757 3116 4812 enim
3155 4755 3416 4826 apostolis
3457 4755 3678 4812 missus,

2107 4851 2327 4921 aegrotis
2360 4849 2590 4905 salutem
2621 4859 2677 4905 et
2704 4851 2992 4906 sanitatem
3034 4846 3418 4919 languentibus
3455 4852 3681 4913 prtesta—

2105 4945 2218 4999 bat.
2271 4943 2375 4998 Sed
2423 4944 2515 4998 ubi
2572 4957 2631 4998 se
2682 4943 2898 4999 diabolo
2949 4941 3269 5005 substravit,
3309 4946 3429 5009 post
3462 4934 3682 4991 buccel-

2108 5034 2215 5089 lam
2244 5035 2389 5090 enim
2419 5036 2661 5091 introivit
2709 5038 2762 5090 in
2796 5036 2945 5089 illum
2975 5035 3207 5090 Satanas
3236 5032 3303 5097 ³⁸,
3337 5038 3396 5086 et.
3424 5040 3684 5085 asoensor

2113 5127 2280 5198 ipsius
2324 5126 2546 5184 eﬁ‘ectus
2591 5138 2677 5183 est
2723 5128 2975 5193 Satanas,
3025 5136 3078 5179 et
3128 5110 3273 5179 illius
3320 5122 3548 5178 habenis
3586 5120 3687 5175 du-

2113 5230 2234 5275 ctus
2284 5219 2540 5274 adversus
2597 5219 2880 5273 Dominum
2931 5228 2989 5273 et
3044 5215 3383 5270 Salvatorctu
3432 5222 3684 5267 nostrum

2118 5313 2280 5382 carpit
2309 5312 2582 5381 equitare.
2615 5310 2812 5367 Omnes
2840 5324 2967 5381 ergo
2998 5309 3087 5377 qui
3128 5315 3531 5378 persequuntur
3557 5316 3685 5357 san.

507 5456 551 5485 ²²
581 5452 768 5510 Matth.
790 5468 872 5508 ιιι.
941 5451 987 5483 ’³
1020 5450 1213 5520 Ephes.
1242 5464 1318 5514 vi,
1344 5447 1461 5520 16.4
1498 5449 1546 5483 ’⁵
1567 5445 1725 5520 βοῇ).
1748 5462 1860 5510 xvr,
1887 5446 1980 5520 20.

2100 5448 2294 5520 ‘Exod.
2321 5463 2413 5514 xv,
2445 5449 2496 5503 i.
2556 5447 2814 5520 "Matth.
2849 5462 3001 5515 xvm,
3030 5448 3131 5520 ll;
3192 5447 3236 5520 δ”
3260 5446 3361 5520 ls_a.
3390 5457 3508 5505 Lm,
3538 5440 3686 5520 ετξ.

435 5524 481 5554 ³⁸
507 5523 660 5577 Joau.
700 5540 832 5587 xvn,
876 5523 929 5579 1.
1005 5517 1281 5588 ²⁹⁷Ρὴὶ1ἰιλ
1328 5534 1390 5584 ιι,
1436 5517 1491 5572 8.

1569 5518 1614 5548 ³⁰
1663 5517 1793 5587 Sap.
1830 5532 1890 5585 ιι,
1933 5519 2023 5571 20.

439 5592 482 5625 ³³
507 5594 674 5649 Exod.
701 5610 792 5659 xv,
820 5586 876 5660 ⁷1,
898 5593 956 5647 2.
1030 5593 1076 5624 ³⁵
1110 5586 1310 5647 Hahae.
1344 5604 1427 5654 ιιι,
1460 5589 1516 5643 8.
1591 5588 1637 5619 ³⁸
1670 5586 1830 5644 Joan.
1859 5602 1977 5655 xm,
2007 5587 2096 5642 27.

2101 5520 2143 5550 ³³
2168 5519 2270 5574 lsa.
2319 5509 2436 5585 uti,
2468 5523 2520 5576 8.
2599 5518 2644 5551 ³²
2669 5519 2799 5574 Luc.
2840 5509 2995 5585 xxiv,
3034 5518 3123 5571 ‘26.
3201 5516 3251 5558 ³³
3291 5515 3447 5570 Joan.
3488 5526 3548 5578 v,
3584 5509 3681 5568 25.

519 5709 592 5780 (9)
620 5708 711 5765 Sic
759 5724 925 5779 mss.;
975 5708 1109 5765 alias
1153 5721 1304 5776 vero,
1356 5724 1376 5760 ί
1417 5720 1761 5764 ascensorem
1812 5703 2353 5765 habentdiabolnm.
2391 5720 2413 5756 ι
