4050 6142
335 321 447 378 5'53

1582 316 1649 371 lN
1685 317 1975 375 EXODUM
2017 317 2302 375 HOMILIA
2329 320 2420 376 Vl.
3525 326 3631 382 δπι

335 452 481 506 ctus,
516 440 662 510 equi
688 448 817 496 sunt
865 438 1194 504 hinnientes,
1238 438 1333 493 sed
1370 439 1575 495 habent
1607 456 1947 507 ascensores,
1979 448 2026 505 Α
2054 451 2222 507 ctum,
2249 443 2330 496 vel
2361 443 2743 507 centesimum,
2774 440 2857 496 vel
2897 444 3317 514 sexagesimum,
3343 445 3424 501 vel
3467 448 3634 504 trice-

333 533 556 604 quibus
610 543 875 602 aguntur,
930 531 1150 600 angelos
1211 531 1415 597 malos,
1467 542 1523 587 et
1571 532 1691 588 ideo
1743 533 1951 589 feroces

338 634 499 679 sunt.
536 623 607 678 Si
635 638 767 694 ergo
799 623 1001 678 videris
1039 623 1331 694 aliquando
1362 636 1767 694 persecutorem
1797 635 1949 681 tuum

338 715 595 771 nimium
651 715 994 781 saevientem,
1046 716 1185 771 scito
1237 714 1362 785 quia
1391 716 1460 771 ab
1508 731 1801 773 ascensore
1851 734 1950 773 suo

340 806 614 860 daemone
640 814 987 874 perurgetur,
1014 816 1069 860 et
1098 806 1217 860 ideo
1244 820 1441 871 saevus,
1467 805 1588 860 ideo
1618 807 1951 864 truculentus

339 908 449 952 est.
488 898 769 952 Dominus
793 913 925 969 ergo
952 916 973 949 ‹
1008 914 1210 973 equum
1256 906 1311 953 et
1344 914 1691 955 ascensorem
1724 901 1952 968 projccit

343 991 399 1046 in
446 1005 639 1058 mare,
674 1002 729 1045 et
770 991 947 1045 factus
979 1000 1063 1046 est
1103 990 1234 1046 mihi
1276 992 1329 1045 in
1381 990 1631 1045 salutem.
1672 991 1770 1047 llic
1813 994 1952 1048 Deus

346 1098 538 1147 mens,
594 1093 653 1138 et
701 1082 1076 1139 honoriﬁcabo
1125 1098 1271 1149 eum,
1324 1082 1468 1138 Deus
1513 1084 1684 1154 patris
1732 1086 1859 1152 mei,
1897 1095 1953 1141 et

346 1176 624 1232 exaltabo
678 1191 827 1234 eum.
864 1197 886 1229 ι
925 1175 1021 1231 llic
1078 1190 1209 1246 ergo
1261 1183 1313 1229 et
1363 1190 1516 1231 meus
1554 1185 1656 1237 est,
1691 1175 1853 1243 Deus,
1897 1186 1953 1233 et

351 1268 507 1324 Deus
544 1269 724 1335 patris
751 1269 881 1323 mei.
911 1267 1074 1322 Pater
1128 1278 1315 1322 n05ter
1353 1268 1445 1335 qui
1497 1281 1597 1322 nos
1629 1266 1757 1323 fecit
1782 1278 1836 1323 et
1861 1284 1955 1340 ge-

354 1360 505 1425 nuit,
541 1360 799 1416 Christus
827 1369 933 1422 est,
974 1366 1030 1414 et
1063 1359 1178 1429 ipse
1204 1358 1335 1413 dicit
1363 1357 1407 1391 ³⁷
1436 1376 1450 1411 :
1483 1377 1504 1410 ε
1544 1358 1694 1415 Vado
1740 1360 1807 1414 ad
1851 1358 1955 1415 Pa-

355 1461 503 1507 trem
557 1467 741 1507 meum
790 1462 846 1506 et
892 1452 1108 1506 Patrem
1158 1460 1419 1513 vestrum,
1458 1451 1625 1504 Deum
1674 1467 1852 1506 meum
1899 1461 1953 1507 et

352 1545 533 1601 Deum
558 1554 829 1599 vestrum.
861 1562 881 1597 ι
911 1543 967 1599 Si
993 1560 1122 1616 ergo
1147 1559 1435 1615 agnoscnm
1455 1544 1600 1614 quod
1629 1544 1769 1599 Deus
1800 1560 1954 1600 meus

352 1637 427 1691 sit
458 1635 631 1701 Deus,
664 1635 984 1705 glorilieabo
1012 1652 1159 1691 eum.
1185 1635 1244 1690 Si
1271 1650 1398 1690 vero
1424 1636 1588 1689 etiam
1616 1635 1756 1691 istud
1788 1653 1954 1707 agun-

353 1741 542 1792 scatn,
564 1726 846 1796 quomodo
892 1726 1071 1796 patris
1115 1725 1220 1780 mei
1271 1724 1470 1780 Christi
1502 1726 1572 1781 sit
1606 1725 1771 1789 Deus,
1804 1727 1952 1781 exal-

2051 533 2272 588 sitnum.
2298 534 2517 605 Triplex
2545 551 2782 602 namque
2809 545 2894 591 est
2922 538 3084 591 etiam
3127 539 3263 592 bene
3292 541 3484 607 agendi
3516 542 3628 602 via,

2053 623 2405 679 nihilominus
2451 628 2594 680 enim
2645 626 2730 681 vel
2776 642 2961 697 opere,
3007 629 3092 684 vel
3145 630 3495 700 cogitatione,
3546 633 3630 687 vel

2052 715 2220 769 verbo
2257 714 2380 770 boni
2414 716 2617 787 aliquid
2667 720 2868 789 agitur.
2922 719 3038 776 lloc
3087 722 3233 778 enim
3270 724 3542 795 signiﬁcat
3577 739 3632 781 et

2051 805 2366 874 Apostolus,
2400 822 2523 862 cum
2559 809 2692 864 dicit
2715 809 2796 864 ηε
2826 830 2843 863 ι
2874 810 2977 879 Qui
3011 822 3191 868 autem
3214 815 3443 871 aediﬁcat
3470 833 3634 887 super

2054 897 2464 955 fundamentum
2507 903 2627 971 hoc,
2666 918 2880 971 aurum,
2916 917 3222 977 argentum,
3268 908 3474 978 lapides
3505 928 3633 982 pre-

2055 990 2247 1056 tiosos,
2286 1011 2306 1044 ι
2339 993 2602 1061 triplicem
2632 995 2897 1052 bonorum
2929 999 3178 1055 indicans
3208 1000 3370 1056 viam.
3402 1000 3634 1072 Suhjun-

2054 1082 2132 1152 git
2170 1083 2521 1140 nihilominus
2557 1086 2823 1157 triplicem
2863 1088 3029 1143 etiam
3069 1090 3358 1158 malorum,
3395 1108 3517 1149 cum
3548 1097 3632 1151 di-

2054 1175 2172 1234 cit:
2209 1194 2228 1229 ι
2269 1176 2463 1248 Ligna,
2515 1178 2757 1249 (mnum,
2806 1184 3083 1254 stipulam.
3134 1204 3152 1237 ι
3187 1187 3276 1241 Isti
3324 1202 3455 1259 ergo
3495 1191 3632 1244 terni

2054 1277 2288 1324 statores
2310 1281 2437 1324 sunt
2469 1272 2644 1343 angeli
2680 1289 2908 1343 nequam
2940 1278 3007 1332 de
3036 1280 3278 1333 exercitu
3309 1278 3633 1349 Pharaonis,

2054 1358 2144 1427 qui
2179 1367 2324 1413 stant
2352 1360 2404 1415 in
2453 1361 2826 1432 hujuscemodi
2873 1367 3002 1432 viis,
3042 1369 3401 1426 observantes
3435 1390 3636 1428 unum-

2056 1466 2326 1521 quemque
2353 1462 2603 1510 nostrum
2635 1471 2733 1526 per
2764 1459 2880 1513 liaac
2914 1461 3019 1515 iter
3054 1477 3215 1532 agere
3246 1465 3297 1518 in
3327 1476 3631 1533 peccatum,

2055 1556 2191 1608 quos
2222 1543 2489 1616 demergit
2519 1546 2780 1604 Dominus
2810 1550 2863 1604 in
2893 1552 3139 1609 Rubrum
3169 1570 3342 1621 mare,
3367 1567 3423 1612 et
3455 1558 3637 1628 ignitis

2054 1647 2149 1688 eos
2173 1634 2225 1687 in
2249 1633 2437 1705 judicii
2482 1638 2569 1694 die
2607 1637 2861 1696 fluctibus
2894 1645 3087 1710 tradet,
3122 1659 3186 1701 ac
3230 1663 3511 1717 pcenarum
3541 1667 3632 1720 pe-

2058 1722 2181 1796 lago
2218 1734 2384 1795 teget,
2427 1729 2473 1784 si
2517 1737 2574 1784 tu
2617 1731 2787 1787 Deum
2818 1749 3055 1805 sequens
3087 1737 3154 1792 de
3194 1752 3383 1796 eorum
3412 1749 3466 1797 te
3491 1752 3640 1813 pote-

360 1819 503 1873 tabo
536 1833 685 1876 eum.
718 1818 898 1873 Altior
932 1832 1168 1886 namque
1199 1816 1508 1873 intellectus
1546 1828 1650 1878 est,
1680 1821 1953 1888 quomodo
1986 1807 2027 1864 Β
2057 1827 2198 1872 state
2228 1820 2588 1877 subtraxeris.

357 1909 619 1966 Christus
649 1920 710 1963 ut
741 1911 903 1966 unius
936 1910 1029 1965 Dei
1061 1911 1396 1982 constringat
1427 1921 1482 1966 et
1512 1911 1718 1965 muniat
1749 1913 1951 1967 verita-

359 2012 497 2069 tem.
526 2005 696 2059 Deum
726 2019 884 2057 suum
913 2004 1065 2070 dicit,
1092 2017 1253 2072 quem
1289 2015 1483 2057 natura
1520 2001 1739 2057 Patrem
1770 2016 1951 2059 vocat.

367 2113 389 2146 ι
431 2096 579 2150 Deus
600 2099 890 2150 conte'rens
919 2095 1081 2162 bella,
1110 2094 1370 2150 Dominus
1399 2111 1596 2151 nomen
1621 2105 1704 2150 est
1731 2096 1804 2150 illi
1831 2097 1896 2153 ³⁸.
1929 2117 1947 2149 ι

361 2186 502 2242 Nolo
533 2196 715 2256 putes,
739 2188 865 2256 quia
907 2194 1116 2241 tantum
1177 2186 1419 2241 visibiles
1467 2202 1679 2257 pugnas
1721 2188 1958 2243 conterit

359 2279 655 2345 Dominus,
680 2281 776 2336 sed
799 2291 856 2336 et
895 2280 1015 2335 illas
1054 2283 1316 2347 conterit,
1343 2296 1464 2350 quze
1504 2281 1661 2337 nobis
1684 2291 1811 2338 sunt
1846 2298 1953 2337 non

364 2372 636 2428 adversus
663 2387 886 2428 carnem
924 2383 981 2428 et
1024 2374 1364 2443 sanguinem,
1395 2374 1489 2429 sed
1521 2374 1783 2430 adversus
1805 2375 1960 2444 prin-

367 2464 591 2533 cipatus
616 2474 673 2520 et
699 2474 996 2534 potestates
1029 2464 1164 2538 (l0),
1198 2474 1253 2521 et
1281 2465 1542 2521 adversus
1581 2467 1766 2523 mundi
1799 2468 1956 2535 hujus

365 2565 622 2612 rectores
672 2557 1022 2611 tenebrarum
1080 2558 1271 2612 harum
1324 2556 1388 2609 ⁸⁸.
1427 2575 1446 2610 ‹
1503 2556 1767 2613 Dominus
1809 2560 1955 2613 enim

361 2664 578 2702 nomen
627 2660 713 2703 est
753 2649 854 2713 illi,
888 2667 908 2700 υ
955 2658 1013 2703 et
1046 2664 1153 2704 non
1202 2657 1288 2704 est
1336 2648 1443 2703 ulla
1483 2659 1754 2715 creatura,
1806 2649 1959 2718 cujus

375 2740 648 2796 Dominus
681 2756 788 2796 non
818 2741 909 2795 sit.

441 2833 499 2889 3.
543 2852 565 2886 ι
594 2833 900 2905 Quadrigas
924 2834 1246 2899 Pharaonis,
1275 2843 1330 2889 et
1360 2834 1659 2889 exercitum
1691 2831 1808 2902 ejus
1835 2847 1960 2904 pro-

368 2925 499 2994 jecit
526 2925 584 2981 in
630 2941 802 2981 mare.
853 2925 1069 2981 Electos
1117 2940 1463 2991 ascensores,
1495 2936 1681 2982 ternos
1724 2936 1961 2981 statores

373 3019 639 3074 demersit
661 3018 715 3073 in
744 3018 990 3073 Rubrum
1012 3034 1170 3075 mare
1196 3016 1266 3071 ⁸ο.
1300 3037 1321 3071 ι
1352 3018 1567 3072 Pharao
1598 3020 1745 3073 velut
1772 3028 1959 3088 poten-

372 3112 480 3166 tior
505 3112 561 3166 in
594 3110 821 3176 malitia,
850 3122 905 3166 et
940 3127 1163 3182 regnum
1201 3111 1461 3181 nequitia:
1490 3121 1700 3175 tenens,
1731 3112 1959 3183 quadri-

2123 1907 2178 1962 4.
2211 1929 2231 1961 ‹
2273 1910 2600 1969 Deciderunt
2646 1915 2700 1970 in
2765 1916 3091 1987 profundum
3143 1923 3299 1990 quasi
3337 1922 3476 1994 lapis
3498 1925 3567 1980 ⁸³.
3609 1946 3630 1980 ι

2056 1999 2238 2066 Quare
2300 2003 2622 2061 deciderunt
2674 2009 2729 2063 in
2778 2009 3106 2078 profundum
3155 2023 3409 2084 tanquam
3460 2015 3639 2086 lapis?

2054 2091 2191 2159 Quia
2220 2109 2328 2147 non
2380 2106 2540 2151 erant
2575 2098 2709 2154 tales
2739 2098 2964 2169 lapides,
3016 2102 3086 2158 de
3130 2106 3327 2174 quibus
3380 2111 3636 2165 suscitari

2057 2192 2275 2253 possent
2308 2184 2405 2239 ﬁlii
2444 2186 2713 2253 Abrahae;
2756 2192 2849 2245 sed
2890 2192 3046 2261 tales,
3085 2197 3176 2263 qui
3229 2207 3475 2253 amarent
3513 2215 3639 2269 pro-

2059 2273 2306 2339 fundum,
2332 2286 2388 2330 et
2421 2276 2686 2346 liquidum
2739 2280 3029 2351 diligerent
3075 2284 3425 2353 elementum,
3470 2290 3522 2344 id
3555 2303 3640 2344 est

2059 2364 2150 2432 qui
2181 2380 2424 2419 amaram
2452 2376 2507 2420 et
2534 2366 2736 2422 ﬂuxam
2779 2372 3123 2439 praesentium
3163 2390 3344 2431 rerum
3377 2393 3639 2449 caperent

2059 2454 2413 2524 voluptatem.
2445 2455 2598 2511 Unde
2627 2468 2682 2511 et
2721 2460 2787 2513 de
2822 2460 2955 2529 ipsis
2994 2464 3195 2518 dicitur
3215 2464 3263 2498 “
3290 2486 3303 2522 :
3343 2490 3361 2519 ι
3394 2469 3635 2525 Detnersi

2060 2555 2187 2599 sunt
2221 2556 2475 2617 tanquam
2507 2547 2786 2618 plumbum
2831 2551 2884 2606 in
2930 2569 3126 2622 aquam
3164 2558 3573 2617 validissimam.
3611 2582 3633 2616 ι

2059 2636 2383 2695 Peccatores
2408 2655 2605 2710 graves
2633 2652 2781 2697 sunt.
2831 2644 3072 2716 Denique
3098 2658 3153 2702 et
3184 2648 3447 2718 iniquitas
3477 2668 3640 2723 super

2064 2731 2325 2787 talentum
2375 2735 2578 2804 plumbi
2628 2737 2821 2793 sedere
2851 2750 3210 2807 monstratur,
3246 2744 3385 2798 sicut
3427 2744 3640 2801 Zacha-

2060 2824 2173 2878 rias
2205 2825 2468 2894 propheta
2502 2826 2635 2881 dicit
2675 2844 2690 2882 :
2741 2849 2760 2881 α
2809 2828 2952 2896 Vidi,
3014 2832 3188 2904 inquit
3232 2835 3300 2903 “,
3354 2839 3638 2894 mulierem

2061 2916 2343 2971 sedentem
2376 2933 2539 2988 super
2570 2919 2829 2976 talentum
2859 2923 3086 2992 plumbi,
3118 2937 3174 2980 et
3199 2928 3308 2983 dixi
3342 2949 3356 2986 :
3395 2930 3526 2998 Quae
3555 2944 3640 2987 est

2063 3008 2217 3064 lucc?
2245 3010 2313 3065 Et
2341 3014 2620 3081 respondit
2656 3032 2670 3068 :
2700 3013 2984 3085 lniquitas.
3019 3036 3038 3068 ι
3066 3018 3195 3074 inde
3229 3030 3312 3074 est
3336 3036 3466 3092 ergo
3493 3027 3638 3094 quod

2064 3100 2236 3171 iniqui
2267 3102 2500 3158 demersi
2536 3113 2662 3159 sunt
2698 3107 2749 3159 in
2794 3106 3141 3175 profundum,
3176 3111 3316 3167 sicut
3354 3113 3637 3183 plumbum

371 3218 469 3281 με
502 3202 637 3273 θεὴ,
675 3201 792 3258 Non
825 3204 903 3258 iui
933 3205 1069 3259 satis
1095 3212 1181 3260 εει
1210 3219 1376 3258 unum
1402 3218 1600 3273 equum
1631 3205 1954 3270 ascendere,
1983 3186 2029 3243 C
2064 3193 2117 3247 in
2147 3209 2345 3264 aquam
2376 3196 2786 3254 validissimam.
2832 3201 3017 3257 Sancti
3048 3213 3232 3258 autem
3279 3220 3386 3260 non
3427 3209 3639 3263 demer-

375 3295 466 3350 sed
502 3296 691 3364 plures
719 3294 882 3350 simul
923 3297 1114 3366 agitat,
1159 3296 1339 3364 plures
1372 3294 1533 3350 simul
1578 3294 1753 3365 plagis
1784 3304 1959 3349 tortos

372 3387 620 3443 verberis
646 3388 814 3457 cogit.
843 3385 1211 3457 Quoscunque
1242 3387 1444 3441 videris
1490 3386 1544 3440 in
1587 3387 1800 3441 luxuria
1841 3397 1959 3440 tur-

375 3481 580 3552 piores,
614 3480 668 3535 in
698 3480 1023 3535 crudelitate.
1075 3480 1357 3543 saeviores,
1383 3481 1436 3533 in
1481 3479 1710 3533 avaritia
1762 3480 1953 3532 tetrio-

373 3588 475 3635 tes,
500 3573 555 3625 itt
582 3573 861 3641 impietate
876 3570 1282 3642 llagitiosiores,
1306 3572 1442 3626 scito
1474 3571 1572 3625 hos
1596 3572 1663 3625 de
1682 3570 1959 3640 quadrigis

374 3677 493 3718 esse
520 3662 868 3729 Pharaonis;
903 3663 1033 3731 ipsis
1063 3666 1236 3728 sedet,
1275 3663 1421 3730 ipsos
1463 3663 1648 3718 currui
1687 3677 1786 3717 suo
1833 3662 1958 3716 sub-

370 3753 569 3829 jungit,
617 3756 671 3810 in
728 3755 862 3824 ipsis
910 3754 1085 3811 fertur
1135 3763 1193 3810 et
1238 3755 1451 3821 volitat,
1500 3766 1552 3809 et
1600 3769 1698 3824 per
1744 3764 1958 3823 apertus

374 3848 641 3909 scelerum
670 3862 897 3918 campos
937 3846 1127 3901 elIusi's
1153 3861 1248 3901 eos
1296 3847 1405 3915 agit
1449 3847 1695 3901 habenis.
1732 3847 1871 3899 Sunt
1904 3853 1959 3901 et

374 3940 468 3994 alii
499 3940 658 3995 electi
682 3953 1031 4002 ascensores,
1054 3937 1214 3992 electi
1244 3939 1363 3993 sine
1391 3937 1554 3993 dubio
1576 3939 1642 3992 ad
1670 3937 1954 3991 malitiam.

374 4032 539 4107 148
564 4032 673 4086 Sed
690 4030 804 4100 jam
824 4020 895 4086 de
915 4029 1299 4085 ascensoribus
1321 4046 1483 4100 supra
1508 4029 1745 4085 diximus
1774 4046 1787 4082 :
1815 4046 1959 4083 nunc

373 4126 536 4179 etiam
560 4123 654 4194 qui
679 4132 809 4179 sunt
827 4125 968 4179 terni
987 4131 1222 4178 statores
1239 4122 1537 4178 videamus.
1556 4120 1687 4177 Mihi
1710 4123 1959 4176 videntur

374 4216 517 4272 terni
537 4225 780 4271 statores
803 4230 902 4285 pro
919 4231 986 4270 eo
1006 4215 1135 4281 dici,
1155 4216 1298 4285 quod
1326 4214 1522 4285 triplex
1545 4224 1625 4269 est
1651 4215 1959 4268 hominibus

375 4306 888 4377 peccandivia.Aut
917 4307 1059 4361 enim
1092 4306 1147 4359 in
1192 4305 1355 4370 facto,
1389 4315 1483 4359 aut
1509 4305 1563 4359 in
1595 4305 1761 4369 dicto,
1790 4305 1955 4358 autin

374 4400 705 4471 cogitatione
718 4408 999 4468 peccatur.
1014 4398 1083 4453 Et
1102 4399 1226 4454 ldeo
1248 4399 1386 4453 terni
1404 4408 1640 4453 statores
1653 4413 1748 4464 per
1773 4398 1963 4467 singua

378 4491 457 4548 los
476 4505 722 4562 quosque
737 4490 1018 4554 dicuntur,
1043 4491 1133 4559 qui
1159 4502 1269 4545 tres
1294 4490 1423 4546 istas
1443 4490 1495 4544 in
1520 4489 1674 4545 nobis
1695 4487 1955 4560 peccandi
1989 4531 2033 4585 ι)

372 4583 665 4638 obsideant
688 4582 826 4648 vias,
843 4592 898 4636 et
918 4582 1269 4651 speculcutur
1294 4596 1530 4650 semper,
1550 4590 1713 4649 atque
1745 4580 1798 4634 in
1824 4580 1955 4634 iusi-

376 4678 476 4730 diis
493 4683 681 4746 agant,
699 4684 760 4729 ut
774 4684 869 4729 aut
885 4674 973 4728 ille
993 4689 1059 4728 ex
1075 4674 1276 4730 misero
1288 4673 1509 4728 homine
1527 4687 1827 4727 sermonem
1842 4688 1956 4726 ma-

376 4768 484 4822 lum
527 4768 730 4836 eliciat,
764 4781 859 4823 aut
881 4767 970 4822 ille
1004 4768 1244 4836 iniquum
1282 4781 1419 4834 opus
1465 4774 1815 4834 extorqueat,
1862 4775 1959 4819 aut

378 4857 466 4911 ille
486 4860 874 4925 cogitationem
908 4859 1198 4928 pessimam
1224 4858 1413 4924 rapiat.
1441 4857 1679 4924 Denique
1695 4864 1748 4909 et
1766 4870 1952 4909 semen

366 4952 528 5006 -verhi
557 4951 651 5005 Dei
691 4952 787 5006 ubi
828 4951 975 5007 cadit
1018 4960 1075 5005 et
1122 4951 1356 5020 deperit,
1393 4947 1588 5017 triplex
1628 4946 1957 5001 describitur

379 5043 530 5098 locus
551 5044 620 5099 δι.
649 5042 800 5100 Unus
831 5059 992 5100 secus
1016 5044 1157 5098 viam
1202 5040 1582 5110 refertur,.qui
1606 5040 1955 5095 conculcatur

372 5141 444 5193 ab
471 5138 815 5203 hominibus;
846 5138 985 5193 alius
1008 5137 1062 5192 in
1093 5134 1295 5206 spinis;
1326 5135 1465 5189 alius
1507 5135 1560 5189 in
1608 5133 1860 5203 petrosis.
1889 5132 1956 5186 Et

378 5230 684 5285 tcontrario
715 5238 859 5283 terra
899 5228 1041 5284 bona
1068 5226 1265 5283 all‘erre
1299 5225 1500 5281 dicitur
1535 5223 1802 5294 triplicem
1841 5222 1956 5275 l'tu-

444 5364 489 5398 ⁸⁷
515 5364 675 5421 Joan.
716 5382 809 5433 xx,
832 5366 920 5420 17.

380 5434 426 5469 ⁸³
465 5437 633 5490 Exod.
684 5452 777 5499 xv,
829 5436 880 5489 5.

381 5506 426 5541 ⁵⁸
450 5506 684 5564 Malacb.
714 5521 799 5571 ut,
825 5508 878 5562 3.

450 5626 566 5696 (10)
592 5626 765 5696 Alias,
798 5644 818 5677 ι
860 5625 1133 5696 principes
1159 5634 1215 5681 et
1239 5633 1552 5695 potestates.
1597 5642 1618 5696 ρ

455 5628 543 5696 (lo
592 5628 765 5691 Alias,
798 5644 818 5677 ι
860 5628 1133 5696 principes
1159 5634 1215 5681 et
1239 5633 1552 5695 potestates.
1597 5642 1618 5676 ι

455 5628 566 5768 illi
600 5695 925 5749 Veniendum
965 5705 1048 5768 est
1097 5712 1217 5768 ergo
1261 5697 1500 5768 anguibus
1540 5693 1841 5768 adﬁgunt.
1880 5691 1956 5748 De

388 5762 489 5821 hoc
515 5762 635 5822 loco
672 5768 892 5824 consule
929 5762 1290 5823 clarissimum
1323 5767 1573 5822 Hitetiutn
1602 5762 1954 5835 Origeuiauo-

972 5435 1020 5469 ’⁸⁵
1051 5437 1184 5491 ibid.
1227 5435 1316 5490 10.
1391 5433 1436 5466 ⁸⁸
1468 5433 1634 5489 Zach.
1680 5448 1731 5498 v,
1757 5433 1806 5485 7.

2061 3297 2285 3354 guntur,
2318 3289 2411 3343 sed
2436 3289 2720 3345 ambulant
2748 3307 2910 3362 super
2941 3309 3131 3364 aquas,
3161 3298 3289 3365 quia
3318 3298 3467 3354 leves
3487 3311 3640 3364 sunt,

2059 3386 2117 3430 et
2147 3380 2356 3448 peccati
2398 3382 2639 3450 pondere
2681 3399 2787 3438 nou
2832 3397 3151 3455 gravantur.
3180 3387 3425 3458 Denique
3458 3391 3642 3446 Domi-

2062 3486 2165 3524 nus
2206 3480 2264 3526 et
2312 3472 2564 3526 Salvator
2609 3485 2796 3529 noster
2840 3491 3006 3546 super
3035 3492 3206 3551 aquas
3245 3482 3543 3539 ambulavit
3570 3482 3638 3537 “.

2061 3562 2180 3633 ipse
2206 3574 2287 3618 est
2317 3568 2460 3618 enim
2491 3566 2582 3634 qui
2618 3581 2745 3621 vere
2786 3579 3070 3638 peccatum
3110 3575 3302 3627 nescit.
3330 3573 3644 3631 Ambulavit

2062 3662 2117 3706 et
2145 3651 2444 3723 discipulus
2480 3655 2601 3724 ejus
2632 3654 2847 3720 Petrus,
2879 3658 3005 3713 licet
3027 3660 3306 3729 paululum
3338 3666 3643 3734 trepidave-

2065 3743 2155 3798 rit.
2186 3744 2302 3799 Non
2339 3747 2483 3821 enim
2508 3755 2692 3801 tantus
2717 3760 2835 3803 erat
2871 3766 2935 3805 ac
2964 3751 3108 3818 talis,
3132 3753 3223 3823 qui
3259 3753 3392 3808 nihil
3421 3758 3644 3811 onntino

2062 3835 2129 3888 de
2159 3835 2339 3906 specie
2369 3836 2573 3904 plumbi
2612 3840 2663 3891 in
2701 3852 2762 3893 se
2804 3840 3033 3896 haberet
3064 3843 3374 3898 adntistum.
3419 3845 3640 3913 Habuit,

2064 3927 2193 3983 licet
2219 3944 2433 3998 parum.
2459 3928 2690 4000 Propter
2707 3932 2852 4001 quod
2877 3932 3008 3988 dicit
3034 3935 3103 3988 ad
3124 3950 3248 3990 cum
3280 3936 3536 3994 Dominus
3552 3940 3595 3972 ⁸⁷
3624 3954 3642 3994 :

2068 4038 2088 4070 I
2124 4020 2346 4075 Modica:
2380 4020 2524 4085 ﬁdei,
2556 4038 2727 4093 quare
2758 4024 3061 4080 dubitasti?
3083 4046 3104 4080 ι
3128 4027 3335 4084 ldcirco
3360 4030 3527 4101 igitur
3549 4034 3641 4103 qui

2062 4114 2244 4168 salvus
2276 4113 2358 4177 ﬁt,
2386 4129 2482 4184 per
2521 4116 2700 4185 ignem
2739 4116 2925 4171 salvus
2967 4117 3046 4184 lit,
3077 4128 3135 4173 ut
3172 4120 3217 4175 si
3248 4121 3377 4192 quid
3409 4124 3549 4178 l'nrte
3577 4127 3645 4180 de

2039 4204 2242 4286 _speeie
2262 4204 2469 4274 plumbi
2495 4205 2749 4260 habuerit
2769 4206 3087 4273 admistum,
3127 4208 3178 4262 id
3208 4210 3348 4280 ignis
3378 4212 3645 4282 decoquat

2061 4305 2117 4349 et
2148 4296 2403 4362 resolvat,
2445 4306 2504 4350 ut
2552 4295 2862 4352 eﬂiciantur
2917 4314 3108 4354 omnes
3155 4316 3347 4354 aurum
3393 4303 3641 4359 bonum:

2062 4388 2190 4456 quia
2226 4402 2417 4442 aurum
2453 4398 2613 4444 terra:
2646 4390 2792 4445 illius
2821 4391 3021 4447 bonum
3065 4405 3187 4447 esse
3217 4393 3439 4459 dicitur,
3477 4410 3642 4464 quam

2063 4479 2299 4534 habituri
2337 4488 2466 4535 sunt
2514 4482 2715 4546 sancti,
2770 4491 2829 4536 et
2880 4483 3022 4537 sicut
3059 4482 3254 4538 fornax
3299 4489 3490 4554 probat
3541 4503 3641 4540 au-

2063 4587 2182 4625 rum
2213 4570 2282 4636 ¹δ⁸,
2326 4572 2405 4626 sic
2468 4573 2715 4628 homines
2775 4573 2953 4644 justos
3009 4576 3259 4630 tentatio.
3306 4577 3642 4633 Veniendum

2062 4672 2146 4717 est
2175 4678 2304 4735 ergo
2332 4664 2586 4719 omnibus
2615 4664 2682 4719 ad
2712 4665 2889 4736 ignem
2921 4665 3063 4739 (11),
3101 4669 3424 4723 veniendum
3457 4681 3542 4725 est
3574 4672 3641 4725 ad

2063 4755 2458 4811 conllatorium.
2491 4757 2656 4812 Sedet
2705 4759 2849 4812 enim
2898 4759 3182 4828 Dominus,
3227 4773 3282 4815 et
3325 4763 3546 4829 conllat,
3589 4774 3645 4818 et

2062 4858 2255 4917 purgat
2285 4849 2424 4905 ﬁlios
2463 4848 2601 4904 Juda
2628 4850 2696 4906 ⁸⁸.
2737 4850 2842 4905 Sed
2886 4862 2944 4907 et
2983 4852 3114 4909 illuc
3162 4870 3286 4908 cum
3333 4856 3572 4922 venitur,
3598 4858 3643 4911 si

2063 4941 2185 5009 quis
2216 4940 2383 4994 multa
2415 4956 2579 5011 opera
2609 4942 2780 5009 bona,
2811 4951 2867 4997 et
2910 4958 3102 5014 parum
3147 4944 3353 5012 aliquid
3389 4945 3646 5015 iniquita-

2041 5036 2132 5088 'tis
2182 5035 2450 5102 attulerit,
2497 5036 2628 5092 illud
2675 5053 2864 5108 parum
2918 5050 3173 5109 tanquam
3214 5040 3491 5109 plumbum
3534 5040 3643 5108 i'gni

2064 5128 2354 5183 resolvitur
2403 5143 2470 5184 ac
2513 5142 2803 5201 purgatur,
2847 5141 2903 5187 et
2941 5141 3112 5187 totum
3164 5142 3411 5188 remanet
3448 5147 3641 5186 aurum

2064 5236 2278 5290 purutn.
2316 5220 2381 5275 Et
2412 5222 2457 5276 si
2497 5224 2623 5293 quis
2654 5224 2779 5294 plus
2820 5224 2946 5278 illuc
2975 5225 3177 5294 plumbi
3213 5225 3491 5290 detulerit,
3524 5224 3644 5295 plus

1013 5365 1252 5422 “Exod.
1297 5378 1389 5428 xv,
1416 5364 1471 5419 ’5.
1548 5362 1591 5394 ³⁹
1618 5360 1819 5432 Ephes.
1861 5376 1938 5421 rt,

1013 5437 1184 5488 *ihid.
1227 5435 1316 5488 10.
1391 5433 1436 5466 ⁸⁸
1468 5433 1634 5488 Zaeh.
1680 5448 1731 5488 v.
1757 5433 1806 5485 7.
1886 5431 1932 5463 “

2133 5360 2178 5393 ’δ’
2210 5360 2380 5417 Exod.
2412 5375 2504 5422 xv.
2544 5360 2597 5414 4.
2675 5360 2717 5393 ιι
2750 5361 2934 5416 Matth.
2962 5377 3081 5416 xm.
3144 5361 3189 5393 ι’
3224 5360 3399 5416 lCor.
3428 5377 3512 5425 ut,
3550 5360 3640 5417 12.

2058 5432 2145 5486 .th.
2194 5448 2305 5488 xw.
2383 5432 2429 5466 ’⁵⁷
2459 5432 2652 5487 Matth.
2702 5447 2815 5488 xrv.
2852 5433 2941 5488 51.
3016 5433 3063 5464 ιδ
3097 5432 3275 5488 lCor.
3314 5446 3395 5488 tu.
3432 5432 3497 5486 12
3553 5433 3640 5488 15.

2383 5432 2429 5466 ’⁵⁷
2459 5432 2652 5487 Matth.
2702 5447 2815 5499 xrv,
2852 5433 2941 5489 51.
3016 5433 3063 5464 ⁴ν⁸
3097 5432 3275 5488 lCor.
3314 5446 3395 5488 tu.
3432 5432 3497 5486 12
3553 5433 3641 5488 15.

2062 5640 2178 5679 rum
2220 5624 2362 5682 libro
2385 5624 2646 5694 secundo,
2674 5622 2976 5697 quastione
3006 5621 3313 5692 undecima,
3348 5636 3501 5678 num.
3531 5619 3569 5678 2
3601 5640 3651 5688 τι

2060 5710 2227 5766 seqq.‘
3678 5714 3685 5723 '
