4050 6142
413 267 524 331 335

1891 262 2209 321 ORIGENIS

3548 267 3656 324 536

418 392 687 456 exuritur,
743 400 803 446 ut
852 387 1084 460 amplius
1135 391 1494 460 decoquatur,
1547 397 1608 444 ut
1649 387 1750 444 etsi
1793 401 1983 457 parum
2014 389 2058 446 Α
2092 404 2113 438 ‹
2167 385 2470 442 Extendisti
2529 387 2811 444 dexteram
2881 395 3027 442 tuam
3057 424 3074 452 ,
3128 393 3184 440 et
3233 383 3511 440 devoravit
3559 400 3660 441 eos

420 483 620 552 aliquid
646 483 714 536 sit
749 482 891 546 auri,
927 489 1211 551 purgatum
1244 493 1422 537 tamen
1473 481 1724 535 resideat.
1761 478 1912 546 Quod
1942 479 1988 534 si

419 575 617 643 aliquis
643 572 768 626 illuc
802 581 943 625 totus
978 573 1259 642 plumbeus
1282 572 1510 636 venerit,
1539 571 1629 626 lict
1657 573 1722 626 de
1759 571 1851 626 illo
1887 571 1988 627 hoc

419 666 559 735 quod
589 666 848 733 scriptum
877 673 982 729 est,
1011 666 1350 734 demergetur
1395 665 1446 718 in
1489 663 1834 733 profundum,
1873 671 1988 717 tan-

418 771 577 826 quam
607 754 885 825 plumbum
914 755 966 808 in
990 769 1184 823 aquam
1208 754 1618 808 validissimam.
1639 753 1743 808 Sed
1768 754 1986 824 longum

418 858 500 903 est
521 847 566 902 si
593 862 690 917 per
717 847 965 903 ordinem
992 847 1218 903 velimus
1250 860 1544 916 exponere,
1571 845 1798 901 sufﬁciat
1819 859 1987 915 pauca

419 939 811 1008 perstringere.

488 1030 542 1084 5.
573 1047 592 1081 t
615 1029 775 1096 Quis,
813 1027 986 1098 inquit
1017 1021 1088 1093 ⁸⁸,
1113 1025 1305 1082 similis
1350 1026 1443 1081 tibi
1475 1025 1528 1080 in
1572 1025 1698 1090 diis,
1722 1024 1986 1080 Domine?

417 1116 551 1185 Quis
575 1119 767 1174 similis
802 1119 932 1174 tibi?
957 1117 1234 1173 Gloriosus
1276 1117 1330 1170 in
1377 1116 1601 1180 sanctis,
1638 1115 1903 1171 mirabilis
1931 1116 1984 1170 in

421 1211 816 1280 majestatibus,
837 1210 1041 1266 faciens
1069 1209 1334 1278 prodigia.
1373 1227 1392 1262 ι
1422 1209 1577 1276 Quod
1603 1209 1733 1263 dicit
1761 1227 1773 1262 :
1807 1228 1824 1260 ι
1856 1207 1988 1275 Quis

420 1305 614 1361 similis
644 1305 740 1361 tibi
770 1304 823 1360 in
857 1305 998 1360 diis?
1034 1322 1053 1356 ›
1090 1320 1195 1360 non
1232 1304 1540 1360 simulacris
1568 1305 1808 1377 gentium
1839 1319 1990 1360 com-

419 1405 574 1466 parat
607 1396 796 1471 Deum,
822 1411 921 1451 nec
950 1395 1306 1457 daemonibus,
1333 1395 1426 1466 qui
1455 1396 1556 1451 sibi
1593 1395 1730 1451 falso
1765 1397 1985 1452 deorum

423 1503 614 1542 nomen
645 1489 936 1552 asciscunt,
969 1488 1063 1542 sed
1107 1486 1240 1543 deos
1275 1487 1394 1542 illos
1427 1487 1578 1552 dicit,
1618 1487 1710 1556 qui
1743 1502 1840 1558 per
1865 1503 1989 1557 gra-

423 1579 552 1633 tiam
603 1587 658 1633 et
702 1577 1169 1648 participationem
1229 1577 1324 1632 Dei
1374 1577 1445 1631 dii
1506 1578 1862 1648 appellantur.
1913 1579 1988 1632 De

419 1672 618 1741 quibus
675 1679 731 1724 et
791 1669 914 1724 alibi
971 1665 1256 1738 Scriptura
1313 1667 1443 1722 dicit
1470 1668 1562 1721 δίε
1607 1687 1625 1720 ι
1660 1666 1770 1738 Ego
1821 1667 1986 1722 dixi:

2091 485 2264 544 terra;
2305 497 2326 530 ι
2360 479 2512 547 quasi
2547 487 2606 532 ut
2638 479 3035 534 devorarentur
3080 492 3110 532 a
3146 487 3316 542 terra,
3345 478 3461 532 lucc
3491 493 3655 533 causa

2089 568 2253 623 fuerit
2299 570 2441 639 quod
2480 571 2724 624 extendit
2776 570 3035 624 Dominus
3073 569 3354 624 dexteram
3388 585 3565 623 suam.
3597 569 3657 624 Si

2089 661 2404 716 consideres
2447 661 2722 730 quomodo
2767 661 3026 715 Dominus
3067 660 3341 715 exaltatus
3390 660 3441 714 in
3491 675 3656 715 cruce

2091 761 2198 806 tota
2233 752 2320 806 die
2345 753 2591 806 extendit
2628 767 2822 806 manus
2857 766 2982 806 suas
3015 753 3080 806 ad
3115 751 3370 822 populum
3404 764 3509 806 non
3542 767 3658 805 cre-

2089 843 2306 898 dentem
2326 843 2504 910 ”,sed
2533 843 3012 908 contradicentem,
3041 853 3095 898 et
3124 843 3358 912 qualiter
3387 842 3655 897 inﬁdelem

2089 936 2368 1005 populum,
2406 936 2499 1006 qui
2539 935 2795 991 clamavit
2825 936 2872 967 ⁵⁸
2909 953 2922 990 :
2966 954 2986 987 t
3027 935 3300 1006 Crucilige
3331 976 3347 1002 ,
3396 935 3660 1005 crncilige

2089 1047 2242 1094 eum,
2275 1050 2294 1083 ›
2331 1047 2476 1086 mors
2509 1031 2733 1086 admissi
2761 1030 2987 1086 sceleris
3017 1032 3288 1100 oppressit
3333 1048 3347 1084 :
3379 1030 3661 1085 evidenter

2090 1123 2330 1178 invenies
2361 1123 2636 1192 quomodo
2689 1123 2932 1177 extendit
2961 1123 3241 1178 dexteram
3280 1139 3453 1189 suam,
3477 1133 3530 1178 et
3557 1123 3655 1176 de-

2089 1213 2296 1268 voravit
2322 1212 2443 1268 illos
2476 1222 2641 1267 terra.
2674 1211 2782 1266 Nec
2815 1223 2989 1268 tamen
3017 1214 3233 1283 penitus
3259 1215 3658 1282 desperandum

2089 1312 2193 1359 est.
2228 1303 2492 1358 Possibile
2541 1319 2775 1373 namque
2823 1312 2929 1369 est,
2968 1313 3051 1369 ut,
3088 1304 3133 1358 si
3182 1303 3324 1359 forte
3367 1305 3658 1374 resipiscat

2089 1395 2179 1464 qui
2217 1394 2512 1450 devoratus
2537 1405 2640 1459 est,
2673 1411 2887 1451 rursum
2942 1396 3114 1465 possit
3154 1397 3356 1461 evomi,
3393 1395 3534 1450 sicut
3564 1393 3659 1449 Jo-

2089 1502 2210 1541 nas.
2243 1486 2350 1542 Sed
2383 1497 2438 1542 et
2474 1503 2667 1543 omnes
2695 1503 2792 1542 nos
2832 1496 2964 1558 puto
2997 1488 3142 1556 quod
3187 1487 3478 1558 aliquando
3509 1498 3656 1542 terra

2091 1579 2385 1633 devoratos
2419 1579 2471 1632 in
2501 1577 2700 1632 inferni
2724 1577 3096 1647 penetralibus
3120 1579 3415 1644 retinebat,
3446 1587 3501 1632 et
3526 1593 3654 1647 pro-

2093 1681 2283 1738 pterea
2316 1669 2577 1724 Dominus
2607 1677 2794 1724 noster
2822 1669 3104 1725 descendit
3141 1685 3246 1723 non
3276 1669 3452 1725 solum
3485 1682 3655 1738 usque

423 1765 501 1819 Dii
533 1763 684 1820 estis.
723 1782 742 1816 ι
781 1763 849 1817 Et
881 1763 1078 1817 iterum
1117 1778 1130 1815 :
1167 1779 1187 1813 t
1225 1761 1368 1816 Deus
1405 1760 1556 1814 stetit
1592 1759 1648 1814 in
1688 1774 1989 1831 congrega-
2020 1743 2064 1797 Β
2093 1765 2160 1820 ad
2185 1776 2390 1830 terras,
2417 1764 2510 1818 sed
2542 1777 2717 1834 usque
2744 1765 2810 1816 ad
2847 1762 3104 1817 inferiora
3140 1773 3297 1818 terrm
3331 1773 3426 1817 :et
3446 1762 3518 1816 ibi
3557 1775 3657 1814 nos

421 1859 568 1912 tione
596 1857 840 1912 deorum.
880 1873 898 1907 ι
929 1855 1035 1910 Sed
1074 1853 1152 1919 hi,
1191 1854 1442 1922 quamvis
1469 1867 1696 1922 capaces
1726 1853 1835 1908 sint
1871 1853 1986 1920 Dei,

419 1947 598 2002 ethoc
627 1945 846 2000 nomine
872 1943 1060 1998 donari
1087 1957 1182 2010 per
1209 1941 1439 2011 gratiam
1465 1942 1778 2008 videantur,
1811 1941 1990 1996 nullus

422 2047 597 2091 tamen
631 2035 740 2091 Deo
764 2033 954 2088 similis
986 2031 1280 2098 invenitur,
1309 2032 1392 2086 vel
1427 2033 1480 2086 in
1517 2033 1777 2103 potentia,
1814 2032 1900 2088 vel
1935 2033 1987 2086 in

421 2137 632 2181 natura.
671 2126 732 2180 Et
765 2125 890 2180 licet
927 2124 1162 2179 Joannes
1196 2123 1472 2192 apostolus
1499 2123 1689 2179 dicat:
1731 2141 1750 2175 t
1782 2121 1985 2189 Filioli,

419 2219 661 2272 nondum
689 2217 892 2271 scimus
919 2216 1043 2285 quid
1075 2216 1238 2270 futuri
1260 2229 1465 2281 sumus,
1496 2215 1746 2269 siautem
1779 2213 1990 2270 revela-

422 2320 534 2363 tum
563 2309 720 2363 nobis
753 2307 915 2362 fuerit
941 2306 1030 2379 (de
1057 2307 1288 2361 Domino
1325 2307 1534 2362 scilicet
1575 2307 1806 2376 dicens),
1837 2307 1990 2362 simi-

421 2402 500 2455 les
523 2400 594 2454 illi
621 2399 824 2454 erimus
849 2399 916 2464 ⁸³,
945 2417 964 2450 ι
992 2399 1286 2454 similitudo
1315 2408 1496 2452 tamen
1523 2399 1637 2453 haec
1671 2414 1776 2454 non
1799 2398 1866 2452 ad
1895 2413 1991 2453 na-

421 2501 621 2554 turam,
652 2488 746 2542 sed
783 2489 848 2542 ad
888 2487 1118 2556 gratiam
1164 2497 1471 2542 revocatur.
1510 2485 1672 2541 Verbi
1710 2502 1895 2553 causa,
1932 2497 1992 2542 ut

418 2583 463 2637 si
491 2581 734 2637 dicamus
765 2581 1032 2649 picturam
1067 2577 1300 2634 similem
1349 2592 1469 2633 esse
1511 2577 1584 2644 ei,
1612 2577 1764 2646 cujus
1812 2579 1990 2648 imago

419 2673 472 2726 in
520 2673 728 2742 pictura
774 2670 985 2724 videtur
1034 2683 1313 2738 expressa,
1343 2677 1604 2738 quantum
1650 2670 1718 2723 ad
1757 2669 1987 2738 gratiam

419 2764 647 2834 pertinet
671 2762 840 2823 visus,
867 2760 1062 2815 similis
1095 2761 1312 2825 dicitur,
1348 2769 1608 2830 quantum
1634 2760 1702 2814 ad
1733 2762 1990 2815 substan-

417 2857 575 2917 tiam,
608 2853 764 2923 longe
797 2851 1094 2906 dissimilis.
1127 2851 1218 2904 Illa
1251 2850 1398 2904 enim
1432 2851 1642 2924 species
1674 2851 1856 2907 carnis
1881 2861 1985 2913 est,

417 2961 472 3005 et
504 2952 666 3003 decor
694 2949 936 3015 corporis
969 2947 1098 3011 vivi,
1143 2946 1246 3000 ista
1292 2946 1534 3001 colorum
1576 2944 1732 3002 lucus
1783 2955 1889 3012 est,
1933 2955 1988 3003 et

2091 1857 2300 1912 invenit
2337 1855 2648 1918 devoratos,
2678 1862 2732 1908 et
2767 1853 3020 1908 sedentes
3060 1853 3162 1909 sub
3199 1852 3390 1908 umbra
3425 1853 3652 1909 mortis:

2089 1958 2144 2004 et
2177 1949 2302 2002 inde
2329 1947 2566 2002 educens
2596 1961 2702 2000 non
2742 1945 2857 2015 jam
2907 1945 3085 2000 locum
3123 1955 3302 2010 teme,
3346 1955 3406 1999 ut
3458 1945 3653 1998 iterum

2089 2040 2500 2096 devoraremur.
2523 2036 2618 2093 sed
2649 2037 2826 2092 locum
2873 2046 3140 2108 praeparat
3171 2036 3326 2092 nobis
3355 2037 3504 2108 regni
3535 2050 3655 2092 ca:-

2089 2131 2285 2188 lorum.

2161 2225 2213 2280 7.
2250 2242 2270 2276 t
2300 2223 2578 2280 Deduxisti
2599 2224 2651 2278 in
2671 2220 2879 2293 iustitia
2909 2228 2999 2274 tua
3028 2219 3282 2292 populum
3307 2230 3454 2274 tuum
3479 2218 3652 2284 hunc,

2087 2331 2247 2387 quem
2280 2315 2543 2372 liberasti.
2576 2313 2898 2370 Consolatus
2941 2329 3001 2369 es
3049 2314 3104 2367 iu
3166 2313 3366 2366 virtute
3420 2323 3545 2374 tua,
3596 2313 3651 2365 iu

2089 2407 2275 2476 requie
2321 2415 2509 2462 sancta
2568 2413 2658 2458 tua
2687 2402 2753 2457 ⁵⁷.
2792 2421 2810 2454 ι
2850 2404 3112 2458 Dominus
3153 2401 3411 2472 populum
3451 2414 3608 2456 suum
3634 2437 3651 2459 .

2089 2515 2251 2569 quem
2282 2499 2552 2556 liberavit'
2571 2515 2668 2567 per
2705 2501 2980 2554 lavacrqu
3015 2495 3461 2566 regenerationis,
3481 2493 3654 2548 dedu-

2089 2593 2166 2647 cit
2200 2593 2255 2647 in
2288 2592 2525 2663 iustitia,
2567 2593 2883 2647 consolatur
2909 2592 3075 2646 etiam
3105 2605 3229 2644 eum
3260 2603 3358 2658 per
3401 2585 3656 2642 consola-

2091 2685 2291 2739 tionem
2341 2685 2574 2755 Spiritus
2605 2687 2779 2739 sancti
2809 2685 2862 2738 in
2887 2685 3090 2738 virtute
3120 2696 3239 2745 sua,
3272 2689 3327 2735 et
3376 2679 3429 2734 in
3467 2677 3657 2747 requis

2088 2792 2205 2832 sua.
2230 2775 2557 2831 Futurorum
2587 2791 2822 2846 namque
2845 2789 2988 2845 spes,
3014 2771 3388 2828 laborantibus
3413 2769 3654 2838 requiem

2088 2871 2260 2939 parit;
2305 2869 2449 2924 sicut
2473 2877 2528 2924 et
2573 2871 2625 2923 in
2656 2882 2828 2938 agone
2867 2865 3058 2936 positis
3100 2863 3339 2920 dolorem
3368 2860 3656 2917 vulnerum

2091 2961 2300 3030 mitigat
2328 2973 2452 3030 spes
2485 2975 2721 3014 coronae.

419 3059 543 3096 cera
565 3040 938 3095 tabulissensu
957 3039 1630 3108 carentibussuperposita.
1650 3039 1838 3095 Nullus
1859 3055 1988 3108 ergo
2015 3081 2058 3138 ο
2158 3052 2212 3106 8,
2275 3070 2296 3105 ε
2323 3054 2622 3108 Audieram
2671 3059 2860 3119 gemes
2903 3057 2958 3104 et
3012 3049 3165 3104 iratae
3219 3057 3386 3113 sum,
3439 3043 3656 3101 dolores

419 3133 475 3189 in
501 3135 604 3190 diis
643 3131 836 3188 similis
869 3131 1117 3196 Domino,
1149 3131 1329 3186 nullus
1355 3132 1497 3184 enim
1536 3131 1844 3198 invisibilis,
1871 3133 1990 3187 nul-

421 3227 506 3280 lus
557 3225 926 3292 incorporeus,
975 3223 1156 3276 nullus
1205 3221 1581 3288 immutabilis,
1643 3223 1822 3280 nullus
1873 3227 1990 3281 sine

420 3318 578 3372 initio
601 3326 654 3371 et
688 3316 807 3370 sine
844 3316 968 3373 line.
1001 3313 1179 3369 nullus
1223 3324 1437 3369 creator
1467 3316 1729 3382 omnium,
1757 3317 1858 3372 nisi
1885 3316 1990 3372 Pa-

423 3421 505 3464 ter
539 3424 662 3464 cum
695 3406 830 3460 Filio
855 3415 911 3461 et
939 3405 1144 3475 Spiritu
1177 3414 1385 3461 sancto.

491 3500 545 3555 6.
583 3519 601 3551 ι
640 3498 940 3554 Extendiin
986 3498 1262 3551 dexteram
1323 3508 1506 3565 tuam,
1559 3497 1838 3556 devoravit
1894 3516 1989 3557 eos

423 3601 567 3645 terra
600 3591 668 3644 ⁸³.
700 3608 720 3641 ι
758 3589 954 3658 lmpios
1001 3589 1217 3659 quidem
1260 3596 1315 3642 et
1350 3589 1509 3644 hodie
1553 3589 1778 3646 devorat
1823 3601 1988 3648 terra.

421 3685 617 3739 Annon
657 3683 751 3738 tibi
782 3681 998 3736 videtur
1033 3690 1175 3736 terra
1208 3680 1475 3736 devorare
1513 3681 1684 3746 illum,
1713 3685 1805 3753 qui
1843 3700 1988 3739 sem-

422 3792 519 3846 per
569 3776 636 3830 de
681 3783 829 3828 terra
883 3775 1108 3844 cogitat,
1151 3774 1244 3845 qui
1289 3789 1505 3840 semper
1535 3773 1696 3846 149
1743 3786 1990 3834 terrenos

422 3867 588 3923 habet
615 3877 794 3930 actus,
819 3867 910 3934 qui
941 3866 1008 3920 de
1042 3873 1184 3920 terra
1222 3865 1478 3935 loquitur,
1513 3866 1579 3921 de
1617 3878 1757 3922 terra
1788 3869 1987 3939 litigat,

423 3969 624 4013 terram
663 3957 955 4021 desiderat,
1007 3965 1062 4012 et
1099 3972 1314 4012 omnem
1358 3974 1507 4027 spem
1557 3973 1712 4013 suam
1755 3962 1906 4028 ponit
1934 3963 1986 4016 in

423 4064 600 4116 terra;
629 4051 720 4120 qui
761 4049 828 4103 ad
870 4050 1067 4104 ctelum
1094 4065 1200 4105 non
1235 4051 1482 4121 respicit,
1529 4051 1621 4121 qui
1660 4050 1841 4106 futura
1882 4071 1987 4110 non

422 4144 650 4214 cogitat,
693 4143 783 4212 qui
817 4141 1084 4211 judicium
1141 4141 1233 4197 Dei
1287 4157 1390 4196 non
1435 4143 1650 4208 metuit,
1700 4159 1799 4198 nec
1829 4146 1988 4200 beata

421 4237 539 4305 ejus
573 4234 838 4306 promissa
889 4234 1181 4297 desiderat,
1209 4234 1304 4288 sed
1333 4250 1549 4304 semper
1595 4236 1662 4290 de
1705 4237 1990 4304 praesenti-

423 4330 522 4381 bus
577 4325 798 4395 cogitat,
851 4333 907 4377 et
947 4322 1015 4375 ad
1061 4331 1276 4375 terrena
1331 4323 1612 4392 suspirat?
1648 4323 1835 4379 Talem
1865 4341 1986 4380 cum

2093 3141 2620 3210 comprehenderunt
2658 3140 2993 3194 habitatores
3039 3138 3354 3193 Philistiim.
3389 3137 3539 3192 Tunc
3574 3137 3656 3190 fe—

2091 3236 2434 3289 stinaverunt
2469 3234 2636 3288 duces
2669 3233 2860 3298 Edom,
2893 3242 2948 3286 et
2977 3231 3252 3302 principes
3277 3230 3658 3293 Moabitarum,

2093 3327 2451 3396 apprehendit
2476 3325 2596 3380 illos
2627 3327 2791 3379 timor
2819 3334 2872 3377 et
2907 3334 3131 3379 tremor.
3165 3321 3490 3378 Tabuernnt
3534 3337 3658 3376 om-

2093 3434 2188 3474 nes
2221 3415 2588 3472 inhabitantes
2613 3417 2866 3471 Chanaan
2885 3414 2930 3445 ⁵⁸
2954 3415 3090 3484 (l2).
3128 3433 3148 3467 ›
3178 3413 3447 3481 Quantum
3469 3413 3534 3466 ad
3568 3412 3657 3466 hi-

2092 3512 2318 3566 storiam
2346 3508 2603 3578 pertinet,
2636 3506 2841 3561 nullum
2866 3521 2930 3560 ex
2962 3507 3047 3560 his
3070 3507 3320 3574 gentibus
3344 3505 3656 3561 interfuisse

2095 3601 2434 3656 mirabilibus
2458 3615 2578 3669 qua:
2612 3599 2755 3653 facta
2788 3607 2938 3664 sunt,
2971 3607 3184 3652 constat
3215 3598 3352 3667 (l5).
3375 3597 3655 3664 Qumuodo

2095 3708 2221 3764 ergo
2251 3693 2576 3749 videbuntur
2607 3702 2843 3746 tremore
2894 3691 3162 3758 deterriti,
3219 3690 3301 3746 vel
3341 3690 3652 3752 festinasse,

2095 3797 2157 3842 ut
2183 3786 2334 3850 dicit,
2377 3785 2462 3839 vel
2505 3784 2627 3838 irati
2665 3799 2788 3839 esse
2833 3784 3149 3847 Philistiim,
3190 3790 3246 3836 et
3290 3780 3570 3846 Moabitaz,
3600 3789 3658 3834 et

2095 3879 2284 3942 Edom,
2313 3887 2368 3932 et
2403 3877 2622 3946 reliquae
2650 3892 2785 3946 quas
2827 3884 3112 3930 enumerat
3142 3875 3391 3928 nationes
3411 3873 3438 3926 ἲ
3465 3871 3573 3927 Sed
3607 3871 3654 3924 si

2094 3972 2378 4026 redeamus
2418 3969 2483 4022 ad
2526 3968 2938 4038 intelligentiam
2969 3967 3291 4038 spiritalem,
3323 3967 3658 4022 inveniemus

2094 4064 2223 4134 quia
2275 4059 2564 4125 Philistini,
2602 4060 2654 4114 id
2702 4069 2783 4116 est
2810 4062 3051 4114 cadentes
3080 4059 3258 4129 populi
3285 4100 3300 4127 ,
3355 4067 3411 4114 et
3441 4059 3608 4113 Edoni
3637 4093 3657 4121 ,

2093 4156 2186 4225 qui
2215 4157 2600 4223 interpretatur
2626 4162 2859 4206 terrenus
2887 4150 3022 4224 (14),
3053 4153 3344 4220 trepidant,
3375 4159 3429 4204 et
3464 4151 3656 4204 horum

2094 4247 2337 4302 omnium
2375 4243 2646 4314 principes
2675 4245 2978 4308 cursitant,
3029 4253 3085 4297 et
3133 4252 3330 4312 pavent
3373 4239 3658 4296 constricti

2097 4338 2396 4399 doloribus,
2444 4352 2564 4391 cum
2609 4336 2792 4390 vident
2836 4349 3001 4406 regna
3029 4349 3150 4399 sua,
3189 4350 3310 4404 quae
3357 4333 3412 4388 in
3447 4332 3658 4388 inferno

420 4415 647 4480 Videris’
677 4413 844 4468 dicito
865 4411 989 4476 quia
1033 4410 1315 4465 demum
1344 4426 1466 4465 eum
1519 4421 1684 4466 “’"a'
1717 4411 1823 4466 sed
1854 4421 1906 4466 θι
1944 4413 1989 4467 εί
2025 4431 2067 4485 Ι)
2097 4441 2260 4496 sunt,
2312 4439 2594 4500 penetrata
2626 4433 2693 4484 ab
2719 4443 2784 4482 eo
2815 4429 2910 4497 qui
2958 4428 3242 4484 descendit
3294 4427 3347 4481 in
3401 4426 3656 4481 inferiora

421 4521 581 4576 quem
617 4503 818 4558 videris
858 4500 1088 4556 luxuria:
1142 4503 1323 4554 carnis
1368 4509 1422 4555 et
1455 4502 1820 4571 voluptatibus
1868 4519 1990 4558 cor-

424 4599 569 4668 poris
599 4597 860 4661 deditum,
887 4594 940 4648 in
969 4607 1076 4662 quo
1107 4593 1319 4648 animus
1355 4593 1487 4648 nihil
1510 4594 1674 4660 valet,
1701 4595 1795 4650 sed
1821 4603 1988 4649 totum

422 4692 592 4746 libido
613 4691 799 4745 carnis
832 4689 1091 4753 obtinuit,
1122 4689 1292 4745 dicito
1317 4696 1372 4744 et
1399 4688 1467 4742 de
1505 4686 1606 4742 hoc
1653 4689 1781 4757 quia
1827 4689 1990 4743 devo-

423 4783 567 4838 ravit
615 4797 739 4836 eum
783 4790 947 4838 terra.
995 4784 1187 4838 Adhuc
1245 4795 1335 4834 me
1390 4790 1572 4834 movet
1603 4779 1748 4848 quod
1783 4780 1859 4834 ait
1887 4781 1984 4836 ’δε

495 4923 540 4956 ⁸⁸
573 4923 742 4977 Exod.
774 4940 862 4990 xv,
891 4923 977 4977 Η.
1073 4922 1114 4954 ⁸¹
1148 4920 1290 4974 Psal.
1319 4935 1539 4990 Lxxxn,
1560 4919 1613 4983 6,
1650 4920 1701 4972 1.

424 4995 470 5028 ⁸⁸
501 4995 632 5049 Luc.
666 5009 824 5060 xxtn,
852 4988 949 5048 ⁷21.
1059 4991 1106 5025 ⁸⁷
1127 4991 1301 5046 Exod.
1355 5005 1443 5056 xv,
1476 4989 1564 5046 15.
1640 4989 1685 5020 ⁸⁸
1713 4988 1843 5044 ibid.
1887 4991 1980 5050 14.

498 5129 612 5200 (η)
636 5132 774 5187 Vide
806 5131 898 5186 lib.
934 5148 975 5186 tt
1006 5130 1181 5200 0rig.,
1206 5140 1398 5200 quzest.
1427 5130 1514 5184 15.

499 5198 612 5272 (l3)
659 5202 930 5266 Quantum
975 5203 1042 5253 ad
1078 5198 1352 5272 historiam
1407 5200 1649 5264 pertinet,
1678 5198 1891 5272 nullum
1927 5220 1992 5257 ea:

429 5269 518 5326 his
541 5269 778 5342 gentibus
811 5273 1109 5339 interfuisse
1137 5269 1468 5322 mirabilibus
1501 5284 1631 5342 qua;
1664 5269 1804 5342 [acta
1845 5285 1990 5337 sunt,

429 5339 654 5396 constat.
693 5341 836 5405 Esto,
877 5343 968 5395 sed
1010 5342 1136 5410 quid
1171 5351 1317 5393 vetat
1350 5342 1462 5392 lucc
1490 5339 1686 5394 cantici
1720 5343 1879 5395 verba
1904 5342 1990 5394 fu—

429 5425 677 5466 turorum
705 5427 824 5466 esse
851 5413 1209 5480 prophetiam,
1232 5411 1688 5480 quemadmodum
1719 5412 1991 5479 accipiunt

429 5482 669 5536 melioris
706 5479 1219 5548 notzn’interpretes.
1265 5480 1408 5533 Sane
1439 5479 1662 5535 Hebraea
1700 5481 1864 5534 verba
1919 5484 1984 5535 ad

429 5551 668 5608 futurum
701 5560 913 5620 tempus
941 5552 1022 5606 sic
1046 5551 1179 5604 verti
1207 5561 1433 5618 possunt
1459 5566 1481 5602 :.
1501 5569 1518 5600 ι
1555 5550 1856 5603 Audierunt
1887 5567 1984 5620 po-

430 5621 566 5688 puli,
603 5622 1046 5683 contremiscent,
1073 5621 1225 5674 dolor
1255 5620 1611 5689 apprehendit
1643 5620 1984 5676 habitatores

430 5691 748 5748 Palaestinae.
785 5692 938 5748 Tunc
968 5691 1142 5748 territi
1174 5700 1304 5747 sunt
1340 5689 1627 5747 millenarii
1655 5691 1856 5758 Edoni,
1901 5705 1988 5746 ro-
2033 5756 2040 5762 δ

1799 4919 1846 4993 ξ’
1885 4921 1907 4993 l_
1933 4920 2090 4993 Joan.
2113 4942 2198 4992 tu,
2224 4927 2280 4981 2.
2354 4926 2402 4960 ⁵³
2422 4925 2593 4982 Exod.
2624 4941 2713 4993 xv,
2746 4927 2837 4983 12.
2911 4927 2958 4960 ⁸³
2987 4927 3123 4984 ibid.

2100 4533 2280 4588 terrm,
2315 4531 2376 4576 ut
2417 4522 2652 4592 eriperet
2689 4537 2783 4576 eos
2825 4521 2917 4590 qui
2964 4521 3380 4590 possidebautur
3405 4535 3434 4573 a
3466 4527 3655 4572 morte.

2099 4613 2236 4667 Hinc
2265 4628 2360 4669 eos
2395 4613 2802 4682 comprehendit
2830 4614 2995 4667 timor
3029 4623 3085 4668 et
3117 4622 3340 4676 tremor,
3370 4611 3496 4680 quia
3529 4625 3658 4666 sen-

2097 4713 2288 4758 serunt
2313 4702 2736 4774 magnitudinem
2768 4703 2978 4757 brachii
3018 4704 3158 4773 ejus.
3206 4702 3344 4757 Hinc
3387 4701 3549 4757 etiam
3577 4710 3662 4753 ta-

2093 4791 2329 4849 buerunt
2353 4808 2544 4849 omnes
2567 4793 2937 4849 inhabitantes
2959 4793 3241 4858 Chanaan,
3269 4794 3359 4863 qui
3385 4792 3659 4847 mutabiles

3231 4928 3278 4960 ⁵⁸
3307 4927 3413 4982 lsa.
3443 4942 3570 4994 va,
3602 4925 3658 4981 2.

2087 5138 2282 5189 bustos
2313 5133 2468 5189 Moab
2499 5135 2868 5203 apprehendet
2901 5143 3131 5191 tremor.
3161 5134 3334 5190 Cadet
3367 5149 3534 5204 super
3562 5149 3660 5189 eos

2093 5215 2270 5258 terror
2301 5213 2355 5272 et
2388 5219 2573 5272 pavor.
2607 5224 2627 5255 ι

2160 5274 2270 5345 (14)
2325 5271 2622 5338 Philistini,
2680 5275 2734 5327 id
2767 5283 2843 5330 est
2875 5274 3130 5331 cadentes
3167 5275 3375 5346 populi,
3408 5287 3455 5330 et
3489 5275 3660 5331 Edam

2087 5367 2181 5438 qui
2216 5367 2596 5438 interpretatur
2647 5375 2920 5422 terrenus.
2954 5367 2998 5421 Α
3049 5368 3234 5423 radice
3265 5353 3386 5429 ὼε)
3425 5371 3662 5422 volutare

2087 5437 2141 5491 se
2167 5437 2223 5490 in
2254 5437 2482 5502 pulvere,
2516 5446 2568 5492 et
2598 5452 2727 5492 voce
2754 5449 2835 5501 εἳ
2856 5438 3108 5504 populus,-
3140 5438 3428 5492 Philistiitn
3460 5450 3657 5492 utcun-

2091 5508 2327 5580 quegdici
2369 5518 2591 5580 possunt
2617 5511 2858 5580 cadentes
2896 5510 3098 5576 populi,
3124 5511 3246 5580 quia
3276 5512 3366 5580 qui
3405 5509 3658 5562 volntan~

2095 5589 2182 5630 tur
2208 5577 2260 5630 in
2295 5577 2542 5646 pulvere,
2568 5578 2867 5632 ceciderint
2894 5587 3127 5649 oportet.
3155 5577 3320 5633 Edom
3359 5595 3486 5636 vero
3517 5581 3658 5649 opti-

2096 5649 2362 5719 nte-reddi
2395 5657 2570 5716 potest
2611 5658 2842 5706 terrenus
2878 5648 2945 5701 ab
2971 5656 3137 5709 nam
3161 5659 3302 5705 terra
