4050 6142
359 285 468 340 557

1574 265 1643 323 ΙΝ
1683 257 1972 320 EXODUM
2011 256 2300 315 HOMILIA
2333 257 2425 314 Vl.

3509 243 3616 300 338

358 407 799 473 interpretantur
832 405 886 452 et
913 395 1124 450 mobiles
1162 392 1296 466 (l5),
1341 407 1465 449 cum
1500 391 1686 447 vident
1734 386 1939 444 moveri
1970 382 2018 441 Α.
2046 391 2100 435 ct
2129 382 2410 439 creavit.le
2436 385 2490 433 et
2521 372 2812 445 acquisivit
2843 372 2934 427 te?
2966 391 2984 424 ›
3016 370 3243 426 Videtur
3279 365 3422 422 enim
3449 381 3619 419 unus-

359 508 537 563 regna
582 504 703 554 sua,
759 487 968 555 alligari
1012 488 1240 548 fortem,
1289 494 1346 540 et
1403 499 1533 538 vasa
1595 481 1712 550 ejus
1748 480 1938 548 diripi.

359 604 382 640 ι
425 584 629 639 Veniat
655 596 788 652 ergo
813 595 980 649 super
1006 594 1102 633 eos
1131 579 1294 632 timor
1336 585 1394 632 et
1429 586 1636 631 tremor
1672 574 1942 643 magnitu-

355 679 508 733 dinis
539 674 752 730 brachii
792 673 866 727 tui
891 673 982 727 ³⁸⁸.
1017 691 1035 723 ι
1063 671 1200 738 Quid
1232 669 1427 724 timent
1457 666 1759 723 daemones?
1804 665 1942 732 Quid

359 769 650 827 tremunt?
679 769 812 822 Sine
839 765 1006 820 dubio
1029 777 1247 819 crucem
1275 763 1502 828 Christi,
1533 762 1586 816 in
1617 777 1721 829 qua
1752 761 1942 813 trium-

355 861 519 931 phati
549 868 700 921 sunt,
732 857 786 911 in
815 871 923 928 qua
951 857 1100 911 exuti
1145 862 1271 909 sunt
1311 855 1644 927 principatus
1677 867 1860 906 eormn
1891 858 1945 906 et

357 959 687 1021 potestates.
720 949 912 1003 Timor
952 962 1083 1016 ergo
1117 954 1172 1001 et
1212 955 1412 1000 tremor
1455 945 1612 999 cadet
1637 958 1800 1014 super
1826 957 1940 1009 eos,

357 1059 485 1098 cum
516 1045 732 1114 signum
759 1043 815 1095 in
840 1041 997 1096 nobis
1028 1038 1267 1094 viderint
1291 1041 1472 1093 crucis
1496 1036 1728 1092 ﬁdeliter
1753 1037 1944 1102 ﬁxum,

357 1146 412 1191 et
445 1135 891 1206 magnitudinem
925 1132 1136 1187 brachii
1169 1131 1336 1196 illius,
1365 1130 1509 1199 quod
1557 1129 1822 1184 Dominus
1849 1143 1948 1184 ex-

357 1229 560 1300 pandit
601 1227 656 1281 in
689 1241 877 1290 cruce,
915 1225 1060 1279 sicut
1085 1223 1221 1279 dicit
1245 1225 1332 1276 ⁸⁰ε
1369 1243 1388 1275 ι
1421 1221 1555 1278 Tota
1596 1223 1682 1277 die
1713 1221 1946 1292 cxpandi

362 1334 566 1375 manus
593 1333 746 1376 meas
772 1318 838 1372 ad
865 1315 1121 1386 populum
1150 1331 1257 1370 non
1288 1315 1624 1381 credentem,
1655 1323 1708 1368 et
1735 1323 1952 1368 contra-

361 1414 638 1468 dicentem
671 1411 826 1465 mihi.
861 1429 880 1463 ι
922 1408 1036 1463 Non
1073 1418 1125 1463 te
1159 1423 1290 1476 ergo
1333 1408 1489 1462 aliter
1526 1408 1816 1471 timebunt,
1850 1421 1949 1462 nec

361 1504 529 1559 aliter
553 1513 760 1558 tremor
788 1513 911 1556 tuus
934 1500 1118 1557 veniet
1144 1513 1310 1570 super
1341 1515 1460 1565 eos,
1503 1499 1608 1554 nisi
1645 1500 1868 1553 videant
1896 1500 1948 1553 iu

365 1606 422 1652 te
472 1609 690 1650 crucem
739 1593 988 1659 Christi,
1033 1593 1136 1648 nisi
1184 1602 1242 1648 et
1284 1601 1338 1647 tu
1381 1592 1592 1661 poteris
1625 1591 1808 1645 dicere
1846 1591 1890 1622 ⁶⁰
1935 1607 1949 1646 :

371 1707 390 1741 ι
428 1689 562 1742 Mihi
607 1697 790 1742 autem
832 1688 975 1742 absit
1009 1685 1266 1756 gloriari,
1303 1685 1406 1738 nisi
1440 1685 1494 1739 in
1539 1699 1701 1739 cruce
1733 1683 1947 1737 Domini

365 1781 474 1836 mei
503 1778 635 1834 Jesu
661 1779 886 1844 Christi,
915 1793 1014 1850 per
1037 1792 1197 1848 quem
1222 1777 1356 1831 mihi
1392 1776 1628 1832 mundus
1652 1775 1947 1831 cruciﬁxus

365 1883 472 1936 est,
505 1883 559 1927 et
599 1886 700 1943 ego
735 1871 958 1926 mundo.
994 1890 1016 1922 ι

436 1967 492 2021 9.
533 1983 555 2017 ι
587 1964 749 2020 Fiant
775 1974 1036 2034 tanquam
1077 1962 1217 2032 lapis
1249 1962 1422 2017 donec
1452 1969 1694 2017 transeat
1716 1960 1949 2032 populus

367 2066 518 2120 tuus,
566 2057 826 2123 Domine,
881 2056 1052 2110 donec
1105 2063 1350 2110 transeat
1398 2054 1630 2124 populus
1675 2063 1798 2107 tuus
1839 2053 1946 2121 hic,

370 2166 533 2220 quem
566 2149 851 2219 acquisisti
877 2148 944 2202 σί.
989 2167 1008 2200 ι
1036 2148 1182 2204 Fieri
1221 2158 1480 2217 tanquam
1524 2146 1762 2217 lapidem
1788 2191 1802 2216 ,
1842 2164 1948 2201 non

367 2253 454 2299 est
480 2251 677 2297 natura
701 2256 824 2296 esse
847 2241 1100 2310 lapidem.
1129 2238 1246 2294 Non
1284 2240 1428 2293 enim
1469 2239 1644 2303 ﬁeret,
1677 2240 1780 2294 nisi
1807 2241 1950 2309 quod

377 2351 480 2389 non
508 2347 654 2389 erat.
685 2333 800 2389 Hoc
841 2344 1064 2404 propter
1095 2331 1215 2387 illos
1257 2331 1512 2400 dicimus,
1543 2332 1633 2401 qui
1666 2331 1822 2386 malae
1853 2349 1950 2386 ua—

377 2438 508 2482 tura:
539 2427 906 2492 Pharaonem,
957 2425 1042 2480 vel
1085 2424 1376 2496 IEgyptios
1429 2426 1618 2480 dicunt
1677 2425 1866 2491 fuisse,
1898 2434 1954 2479 et

380 2533 484 2572 non
507 2533 578 2572 ex
599 2516 810 2571 arbitrii
845 2516 1099 2571 libertate
1127 2515 1179 2568 in
1212 2514 1316 2568 hoc
1345 2529 1468 2570 esse
1497 2515 1761 2569 deductos
1787 2531 1802 2580 ;
1855 2516 1950 2570 sed

379 2621 428 2663 et
451 2619 674 2679 propter
699 2623 812 2672 eos,
838 2608 929 2678 qui
965 2617 1272 2662 creatorem
1316 2607 1482 2661 Demu
1520 2617 1788 2662 accusant
1833 2617 1955 2662 tan-

379 2717 540 2771 quam
575 2715 799 2765 saevum,
829 2700 973 2770 quod
1009 2701 1256 2754 homines
1302 2709 1479 2756 vertat
1525 2701 1576 2753 in
1613 2700 1841 2770 lapides.
1886 2699 1954 2755 Hi

377 2809 507 2864 ergo
553 2794 869 2864 priusquam
914 2791 1312 2860 blasphement,
1356 2792 1714 2847 considerent
1739 2807 1952 2847 summa

379 2887 686 2950 libratione,
739 2899 861 2955 qua:
907 2883 1112 2952 scripta
1167 2893 1314 2937 sunt.
1372 2880 1490 2937 Non
1540 2886 1684 2937 enim
1756 2884 1893 2941 dixit
1936 2902 1950 2938 :

381 3000 401 3033 ι
444 2979 610 3034 Fiant
639 2987 895 3046 tauquam
925 2976 1097 3045 lapis,
1129 2994 1148 3028 ι
1183 2985 1238 3030 et
1262 2977 1454 3038 tacuit,
1481 2978 1575 3032 sed
1605 2989 1817 3046 tempus
1838 2989 1954 3032 Sta~

1982 1734 2024 1789 Β

379 3073 502 3136 tuit,
555 3080 611 3126 et
661 3085 976 3125 mensuram
1019 3069 1494 3126 condemnationis
1544 3071 1807 3125 decernit.
1865 3071 2024 3147 Aitc

379 3165 525 3217 enim
563 3180 579 3216 :
617 3181 638 3213 ι
670 3162 858 3216 Donec
909 3170 1155 3216 transeat
1201 3161 1431 3232 populus
1471 3170 1614 3226 tuus,
1648 3162 1894 3216 Domine.
1928 3182 1946 3214 ι

380 3251 495 3322 Quo
516 3254 727 3309 scilicet
754 3263 877 3324 post
906 3255 1194 3308 transitum
1221 3252 1402 3322 pepuli
1429 3268 1534 3306 non
1566 3255 1675 3307 siut
1701 3262 1954 3323 tauquam

381 3346 609 3416 lapides.
645 3343 702 3399 In
737 3360 846 3414 quo
874 3344 1006 3398 mihi
1047 3344 1266 3398 videtur
1299 3342 1595 3412 prophetia:
1627 3344 1829 3412 aliquid
1870 3344 1955 3397 lac

386 3449 518 3494 tere.
554 3437 727 3491 Video
764 3437 910 3490 enim
963 3435 1091 3504 quia
1131 3435 1285 3506 prior
1311 3435 1559 3506 populus,
1587 3438 1675 3506 qui
1701 3437 1801 3491 fuit
1831 3448 1958 3494 ante

381 3547 500 3594 nos,
527 3529 702 3584 factus
727 3539 812 3585 est
841 3538 1097 3598 tanquam
1141 3528 1279 3598 lapis
1323 3528 1492 3584 durus
1524 3538 1581 3584 et
1621 3529 1955 3587 incredulus.

381 3622 586 3678 Verum
624 3636 730 3676 non
760 3629 1010 3682 eatenus,
1061 3629 1120 3675 ut
1173 3621 1228 3676 in
1281 3621 1476 3689 lapidis
1522 3631 1714 3677 natura
1745 3639 1958 3694 perma-

383 3725 529 3781 neat,
555 3716 650 3770 sed
686 3715 859 3769 donec
893 3721 1135 3768 transeat
1175 3713 1404 3784 p0pulus
1440 3715 1550 3780 hic,
1592 3716 1823 3786 populus
1871 3717 1962 3772 hic

382 3823 540 3876 quem
603 3805 869 3864 Dominus
929 3805 1221 3874 acquisivit
1247 3801 1359 3874 (l6)
1387 3819 1442 3858 τι
1468 3805 1696 3862 Caecitas
1719 3809 1865 3863 enim
1890 3826 1959 3864 ex

383 3911 538 3970 parte
574 3898 804 3966 contigit
834 3898 888 3951 in
917 3896 1080 3952 Israel
1108 3915 1132 3949 ι
1169 3898 1468 3952 secundum
1511 3913 1734 3953 carnem
1758 3940 1772 3964 ,
1809 3918 1828 3951 ‹
1863 3901 1961 3955 do-

386 4008 484 4046 nec
520 3990 682 4062 150
705 3989 988 4059 plenitudo
1019 3989 1260 4060 gentium
1288 3991 1650 4044 subiutroiret
1677 3991 1742 4045 ⁶².
1774 4011 1793 4044 ι
1824 3991 1958 4046 Cum

385 4086 528 4140 enim
551 4084 839 4154 plenitudo
871 4084 1115 4151 gentium
1152 4083 1566 4148 subintraverit,
1610 4093 1738 4138 tunc
1788 4085 1958 4138 etiam

383 4177 564 4231 omnis
586 4177 775 4240 Israel,
809 4175 898 4244 qui
925 4190 1021 4246 per
1054 4175 1457 4230 incredulitatis
1496 4176 1752 4231 duritiam
1787 4177 1962 4233 iactus

386 4269 564 4324 fuerat
597 4271 732 4322 sicut
766 4268 924 4338 lapis,
953 4267 1272 4322 salvabitur.
1297 4267 1461 4322 Etvis
1485 4268 1666 4323 videre
1687 4272 1962 4338 quomodo

386 4361 718 4417 salvabitur?
746 4380 766 4413 ‹
804 4359 1004 4415 l’otens
1039 4367 1146 4425 est,
1174 4359 1349 4428 inquit
1383 4359 1450 4427 “,
1496 4359 1636 4414 Deus
1676 4359 1744 4415 de
1772 4360 1960 4429 lapidi-

385 4453 486 4508 bus
518 4454 638 4508 istis
689 4452 960 4507 suscitare
1018 4451 1158 4505 lilios
1199 4450 1452 4506 Abrahze.
1485 4470 1504 4504 ι
1562 4451 1782 4507 Manent
1828 4428 1958 4523 ergo
1990 4428 2036 4483 Β

385 4546 592 4616 lapides
645 4561 812 4610 nunc,
863 4546 1036 4600 donec
1083 4553 1326 4598 transeat
1372 4543 1599 4614 populus
1651 4554 1796 4610 tuus,
1849 4545 1960 4602 Do-

387 4639 574 4703 mine,
615 4636 843 4707 populus
899 4645 1024 4688 tuus
1071 4634 1159 4688 hic
1217 4648 1377 4703 quem
1423 4634 1726 4703 acquisisti.
1770 4636 1876 4691 Sed
1913 4637 1962 4693 si

387 4731 502 4798 ipse
534 4729 797 4782 Dominus
839 4737 1058 4781 creator
1105 4735 1188 4780 est
1239 4726 1507 4790 omnium,
1545 4727 1830 4783 videndum
1875 4739 1960 4785 est

387 4823 660 4891 quomodo
690 4822 778 4874 hic
809 4819 1114 4886 acquisisse
1147 4817 1382 4884 dicatur,
1410 4833 1530 4886 qua:
1565 4835 1662 4872 sua
1703 4834 1824 4875 esse
1854 4838 1959 4876 non

388 4916 610 4969 dubium
644 4922 746 4968 est.
794 4912 1002 4967 Dicitur
1043 4921 1097 4967 et
1145 4913 1199 4966 in
1232 4909 1341 4964 alio
1384 4912 1600 4966 cantico
1625 4913 1962 4971 Deutcrono-

393 5007 489 5061 mii
526 5006 574 5036 ⁸⁸
606 5023 620 5060 :
661 5023 680 5057 ί
719 5003 911 5059 Nonne
939 5003 1029 5058 hic
1071 5005 1185 5074 ipse
1229 5003 1372 5059 Deus
1400 5013 1546 5072 tuus,
1573 5005 1665 5076 qui
1710 5006 1841 5063 fecit
1883 5020 1952 5078 te,

455 5170 525 5202 ⁵⁸⁸
551 5170 723 5225 Exod.
750 5186 839 5232 xv,
865 5169 952 5225 16.

387 5242 436 5276 ⁸⁸
468 5242 626 5295 Deut.
657 5256 830 5306 χχχιι,
852 5240 904 5298 6.

389 5327 509 5380 va,
536 5311 628 5366 22.

455 5408 572 5479 (15)
595 5405 967 5462 Inhabitantes
987 5405 1261 5474 Chanaan,
1281 5409 1373 5477 qui
1391 5409 1680 5466 mutabiles
1703 5411 1964 5477 interpre-

391 5487 572 5532 tantur
600 5485 650 5530 et
677 5479 928 5533 mobiles.
961 5479 1004 5531 Δ
1043 5479 1229 5533 radice
1260 5488 1348 5539 in:
1393 5482 1549 5534 movit
1578 5497 1687 5534 sese
1711 5521 1726 5543 ,
1767 5492 1966 5546 motus,

394 5553 624 5622 agitatus
670 5548 795 5616 fuit,
832 5559 886 5602 et
932 5549 1302 5622 propositione
1339 5561 1402 5613 ι,
1427 5551 1798 5622 interpretari
1834 5568 1962 5622 quo-

395 5620 666 5701 quomodo
705 5620 1504 5701 possunt_Chanan_zeimobiles
1532 5622 1617 5701 vel
1645 5621 1955 5701 mutabiles.

400 5689 782 5748 Verumtamen
837 5690 890 5743 in
932 5688 1145 5744 chicis
1183 5689 1427 5745 Hebraeis
1495 5692 1665 5746 radici
1715 5701 1815 5756 Ἦ)
1863 5691 1958 5744 de-

400 5762 607 5827 ιπςδὲι,
650 5760 958 5830 prostravit,
995 5760 1240 5831 subjacet
1265 5771 1384 5843 μω
1412 5761 1654 5833 Canaan,
1689 5767 1826 5834 regia
1855 5760 1958 5816 Ca-

1018 5242 1064 5273 ⁶⁵
1097 5241 1118 5295 l
1151 5242 1276 5296 Cor.
1310 5257 1404 5309 vn,
1429 5242 1520 5296 25.

1037 5171 1084 5202 ⁸ο
1112 5167 1219 5226 Isa.
1242 5185 1365 5235 ιχν,
1388 5171 1443 5224 2.
1520 5172 1566 5203 ⁸⁸
1597 5170 1772 5230 Galat.
1799 5191 1870 5242 vt,
1893 5179 1976 5235 M.
2053 5181 2098 5213 σι
2124 5181 2290 5235 Exod.
2325 5195 2418 5244 xv,
2445 5177 2533 5232 i6.

1037 5242 1064 5272 “
1097 5241 1118 5295 ι
1151 5242 1276 5296 Cor.
1310 5257 1404 5305 vn,
1429 5242 1520 5296 25.
1639 5247 1684 5277 ⁸⁸
1711 5245 1813 5304 lsa.
1858 5265 1910 5305 ι..
1936 5254 1992 5305 1.
2101 5253 2144 5284 ⁸⁷
2168 5252 2323 5305 Joan.
2364 5265 2481 5305 vut.
2525 5276 2533 5292 ι

1797 5286 1813 5304 ο
1857 5286 1910 5321 μ’
1941 5286 1992 5307 ιι

2047 475 2281 544 quisque
2317 473 2447 526 illud
2479 470 2782 540 acquirere,
2831 466 2976 538 quod
3008 481 3112 520 non
3145 463 3251 517 fuit
3283 476 3461 518 suum.
3490 458 3620 514 lnde

2049 569 2280 636 denique
2314 575 2368 621 et
2413 564 2653 618 haeretici
2689 563 2877 617 dicunt
2907 561 2971 615 de
3003 559 3284 614 Salvatore
3305 595 3320 621 ,
3352 554 3477 623 quia
3512 569 3618 607 non

2047 669 2206 712 erant
2228 658 2335 723 sui,
2368 672 2508 726 quos
2541 655 2858 726 acquisivit.
2881 653 3018 707 Dato
3047 653 3244 706 etenim
3270 648 3447 718 pretio
3471 660 3621 700 mer-

2049 759 2201 805 catus
2233 759 2315 804 est
2351 749 2601 804 homines
2633 763 2772 817 quos
2787 747 3016 802 Creator
3037 744 3259 800 fecerat.
3303 741 3371 796 Et
3408 748 3620 794 certum

2046 853 2154 907 est,
2183 841 2359 907 aiunt,
2393 856 2834 910 unumquemque
2877 855 2986 894 non
3038 838 3169 892 illud
3211 849 3416 898 emere,
3475 831 3620 902 quod

2047 950 2203 988 suum
2257 943 2362 989 est.
2426 933 2719 1004 Apostolus
2764 931 2908 986 enim
2957 931 3031 983 ait
3063 929 3109 960 ⁶⁵
3141 947 3154 989 ;
3187 946 3206 979 ι
3239 926 3420 982 Pretio
3450 925 3619 993 empti

2046 1027 2198 1085 estis.
2231 1045 2250 1079 ι
2284 1026 2392 1082 Sed
2421 1026 2546 1080 audi
2579 1024 2710 1095 quid
2739 1023 2870 1078 dicit
2912 1022 3176 1091 propheta
3209 1019 3253 1050 ⁸⁸
3283 1036 3298 1072 :
3331 1037 3348 1069 ι
3378 1016 3621 1072 Peccatis

2048 1121 2249 1174 vestris
2277 1117 2574 1172 venundati
2613 1115 2771 1178 estis,
2809 1122 2864 1166 et
2894 1128 2992 1180 pro
3015 1109 3395 1180 iniquitatibus
3425 1108 3623 1163 vestris

2050 1213 2228 1269 dimisi
2258 1221 2488 1266 matrem
2517 1218 2777 1263 vestram.
2807 1226 2827 1260 ι
2853 1204 3020 1260 Vides
3049 1218 3202 1274 ergo,
3227 1203 3352 1271 quia
3381 1202 3475 1258 Dei
3503 1202 3626 1270 qui-

2051 1308 2172 1362 dem
2227 1314 2480 1362 creatura
2526 1318 2718 1358 omnes
2776 1315 3008 1364 sumus,
3058 1296 3434 1366 unusquisque
3496 1311 3626 1350 vero

2051 1400 2290 1468 peccatis
2315 1398 2427 1453 suis
2453 1396 2821 1457 venundatur,
2863 1404 2916 1448 et
2967 1406 3067 1460 pro
3101 1389 3478 1457 iniquitatibus
3510 1387 3625 1442 suis

2053 1506 2083 1544 a
2127 1490 2348 1559 proprio
2395 1498 2646 1542 creatore
2692 1485 2944 1539 discedit.
2972 1482 3066 1536 Dei
3101 1480 3272 1551 igitur
3316 1492 3507 1532 sumus
3543 1491 3628 1533 se-

2063 1583 2298 1636 cundum
2331 1581 2474 1649 quod
2509 1583 2576 1633 ab
2616 1594 2680 1632 eo
2709 1578 2878 1630 creati
2907 1589 3117 1628 smnus.
3156 1569 3342 1626 ElIecti
3369 1585 3498 1626 vero
3531 1585 3627 1624 su-

2055 1686 2178 1726 mus
2204 1673 2341 1726 servi
2371 1668 2606 1733 diaboli,
2639 1667 2934 1722 secundum
2966 1664 3108 1734 quod
3137 1662 3378 1732 peccatis
3419 1661 3628 1716 nostris

2055 1765 2347 1820 venundati
2386 1779 2593 1818 sunms.
2621 1760 2854 1815 Veniens
2889 1769 3070 1812 autem
3114 1755 3366 1810 Christus
3395 1753 3628 1808 redemit

2055 1873 2154 1914 nos
2179 1873 2302 1913 cum
2349 1859 2681 1912 serviremus
2727 1854 2802 1909 illi
2847 1854 3091 1915 domino,
3132 1849 3217 1904 cui
3255 1847 3628 1917 nosmetipsos

2055 1954 2333 2023 peccando
2373 1948 2737 2004 vendidimus.
2775 1945 2842 2000 Et
2870 1947 2944 1999 ita
2979 1945 3192 1998 videtur
3217 1951 3474 2009 tauquam
3505 1953 3632 1993 suos

2058 2047 2274 2116 quidem
2304 2044 2600 2112 recepisse,
2623 2055 2760 2110 quos
2795 2045 3100 2099 creaverat,
3134 2045 3394 2103 tanquam
3427 2032 3633 2087 alienos

2057 2148 2236 2192 autem
2282 2136 2621 2206 acquisisse,
2689 2133 2818 2202 quia
2889 2127 3129 2182 alienum
3189 2126 3293 2181 sibi
3351 2124 3630 2179 dominum

2057 2232 2171 2286 sive
2197 2229 2470 2291 errando,
2517 2227 2633 2280 sive
2674 2222 2949 2303 peccando
2994 2219 3380 2290 quaesiverant.
3419 2215 3486 2270 Et
3523 2214 3633 2270 for-

2060 2333 2204 2378 tasse
2253 2329 2399 2375 recte
2427 2318 2648 2390 quidem
2676 2316 2873 2370 dicitur
2912 2312 3210 2368 redemisse
3233 2326 3332 2365 nos
3355 2309 3630 2374 Christus,

2058 2415 2150 2484 qui
2205 2411 2437 2483 pretium
2492 2409 2663 2464 nostri
2716 2404 3032 2474 sanguinem
3085 2417 3240 2458 suum
3285 2401 3454 2457 dedit.
3491 2400 3632 2467 Quid

2059 2507 2168 2561 tale
2209 2515 2392 2560 autem
2423 2511 2482 2556 ut
2515 2517 2612 2558 nos
2643 2506 2988 2554 mercaretur
3030 2496 3196 2551 etiam
3250 2493 3496 2550 diabolus
3531 2491 3628 2548 de—

2061 2599 2181 2654 dit?
2211 2598 2373 2667 Ergo,
2414 2595 2456 2649 si
2491 2592 2746 2654 videtur,
2789 2588 3056 2643 ausculta.
3106 2586 3489 2648 Homicidium,
3537 2599 3639 2654 pe-

2061 2693 2223 2747 cunia
2285 2689 2486 2744 diaboli
2531 2697 2636 2742 est.
2691 2682 2784 2737 llle
2826 2679 2971 2734 enim
3026 2682 3094 2736 ab
3151 2679 3310 2735 initio
3359 2677 3633 2732 homicida

2060 2795 2145 2841 est
2178 2784 2244 2836 ⁸⁷.
2278 2781 2480 2838 Fecisti
2513 2781 2866 2835 homicidium
2887 2820 2903 2843 ,
2941 2775 3141 2832 diaboli
3177 2773 3462 2845 pecuniam
3509 2785 3632 2825 sus-

2061 2878 2280 2946 cepisti.
2339 2875 2705 2938 Adulterium,
2757 2870 2953 2925 diaboli
2996 2867 3227 2939 pecunia
3277 2875 3383 2919 est.
3421 2862 3631 2918 Diaboli

2061 2971 2206 3025 enim
2233 2970 2288 3023 in
2325 2983 2391 3023 eo
2421 2967 2598 3034 imago
2638 2973 2720 3018 est
2755 2972 2811 3017 et
2847 2961 3261 3032 superscriptio.
3299 2954 3633 3013 Commisisti

2062 3063 2427 3128 adulterium,
2471 3056 2732 3128 accepisti
2770 3054 2973 3109 diaboli
3020 3054 3312 3107 numisma.
3367 3048 3630 3108 Furtum,

2059 3155 2258 3210 falsum
2289 3152 2682 3217 testimonimn,
2718 3149 3016 3219 rapacitas,
3061 3143 3346 3209 violentia,
3381 3143 3496 3198 haec
3517 3156 3636 3195 om-

2060 3252 2148 3304 nia
2193 3246 2392 3303 diaboli
2441 3258 2641 3298 census
2679 3251 2784 3304 est,
2819 3249 2872 3295 et
2912 3239 3114 3294 diaboli
3146 3239 3454 3292 thesaurus.
3489 3233 3635 3288 Talis

2058 3344 2203 3397 enim
2229 3339 2460 3410 pecunia
2495 3337 2562 3391 de
2587 3333 2706 3403 eius
2743 3340 2960 3387 moneta
2995 3329 3261 3403 procedit.
3309 3327 3423 3382 Hac
3472 3327 3636 3395 igitur

2058 3435 2288 3506 pecunia
2317 3432 2450 3487 emit
2492 3431 2618 3496 ille,
2667 3447 2804 3502 quos
2844 3429 2998 3490 emit,
3032 3433 3086 3479 et
3125 3421 3288 3478 eﬂicit
3313 3420 3418 3475 sibi
3448 3434 3636 3474 servos

2059 3541 2284 3594 omnes,
2339 3524 2431 3594 qui
2473 3524 2540 3578 dc
2597 3519 2970 3592 hujuscemodi
3029 3529 3191 3572 censu
3243 3511 3361 3581 ejus
3404 3518 3634 3580 quantu-

2059 3621 2388 3688 lumcunque
2411 3615 2772 3685 susceperint.
2794 3612 2992 3667 Verum
3017 3623 3116 3679 ego
3138 3620 3351 3670 vereor,
3377 3617 3446 3657 ne
3471 3602 3636 3656 etiam

2062 3713 2274 3782 aliquos
2303 3712 2368 3765 de
2394 3707 2722 3770 astantibus,
2747 3719 2886 3774 quos
2909 3702 3206 3766 noscimus,
3229 3697 3475 3753 diabolus
3497 3710 3638 3751 mer-

2060 3813 2219 3859 cetur
2250 3800 2484 3864 occulte,
2533 3812 2600 3852 ne
2636 3796 2800 3850 etiam
2845 3792 3119 3862 aliquibus
3150 3799 3460 3845 nostrorum
3494 3787 3637 3840 hanc

2060 3895 2377 3967 pecuniam,
2405 3907 2570 3963 quam
2604 3901 2769 3956 supra
2808 3883 3275 3947 euumeravimus,
3311 3880 3549 3949 ingerat,
3579 3887 3636 3931 et

2063 3990 2224 4046 faciat
2270 3987 2390 4040 illos
2414 3998 2628 4038 rursum
2665 3993 2816 4042 suos,
2853 3986 2908 4032 et
2941 3990 3153 4030 rursum
3182 3989 3282 4044 pro
3315 3972 3394 4027 eis
3427 3971 3638 4024 tabulas

2063 4081 2372 4142 servitutis,
2399 4088 2453 4132 et
2477 4074 2684 4146 peccati
2727 4071 3150 4139 chirographum
3196 4067 3422 4130 scribat,
3473 4073 3639 4135 atque

2064 4173 2373 4230 iuunisceat
2408 4169 2584 4224 servis
2616 4167 2710 4221 Dei
2731 4180 2846 4230 eos,
2890 4177 3029 4232 quos
3072 4160 3281 4231 peccati
3329 4156 3504 4227 pretio
3534 4154 3636 4210 sibi

2064 4267 2263 4322 fecerit
2288 4279 2497 4320 servos.
2531 4261 2679 4316 Solet
2703 4261 2872 4322 enim,
2897 4259 3023 4327 quia
3059 4254 3309 4308 inimicus
3340 4251 3500 4305 homo
3529 4256 3634 4314 est,

2069 4361 2250 4415 tritico
2289 4358 2522 4412 miscere
2559 4355 2788 4408 zizania.
2824 4354 2888 4406 Et
2916 4362 3095 4405 tamen
3118 4347 3163 4401 si
3199 4346 3322 4414 quis
3358 4344 3498 4398 ferte
3538 4342 3641 4395 hu-

2060 4450 2368 4526 juscemodi
2427 4452 2712 4520 pecuniam
2757 4461 2786 4499 a
2832 4443 3046 4500 diabolo
3090 4443 3346 4506 deceptus
3405 4435 3637 4506 accepit,

2061 4564 2168 4607 non
2217 4555 2610 4613 usquequaque
2657 4540 2957 4610 desperet;
3019 4533 3335 4589 misericors
3369 4528 3517 4585 enim
3555 4539 3640 4590 est

2059 4649 2115 4696 et
2156 4639 2448 4694 miserator
2485 4635 2780 4694 Dominus,
2825 4639 2880 4686 et
2924 4640 3192 4684 creatura:
3235 4641 3351 4681 sure
3393 4639 3499 4685 non
3527 4622 3651 4683 vult,

2061 4730 2427 4799 mortem,sed
2459 4737 2515 4783 ut
2538 4733 2912 4790 convertatur,
2940 4731 2994 4777 et
3019 4722 3165 4775 vivat
3192 4721 3257 4772 ⁸⁸.
3292 4716 3637 4782 Pmuitendo,

2058 4826 2259 4892 ﬂendo,
2295 4821 2683 4879 satisfaciendo
2729 4818 2910 4872 deleat
2963 4815 3108 4886 quod
3165 4813 3468 4869 admissum
3528 4817 3637 4862 est.

2065 4919 2210 4974 Dicit
2255 4917 2400 4972 enim
2455 4915 2720 4984 propheta
2748 4911 2815 4974 ‘9,
2847 4911 2975 4980 quia
3017 4927 3036 4960 ι
3071 4908 3117 4962 si
3149 4919 3445 4961 conversus
3482 4902 3636 4972 inge-

2066 5011 2290 5078 mueris,
2336 5018 2465 5064 tunc
2515 5007 2699 5063 salvus
2744 5008 2877 5062 eris.
2903 5024 2922 5058 ι
2960 5001 3128 5057 Paulo
3163 5000 3328 5054 latius
3361 4995 3640 5069 progressi

2629 5177 2674 5208 ⁸³
2701 5173 2856 5229 Rom.
2886 5190 2961 5233 χι,
2985 5171 3081 5226 25.

2727 5247 2772 5278 ⁸⁸
2797 5245 2994 5300 Ezech.
3045 5256 3240 5307 χχχιιι,
3268 5242 3356 5295 lt.

3171 5169 3216 5201 ⁸³
3245 5168 3434 5226 Matth.
3461 5182 3547 5234 ιιι,
3576 5164 3632 5221 9.

2101 5253 2144 5284 ⁸⁷
2168 5252 2323 5309 Joan.
2364 5235 2481 5316 vlli,
2525 5247 2614 5302 M.
2727 5247 2772 5278 ⁸⁸
2797 5245 2994 5300 Ezech.
3045 5256 3240 5307 χχχιιι,
3268 5242 3356 5295 lt.
3465 5235 3633 5291 “lsa.

2067 5432 2228 5479 παθη,
2262 5415 2421 5484 cujus
2444 5411 2641 5484 incolae.
2669 5425 2791 5484 cum
2825 5408 2896 5462 ob
2923 5406 3088 5462 maris
3127 5403 3383 5458 viciniam
3425 5413 3642 5484 merca-

2068 5495 2202 5543 tura:
2220 5473 2398 5540 dediti
2433 5482 2656 5548 fuerint,
2692 5481 2817 5534 inde
2842 5488 2984 5568 πρυ),
3009 5485 3288 5537 mercator,
3323 5473 3640 5542 negotiator.

2138 5575 2249 5658 (μϐ)
2287 5576 2543 5658 Dominus
2582 5562 2880 5654 acquisivit.
2926 5570 3037 5628 Vox
3080 5567 3332 5624 Dominus
3373 5567 3424 5622 in
3473 5562 3640 5621 editis

2066 5653 2290 5716 omissa,
2331 5653 2602 5716 reperitur
2640 5653 2694 5699 tu
2729 5658 2858 5700 mss.
