4050 6142
339 231 444 286 539

1798 224 2121 282 ORXGENIS

3487 219 3586 274 διε

341 365 551 417 sumus,
583 350 710 407 dum
741 350 993 405 volumus
1017 365 1295 421 exponere
1314 351 1587 421 quomodo
1621 350 1762 404 Deus
1792 365 1911 418 qua:
1941 352 1990 409 Α
2017 349 2275 410 edicitur.
2310 364 2376 403 ne
2408 349 2505 403 tibi
2554 348 2759 418 aliquid
2791 346 2953 402 desit.
3004 343 3144 399 Audi
3174 351 3230 398 et
3259 341 3481 395 Paulum
3511 341 3594 393 di-

342 460 439 499 sna
470 452 599 499 sunt
634 445 847 499 dicatur
884 445 1202 512 acquirere,
1255 457 1309 500 et
1347 446 1620 499 redimere
1661 442 1913 498 Christus

341 539 608 610 sanguine
638 537 876 606 pretioso
914 552 1052 607 quos
1095 548 1309 594 emerat
1344 537 1591 593 diabolus
1632 536 1722 589 vili
1772 550 1914 589 mer-

341 632 475 687 cede
508 630 739 700 peccati.

411 724 501 778 10.
540 742 559 776 ι
596 723 866 778 lnducens
903 723 1085 793 planta
1123 739 1221 779 eos
1271 725 1325 779 in
1362 734 1548 779 monte
1577 722 1915 779 haereditatis

341 823 447 868 tua:
473 812 543 869 ⁷⁸.
574 832 594 864 ι
651 813 769 870 Non
802 815 915 870 vult
964 831 1062 871 nos
1098 814 1240 869 Deus
1275 816 1326 870 in
1378 814 1612 887 Egypto
1646 815 1912 885 plantare,

342 923 443 962 nec
476 907 530 961 in
573 907 795 976 dejectis
825 918 880 963 et
912 909 964 961 in
1000 908 1296 963 humilibus
1325 908 1481 975 locis,
1515 909 1608 963 sed
1641 909 1692 961 in
1728 916 1916 962 monte

344 999 677 1053 haereditatis
713 1015 823 1055 sum
868 999 980 1053 vult
1014 999 1263 1066 plantare
1312 1014 1452 1068 quos
1502 999 1729 1069 plantat.
1777 999 1912 1053 Tum

343 1100 603 1161 praeterea
662 1092 806 1161 quod
849 1091 999 1145 addit
1041 1109 1054 1145 :
1109 1110 1128 1143 ι
1172 1091 1433 1149 inducens
1486 1092 1668 1161 planta
1725 1107 1855 1158 eos;
1890 1110 1910 1143 ι

343 1198 473 1237 num
506 1183 602 1237 tibi
638 1183 852 1237 videtur
889 1191 1147 1251 tanquam
1179 1182 1245 1236 de
1276 1182 1460 1252 pueris
1485 1183 1688 1248 dicere,
1710 1183 1800 1252 qui
1833 1181 1917 1236 in-

342 1279 612 1330 ducuntur
635 1274 700 1327 ad
733 1274 985 1339 scholas,
1019 1274 1348 1328 inducuntur
1378 1274 1448 1328 ad
1480 1273 1712 1338 litteras,
1755 1274 1915 1327 indu-

344 1379 543 1423 cuntur
574 1368 642 1423 ad
679 1383 892 1422 omnem
930 1367 1346 1423 eruditionem?
1379 1367 1626 1438 lntellige
1663 1383 1792 1438 ergo
1822 1381 1917 1436 per

348 1464 484 1527 haec,
503 1461 547 1517 si
578 1469 758 1515 tamen
785 1459 953 1514 habes
983 1474 1142 1514 aures
1172 1459 1448 1524 audiendi,
1478 1460 1746 1529 quomodo
1775 1459 1918 1515 Dens

345 1553 553 1622 plantat
594 1574 606 1608 :
649 1566 717 1606 ne
775 1551 917 1607 forte
970 1567 1094 1606 cum
1147 1552 1303 1608 audis
1363 1566 1490 1607 eum
1548 1551 1807 1607 inducere
1864 1559 1920 1604 et

346 1646 610 1713 plantare,
645 1655 800 1714 putes
829 1659 953 1699 eum
984 1644 1119 1701 ﬁcus
1163 1645 1219 1700 in
1263 1654 1430 1713 terra,
1467 1652 1560 1698 ant
1590 1644 1695 1699 alia
1729 1643 1917 1713 hujus-

344 1735 557 1791 remodi
620 1734 855 1806 virgulta
909 1735 1164 1807 deﬁgere.
1203 1735 1340 1790 Audi
1380 1744 1435 1790 et
1473 1735 1599 1790 alibi
1643 1737 1918 1805 quomodo

345 1828 557 1896 plantat
610 1827 773 1883 Deus.
835 1827 1104 1899 Pr0pheta
1179 1828 1314 1884 dicit
1367 1829 1459 1883 7‘:
1501 1847 1521 1881 ς
1577 1827 1795 1883 Vineam
1850 1843 1917 1883 ex

343 1918 582 1990 Egypto
615 1919 965 1986 transtulisti,
1012 1929 1068 1974 et
1112 1920 1362 1990 expulisti
1398 1930 1607 1991 gentes,
1656 1932 1713 1977 et
1761 1921 1917 1991 plan-

348 2012 471 2066 tasti
503 2024 648 2066 eam.
678 2009 930 2066 Pervium
963 2013 1068 2066 iter
1100 2013 1279 2068 fecisti
1332 2023 1460 2067 ante
1489 2028 1631 2077 eam,
1662 2013 1915 2083 plantasti

347 2104 558 2159 radices
609 2103 750 2175 ejus,
794 2115 849 2160 et
894 2106 1114 2174 replesti
1157 2115 1388 2160 terram.
1438 2105 1664 2176 Operuit
1704 2115 1920 2161 montes

345 2197 536 2251 umbra
565 2198 716 2266 ejus,
765 2208 819 2253 et
854 2198 1079 2252 arbusta
1118 2197 1235 2267 ejus
1265 2198 1461 2253 cedros
1504 2199 1621 2255 Dei.
1656 2217 1675 2252 ι
1708 2199 1918 2253 Adver-

346 2291 456 2344 tisti
491 2291 603 2359 jam
631 2289 905 2360 quomodo
940 2290 1150 2358 plantat
1200 2290 1341 2346 Deus
1366 2333 1382 2357 ,
1423 2303 1480 2345 et
1523 2291 1613 2345 ubi
1672 2291 1921 2359 plantat?

344 2378 460 2438 Non
496 2383 706 2453 plantat
741 2384 793 2438 in
827 2384 1085 2450 vallibus,
1117 2384 1212 2439 sed
1256 2385 1311 2439 in
1359 2384 1636 2439 montibus
1687 2386 1919 2441 excelsis

346 2489 403 2531 ιιι
435 2476 762 2534 sublimibus
802 2478 957 2534 locis.
985 2478 1132 2546 Quos
1169 2479 1315 2534 enim
1346 2480 1528 2535 educit
1558 2481 1625 2535 de
1660 2479 1917 2553 Egypto,

343 2584 481 2640 quos
513 2570 581 2625 de
606 2567 811 2624 steculo
836 2569 1058 2625 adducit
1080 2570 1147 2624 ad
1173 2570 1355 2635 ﬁdem,
1387 2586 1491 2626 non
1535 2570 1649 2625 vult
1681 2587 1776 2626 eos
1814 2572 1918 2627 ite-

346 2676 466 2714 rum
508 2660 561 2715 in
601 2660 896 2716 humilibus
939 2659 1250 2724 collaCare,
1296 2661 1391 2716 sed
1447 2662 1918 2717 conversationem

343 2769 531 2808 eorum
571 2754 688 2810 vult
728 2767 852 2810 esse
892 2752 1202 2808 sublimem.
1245 2753 1373 2807 Vult
1415 2769 1515 2809 nos
1556 2754 1610 2808 in
1646 2754 1921 2811 montibus

345 2844 618 2909 habitare,
673 2846 768 2899 sed
820 2844 875 2898 in
925 2842 1057 2912 ipsis
1114 2842 1468 2898 nihilominus
1503 2833 1780 2899 montibus
1811 2860 1917 2901 non

343 2936 460 2990 vult
490 2950 589 2991 nos
614 2952 778 3006 super
799 2946 996 2992 terram
1022 2951 1234 3006 repere,
1265 2950 1366 2990 nec
1390 2935 1529 2990 ultra
1561 2936 1674 2990 vult
1701 2938 1917 2991 vineam

2017 451 2228 495 centem
2253 441 2299 472 ⁷⁸
2332 459 2345 494 :
2384 459 2405 491 ε
2441 439 2534 494 Dei
2563 438 2917 508 agricultura,
2953 435 3048 490 Dei
3073 434 3365 490 aediﬁcatio
3399 434 3591 486 estis.»

2016 537 2168 604 Quod
2200 552 2331 608 ergo
2365 536 2506 591 istud
2543 543 2627 590 est
2653 533 3095 595 sanctimonium,
3125 527 3269 595 quod
3299 540 3403 579 non
3432 538 3593 582 manu

2016 630 2252 684 hominis
2294 626 2499 681 {aetum
2550 631 2657 690 est,
2707 623 2803 677 sed
2860 620 3110 674 manibus
3158 617 3250 673 Dei
3308 612 3597 684 paratum?

2014 722 2154 776 Audi
2188 719 2515 790 sapientiam
2546 716 2818 771 dicentem
2845 712 2916 777 '",
2949 710 3080 780 quia
3113 726 3133 760 ι
3166 704 3454 761 aediﬁcavit
3489 702 3593 758 sibi

2017 815 2258 868 domum.
2306 829 2324 863 ι
2357 809 2468 879 Ego
2494 817 2674 862 autem
2709 807 2812 861 hoc
2845 803 2911 858 de
2943 800 3329 856 incarnatione
3378 794 3593 850 Domini

2017 902 2221 958 rectius
2248 898 2656 969 intelligendum
2690 905 2841 966 puto.
2897 891 3015 946 Non
3045 889 3190 945 enim
3222 901 3384 941 manu
3418 883 3596 939 homi-

2017 1012 2143 1051 num
2179 996 2377 1049 factum
2409 1001 2517 1057 est,
2548 990 2600 1045 id
2627 997 2735 1052 est,
2768 1002 2872 1041 non
2899 997 3061 1054 opere
3078 982 3318 1036 humano
3337 976 3594 1046 templum

2016 1088 2199 1143 carnis
2236 1085 2535 1141 aediﬁcatur
2567 1083 2619 1136 itt
2650 1080 2892 1150 virgine,
2931 1076 3049 1140 sed,
3079 1074 3221 1127 sicut
3261 1070 3595 1141 praedixerat

2017 1180 2207 1236 Daniel
2240 1178 2312 1243 ⁷⁸,
2340 1178 2482 1246 lapis
2510 1176 2630 1233 sine
2658 1174 2911 1229 manibus
2945 1168 3164 1224 excisus
3191 1163 3386 1225 erevit,
3430 1170 3483 1214 et
3514 1157 3596 1213 l‘a-

2018 1283 2137 1327 ctus
2169 1282 2253 1327 est
2276 1285 2430 1325 mons
2462 1282 2712 1338 magnus.
2734 1264 2879 1319 Istud
2912 1273 2996 1316 est
3020 1255 3443 1314 sanctimoniam
3467 1267 3592 1306 car-

2019 1369 2104 1420 nis
2138 1371 2449 1434 assumptae,
2480 1371 2534 1417 et
2558 1361 2676 1415 sine
2704 1357 2975 1420 manibus,
2994 1354 3047 1408 id
3071 1357 3153 1406 est
3198 1349 3401 1415 absque
3427 1358 3594 1413 opere

2019 1459 2322 1522 hominum,
2353 1457 2419 1511 de
2453 1463 2636 1510 monte
2670 1453 2919 1507 humanae
2945 1454 3152 1502 natura:
3183 1451 3238 1498 et
3265 1437 3583 1496 substantia:

2022 1548 2207 1604 carnis
2232 1545 2500 1601 excisum.

2090 1642 2180 1697 15.
2219 1656 2238 1692 ‹
2279 1637 2528 1699 Domine,
2557 1634 2650 1704 qui
2674 1646 2873 1702 regnas
2900 1630 2953 1684 in
2993 1625 3278 1688 saeculum,
3311 1631 3361 1677 et
3405 1620 3459 1675 in
3495 1633 3596 1673 sa:-

2019 1733 2225 1796 eulom,
2251 1739 2307 1787 et
2337 1729 2518 1785 adhuc
2545 1728 2613 1780 τ’.
2652 1745 2670 1778 ι
2703 1722 2930 1791 Quoties
2975 1719 3027 1773 in
3071 1715 3327 1773 steculom
3372 1711 3594 1774 dicitur,

2020 1822 2299 1894 longitudo
2335 1818 2553 1891 quidem
2600 1814 2884 1884 temporis,
2927 1810 3021 1866 sed
3061 1820 3187 1863 esse
3237 1804 3360 1858 linis
3399 1801 3599 1870 aliquis

2020 1920 2315 1980 indicatur,
2351 1923 2407 1968 et
2438 1911 2483 1967 si
2532 1912 2584 1964 in
2631 1907 2777 1961 aliud
2829 1902 3087 1961 saeculum
3131 1900 3366 1963 dicatur,
3400 1894 3599 1962 aliquis

2020 2014 2136 2073 sine
2166 2008 2331 2064 dubio
2360 2004 2575 2076 longior
2611 2000 2853 2072 quidem,
2887 2005 3067 2051 tamen
3092 1993 3318 2064 ponitur
3347 1989 3507 2052 ﬁnis;
3540 1995 3599 2040 et

2020 2105 2239 2175 quoties
2270 2098 2468 2155 saecula
2504 2094 2825 2153 smculorum
2863 2088 3235 2152 nominantur,
3267 2083 3498 2138 fortasse
3530 2080 3596 2133 li-

2021 2208 2108 2253 cet
2131 2197 2349 2266 ignotus
2378 2190 2555 2257 nobis,
2582 2197 2763 2242 tamen
2797 2199 2826 2237 a
2852 2182 2964 2236 Deo
2990 2189 3225 2235 statutus
3258 2175 3453 2244 aliquis
3482 2183 3597 2227 ter-

2021 2290 2199 2346 minus
2226 2284 2523 2341 indicatur.
2561 2278 2714 2347 Quod
2747 2288 2877 2330 vero
2901 2272 3046 2327 addit
3073 2271 3125 2325 in
3159 2271 3264 2324 hoc
3292 2266 3413 2322 loco
3445 2283 3501 2321 ει
3540 2273 3595 2317 et

2020 2382 2225 2441 adhuc,
2262 2397 2283 2431 ι
2321 2375 2527 2431 nullum
2573 2384 2794 2428 sensum
2841 2365 3056 2421 termini
3086 2363 3316 2430 alicujus
3350 2369 3444 2415 aut
3471 2358 3598 2412 linis

2021 2474 2264 2543 reliquit.
2289 2467 2662 2537 Quodcunque
2699 2462 2842 2518 enim
2870 2457 3001 2512 illud
3026 2452 3368 2526 cogitaveris,
3401 2451 3456 2505 in
3487 2464 3603 2519 quo

2022 2567 2184 2621 ﬁnem
2237 2572 2394 2632 putes
2441 2572 2601 2628 posse
2661 2556 2985 2616 consistere,
3037 2561 3253 2619 semper
3308 2544 3404 2600 tibi
3458 2544 3593 2598 dicit

2020 2672 2203 2715 sermo
2238 2653 2627 2727 propheticus:
2660 2669 2680 2703 ι
2712 2647 2780 2704 Et
2810 2648 3009 2712 adhuc,
3043 2664 3063 2698 ι
3094 2643 3239 2697 velut
3263 2637 3308 2695 si
3340 2638 3598 2708 loquatur

2021 2751 2087 2806 ad
2121 2760 2192 2817 te,
2221 2757 2278 2803 et
2307 2747 2455 2802 dicat
2490 2761 2504 2797 :
2532 2741 2698 2797 Putas
2724 2741 2775 2794 in
2803 2737 3057 2794 saeculum
3088 2732 3268 2789 saeculi
3300 2728 3595 2785 Dominum

2021 2837 2414 2911 regnaturum?
2444 2854 2463 2888 t
2515 2833 2584 2889 Et
2627 2831 2864 2886 adhuc.»
2885 2826 3053 2882 Putas
3078 2824 3131 2879 in
3183 2821 3377 2877 saecula
3410 2831 3585 2911 saecu-

2022 2909 2238 2988 lorum?
2279 2950 2297 2983 ι
2335 2928 2404 2983 Ει
2435 2927 2614 2982 adhuc
2649 2924 2786 2997 (17).
2832 2942 2852 2975 ›
2888 2920 2955 2976 Et
2977 2916 3466 2988 quomodocunque
3510 2909 3594 2963 di-

344 3042 497 3080 suam
532 3002 695 3081 humi
724 3025 961 3094 dcjectos
1010 3002 1212 3079 habere
1247 3023 1483 3088 fructus,
1530 3026 1626 3079 sed
1661 3026 1775 3079 vult
1807 3026 1922 3096 pal-
1948 3038 1991 3096 α
2027 3026 2174 3080 xeris
2202 3021 2332 3077 illud
2369 3020 2434 3075 de
2479 3017 2629 3089 regni
2668 3014 2785 3084 ejus
2809 3012 3024 3083 spatiis,
3066 3022 3286 3078 semper
3314 3007 3411 3061 tibi
3463 3002 3596 3060 dicit

346 3121 511 3174 mites
543 3117 660 3186 ejus
698 3134 913 3173 sursum
947 3117 1095 3182 duci,
1129 3116 1182 3170 in
1216 3116 1328 3169 alto
1350 3116 1625 3183 collocari,
1662 3119 1920 3174 traduces

347 3209 489 3275 ﬁeri,
515 3219 569 3264 et
610 3210 858 3264 traduces
900 3223 1008 3263 non
1049 3209 1104 3261 in
1154 3207 1570 3279 quibuscunque
1624 3209 1922 3266 humilibus

347 3302 654 3364 arboribus,
693 3302 788 3356 sed
840 3302 893 3355 in
945 3298 1180 3354 excelsis
1231 3306 1286 3353 et
1334 3299 1388 3353 in
1430 3299 1714 3357 altissimis
1744 3303 1922 3358 eedris

349 3394 464 3448 Dei.
507 3392 710 3448 Cedros
765 3392 856 3448 Dei
894 3406 1001 3463 ego
1027 3394 1318 3462 prophetas
1352 3401 1407 3448 et
1438 3394 1712 3462 apostolos
1746 3406 1877 3464 puto
1902 3438 1920 3463 ,

347 3486 549 3555 quibus
588 3501 689 3541 nos
730 3487 774 3541 si
805 3483 1164 3555 adjungamur
1192 3486 1322 3542 vitis
1369 3502 1528 3557 quam
1581 3487 1647 3542 de
1683 3486 1921 3558 Egypto

350 3579 626 3634 transtulit
656 3579 816 3646 Deus,
848 3587 902 3635 et
930 3595 1028 3649 per
1058 3595 1242 3637 ramos
1289 3596 1477 3636 eorum
1525 3583 1696 3636 nostri
1731 3583 1924 3652 palmi-

351 3684 431 3727 tes
468 3656 858 3736 dillundantnr,
892 3681 1055 3742 atque
1105 3673 1238 3742 ipsis
1271 3673 1445 3728 innixi
1484 3674 1734 3729 traduces
1771 3690 1919 3744 quae-

347 3767 470 3819 dam
500 3764 796 3819 efﬁciamur
831 3765 1115 3820 charitatis
1143 3767 1209 3819 ad
1239 3764 1469 3821 invicem
1520 3766 1751 3821 vinculis
1782 3784 1917 3822 con-

346 3858 495 3921 nexi,
525 3857 757 3912 fructum
788 3858 906 3912 sine
932 3859 1094 3913 dubio
1122 3857 1412 3926 plurimum
1443 3857 1754 3913 aﬁ'ercmtts.
1782 3858 1916 3915 Nam

351 3968 373 4000 ι
406 3949 587 4003 omnis
636 3950 799 4003 arbor
840 3965 961 4018 qua:
1008 3966 1116 4004 non
1152 3948 1283 4005 facit
1319 3948 1556 4006 fructum
1582 3951 1786 4008 bonum
1822 3968 1919 4008 ex-

345 4043 576 4106 cidetor,
610 4052 664 4096 et
695 4043 747 4095 in
780 4042 955 4112 ignem
994 4043 1244 4097 mittetur
1271 4044 1339 4099 ⁷³.
1368 4062 1388 4095 ι

418 4132 507 4186 11.
543 4149 562 4183 ε
604 4131 658 4185 In
685 4141 987 4201 praeparata
1013 4133 1349 4189 habitatione
1378 4144 1490 4201 tua,
1517 4150 1675 4205 quam
1714 4152 1921 4207 pracpa-

347 4225 504 4290 rasti,
536 4224 763 4279 Domine
793 4222 859 4276 ⁷³.
892 4241 912 4275 ι
962 4222 1093 4279 Vide
1119 4225 1403 4283 clementis
1437 4225 1655 4281 Domini
1702 4227 1917 4281 bonita-

348 4328 478 4382 tem,
512 4332 617 4371 non
648 4316 764 4370 vult
799 4326 849 4370 te
877 4314 1133 4370 inducere
1168 4316 1234 4370 ad
1256 4315 1528 4385 laborem,
1560 4333 1665 4373 non
1711 4320 1826 4372 vult
1863 4328 1921 4372 ut

349 4413 463 4478 ipse
491 4410 585 4463 tibi
619 4407 789 4464 facias
822 4406 1345 4478 habitaculum,jam
1377 4420 1427 4463 te
1450 4411 1516 4463 ad
1560 4419 1919 4480 praeparatam

347 4500 569 4555 deducit
631 4499 1047 4555 habitationem.
1103 4500 1241 4554 Audi
1302 4501 1470 4556 Deum
1528 4503 1793 4558 dicentem
1863 4503 1917 4556 in

349 4591 639 4663 Evangelio
668 4591 717 4622 7‘
744 4610 758 4645 :
791 4608 809 4641 ι
846 4590 950 4645 Alii
989 4589 1393 4658 laboraverunt,
1421 4601 1475 4646 et
1504 4609 1598 4648 vos
1628 4593 1680 4648 in
1707 4592 1920 4648 labores

345 4699 533 4738 eorum
570 4682 854 4736 introistis.
889 4700 908 4732 ›

416 4773 503 4829 12.
546 4791 566 4825 t
605 4769 1053 4838 Sanctimonium,
1093 4773 1344 4837 Domine,
1381 4773 1524 4843 quod
1572 4786 1919 4842 prmparave-

345 4875 474 4920 runt
497 4880 691 4920 manus
728 4876 833 4920 tuae
867 4866 938 4918 7'.
976 4883 996 4917 ι
1033 4864 1491 4931 Sanctimonium,
1528 4866 1680 4937 151
1718 4865 1920 4921 dicitur

349 4956 759 5012 tabernaculum
799 4957 918 5021 Dei,
949 4955 1035 5010 vel
1072 4958 1326 5027 templum
1351 4959 1420 5012 ab
1447 4971 1511 5011 eo
1544 4959 1687 5027 quod
1717 4957 1920 5012 sancti-

346 5054 472 5104 ﬁcat
500 5048 844 5103 accedentes.
878 5049 990 5104 Hoc
1028 5064 1135 5105 non
1180 5051 1316 5105 dicit
1348 5066 1511 5105 manu
1558 5050 1798 5105 hominis
1833 5049 1917 5102 fa-

345 5151 514 5208 ctum,
541 5141 637 5195 sed
668 5155 833 5196 manu
872 5141 985 5195 Dei.
1017 5140 1156 5209 Quid
1184 5143 1356 5214 ergo?
1398 5143 1629 5211 Propter
1655 5152 1708 5197 te
1776 5139 1916 5194 Deus

339 5243 395 5286 et
448 5234 684 5305 plantat,
731 5240 787 5287 et
832 5233 1084 5302 aediﬁcat,
1117 5236 1355 5307 agricola
1389 5235 1639 5303 eﬁicitur,
1675 5245 1919 5293 structor

412 5449 460 5481 "
489 5449 663 5504 Exod.
697 5466 788 5513 xv,
827 5449 913 5504 17.
991 5448 1033 5481 ⁷¹
1068 5447 1209 5504 Psal.
1239 5464 1438 5514 Lxxtx,
1475 5447 1528 5501 9.
1603 5448 1649 5479 τ’
1675 5445 1863 5507 Matth.
1899 5460 1993 5507 vn.
2022 5444 2112 5500 l9.

2024 3117 2289 3190 propheta
2321 3129 2338 3167 :
2375 3129 2393 3164 ι
2429 3110 2495 3165 Et
2530 3109 2729 3164 adhuc.
2776 3125 2798 3161 ι

2094 3207 2185 3263 Η.
2222 3223 2243 3257 t
2279 3202 2546 3270 Quoniam
2578 3198 2801 3254 intravit
2829 3194 3108 3266 equitatus
3139 3189 3438 3246 Pharaonis
3470 3201 3596 3243 cum

2027 3297 2305 3370 quadrigis
2339 3303 2396 3349 et
2428 3291 2814 3348 ascensoribus
2850 3289 2905 3343 in
2941 3285 3176 3341 medium
3230 3296 3401 3346 mare,
3428 3289 3485 3335 et
3515 3281 3599 3333 in-

2024 3392 2180 3447 duxit
2208 3402 2374 3458 super
2404 3399 2496 3439 eos
2533 3382 2795 3437 Dominus
2830 3393 3003 3449 aquas
3039 3376 3229 3430 maris.
3259 3372 3380 3428 Filii
3413 3382 3595 3425 autem

2024 3487 2190 3545 lsrael
2221 3480 2645 3554 ambulaverunt
2670 3492 2766 3548 per
2793 3474 2997 3531 siccum
3031 3474 3083 3526 in
3118 3471 3293 3525 medio
3321 3469 3456 3523 mari
3489 3465 3591 3519 ⁸ο.»

2023 3583 2091 3638 Ει
2118 3591 2170 3635 tu
2193 3579 2238 3634 si
2271 3577 2412 3630 ﬁlius
2437 3571 2605 3628 Israel
2635 3585 2718 3633 es,
2740 3578 2895 3637 potes
2926 3564 3208 3620 ambulare
3245 3576 3343 3632 per
3384 3560 3592 3614 siccum

2023 3677 2077 3731 in
2099 3673 2276 3729 medio
2302 3668 2460 3725 mari.
2497 3666 2556 3722 Si
2587 3663 2756 3718 fueris
2787 3663 2844 3716 in
2869 3661 3044 3715 medio
3076 3658 3309 3713 nationis
3336 3670 3513 3726 pravae
3538 3663 3594 3709 et

2022 3780 2289 3839 perversae
2319 3763 2460 3818 sicut
2506 3759 2691 3813 lumen
2742 3754 2872 3810 solis
2904 3753 3127 3807 verbum
3158 3751 3283 3804 vitae
3311 3747 3595 3839 continens

2023 3837 2089 3912 ad
2119 3855 2368 3926 gloriam,
2404 3857 2584 3922 potest
2614 3846 2727 3901 ﬁeri
2762 3855 2824 3900 ut
2856 3845 2908 3898 in
2933 3842 3111 3897 medio
3136 3850 3480 3911 peccatorum
3513 3837 3593 3890 in-

2023 3952 2303 4006 cedentem
2348 3956 2400 3999 te
2450 3957 2556 3997 non
2610 3937 2861 3994 infundat
2903 3937 3099 3990 humor
3144 3940 3373 4002 peccati,
3417 3936 3598 3999 potest

2027 4043 2145 4099 ﬁeri
2180 4051 2240 4096 ut
2262 4045 2634 4094 transeuntem
2667 4042 2721 4088 te
2750 4046 2848 4102 per
2877 4030 3023 4083 hunc
3054 4026 3313 4082 mundum
3347 4022 3489 4076 nulla
3540 4021 3599 4074 lio

2023 4135 2225 4192 bidinis
2279 4131 2423 4186 unda
2484 4131 2790 4195 respergat,
2838 4121 3018 4200 nullus
3064 4116 3375 4187 cupiditatis
3431 4124 3599 4169 mstus

2024 4229 2298 4283 verberet.
2333 4222 2434 4289 Qut
2463 4230 2644 4274 autem
2677 4215 2965 4286 Egyptius
2995 4221 3152 4266 estet
3179 4209 3424 4279 sequitur
3454 4207 3597 4262 Pha-

2027 4334 2275 4381 raonem,
2310 4316 2398 4369 ille
2424 4314 2689 4366 vitiorum
2731 4305 2989 4362 ﬁuctihus
3012 4303 3296 4373 mergitur.
3329 4299 3430 4367 Qui
3465 4314 3596 4353 vero

1956 4394 1997 4448 ί)
2027 4410 2273 4481 sequitur
2298 4405 2602 4470 Christum,
2637 4410 2692 4455 ct
2728 4400 2872 4454 sicut
2922 4397 3035 4466 ipse
3068 4393 3385 4459 ambulavit,
3430 4392 3502 4446 ita
3540 4398 3595 4445 et

2024 4505 2139 4574 ipse
2174 4498 2438 4562 ambulat,
2470 4510 2622 4566 aqua:
2649 4493 2697 4548 ei
2728 4505 2915 4545 murus
2941 4489 3077 4542 ﬁunt
3110 4487 3300 4542 dextra
3325 4485 3589 4553 laevaque,

2022 4598 2139 4666 ipse
2170 4602 2352 4648 autem
2387 4587 2563 4644 media
2596 4587 2683 4639 via
2713 4582 2917 4638 incedit
2942 4597 3040 4652 per
3065 4581 3294 4635 siccum.
3345 4578 3462 4632 Non
3497 4578 3595 4632 de-

2021 4688 2187 4742 clinat
2215 4683 2284 4738 ad
2319 4683 2620 4741 dexteram,
2654 4691 2829 4745 neque.
2858 4674 2925 4728 ad
2969 4673 3275 4737 sinistram,
3314 4684 3597 4739 usquequo

2020 4787 2181 4834 exeat
2205 4776 2270 4830 ad
2306 4774 2638 4833 libertatem,
2677 4777 2733 4823 et
2781 4766 3041 4837 hymnum
3078 4763 3323 4818 victoria:
3367 4760 3598 4814 Domino

2018 4869 2286 4926 concinat
2333 4865 2520 4920 dicens
2543 4861 2586 4893 ³³
2616 4878 2629 4914 :
2662 4877 2682 4911 ι
2722 4858 3017 4915 Cantemus
3068 4855 3315 4916 Domino,
3360 4852 3596 4923 gloriose

2022 4963 2166 5016 enim
2197 4955 2593 5014 honoriﬁcatus
2623 4960 2729 5017 est,
2765 4969 2784 5002 ι
2821 4965 2917 5024 per
2941 4948 3127 5004 Jesum
3172 4945 3449 5002 Christum
3485 4944 3591 4998 Do-

2016 5054 2225 5109 minum
2258 5058 2528 5112 nostrum,
2558 5045 2647 5100 cui
2678 5052 2762 5099 est
2789 5042 2986 5115 gloria,
3020 5049 3074 5097 et
3099 5038 3381 5111 imperium
3408 5037 3462 5092 in
3495 5051 3597 5093 sae-

2015 5144 2136 5201 cola
2168 5141 2513 5198 saeculorum.
2545 5138 2741 5192 Antea.

2223 5445 2270 5476 ⁷³
2293 5442 2465 5497 Exod.
2500 5455 2592 5505 xv,
2623 5441 2711 5493 17.
2788 5439 2836 5471 ⁷³
2866 5438 3022 5494 Joan.
3043 5452 3118 5502 tv,
3141 5436 3227 5491 38.
3340 5434 3388 5468 ⁷⁸
3416 5431 3589 5505 Exod.

349 5536 433 5586 sv,
470 5502 593 5574 177.:
615 5502 730 5576 7"'l
761 5502 1002 5589 Comm,
1032 5521 1088 5577 9.
1116 5502 1130 5504 ἡ
1164 5502 1209 5552 ’θ
1237 5502 1398 5575 Prov.
1425 5502 1520 5584 ἰχ,
1566 5519 1617 5571 1.
1693 5518 1739 5550 ⁷⁸
1773 5503 1907 5570 Dan.

2041 5517 2130 5570 5i.
2204 5515 2250 5546 ⁷⁸
2306 5513 2480 5567 Exod.
2519 5502 2614 5578 xv,
2641 5510 2729 5568 18.
2803 5510 2851 5543 ⁸⁸
2898 5511 3056 5575 ibid.,
3090 5507 3179 5562 l9.
3253 5507 3297 5538 "
3348 5506 3506 5571 ibid.,
3538 5502 3591 5558 f.

412 5678 529 5754 (t7)
550 5676 723 5736 Putas
746 5678 801 5736 in
821 5678 1015 5736 sa'cula
1041 5676 1406 5736 surculorum?
1438 5673 1507 5731 Et
1532 5674 1747 5750 adhuc.
1797 5672 1919 5730 Haec
1951 5673 2002 5729 in
2030 5681 2189 5728 antea
2218 5670 2379 5729 editis
2400 5669 2747 5737 omittuntur,
2778 5667 2870 5724 sed
2897 5666 3166 5723 habentur
3193 5666 3246 5721 in
3279 5676 3417 5721 mss.
