4050 6142
354 259 450 322 341

963 384 1245 443 ΙΙΟΜΙῌΑ
1298 385 1409 440 VII.

722 481 797 536 De
821 478 1176 535 amaritudine
1219 496 1370 549 aqua:
1409 475 1658 532 Meri-hoe.

423 570 478 624 ί.
512 567 675 628 Post
704 574 995 628 transitum
1033 572 1207 626 maris
1247 571 1442 637 Rubri,
1476 580 1532 625 et
1574 556 1853 641 magniﬁci
1873 583 1975 647 _se-

349 673 509 718 creta
543 667 845 736 mySIerii,
874 673 998 736 post
1023 665 1221 718 choros
1240 673 1292 717 et
1330 673 1603 733 tympana,
1642 672 1762 732 post
1792 665 1977 715 trium-

348 753 551 823 phales
591 757 868 828 hymnos,
891 756 1109 809 venitur
1130 756 1195 808 ad
1218 753 1508 809 Merrham.
1538 754 1767 809 lllerrhae
1792 765 1973 809 autem

345 863 496 917 aqua
521 865 671 905 erat
694 866 906 913 amara,
943 864 1104 919 quam
1137 866 1241 905 non
1271 858 1483 919 poterat
1512 849 1743 918 populus
1771 848 1864 902 Dei
1896 848 1975 902 bi-

350 944 516 997 bere.
553 940 722 1010 Quid
756 957 888 1013 ergo
922 951 1045 1012 post
1083 951 1233 997 tanta
1259 951 1313 996 et
1351 952 1459 994 tam
1491 941 1718 995 miriﬁca
1747 940 1972 993 mirabi-

343 1030 417 1085 lia
449 1033 527 1085 ad
567 1048 812 1086 amaras
859 1047 1029 1102 aquas
1074 1041 1131 1086 et
1175 1031 1477 1100 periculum
1528 1030 1648 1086 sitis
1684 1031 1973 1085 adducitur

345 1124 612 1193 populus
676 1125 817 1180 Dei?
875 1126 967 1180 Ait
1019 1125 1167 1180 enim
1218 1125 1263 1155 δ’
1309 1143 1322 1178 :
1376 1141 1394 1175 ι
1436 1122 1505 1179 Ει
1560 1133 1832 1179 venerunt
1878 1122 1972 1178 ﬁlii

341 1214 527 1272 Israel
576 1217 645 1271 in
685 1217 982 1283 Merrham,
1016 1225 1071 1271 et
1110 1231 1215 1271 non
1250 1224 1507 1287 poterant
1546 1231 1743 1284 aquam
1784 1217 1973 1271 bibere

340 1309 417 1364 de
450 1308 733 1376 Merrlta,
765 1311 891 1378 quia
928 1325 1116 1364 amara
1138 1319 1278 1375 erat,
1315 1319 1369 1364 et
1409 1309 1755 1380 propterboc
1789 1308 1975 1378 appel-

308 1402 534 1456 ulatum
566 1412 676 1460 est
699 1419 895 1460 nomen
943 1403 1050 1457 loci
1090 1402 1236 1458 illius
1263 1403 1594 1457 amaritudo.
1633 1421 1652 1455 ι
1688 1401 1794 1456 Sed
1839 1400 1970 1471 quid

338 1494 513 1550 addit
568 1505 709 1565 post
738 1495 896 1552 haec?
936 1513 955 1547 ι
1005 1493 1293 1560 Clamavit,
1336 1493 1511 1564 inquit
1545 1493 1612 1560 ⁸³,
1656 1492 1864 1563 Moyses
1903 1491 1970 1546 ad

350 1585 708 1653 Dominum,
733 1598 785 1643 et
807 1587 1045 1643 ostendit
1080 1586 1157 1641 illi
1194 1586 1459 1642 Dominus
1486 1587 1712 1657 lignum,
1743 1594 1798 1638 et
1822 1583 1970 1638 misit

341 1679 493 1735 illud
522 1679 589 1736 in
623 1697 853 1750 aquam,
879 1692 936 1737 et
966 1681 1107 1737 facta
1140 1688 1226 1735 est
1255 1679 1430 1735 dulcis
1466 1695 1630 1749 aqua.
1657 1679 1724 1734 Et
1765 1678 1861 1743 ibi,
1892 1678 1968 1732 in-

1602 261 1669 316 IN
1709 255 1999 315 EXODUM
2036 256 2322 313 ΗΟΜΙΙΛΑ⁸
2353 255 2461 314 VII.

2010 385 2056 440 Α
2088 395 2335 433 amarum
2368 380 2568 450 quippe
2615 378 2716 433 hoc
2747 379 2913 433 sentit
2942 378 3002 433 et
3034 392 3308 448 asperum.
3345 397 3362 429 ς
3396 378 3454 433 Si
3490 378 3659 445 enim,

3554 254 3660 310 5H

2081 471 2261 541 inquit
2295 471 2591 540 Apostolus
2614 470 2683 537 ⁸⁸,
2705 485 2829 540 quae
2862 470 3126 537 destruxi,
3162 471 3278 524 haec
3301 469 3498 524 iterum
3527 487 3660 525 reze-

2077 563 2264 627 dillco,
2290 563 2767 632 przevaricatorem
2801 578 2887 617 me
2916 563 3211 619 constituo.
3248 580 3267 613 ι
3303 560 3359 615 lu
3389 562 3494 616 bac
3522 576 3656 630 ergo

2076 658 2440 711 amaritudine
2485 656 2742 723 Merrbze,
2796 657 2848 711 id
2889 667 2973 712 est
3020 658 3071 714 in
3118 659 3217 712 ista
3254 657 3432 711 littera
3488 657 3655 726 legis,

2075 750 2257 818 posuit
2284 749 2424 804 Deus
2446 750 2689 821 justitias
2718 761 2774 805 et
2806 752 3135 806 testimonia.
3171 751 3287 806 Non
3318 751 3412 807 tibi
3438 750 3539 806 hoc
3571 752 3656 804 vi-

2075 841 2234 896 detur
2263 843 2465 908 dicere,
2497 844 2624 913 quia
2653 845 2802 900 velut
2838 846 2892 900 in
2940 843 3165 900 vascqu
3196 846 3454 914 quodam,
3495 845 3567 899 ita
3601 846 3653 899 in

2074 935 2211 1005 legis
2259 937 2443 991 littera
2503 939 2781 1009 sapienlize
2824 947 2879 994 et
2911 939 3152 995 scientia:
3210 954 3322 993 suae
3368 940 3660 995 thesauros

2074 1027 2381 1083 condiderit
2417 1028 2600 1085 Deus?
2631 1030 2742 1084 Hoc
2789 1039 2873 1085 est
2907 1044 3036 1101 ergo
3063 1031 3205 1101 quod
3236 1031 3371 1086 dicit
3394 1031 3442 1063 ⁸⁸
3474 1049 3486 1084 :
3530 1049 3550 1082 ‹
3587 1026 3654 1084 Et
3676 1064 3701 1088 κ

2079 1119 2150 1173 ibi
2203 1120 2388 1188 posuit
2439 1121 2488 1175 ei
2541 1119 2683 1176 Deus
2714 1122 2956 1190 justitias
3004 1129 3058 1177 et
3111 1122 3442 1178 testimonia.
3484 1141 3503 1175 ι
3540 1120 3653 1177 Hoc

2077 1219 2195 1267 erat
2221 1214 2364 1281 quod
2401 1221 2454 1268 et
2480 1213 2769 1285 Apostolus
2795 1214 3013 1270 dicebat
3049 1214 3096 1247 ⁸⁷
3128 1233 3143 1269 :
3181 1234 3200 1267 ε
3241 1214 3514 1271 Habemus
3555 1230 3652 1269 au-

2080 1315 2184 1359 tem
2221 1305 2535 1361 thesaurum
2571 1309 2715 1361 hunc
2740 1307 2792 1360 in
2828 1307 2974 1362 vasis
2998 1306 3277 1371 ﬁctilibus,
3300 1312 3360 1361 ttt
3397 1307 3648 1362 sublimi-

2077 1404 2160 1451 tas
2190 1396 2407 1453 virtutis
2435 1396 2528 1452 Dei
2558 1396 2649 1463 sit,
2687 1407 2742 1451 et
2772 1412 2878 1451 non
2903 1412 2971 1453 ex
3000 1398 3177 1453 nobis.
3218 1416 3237 1449 ι
3269 1397 3341 1453 Ut
3369 1413 3500 1477 ergo
3526 1413 3652 1466 pos-

2072 1489 2146 1542 sit
2171 1489 2280 1543 bibi
2308 1504 2450 1560 aqua
2482 1492 2597 1546 haec
2628 1493 2695 1546 de
2722 1489 2963 1555 Merrlta,
3004 1492 3248 1546 ostendit
3275 1490 3419 1546 Deus
3446 1492 3650 1561 lignum

2072 1580 2215 1650 quod
2248 1581 2497 1636 mittatur
2521 1582 2575 1635 in
2617 1597 2760 1647 eam,
2801 1592 2864 1637 ιιι
2893 1581 2985 1653 qui
3023 1582 3224 1638 biberit
3252 1596 3320 1636 ne
3358 1584 3646 1645 moriatur,

2072 1687 2177 1726 non
2225 1672 2642 1728 amaritudinem
2692 1676 2912 1729 sentiat.
2957 1674 3114 1730 Unde
3147 1683 3384 1742 constat,
3419 1675 3565 1743 quod
3600 1675 3648 1729 si

341 1771 500 1840 quit,
539 1773 738 1840 posuit
774 1771 850 1826 illi
896 1770 1043 1826 Deus
1068 1768 1307 1838 iustitias
1337 1777 1391 1824 et
1423 1767 1646 1837 judicia.
1680 1787 1699 1821 ι
1730 1765 1832 1832 Ibi,
1870 1768 1961 1822 ubi
1996 1752 2039 1807 Β
2069 1765 2189 1833 quis
2219 1764 2335 1818 sine
2384 1764 2530 1835 ligno
2556 1765 2698 1833 vitaz,
2731 1766 2784 1821 id
2849 1774 2932 1821 cst
2977 1767 3096 1822 sine
3146 1767 3407 1838 mysterio
3441 1766 3646 1832 crucis,

344 1865 721 1929 amaritudo,
753 1863 846 1919 ubi
894 1862 1037 1926 sitis,
1081 1871 1139 1919 et
1175 1863 1317 1933 quod
1352 1870 1434 1918 est
1472 1863 1715 1933 gravius,
1761 1860 1878 1915 sitis
1913 1860 1965 1914 in

347 1954 724 2011 abundantia
753 1970 1045 2026 aquarum,
1078 1954 1152 2010 ibi
1187 1955 1371 2024 posuit
1396 1954 1443 2010 ei
1473 1953 1613 2009 Deus
1640 1942 1881 2022 justitias
1911 1960 1969 2007 et

341 2047 607 2118 judicia.
643 2048 799 2104 Alius
842 2064 951 2104 non
978 2057 1101 2104 erat
1150 2049 1304 2104 locus
1334 2046 1570 2116 dignidr,
1607 2047 1805 2114 aptior,
1836 2045 1967 2099 ubc-

349 2139 497 2206 rior,
532 2156 713 2212 quam
738 2140 860 2206 iste,
900 2141 955 2195 in
988 2155 1099 2210 quo
1142 2137 1454 2193 amaritudo
1500 2137 1627 2191 est?
1658 2136 1795 2189 Tum
1841 2151 1960 2203 pro-

345 2243 559 2301 pterea
593 2232 741 2303 quod
767 2232 946 2287 dixit:
983 2250 1003 2283 r
1044 2231 1299 2288 Ostendit
1332 2230 1406 2285 illi
1437 2229 1702 2285 Dominus
1734 2227 1964 2298 lignttm,

350 2338 413 2380 et
444 2328 620 2382 misit
650 2326 783 2381 illud
814 2327 869 2382 in
897 2341 1117 2396 aquam,
1150 2335 1204 2380 et
1242 2324 1384 2379 facta
1414 2333 1497 2378 est
1524 2322 1694 2377 dulcis
1722 2338 1897 2392 aqua;
1941 2342 1959 2374 ι

349 2419 577 2472 mirum
611 2418 900 2472 admodum
938 2428 1042 2482 est,
1088 2426 1149 2471 ut
1200 2416 1342 2471 Deus
1394 2416 1599 2486 lignum
1647 2416 1966 2470 ostenderet

353 2509 572 2581 Moysi,
609 2510 754 2579 quod
790 2511 1029 2565 mitteret
1057 2510 1111 2564 in
1135 2524 1353 2579 aquam.
1384 2518 1438 2563 et
1462 2509 1663 2562 faceret
1692 2522 1810 2562 eam
1843 2508 1964 2561 dul-

349 2616 509 2656 cem.
536 2600 775 2658 Eliicere
831 2601 973 2657 Deus
1006 2616 1201 2671 aquam
1250 2601 1460 2655 dulcem
1518 2601 1637 2655 sine
1670 2600 1815 2670 ligno
1852 2616 1960 2654 non

358 2696 632 2763 poterat?
657 2695 771 2748 Aut
812 2692 1027 2765 Moyses
1062 2692 1340 2748 nesciebat
1376 2693 1604 2762 lignum,
1641 2703 1702 2745 ut
1733 2692 1781 2746 ei
1814 2688 1962 2747 Deus

358 2786 732 2842 ostenderet?
763 2787 869 2842 Sed
907 2786 1198 2841 videndum
1234 2792 1319 2838 est
1351 2784 1479 2853 quid
1531 2784 1746 2838 decoris
1775 2785 1830 2838 in
1875 2783 1960 2837 bis

363 2874 610 2930 interior
635 2876 836 2931 habeat
862 2891 1074 2931 sensus.
1102 2874 1216 2947 Ego
1237 2883 1369 2943 puto
1400 2876 1541 2944 quod
1578 2875 1662 2928 lex
1698 2876 1742 2929 si
1768 2889 1961 2929 secun-

362 2966 500 3021 dum
538 2968 782 3023 litteram
816 2969 1170 3038 suscipiatur,
1203 2969 1336 3023 satis
1385 2983 1571 3021 amara
1614 2968 1703 3034 sit,
1736 2976 1793 3022 et
1839 2969 1955 3036 ipsa

2068 1857 2182 1912 sine
2215 1854 2318 1911 ﬁde
2357 1855 2584 1924 Chri‘sti,
2617 1860 2736 1914 sine
2784 1860 3147 1931 intelligentia
3182 1860 3421 1931 Spiritali
3457 1861 3647 1916 bibere

2065 1948 2300 2004 voluerit
2334 1950 2401 2005 de
2427 1949 2562 2020 legis
2588 1950 2795 2017 littera,
2833 1967 2928 2021 per
2959 1953 3381 2008 amaritudinem
3421 1952 3647 2007 nimiam

2066 2043 2349 2099 morietur.
2379 2043 2507 2098 llaec
2554 2044 2733 2100 sciens
2783 2043 2982 2100 Paulus
3024 2045 3303 2117 apostolus
3330 2046 3545 2102 dicebat
3574 2045 3643 2114 ⁸⁸,

2066 2134 2192 2204 quia
2222 2153 2241 2187 ι
2275 2135 2460 2190 littera
2492 2137 2714 2193 occidit.
2760 2157 2778 2190 ι
2817 2136 2929 2194 lloc
2950 2146 3034 2194 est
3068 2148 3256 2210 aperte
3280 2140 3482 2205 dicere,
3518 2141 3646 2210 quia

2067 2242 2203 2296 aqua
2236 2228 2468 2287 Merrha:
2502 2230 2727 2293 occidit,
2753 2231 2797 2286 si
2845 2248 2949 2287 non
2978 2240 3185 2287 mtttata
3236 2232 3458 2289 bibatur
3483 2242 3538 2289 et
3585 2233 3643 2287 in

2066 2321 2410 2379 dulcedinem
2443 2340 2602 2380 versa
2639 2324 2822 2380 fuerit.

2136 2416 2194 2472 2.
2228 2417 2335 2471 Sed
2383 2418 2512 2484 quid
2541 2419 2796 2475 addidit?
2846 2422 3141 2491 Postquam
3178 2422 3358 2483 posuit
3390 2422 3465 2478 illi
3499 2422 3644 2481 Deus

2059 2505 2300 2574 jnstitias
2339 2518 2395 2563 et
2427 2508 2630 2578 judicia
2673 2530 2686 2566 :
2737 2529 2757 2563 t
2807 2512 2873 2567 Et
2913 2514 3005 2579 ibi,
3059 2514 3235 2583 inquit
3263 2514 3332 2581 ⁸⁸,
3394 2516 3642 2570 tentabat

2064 2615 2184 2653 eum
2217 2601 2403 2656 dicens
2438 2618 2451 2654 :
2489 2602 2544 2658 Si
2576 2604 2759 2658 auditu
2792 2604 3034 2662 audieris
3064 2622 3251 2662 vocem
3299 2606 3513 2662 Domini
3546 2608 3640 2664 Dei

2066 2693 2163 2757 lui,
2194 2703 2249 2748 et
2273 2710 2393 2764 qum
2413 2694 2634 2765 placent
2662 2712 2847 2752 coram
2907 2699 3000 2754 illo
3051 2698 3274 2765 feceris,
3316 2709 3370 2754 et
3399 2700 3640 2755 audieris

2062 2797 2332 2855 prmi-cpta
2367 2786 2488 2857 ejus
2514 2796 2570 2841 et
2611 2789 2959 2856 custodieris,
2996 2805 3214 2845 omnem
3265 2789 3637 2845 inﬁrmitatem

2062 2891 2223 2943 quam
2254 2878 2569 2934 induxeram
2607 2879 2897 2952 Egyptiis,
2932 2896 3039 2936 non
3078 2882 3328 2937 inducam
3372 2897 3535 2953 super
3561 2894 3635 2939 te.

2063 2966 2173 3037 Ego
2206 2969 2350 3022 enim
2400 2985 2518 3025 smn
2561 2970 2823 3028 Dominus
2856 2974 2998 3029 Deus
3028 2983 3174 3036 tuus.
3203 2977 3294 3045 qui
3328 2990 3462 3031 sano
3495 2987 3567 3034 te.
3609 2998 3633 3033 ι

359 3061 435 3115 sit
470 3059 717 3116 Herrha.
750 3061 888 3129 Quid
923 3061 1066 3116 enim
1099 3069 1210 3116 tam
1255 3077 1524 3126 amarum,
1555 3075 1715 3130 quam
1735 3070 1793 3115 ut
1819 3076 1953 3130 puer
1980 3100 2021 3157 α
2066 3056 2286 3113 Videtur
2345 3060 2478 3115 mihi
2531 3077 2639 3131 quo
2685 3074 2976 3133 prospectu
3020 3065 3161 3120 datae
3210 3066 3322 3121 sint
3367 3067 3639 3136 iustiﬁca-

357 3160 562 3206 octava
597 3151 690 3207 die
720 3153 1170 3208 circumcisionis
1200 3153 1398 3208 vulnus
1439 3153 1693 3221 accipiat,
1723 3161 1777 3209 et
1806 3154 1953 3220 rigo-

365 3257 487 3298 rem
516 3243 657 3301 ferri
693 3254 881 3300 tenera
917 3245 1162 3316 patiatur
1206 3244 1473 3299 infantia?
1501 3242 1763 3298 Amarum
1795 3244 1949 3309 satis,

366 3350 424 3390 et
447 3353 801 3407 peramarutn
836 3348 923 3394 est
952 3339 1264 3409 ltujusmodi
1298 3337 1552 3408 poculum
1584 3337 1739 3409 legis,
1769 3338 1952 3392 intano

367 3438 484 3486 tum
508 3438 567 3484 ut
590 3430 829 3501 populus
860 3431 980 3499 Dei,
1016 3446 1121 3486 non
1163 3431 1254 3487 ille
1285 3431 1375 3501 qui
1412 3432 1464 3485 in
1500 3430 1683 3501 Moyse
1709 3431 1951 3500 baptiza-

368 3534 457 3581 tus
483 3534 569 3580 est
593 3525 648 3579 in
681 3524 817 3578 mari
855 3533 908 3578 et
937 3524 990 3578 in
1019 3523 1184 3588 nube,
1216 3525 1309 3578 sed
1342 3523 1442 3578 iste
1468 3525 1559 3594 qui
1586 3526 1639 3578 in
1674 3526 1865 3594 spiritu
1894 3537 1950 3581 et

366 3633 506 3688 aqua
546 3616 861 3688 baptizatus
877 3622 984 3682 est,
1014 3630 1120 3670 non
1144 3616 1318 3684 possit
1345 3615 1530 3670 bibere
1559 3616 1625 3669 dc
1652 3616 1754 3671 ista
1773 3634 1944 3687 aqua;

365 3711 459 3764 sed
489 3725 558 3765 ne
582 3719 809 3780 gustare
832 3709 1050 3779 quidem
1083 3709 1149 3763 de
1205 3708 1646 3762 circumcisionis
1687 3711 1949 3763 amaritu-

369 3802 491 3856 dine
512 3810 716 3871 potest,
752 3814 929 3868 neque
969 3799 1270 3854 hostiarum
1325 3796 1471 3853 ferre
1524 3799 1944 3854 amaritudinem

368 3891 532 3956 valet,
570 3906 673 3945 nec
699 3889 928 3946 Sabbati
956 3890 1388 3945 observantiam.
1442 3890 1498 3946 Si
1530 3906 1661 3945 vero
1694 3894 1947 3948 ostendat

368 3985 509 4039 Deus
562 3983 769 4053 lignum
799 3983 941 4053 quod
973 3983 1207 4037 mittitur
1238 3984 1288 4036 in
1320 3984 1461 4038 hanc
1498 3984 1940 4051 amaritudinem,

364 4086 421 4128 ut
441 4075 620 4130 dulcis
653 4091 793 4145 aqua
825 4076 921 4130 ﬁat
945 4075 1102 4146 legis,
1127 4085 1303 4145 potest
1331 4077 1397 4129 de
1427 4074 1514 4128 illa
1547 4077 1751 4132 bibere.
1789 4076 1943 4145 Quod

361 4177 443 4223 est
465 4170 610 4224 istud
640 4170 868 4241 lignum,
893 4172 1038 4241 quod
1064 4169 1327 4224 Dominus
1348 4171 1591 4225 ostendit
1620 4171 1825 4243 Moysi?
1843 4172 1943 4227 Sa-

363 4261 543 4317 lomon
578 4264 771 4318 edocet
822 4278 947 4329 nos,
981 4278 1105 4318 cum
1165 4262 1298 4317 dicit
1341 4264 1408 4316 de
1461 4263 1753 4332 sapientia,
1808 4266 1937 4334 quia

365 4371 385 4405 ι
420 4354 625 4424 lignum
653 4356 781 4410 vita:
802 4364 887 4411 est
913 4355 1165 4409 omnibus
1191 4355 1643 4424 amplectentibus
1680 4372 1796 4410 eam
1832 4356 1932 4412 ⁸⁸⁵.»

2061 3150 2258 3216 tiones,
2284 3162 2340 3206 et
2362 3153 2597 3223 judicia,
2637 3165 2690 3211 et
2719 3158 3032 3211 testimonia
3078 3158 3215 3227 legis
3242 3174 3542 3228 exponere,
3573 3171 3636 3215 ut

2062 3253 2317 3305 tentaret.
2369 3247 2565 3316 inquit,
2598 3263 2709 3303 eos
2728 3249 2869 3305 Deus
2921 3250 2966 3305 si
3011 3251 3264 3305 audirent
3292 3267 3480 3307 vocem
3530 3255 3636 3307 Dn-

2056 3334 2208 3399 mini,
2235 3345 2287 3388 et
2312 3350 2434 3405 qua:
2469 3339 2885 3403 mandabantur,
2905 3342 3261 3398 custodirent.
3296 3340 3431 3397 Nam
3462 3360 3635 3413 quan-

2057 3437 2170 3482 tum
2199 3430 2264 3482 ad
2301 3429 2536 3498 priorem
2585 3432 2839 3502 pepulum
2883 3443 3116 3501 spectat,
3169 3436 3298 3504 quid
3351 3437 3431 3492 eis
3476 3438 3630 3503 boni,

2055 3530 2149 3574 aut
2204 3518 2435 3590 perfecti
2505 3524 2977 3578 murmurantibus
3020 3527 3630 3585 et'contradicentibus

2054 3611 2446 3668 mandaretur?
2505 3612 2749 3683 Denique
2801 3613 2962 3683 paulo
3007 3625 3132 3679 post
3174 3618 3339 3672 etiam
3383 3621 3451 3675 ad
3486 3621 3644 3681 idola.

2053 3713 2472 3769 convertuntur,
2508 3715 2562 3759 et
2590 3704 2743 3759 obliti
2778 3706 3168 3761 beneﬁciorum
3212 3717 3266 3764 et
3295 3711 3625 3768 mirabilium

2053 3795 2147 3850 Dei
2193 3809 2356 3865 caput
2382 3797 2533 3851 vituli
2589 3806 2860 3851 statuunt.
2913 3797 3208 3870 Propterea
3252 3800 3382 3872 ergo
3427 3805 3629 3861 dantur

2049 3886 2128 3940 eis
2168 3896 2458 3957 princepta,
2489 3888 2540 3940 in
2571 3888 2767 3956 quibus
2794 3897 3090 3944 tententur.
3116 3890 3247 3948 Inde
3274 3904 3358 3949 cst
3393 3899 3537 3966 quod
3571 3908 3627 3953 et

2050 3992 2147 4047 per
2184 3977 2522 4032 Ezecltieletn
2553 3978 2873 4047 prephetam
2907 3979 3038 4033 dicit
3066 3981 3328 4040 Dominus
3344 3986 3411 4041 ad
3441 4002 3537 4043 eos
3551 3989 3623 4054 θ’,

2048 4071 2176 4140 quia
2212 4088 2231 4121 ι
2259 4070 2382 4123 dedi
2419 4070 2576 4124 vobis
2606 4079 2898 4139 praecepta,
2949 4082 3005 4125 et
3049 4074 3471 4143 justiﬁcationes
3516 4097 3625 4137 non

2048 4164 2239 4228 bonas,
2274 4164 2326 4217 in
2350 4163 2548 4233 quibus
2574 4180 2678 4217 non
2716 4164 2912 4216 vivetis
2946 4163 2997 4218 in
3039 4172 3137 4225 cis.
3179 4188 3198 4221 ι
3228 4171 3447 4227 Tentati
3478 4175 3627 4231 enim

2050 4257 2102 4311 in
2130 4261 2420 4329 praeceptis
2460 4259 2674 4315 Domini
2722 4277 2828 4316 non
2871 4263 3224 4319 inveniuntur
3253 4268 3464 4324 ﬁdeles.
3498 4268 3624 4326 Ideo

2045 4352 2189 4404 enim
2227 4369 2245 4402 ι
2287 4353 2571 4407 inventum
2618 4365 2703 4410 est
2751 4359 2831 4412 eis
2873 4360 3185 4415 mandatum
3219 4361 3362 4429 quod
3407 4371 3525 4415 erat
3553 4366 3621 4417 ad

363 4443 420 4496 Si
452 4458 585 4512 ergo
617 4442 825 4514 lignum
866 4445 1148 4514 sapientiae
1200 4443 1453 4499 Christus
1506 4446 1731 4500 missum
1776 4448 1943 4502 fuerit
1975 4458 2018 4514 ι)
2047 4447 2232 4513 vitam,
2259 4448 2365 4503 hoc
2399 4464 2519 4505 esse
2546 4450 2612 4503 ad
2646 4463 2874 4506 mortem
2911 4454 2988 4517 ⁹¹;
3027 4473 3045 4504 ι
3084 4456 3210 4524 quia
3247 4471 3410 4508 unum
3458 4467 3623 4526 atque

362 4532 413 4583 in
449 4530 587 4600 lege,
614 4542 669 4584 et
705 4532 1007 4586 ostenderit
1052 4533 1212 4587 nobis
1251 4536 1528 4602 qumnodo
1568 4535 1802 4605 intelligi
1846 4538 1941 4592 de-
2040 4542 2180 4596 idem
2228 4543 2543 4597 mandatum
2573 4544 2617 4597 si
2646 4554 2915 4608 servetur,
2952 4546 3155 4615 vitam;
3201 4548 3249 4601 si
3281 4563 3388 4603 non
3427 4564 3620 4603 serve-

359 4623 483 4676 beat
509 4623 874 4688 circumcisio,
904 4628 1179 4694 quomodo
1225 4627 1486 4691 Sabbata,
1520 4632 1796 4696 quomodo
1850 4629 1934 4684 lex

358 4714 522 4784 leprte
549 4719 816 4773 servanda
851 4719 943 4781 sit,
973 4720 1209 4789 qualiter
1233 4720 1418 4774 mundi
1451 4731 1504 4776 et
1527 4721 1793 4777 inunundi
1823 4723 1936 4779 dis-

357 4811 561 4864 crimen
593 4812 881 4876 habeatur,
919 4820 1045 4866 tunc
1077 4812 1307 4868 ellicitttr
1337 4828 1477 4884 aqua
1538 4812 1768 4870 Merrlne
1807 4818 1932 4870 dul-

355 4901 458 4967 cis,
483 4911 541 4957 et
573 4903 887 4961 amaritudo
917 4904 1110 4958 litterae
1141 4905 1272 4974 legis
1298 4907 1639 4960 convertitur
1661 4907 1715 4961 in
1746 4908 1933 4963 dulce-

356 4993 535 5049 dinem
568 4994 947 5066 intelligentite
972 4994 1129 5065 152
1164 4996 1446 5066 spiritalis,
1486 5007 1541 5051 et
1577 5009 1706 5054 tunc
1754 5010 1932 5069 patest

353 5083 542 5140 bibere
569 5086 801 5156 populus
828 5087 941 5143 Dei.
974 5087 1031 5143 Si
1061 5088 1204 5142 enim
1232 5105 1338 5143 non
1363 5089 1788 5160 interpretentur
1817 5092 1931 5148 [nec

353 5177 703 5245 spiritaliter,
753 5179 985 5248 populus
1038 5180 1130 5249 qui
1179 5180 1323 5235 idola
1382 5181 1704 5252 dereliquit,
1750 5193 1805 5239 et
1857 5187 1926 5239 ad

354 5269 523 5325 Deum
556 5271 825 5342 confugit,
857 5272 902 5327 si
935 5273 1123 5327 audiat
1162 5274 1335 5344 legem
1364 5273 1431 5330 de
1462 5276 1750 5331 sacriﬁciis
1788 5292 1929 5346 prae-

354 5361 670 5431 cipientem,
703 5362 963 5418 continuo
985 5363 1200 5434 refugit
1228 5375 1285 5420 et
1326 5380 1435 5421 non
1470 5378 1651 5435 potest
1687 5366 1873 5424 bibere
1906 5385 1919 5422 :

423 5478 466 5509 "
494 5478 673 5536 Exod.
723 5496 816 5549 xv,
867 5481 958 5539 25.

427 5702 544 5777 (ιε)
569 5704 750 5775 Alias,
787 5724 806 5761 ς
843 5706 897 5763 in
930 5709 1126 5779 quibus
1159 5726 1264 5769 non
1292 5713 1442 5772 vivat
1473 5713 1526 5773 in
1560 5717 1658 5774 eis.
1693 5737 1713 5772 ›

2039 5096 2162 5148 dem
2193 5097 2304 5165 ipsa
2332 5100 2585 5154 mandata
2614 5101 2739 5155 vita:
2779 5101 3122 5172 appellantur
3167 5123 3179 5159 :

2039 5188 2166 5242 dicit
2192 5190 2236 5223 ³³
2265 5208 2279 5245 :
2314 5208 2332 5241 ι
2364 5191 2527 5259 Audi,
2556 5192 2743 5258 Israel,
2766 5197 3023 5251 mandata
3061 5200 3206 5255 vitae.
3246 5220 3264 5252 ι
3297 5200 3404 5257 Sed
3430 5203 3639 5276 videa-.

2036 5296 2158 5337 mus
2181 5283 2308 5351 qttid
2341 5284 2422 5339 eis
2451 5288 2792 5355 promittitur
2818 5291 2862 5343 si
2887 5302 3202 5349 serventur.
3241 5316 3260 5346 ι
3296 5293 3379 5360 Si,
3410 5296 3608 5365 inquit,

2035 5374 2384 5430 servaveritis
2411 5379 2693 5448 pra-cepta"
2710 5396 2848 5446 mea,
2883 5400 2991 5439 non
3038 5385 3289 5440 inducam
3338 5400 3611 5456 supervos

423 5485 466 5509 "'
494 5485 673 5536 Exod.
723 5496 816 5549 xv,
867 5485 958 5539 25.
1034 5485 1080 5516 ⁸³
1108 5485 1261 5553 ibid.,
1297 5486 1388 5544 25.
1465 5488 1511 5519 ⁸⁸
1538 5487 1700 5543 Prov.
1737 5506 1816 5554 In,
1850 5492 1938 5547 18.

351 5544 464 5631 “ll
492 5550 622 5605 Cor.
648 5565 728 5619 ttt,
760 5550 824 5607 6.-
892 5553 936 5585 ³³
968 5553 1140 5611 Exod.
1172 5572 1262 5625 xv,
1298 5557 1370 5612 25
1401 5567 1457 5614 et
1477 5557 1566 5615 26.
1643 5559 1689 5593 ⁹⁰
1714 5560 1913 5619 Ειθοιι.
1952 5583 1954 5618 τ

2058 5500 2059 5503 “
2089 5496 2267 5553 Galat.
2298 5514 2362 5558 tt,
2396 5498 2482 5553 18.
2559 5501 2604 5532 ⁸⁸
2633 5502 2803 5559 Exod.
2835 5522 2924 5571 xv,
2948 5506 3041 5562 25.
3116 5507 3161 5540 ⁸⁷
3201 5508 3241 5562 ll
3279 5510 3409 5569 Cor.
3442 5526 3521 5581 tv,
3551 5507 3609 5567 7.

2082 5569 2170 5625 25.
2249 5571 2292 5601 ‘“
2321 5568 2480 5627 Rom.
2525 5586 2622 5635 vn,
2659 5574 2747 5631 10.
2823 5578 2868 5611 “
2917 5579 3158 5635 Baruch.
3195 5581 3358 5635 "1.9.

2041 4641 2147 4698 tur,
2168 4643 2394 4704 generat
2428 4644 2680 4689 mortem.
2712 4633 3020 4691 Secundum
3047 4638 3150 4694 hoc
3177 4654 3311 4710 ergo
3334 4646 3476 4711 quod
3510 4658 3621 4697 non

2038 4726 2384 4780 servantibus
2414 4737 2639 4797 generat
2660 4741 2912 4797 mortem,
2933 4734 3187 4791 dicuntur
3219 4740 3475 4795 mandata
3511 4757 3620 4796 non

2038 4817 2200 4882 bona,
2240 4817 2292 4872 in
2317 4819 2515 4887 quibus
2545 4836 2650 4874 non
2681 4821 2865 4877 vivant
2892 4825 2944 4878 in
2973 4827 3053 4881 eis
3079 4826 3214 4897 (l8).
3234 4829 3338 4884 Sed
3366 4831 3492 4900 quia
3523 4833 3620 4886 ad-

2043 4912 2262 4967 miscuit
2291 4914 2369 4967 eis
2407 4912 2611 4985 lignum
2643 4916 2821 4971 crucis
2846 4916 3071 4984 Christi,
3104 4930 3159 4975 et
3189 4921 3240 4974 in
3260 4923 3615 4981 'dulccdinem

2041 5018 2202 5059 versa
2232 5015 2379 5072 sunt,
2409 5016 2465 5061 et
2493 5008 2814 5078 spiritaliter
2850 5009 3126 5065 intellecta
3158 5027 3479 5083 servantur,
3515 5033 3615 5072 ea-

3227 5108 3370 5162 sicut
3404 5117 3459 5164 et
3486 5110 3617 5166 alibi

2249 5571 2292 5601 9t
2321 5568 2480 5627 Rom.
2525 5586 2622 5639 vtt,
2659 5574 2747 5631 10.
2823 5578 2868 5611 “
2912 5568 3158 5635 Baruch.
3195 5595 3279 5646 tu,
3303 5581 3358 5635 9.

2947 5706 2989 5764 ν
