4050 6142
404 217 504 271 δη

1880 210 2208 272 οειιεΕΝιδ

3541 204 3646 260 3M

403 350 593 391 omnes
615 333 984 406 aegritudines,
1015 331 1359 402 quasinduxi
1384 332 1659 406 Egyptiis
1680 334 1745 388 “.
1777 353 1794 384 ι
1830 333 1969 401 Quid
1999 339 2043 396 A
2073 337 2280 390 decima
2309 337 2396 392 die
2425 335 2652 401 mensis,
2687 332 3053 392 murmuravit
3079 329 3314 401 populus
3351 328 3642 385 adversum

401 443 533 499 ergo
565 428 778 482 videtur
793 426 1012 480 dicere?
1035 426 1078 479 si
1113 425 1236 493 quis
1259 435 1437 480 servet
1465 427 1740 491 mandata,
1772 426 1970 480 nullam

403 521 783 587 :rgritudinem
822 519 1095 589 patiatur?
1139 519 1242 575 hoc
1269 527 1371 584 est,
1403 532 1582 588 neque
1622 517 1841 587 febriat,
1879 534 1972 574 ne-

401 627 509 680 que
543 611 678 664 alios
709 609 930 665 dolores
975 609 1228 678 corporis
1281 609 1468 664 ferat?
1503 609 1617 664 Non
1673 617 1801 679 puto
1827 611 1970 678 quod

402 704 516 758 haec
554 703 665 757 sint
697 718 816 771 quae
849 703 1236 772 promittantur
1264 701 1444 757 divina
1469 701 1722 756 mandata
1746 716 1970 756 servan-

401 790 565 844 tibus.
599 791 851 859 Alioquin
881 792 1083 847 indicio
1110 792 1264 846 nobis
1296 799 1382 846 est
1406 789 1508 846 Job
1527 790 1881 858 iustissimus,
1913 802 1970 846 et

399 884 566 939 totius
639 884 858 956 pietatis
918 884 1457 947 observantissimus,
1513 884 1640 954 quia
1698 901 1729 940 a
1789 886 1968 954 capite

397 991 573 1046 usque
605 978 672 1031 ad
710 978 875 1045 pedes
910 977 1148 1047 repletur
1180 979 1359 1034 ulcere
1399 979 1660 1047 pessimo.
1715 977 1830 1034 Non
1882 981 1965 1035 his

393 1084 585 1123 carere
616 1069 869 1124 dicuntur
901 1070 1336 1133 infirmitatibus,
1362 1069 1454 1140 qui
1488 1071 1744 1125 mandata
1774 1080 1963 1127 custo—

398 1159 574 1223 diunt,
607 1160 704 1214 sed
756 1175 862 1216 non
921 1161 1200 1216 habebunt
1257 1160 1375 1216 illas
1424 1160 1770 1218 infirmitates
1825 1177 1963 1231 quas

391 1249 636 1320 IEgyptii
669 1252 892 1308 habent.
925 1253 1194 1323 Egyptus
1225 1270 1464 1324 namque
1493 1254 1727 1310 mundus
1760 1254 1962 1325 figura-

390 1341 518 1396 liter
549 1344 872 1413 appellatur.
905 1345 1142 1417 Diligere
1169 1361 1302 1418 ergo
1345 1348 1632 1414 mundum,
1670 1358 1726 1404 et
1752 1363 1816 1404 ea
1842 1365 1962 1418 qua:

392 1434 446 1487 in
488 1436 688 1491 mundo
719 1447 869 1503 sunt,
895 1436 1182 1510 Egyptius
1210 1439 1436 1508 languor
1464 1449 1571 1496 est.
1618 1439 1744 1496 Dies
1771 1441 1961 1495 obser-

389 1540 536 1587 vare,
561 1535 613 1578 et
637 1542 868 1593 mensas,
896 1535 954 1584 et
979 1537 1247 1598 tempora,
1271 1531 1425 1600 signa
1457 1531 1753 1602 requirere,
1770 1531 1958 1586 διευθ-

387 1632 507 1671 rum
561 1619 811 1674 cursibus
863 1621 1178 1685 adhaerere,
1223 1619 1512 1694 Egyptius
1572 1622 1801 1692 languor
1851 1633 1955 1678 est.

386 1704 673 1766 Deservire
714 1711 897 1766 carnis
941 1711 1188 1779 luxurie,
1228 1723 1284 1768 et
1317 1714 1686 1784 voluptatibus
1738 1730 1956 1785 operam

389 1801 542 1865 dare,
574 1817 772 1858 vacare
799 1804 1029 1869 deliciis,
1064 1804 1359 1877 Egyptius
1403 1808 1630 1878 languor
1660 1818 1764 1864 est.
1795 1806 1958 1864 Caret

384 1904 516 1958 ergo
545 1892 630 1946 Ilii-
652 1893 1057 1951 infirmitatibus
1081 1905 1136 1952 et
1157 1896 1530 1967 languoribus,
1563 1899 1657 1969 qui
1701 1901 1954 1955 mandata

384 1981 639 2037 custodit.

454 2072 510 2128 3.
558 2071 687 2128 Post
733 2075 852 2132 haec
892 2075 1044 2144 dicit,
1068 2076 1198 2148 quia
1228 2095 1249 2132 ι
1287 2088 1558 2135 venerunt
1583 2079 1636 2134 in
1667 2079 1862 2146 ilelim,
1898 2091 1954 2137 et

383 2175 546 2220 erant
578 2166 649 2221 ibi
679 2166 960 2224 duodecim
995 2167 1174 2224 fontes
1203 2184 1496 2240 aquarum,
1521 2179 1578 2226 et
1605 2173 1952 2240 septuaginta

381 2259 608 2314 arbores
619 2259 918 2328 palmarum
930 2261 998 2316 “.
1011 2280 1032 2314 ι
1052 2261 1288 2317 Putasne
1304 2264 1465 2318 habet
1481 2263 1682 2334 aliquid
1701 2266 1950 2329 rationis,

381 2351 527 2419 quod
555 2367 662 2407 non
695 2362 822 2407 ante
852 2353 906 2406 in
939 2353 1111 2408 Helim
1140 2353 1358 2409 ducitur
1387 2354 1639 2424 populus,
1672 2355 1759 2408 ubi
1795 2365 1953 2410 erant

381 2444 668 2498 duodecim
711 2445 888 2501 fontes
913 2460 1207 2515 aquarum,
1245 2448 1445 2516 quibus
1467 2448 1603 2502 nihil
1633 2450 1952 2503 amaritudi-

384 2536 470 2594 nis
496 2537 691 2601 inerat,
724 2537 835 2593 imo
864 2539 1046 2608 potius
1089 2539 1185 2596 ubi
1231 2548 1353 2596 erat
1395 2542 1686 2596 amoenitas
1713 2541 1947 2612 plurima

379 2642 449 2682 ex
486 2629 755 2685 densitate
809 2629 1152 2700 palmarum;
1203 2632 1300 2687 sed
1343 2633 1520 2701 primo
1551 2633 1747 2689 ductus
1771 2647 1855 2690 est
1879 2636 1948 2689 ad

379 2736 550 2791 aquas
575 2722 752 2777 salsas
779 2731 835 2776 et
887 2737 1125 2788 amaras,
1171 2723 1368 2794 quibus
1418 2737 1514 2792 per
1553 2723 1760 2794 lignum
1790 2739 1947 2778 mon-

377 2821 614 2869 stratum
639 2827 669 2866 a
712 2813 939 2867 Domino
967 2813 1215 2868 dulcibus
1253 2812 1478 2880 ell'ectis,
1515 2823 1700 2884 postea
1733 2815 1949 2871 venitur

379 2905 448 2960 ad
473 2903 681 2960 fontes?
712 2901 770 2960 Si
803 2904 1088 2961 historiam
1120 2905 1292 2962 solam
1333 2919 1646 2974 sequamur,
1674 2922 1780 2962 non
1809 2907 1948 2961 mul-

381 3007 494 3052 tum
518 3013 618 3052 nos
643 2996 875 3055 aedificat
900 2999 1044 3054 scire
1073 2997 1139 3052 ad
1169 3012 1331 3067 quem
1362 2997 1540 3053 locum
1573 2999 1750 3070 primo
1782 3015 1943 3056 vene-
1978 3033 2020 3090 ο

379 3090 477 3155 rit,
508 3098 562 3144 et
588 3089 658 3144 ad
706 3101 869 3155 quem
921 3089 1182 3146 secundo.
1223 3089 1282 3146 Si
1315 3106 1446 3148 vero
1487 3091 1748 3147 rimemur
1776 3093 1830 3148 in
1863 3094 1949 3150 his

379 3181 698 3252 mysterium
725 3182 923 3247 latens,
952 3182 1256 3238 invenimus
1286 3183 1534 3238 ordinem
1583 3185 1729 3240 fidei.
1767 3185 1951 3240 Primo

379 3274 526 3328 enim
557 3275 778 3332 ducitur
801 3273 1030 3343 populus
1061 3275 1129 3327 ad
1163 3273 1408 3330 litteram
1441 3275 1596 3346 legis.
1621 3276 1703 3331 Ab
1736 3277 1836 3334 hac
1864 3278 1953 3332 lit-

380 3374 500 3421 tera
525 3366 683 3434 legis,
713 3366 891 3420 donec
920 3375 1204 3436 permanet
1228 3365 1288 3422 in
1317 3367 1680 3423 amaritudine
1707 3383 1828 3434 sua,
1861 3384 1952 3423 re-

380 3459 582 3514 cedere
603 3474 709 3512 non
739 3467 950 3528 potest;
989 3471 1117 3512 cum
1149 3471 1280 3512 vero
1316 3473 1413 3527 per
1447 3457 1652 3528 lignum
1684 3461 1807 3515 vitae
1833 3461 1952 3515 dul-

381 3550 466 3604 cis
499 3549 665 3606 fuerit
691 3548 906 3616 effecta,
936 3557 992 3604 et
1039 3547 1273 3618 intelligi
1298 3547 1386 3604 lex
1423 3549 1746 3616 spiritaliter
1772 3567 1951 3623 caepe-

382 3642 477 3704 rit,
509 3651 638 3697 tunc
671 3642 740 3697 de
757 3643 933 3697 Veteri
957 3640 1302 3698 Testamento
1331 3642 1598 3698 transitur
1624 3643 1690 3698 ad
1714 3645 1946 3712 Novum,

376 3743 434 3790 et
459 3735 674 3788 venitur
699 3735 765 3790 ad
793 3733 1075 3790 duodecim
1099 3735 1425 3805 apostolicos
1456 3731 1754 3790 l‘ontesti
1782 3738 1947 3790 etiam

379 3826 605 3881 arbores
655 3825 998 3895 reperientur
1046 3826 1388 3895 septuaginta
1438 3826 1768 3895 palmarum.
1829 3828 1944 3883 Non

376 3920 523 3972 enim
554 3917 655 3973 soli
683 3919 969 3974 duodecim
994 3917 1220 3988 apostoli
1247 3918 1406 3973 fidem
1435 3917 1638 3974 Christi
1681 3922 1947 3990 praedica-

377 4019 598 4074 verunt,
621 4013 716 4064 sed
745 4019 799 4065 et
825 4010 915 4063 alii
953 4009 1297 4080 septuaginta
1339 4010 1492 4065 missi
1525 4011 1594 4064 ad
1628 4013 1936 4081 praedicau-

377 4101 506 4154 duiu
538 4101 763 4154 verbum
813 4097 908 4153 Dei
949 4097 1288 4164 referuntur,
1333 4112 1430 4165 per
1463 4113 1600 4167 quos
1630 4099 1839 4170 palmas
1874 4100 1948 4152 vi-

378 4194 567 4247 ctoriae
606 4192 805 4249 Christi
847 4191 1081 4247 mundus
1111 4201 1451 4260 agnosceret.
1481 4191 1598 4248 Non
1633 4208 1761 4263 ergo
1797 4193 1949 4248 suffi-

379 4287 458 4341 cit
509 4285 708 4355 populo
737 4284 830 4339 Dei
864 4299 1058 4354 aquam
1089 4283 1319 4342 Merrhze
1343 4288 1555 4352 bibere,
1593 4287 1845 4358 quamvis
1891 4288 1943 4341 in

2075 428 2310 498 Moysem
2344 429 2527 484 dicens
2557 441 2573 482 :
2608 425 2827 482 Utinam
2861 424 3061 480 mortui
3090 423 3379 477 fuissemus
3405 423 3458 476 in
3497 431 3642 476 terra

2069 521 2326 594 Egypti,
2381 536 2503 575 cum
2549 519 2863 574 sederemus
2905 531 3070 587 super
3120 515 3256 570 ollas
3307 514 3532 579 carnis,
3584 522 3642 568 et

2073 615 2528 669 manducaremus
2558 625 2730 680 panes
2757 610 2823 663 ad
2851 609 3184 671 satietatem,
3215 607 3474 677 quoniam
3503 607 3640 661 edu-

2067 704 2194 760 xisti
2233 718 2330 758 nos
2362 703 2415 758 in
2447 703 2721 756 desertum
2753 699 2891 765 hoc,
2923 711 3121 752 necare
3153 711 3367 752 omnem
3402 711 3636 766 synago-

2068 813 2190 869 gam
2235 797 2393 851 fame.
2429 816 2449 848 ι
2485 794 2618 850 Esto
2665 798 2807 866 quod
2853 802 3077 862 propter
3118 791 3516 861 correptionem
3554 791 3638 845 le-

2066 889 2304 960 gentium
2334 888 2607 943 indicetur
2632 886 2812 956 populi
2841 894 3142 955 peccatum,
3167 883 3296 952 quia
3328 897 3640 936 murmura-

2069 981 2226 1043 verit,
2254 987 2312 1035 et
2342 981 2586 1048 ingratus
2619 977 2783 1032 fuerit
2810 976 3096 1032 beneﬁciis
3124 975 3344 1039 divinis,
3375 989 3496 1029 cum
3522 989 3645 1042 (εαξ-¹

2065 1073 2200 1129 leste
2233 1087 2432 1126 manna
2466 1070 2807 1140 susciperet;
2839 1070 2968 1138 quid
3004 1069 3166 1122 etiam
3200 1067 3317 1121 dies
3366 1053 3645 1156 describi—:

2065 1172 2177 1228 tur,
2205 1163 2257 1216 iu
2292 1176 2398 1230 qua
2422 1160 2844 1214 murmuraverit
2880 1158 3148 1229 populus?
3180 1175 3200 1209 ‹
3240 1156 3512 1221 Secundo,
3552 1155 3638 1209 in-

2063 1223 2204 1324 quit,
2234 1223 2440 1316 mense,
2477 1223 2893 1322 quintadecima
2914 1223 3000 1306 die
3030 1249 3252 1304 mensis.
3283 1268 3302 1302 ι
3342 1246 3493 1314 Quod
3522 1223 3643 1323 uti—1.

2062 1363 2168 1417 que
2215 1361 2322 1402 non
2370 1346 2576 1414 absque
2611 1343 2824 1398 ratione
2865 1343 3129 1412 scriptum
3173 1350 3276 1396 est.
3323 1339 3635 1395 Recordare

2061 1413 2128 1494 de
2155 1438 2365 1509 legibus
2393 1413 2612 1491 Pascha:
2632 1450 2754 1506 quae
2783 1435 2984 1505 scripta
3015 1442 3163 1498 sunt,
3190 1441 3244 1488 et
3267 1431 3507 1486 invenies
3533 1413 3641 1495 ibi:

2060 1531 2163 1586 hoc
2205 1546 2328 1586 esse
2359 1541 2574 1599 tempus
2603 1529 2748 1598 quod
2797 1527 3056 1582 statuitur
3097 1526 3164 1580 ad
3202 1523 3500 1580 secundum
3529 1512 3641 1576 Pa-'

2061 1625 2190 1681 scha
2223 1623 2526 1678 faciendum
2567 1621 2650 1677 bis
2677 1621 2768 1690 qui
2805 1620 3070 1676 immundi
3097 1621 3150 1673 in
3183 1619 3365 1673 anima
3401 1602 3640 1681 fuerint,‘

2064 1721 2150 1775 vel
2181 1720 2433 1787 occupati
2488 1719 2540 1772 in
2589 1716 2822 1789 negotiis
2868 1715 3198 1786 peregrinis.
3234 1712 3336 1780 Qui
3363 1727 3492 1784 ergo
3525 1727 3628 1767 non

2064 1811 2286 1865 fuerunt
2311 1808 2571 1865 immundi
2606 1809 2660 1864 in
2691 1807 2891 1872 anima,
2935 1805 3021 1861 vel
3063 1821 3167 1861 non
3205 1805 3360 1872 longe
3391 1804 3635 1875 peregri-

2063 1905 2374 1966 nabantur,
2409 1901 2818 1972 quartadecima
2849 1899 2936 1952 die
2977 1897 3136 1968 primi
3181 1897 3385 1952 mensis
3424 1895 3627 1950 Pascha

2063 1996 2328 2048 fecerunt.
2361 1992 2461 2060 Qui
2491 2001 2666 2046 autem
2700 1989 2854 2059 longe
2889 1985 3401 2059 peregrinabantur,
3431 1996 3485 2041 et
3519 1985 3631 2039 im-

2060 2088 2244 2143 mundi
2276 2095 2454 2154 eraut,
2484 2085 2777 2141 secundum
2807 2081 3017 2137 Pascha
3045 2080 3100 2136 in
3128 2079 3232 2135 hoc
3267 2087 3509 2150 tempore
3544 2077 3631 2132 fa-

2058 2179 2233 2242 ciunt,
2264 2194 2376 2249 quo
2413 2186 2470 2232 et
2496 2190 2692 2232 manna
2721 2175 2790 2230 de
2815 2172 2956 2228 caelo
2994 2171 3293 2226 descendit.
3324 2169 3381 2224 ln
3409 2169 3496 2224 die
3518 2185 3632 2238 quo

2060 2274 2291 2340 primum
2323 2271 2533 2326 Pascha
2577 2269 2658 2334 fit,
2687 2281 2791 2322 non
2828 2264 3106 2321 descendit
3141 2278 3333 2318 manna
3370 2263 3436 2317 de
3464 2262 3624 2324 coelo,

2059 2363 2154 2418 scd
2203 2363 2255 2416 in
2292 2362 2395 2416 hoc
2437 2375 2546 2430 quo
2597 2357 2894 2414 secundum
2951 2354 3157 2410 Pascha
3206 2353 3285 2411 fi-t.
3335 2353 3627 2410 Videamus

2057 2467 2186 2522 ergo
2235 2465 2376 2506 nunc
2409 2451 2533 2519 quis
2570 2450 2645 2504 sit
2687 2449 2740 2503 in
2775 2448 2860 2501 his
2895 2445 3030 2501 ordo
3075 2444 3339 2514 mysterii.
3380 2443 3625 2498 Primum

2056 2541 2261 2597 Pascha
2315 2541 2478 2611 primi
2530 2539 2715 2610 populi
2763 2547 2870 2594 est.
2897 2535 3212 2593 Secundum
3255 2533 3484 2600 Pascha,
3527 2549 3626 2588 no-

2056 2646 2231 2692 atrum
2261 2643 2364 2689 est.
2393 2631 2506 2688 Nos
2535 2632 2680 2687 enim
2712 2630 2913 2684 fuimus
2938 2627 3202 2684 immundi
3221 2626 3273 2681 in
3297 2626 3504 2692 anima,
3529 2625 3621 2694 qui

2055 2728 2370 2783 colebamus
2394 2725 2599 2793 lignum
2629 2733 2684 2778 et
2713 2722 2968 2791 lapidem,
2999 2728 3052 2775 et
3083 2720 3394 2790 ignorantes
3429 2717 3621 2783 Deum,

2053 2819 2138 2874 his
2169 2819 2258 2888 qui
2285 2827 2477 2871 natura
2506 2831 2612 2870 non
2635 2821 2790 2868 erant
2821 2811 2892 2866 dii
2917 2809 3308 2865 serviebamus.
3331 2807 3439 2863 Nos
3457 2807 3620 2862 etiam

2055 2926 2295 2976 eramus,
2327 2909 2418 2979 qui
2445 2909 2602 2978 longe
2626 2905 3136 2977 peregrinabamur,
3173 2902 3241 2956 de
3271 2900 3464 2969 quibus
3491 2900 3624 2955 dicit

2056 3003 2346 3072 Apostolus
2374 3001 2418 3032 "
2447 3015 2462 3054 :
2492 2999 2619 3068 quia
2662 2997 2864 3051 fuimus
2913 3011 2932 3046 ‹
2969 2993 3217 3062 hospites
3256 3003 3310 3048 et
3348 2989 3620 3062 peregrini

2056 3103 2500 3152 tesmmentorum
2531 3089 2643 3153 Dei,
2671 3104 2821 3158 spem
2845 3103 2951 3144 non
2977 3087 3260 3152 habentes,
3286 3094 3342 3140 et
3371 3084 3486 3139 sine
3513 3084 3621 3138 Deo

2054 3190 2109 3244 in
2151 3189 2252 3242 hoc
2283 3185 2484 3239 mundo
2532 3189 2807 3236 errantes.
2847 3198 2866 3232 ›
2900 3177 3283 3235 Verumtamen
3317 3191 3420 3230 non
3459 3177 3625 3230 datur

2053 3293 2252 3336 manus
2278 3279 2346 3333 de
2375 3277 2516 3332 ccelo
2542 3275 2594 3330 in
2629 3274 2718 3328 illa
2749 3273 2865 3339 die:
2893 3286 2997 3341 qua
3026 3271 3258 3341 primum
3294 3268 3503 3324 Pascha
3535 3267 3618 3334 fit,

2051 3373 2149 3427 sed
2195 3370 2248 3425 in
2282 3370 2370 3423 illa
2399 3384 2504 3437 qua
2533 3371 2848 3423 secundum.
2891 3364 3057 3419 Panis
3093 3362 3236 3418 enim
3269 3363 3359 3430 qui
3385 3363 3452 3416 de
3479 3361 3622 3416 caelo

2051 3462 2328 3518 descendit
2358 3461 2426 3524 ⁸⁸,
2453 3473 2556 3513 non
2583 3459 2733 3514 venit
2767 3457 2837 3511 ad
2870 3455 3009 3523 illos,
3040 3456 3129 3524 qui
3155 3454 3386 3524 primam
3417 3454 3620 3508 solem-

2049 3557 2273 3611 nitatem
2323 3551 2716 3618 celebrabant,
2763 3549 2856 3606 sed
2900 3549 2966 3604 ad
3019 3563 3156 3615 nos,
3192 3546 3283 3615 qui
3321 3545 3616 3599 secundam

2048 3647 2409 3717 suscepimus.
2438 3663 2457 3696 ι
2493 3642 2746 3699 Nostrum
2782 3641 2926 3696 enim
2957 3640 3162 3696 Pascha
3197 3637 3506 3694 immolatus
3531 3647 3617 3691 est

2048 3739 2298 3796 Christus
2328 3737 2373 3770 ⁹⁹
2401 3776 2417 3801 ,
2450 3755 2470 3789 ι
2506 3735 2598 3804 qui
2646 3749 2805 3789 verus
2860 3733 3019 3788 nobis
3051 3731 3206 3802 panis
3249 3733 3314 3785 de
3353 3729 3489 3784 caelo
3516 3729 3616 3782 de-

2048 3829 2274 3884 scendit.
2305 3825 2414 3881 Sed
2455 3825 2670 3880 interim
2704 3824 2981 3877 videamus
3019 3821 3150 3890 quid
3194 3828 3280 3875 est
3305 3863 3322 3884 ,
3360 3822 3502 3888 quod
3558 3818 3614 3872 in

2047 3921 2150 3975 hac
2193 3919 2278 3974 die
2322 3927 2529 3988 gestum
2583 3922 2936 3970 monstratur.
2993 3931 3011 3965 ι
3061 3911 3492 3979 Quintadeeima,
3527 3910 3614 3976 in-

2046 4013 2163 4083 quit
2185 4013 2225 4077 ¹,
2261 4010 2347 4064 die
2395 4008 2597 4063 mensis
2643 4006 2866 4062 secundi
2897 4004 3253 4060 murmuravit
3279 4003 3530 4074 populus,
3559 4013 3615 4057 et

2046 4105 2224 4167 dixit,
2274 4103 2399 4172 quia
2445 4100 2639 4156 melius
2683 4098 2860 4152 fuerat
2905 4112 3007 4152 nos
3063 4096 3202 4150 mori
3250 4097 3303 4150 in
3353 4095 3613 4166 Egypto,

2047 4197 2264 4266 quando
2287 4193 2608 4250 sedebamus
2630 4205 2791 4259 super
2815 4190 2951 4246 ollas
2975 4190 3242 4246 carnium.
3273 4208 3292 4242 ι
3319 4187 3365 4244 Ο
3387 4188 3615 4258 populus

2052 4293 2296 4361 ingratus
2333 4287 2606 4342 desiderat
2651 4284 2939 4355 Egyptum
2963 4325 2978 4350 ,
3007 4283 3099 4352 qui
3146 4281 3435 4358 )Egyptios
3481 4281 3621 4337 vidit

377 4379 718 4435 dulcedinem
747 4392 900 4432 versa
927 4378 1033 4444 sit;
1079 4381 1330 4450 quamvis
1362 4397 1460 4452 per
1491 4381 1698 4452 lignum
1727 4383 1850 4437 vita:
1887 4391 1942 4436 et
1973 4375 2017 4430 D
2046 4380 2594 4438 exstinctoswarues
2610 4375 2828 4448 Egypti
2855 4375 3103 4446 requirit,
3126 4375 3215 4443 qui
3237 4373 3614 4444 Egyptiorum

377 4469 699 4540 mysterium
731 4469 911 4524 crucis
936 4469 1116 4525 omnis
1152 4471 1349 4528 litterae
1379 4472 1683 4528 amaritudo
1717 4472 1936 4542 depulsa

375 4560 470 4614 sit.
503 4559 690 4614 Solum
715 4570 872 4617 vetus
901 4560 1322 4617 instrumentum
1353 4578 1459 4618 non
1503 4560 1700 4618 sufﬁcit
1744 4563 1810 4617 ad
1856 4564 1939 4618 bi-

376 4651 644 4713 bendum;
668 4651 760 4708 sed
782 4651 1102 4708 veniendum
1127 4653 1293 4707 estad
1310 4651 1527 4713 Novum
1542 4654 1940 4710 Testamentum

378 4743 445 4796 de
475 4757 582 4810 quo
613 4743 823 4812 absque
870 4745 1126 4813 scrupulo
1155 4746 1382 4812 bibitur,
1411 4746 1617 4815 absque
1661 4745 1769 4800 ulla
1805 4746 1944 4800 difii-

376 4833 587 4889 cultate
619 4845 860 4904 potatur.
901 4835 1068 4891 Judmi
1123 4837 1286 4893 etiam
1327 4855 1469 4893 nunc
1495 4840 1638 4908 apud
1665 4838 1935 4894 Merrham

375 4931 526 4992 sunt,
561 4925 724 4978 etiam
751 4942 893 4981 nunc
937 4927 1092 4998 153
1135 4929 1375 4984 assident
1407 4931 1472 4983 ad
1499 4945 1672 5000 aquas
1698 4945 1933 4986 amaras.

379 5013 624 5068 Nondum
654 5019 800 5072 enim
843 5018 925 5074 eis
966 5019 1108 5074 Deus
1138 5021 1379 5074 ostendit
1406 5021 1633 5091 lignum,
1665 5037 1762 5091 per
1795 5022 1936 5090 quod

2045 4488 2239 4528 carnes
2268 4473 2403 4526 vidit
2455 4471 2620 4524 maris
2662 4469 2901 4540 piscibus
2927 4477 2983 4522 et
3013 4467 3137 4522 caeli
3186 4466 3405 4523 alitibus
3429 4468 3610 4522 datas.

2047 4567 2130 4620 Mu
2143 4581 2289 4620 rmur
2302 4581 2428 4634 ergo
2446 4567 2731 4620 adversum
2747 4563 3004 4633 Moysem,
3024 4564 3130 4619 imo
3145 4564 3430 4619 adversum
3448 4563 3614 4615 Deum

2044 4658 2246 4712 levant.
2272 4655 2376 4710 Sed
2400 4656 2501 4709 hor.
2522 4655 2698 4724 primo
2725 4655 2941 4723 quidem
2969 4656 3284 4726 ignoscitur,
3313 4655 3614 4725 ignoscitur

2045 4763 2098 4806 et
2123 4749 2382 4814 secundo,
2410 4748 2658 4803 fortassis
2685 4756 2741 4801 et
2768 4749 2924 4802 tertio
2953 4762 2968 4800 :
3015 4758 3387 4801 verumtamen
3421 4746 3464 4801 si
3504 4761 3611 4800 uou

2046 4844 2314 4906 desinant,
2343 4843 2434 4895 sed
2460 4841 2778 4910 persistant,
2805 4839 2925 4894 audi
2955 4839 3081 4909 quid
3113 4840 3338 4908 posthac
3364 4853 3611 4891 murmu-

2045 4947 2256 4991 ranteui
2285 4935 2535 5004 populum
2565 4943 2950 5002 consequatur.
2988 4935 3042 4987 ln
3075 4934 3428 4988 Numerorum
3473 4931 3612 4984 libro

2042 5029 2276 5084 refertur
2305 5030 2348 5094 ³,
2374 5031 2515 5095 quod
2543 5036 2597 5080 et
2630 5025 2683 5080 in
2718 5027 2833 5081 suis
2868 5027 3157 5096 scripturis
3194 5026 3433 5080 retexuit
3465 5025 3612 5092 Apo-

377 5105 561 5161 dulces
575 5107 932 5180 fiercntaquae
950 5110 1210 5177 ipsorum.
1229 5109 1440 5165 Etenim
1465 5111 1809 5181 praedixiteis
1825 5126 1942 5180 pro-
2037 5122 2206 5175 stolus
2231 5120 2412 5174 dicens
2438 5119 2465 5150 ³·
2490 5134 2506 5172 :
2539 5137 2558 5170 ι
2591 5116 2776 5186 Neque
2811 5118 3298 5184 murmuraveritis,
3325 5117 3465 5170 sicut
3489 5116 3612 5185 qui.

375 5195 538 5263 pheta
563 5201 631 5266 ⁸⁸,
661 5201 817 5270 quiar
838 5197 942 5252 nisi
962 5203 1326 5268 credideritis,
1351 5218 1520 5272 neque
1547 5204 1873 5275 intelligetis.
1916 5224 1936 5255 ρ

446 5291 498 5344 ι.
519 5292 649 5347 Post
679 5295 792 5348 haec
813 5294 1070 5363 scriptum
1093 5305 1173 5348 est
1207 5295 1254 5328 ⁸⁸
1289 5315 1303 5351 :
1334 5314 1352 5346 ε
1378 5295 1435 5350 in
1475 5297 1712 5351 secundo
1737 5310 1939 5358 mense,

377 5383 574 5453 inquit,
651 5395 938 5457 postquam
970 5389 1035 5442 de
1059 5386 1299 5460 λεωριο
1323 5387 1546 5459 profecti
1582 5398 1727 5454 sunt,
1755 5389 1942 5458 quinta

446 5551 692 5625 ’_‘A_Exod.
721 5572 815 5625 xv,
846 5557 935 5613 26.
1009 5557 1056 5590 ³⁸
1087 5556 1240 5622 ibid.,
1272 5557 1363 5612 27.
1437 5559 1484 5590 ³³
1512 5557 1613 5615 lsa.
1645 5571 1718 5612 vn
1742 5602 1754 5624 ,
1791 5558 1844 5612 9.

372 5622 419 5656 '°
450 5623 470 5679 Ι
496 5623 621 5689 Cor.
655 5641 715 5698 v,
749 5622 810 5687 7.‘
872 5630 886 5660 ¹
917 5628 1088 5686 Exod.
1126 5643 1238 5696 xw,
1285 5629 1335 5698 ι,
1363 5629 1432 5696 2,
1473 5630 1525 5684 ’5.

1933 5557 1978 5590 ³⁸
2008 5557 2176 5613 Exod.
2207 5575 2318 5624 xvi,
2351 5562 2404 5622 i,
2439 5560 2492 5623 2,
2519 5560 2570 5614 5.

1613 5630 1632 5662 ¹
1676 5629 1836 5684 Num.
1883 5644 1993 5683 xxt.

2039 5214 2161 5264 dam
2193 5225 2381 5264 eorum
2415 5219 2895 5263 murmuraverunt
2919 5248 2936 5274 ,
2965 5218 3020 5264 et
3052 5223 3081 5262 a
3125 5209 3467 5277 serpentibus
3495 5220 3610 5276 per-

2047 5300 2247 5355 ierunt.
2309 5320 2328 5352 »
2387 5301 2810 5356 Murmurantem
2875 5300 3129 5369 pupulum
3183 5308 3485 5355 venenatus
3552 5297 3608 5352 in

2039 5406 2224 5448 eremo
2265 5391 2573 5462 depascitur
2627 5392 2957 5464 serpentium
3017 5406 3252 5447 morsus.
3312 5389 3611 5447 Videamus

2659 5560 2701 5596 ⁸⁷
2731 5559 2863 5630 Eph.
2899 5575 2960 5626 ιι,
2988 5560 3073 5617 ιε.
3149 5557 3381 5616 θ’τιοεηι.
3412 5573 3488 5626 Vl,
3514 5557 3608 5621 53.

2079 5629 2099 5661 ³
2144 5629 2319 5686 lCor.
2371 5646 2440 5698 χ,
2485 5632 2566 5684 10.
