4050 6142
307 198 402 253 δειό

1505 199 1574 254 ΙΝ
1607 198 1894 256 EXODUM
1928 198 2210 256 HOMILIA
2238 198 2352 254 VII.

3437 189 3543 246 διδ

307 330 426 378 nos,
475 314 568 384 qui
606 314 724 368 haec
767 315 1037 382 audimus,
1081 329 1204 382 nos,
1241 314 1458 385 inquam
1481 357 1499 385 ,
1532 333 1635 387 pro
1675 320 1871 388 quibus
1899 321 1946 376 A
1974 319 2101 374 alibi
2134 317 2476 389 propheta”:
2510 335 2528 368 ι
2550 298 2750 371 Dielius
2780 313 2963 370 mttltis
2981 309 3352 368 sedebuntﬁlii
3383 309 3545 365 Israel

304 405 493 469 scripta
523 411 687 458 sunt:
721 403 830 456 illis
851 404 996 459 enim
1027 406 1093 458 ad
1125 404 1518 462 correctionem
1551 408 1693 463 facta
1717 418 1869 474 sunt,

301 496 493 562 scripta
524 505 654 549 sunt
683 505 866 549 autem
895 511 1114 567 pr0pter
1139 514 1257 564 nos,
1292 517 1311 552 ι
1351 503 1405 554 in
1431 516 1570 570 quos
1597 500 1734 558 fines
1767 517 1869 555 sae-

299 586 538 640 culorum
569 589 916 642 devenerunt
941 587 984 643 ⁸.
1021 608 1041 642 ι
1079 589 1136 645 Si
1165 607 1270 645 non
1303 591 1603 646 desinimus
1630 607 1871 646 murmu-

297 693 445 742 rare,
474 677 521 732 si
556 694 664 732 non
689 694 971 734 cessamus
1001 695 1031 733 a
1065 683 1302 750 querelis
1330 683 1534 738 nostris
1555 723 1570 745 ,
1601 698 1738 752 quas
1765 683 1874 737 fre-

293 778 526 838 quenter
551 770 820 826 habemus
862 777 1122 828 adversus
1156 774 1322 828 Deum
1351 815 1368 841 ,
1407 777 1761 830 observemus
1805 791 1872 831 ne

291 862 468 917 simile
514 862 836 919 offensionis
889 865 1235 921 incurramus
1282 866 1616 936 exemplum.
1658 867 1869 928 Etenim

290 971 410 1008 cum
437 955 660 1014 decceli
687 955 1034 1027 intemperie,
1057 957 1123 1011 de
1149 957 1543 1014 infecunditate
1574 959 1870 1024 fructuum,

288 1047 352 1097 de
379 1046 617 1101 raritate
645 1045 926 1110 imbrium,
960 1048 1027 1102 de
1061 1049 1511 1118 prosperitatibus
1538 1051 1788 1115 aliorum,
1818 1061 1874 1105 et

289 1134 352 1189 de
385 1135 628 1190 aliorum
661 1135 1099 1206 improsperitate
1136 1152 1454 1198 causamur,
1495 1138 1598 1192 hoc
1636 1147 1721 1192 est
1775 1138 1872 1191 ad-

287 1241 484 1283 versus
515 1228 685 1283 Deum
713 1244 962 1284 murmur
989 1229 1263 1285 attollere.
1295 1229 1400 1285 Sed
1431 1231 1547 1286 haec
1589 1231 1739 1285 initia
1773 1232 1873 1286 ha-

287 1318 549 1374 bentibus
578 1319 911 1387 ignoscitur;
947 1321 998 1374 in
1038 1334 1132 1376 eos
1161 1335 1316 1387 vero,
1342 1321 1432 1390 qui
1465 1337 1570 1376 non
1601 1322 1871 1388 desinunt,

289 1410 537 1479 graviter
570 1410 906 1470 vindicatur.
939 1411 1232 1467 Mittuntur
1269 1428 1506 1482 namque
1539 1413 1592 1468 in
1638 1429 1733 1469 eos
1758 1430 1876 1470 ser-

287 1509 509 1568 pentes,
544 1501 598 1556 id
635 1511 718 1558 est
756 1502 1052 1558 immundis
1089 1503 1365 1571 spiritibus
1395 1503 1682 1560 traduntur
1711 1520 1872 1560 vene-

291 1593 552 1662 natisque
577 1593 948 1661 daemonibus,
991 1595 1083 1666 qui
1114 1610 1209 1651 eos
1239 1595 1511 1652 morsibus
1537 1596 1771 1652 occultis
1807 1612 1872 1652 ac

1973 411 2091 464 sine
2119 426 2265 480 rege,
2290 410 2410 464 sine
2441 409 2712 479 principe,
2739 408 2856 461 sine
2885 405 3168 474 propheta,
3197 403 3314 457 sine
3346 402 3544 466 hostia,

1974 504 2094 558 sine
2131 503 2440 565 sacrificio,
2487 505 2608 558 sine
2657 505 2961 556 sacerdote.
3000 515 3020 548 ι
3070 498 3126 552 In
3173 509 3356 553 nostra
3398 496 3544 550 enim

1977 593 2253 647 Dominica
2280 595 2365 648 die
2389 608 2606 662 semper
2630 592 2888 647 Dominus
2910 589 3045 658 pluit
3075 602 3267 641 manna
3301 589 3366 640 de
3381 584 3544 640 cmlo.

1973 686 2078 741 Sed
2105 696 2161 741 et
2195 687 2354 740 hodie
2383 701 2484 756 ego
2511 686 2632 740 dico
2652 725 2667 750 ,
2701 685 2828 753 quia
2874 683 3011 753 pluit
3041 682 3302 736 Dominus
3345 693 3544 732 manna

1973 779 2039 833 de
2064 779 2221 834 coelo.
2254 779 2509 835 C(elestia
2547 793 2782 845 namque
2823 784 2950 831 sunt
2986 774 3199 844 eloquia
3247 768 3384 834 ista,
3425 783 3547 838 quae

1973 871 2128 924 nobis
2159 871 2296 926 lecta
2323 878 2486 935 sunt,
2525 881 2578 925 et
2608 885 2638 922 a
2668 869 2776 922 Deo
2806 867 3206 922 descenderunt
3236 864 3396 918 verba
3423 876 3547 930 quae

1973 963 2128 1018 nobis
2182 964 2411 1018 recitata
2461 971 2628 1026 sunt,
2681 971 2736 1015 et
2786 961 2907 1015 ideo
2955 973 3054 1013 nos
3101 957 3286 1010 felices
3316 956 3406 1024 qui
3441 955 3547 1009 tale

1973 1071 2170 1110 manna
2199 1055 2559 1126 suscepimus.
2592 1056 2818 1124 Semper
2849 1067 3045 1106 manna
3092 1049 3249 1104 nobis
3291 1049 3452 1102 datur
3479 1047 3547 1102 de

1973 1147 2139 1213 coelo,
2175 1147 2252 1202 illi
2283 1147 2530 1203 infelices
2557 1147 2762 1210 dolent,
2794 1155 2850 1200 et
2883 1144 3182 1213 suspirant,
3201 1152 3270 1196 -ει
3293 1155 3352 1195 se
3385 1140 3547 1194 mise-

1974 1254 2065 1293 ros
2089 1238 2295 1302 dicunt,
2315 1237 2444 1305 quia
2476 1251 2695 1301 manna,
2727 1237 2870 1290 sicut
2903 1239 3224 1302 acceperunt
3253 1239 3435 1300 patres
3469 1229 3548 1297 ip-

1973 1345 2194 1393 sorum.
2239 1329 2343 1398 ipsi
2382 1343 2489 1383 non
2521 1339 2804 1384 merentur
2843 1326 3113 1395 accipere.
3149 1321 3228 1376 llli
3269 1335 3544 1388 nunquam

1974 1433 2172 1472 manna
2199 1419 2526 1473 manducant
2551 1437 2566 1473 :
2596 1431 2701 1471 non
2737 1417 2882 1471 enim
2913 1422 3138 1486 possunt
3162 1412 3291 1467 illud
3320 1410 3548 1465 mandu-

1973 1524 2136 1573 care,
2171 1511 2315 1578 quod
2342 1519 2428 1564 est
2469 1509 2736 1564 minutum
2765 1507 2908 1562 sicut
2932 1520 3120 1560 semen
3153 1503 3458 1568 coriandri,
3489 1511 3550 1556 et

1974 1601 2267 1655 candidum
2295 1601 2436 1655 sicut
2459 1599 2673 1668 pruina.
2697 1596 2844 1652 Nihil
2871 1597 3014 1651 enim
3048 1596 3101 1650 in
3124 1595 3292 1651 verbo
3327 1593 3422 1647 Dei
3447 1593 3549 1647 mi-

289 1679 593 1736 lalenlibus
628 1683 928 1751 perimant.
960 1692 1124 1752 atque
1165 1683 1394 1739 inuentis
1436 1691 1491 1737 et
1521 1683 1662 1737 intra
1688 1682 1871 1738 cordis
1901 1662 1944 1718 Β
1975 1705 2162 1748 nutum
2189 1732 2207 1759 ,
2241 1692 2376 1746 nihil
2413 1662 2615 1746 subtile
2640 1729 2655 1756 ,
2684 1689 2823 1744 nihil
2863 1688 3108 1743 sentiunt
3144 1685 3422 1756 spiritale,
3454 1683 3547 1737 sed

290 1773 600 1842 penetralia
631 1774 906 1829 conclusis
953 1774 1378 1844 cogitationibus
1411 1775 1717 1830 absumant.
1765 1772 1872 1829 Sed

290 1867 522 1922 obsecro
569 1882 686 1931 vos,
717 1867 930 1937 prosint
972 1867 1126 1922 nobis
1174 1867 1469 1938 praemissae
1510 1868 1874 1936 correptionis

292 1958 585 2026 exempla:
625 1957 842 2012 illorum
876 1972 1034 2028 poena
1055 1996 1072 2023 ,
1109 1958 1418 2014 emendatio
1445 1967 1628 2012 nostra
1659 1957 1749 2014 sit.
1783 1958 1876 2012 Di-

294 2051 361 2105 cit
392 2050 547 2106 enim
576 2050 750 2114 Deus,
781 2051 905 2119 quia
945 2069 963 2103 ι
1001 2050 1186 2104 audivi
1218 2051 1705 2104 murmurationem
1731 2049 1874 2104 lilio-

297 2155 414 2194 rum
465 2139 637 2194 lsracl
669 2141 714 2196 '.
748 2160 768 2192 ι
821 2139 1030 2195 Videtis
1071 2140 1196 2210 quia
1229 2155 1336 2194 non
1382 2139 1514 2194 latet
1540 2140 1706 2195 Deum
1736 2155 1875 2194 mur-

297 2233 535 2288 muratio
575 2243 756 2287 nostra
789 2247 806 2286 :
846 2233 997 2287 audit
1034 2232 1241 2298 omnia,
1278 2241 1331 2288 et
1368 2234 1510 2304 quod
1550 2249 1654 2288 non
1688 2234 1872 2288 statim

298 2327 482 2396 punit,
557 2325 938 2395 paenitentiam
993 2333 1194 2380 nostrae
1251 2324 1625 2380 conversionis
1683 2338 1875 2394 exspe-

297 2427 436 2474 ttat.

365 2510 425 2564 5.
463 2509 573 2564 Sed
609 2509 739 2580 quid
787 2518 910 2578 post
955 2509 1070 2564 haec
1124 2509 1414 2565 recitatum
1453 2506 1580 2562 est?
1626 2526 1645 2558 ι
1699 2506 1871 2574 Dixit,

301 2602 478 2671 inquit
503 2607 548 2670 ⁸,
580 2602 841 2656 Dominus
884 2601 948 2656 ad
975 2601 1212 2673 Moysem
1238 2617 1253 2655 :
1281 2602 1418 2657 Ecce
1443 2616 1542 2672 ego
1567 2601 1747 2670 pluam
1777 2617 1874 2653 vo-

300 2693 386 2747 bis
416 2707 589 2762 panes
629 2693 696 2747 de
727 2692 865 2747 coelo
889 2731 904 2756 ,
948 2701 1003 2746 et
1031 2692 1203 2745 exibit
1251 2691 1477 2761 populus
1505 2733 1522 2758 ,
1555 2701 1610 2745 et
1654 2691 1876 2760 colliget

303 2787 464 2840 unius
489 2785 596 2839 diei
630 2785 682 2840 in
728 2785 902 2850 diem,
932 2792 990 2838 ut
1031 2792 1234 2838 tentem
1267 2783 1388 2839 illos
1432 2783 1478 2837 si
1509 2784 1788 2837 ambulant
1823 2784 1874 2836 ill

307 2877 426 2948 lege
467 2892 615 2941 mea,
651 2893 720 2932 an
766 2892 894 2932 non.
925 2877 990 2931 Et
1033 2876 1139 2931 erit
1183 2876 1237 2930 in
1273 2876 1358 2930 die
1387 2885 1578 2942 sexto,
1606 2875 1878 2944 parabunt

304 2971 668 3041 quodcunque
707 2969 985 3024 intulerint
1027 2967 1242 3040 (l9),’et
1282 2968 1388 3022 erit
1430 2967 1650 3036 duplum
1699 2966 1877 3035 quod-

306 3077 526 3132 cunque
587 3059 872 3116 intulerint
940 3058 1310 3128 quotidianum
1384 3057 1438 3112 in
1508 3058 1617 3116 die.
1683 3077 1702 3110 ι
1762 3058 1876 3125 Ego

305 3157 527 3224 quidem
567 3168 732 3223 super
776 3155 880 3208 hac
927 3151 1192 3222 scriptura
1227 3150 1386 3206 velim
1427 3152 1602 3220 primo
1634 3167 1755 3205 cum
1781 3150 1876 3206 Ju-

307 3248 435 3301 dzeis
475 3246 679 3302 habere
718 3259 1061 3310 sermonem,
1107 3243 1306 3310 quibus
1371 3243 1578 3298 credita
1629 3243 1881 3297 dicuntur

309 3339 524 3406 eloquia
558 3339 653 3392 Dei
684 3337 732 3401 ",
753 3336 884 3407 quid
920 3337 1024 3390 illis
1041 3337 1289 3390 videatur
1309 3334 1376 3388 de
1397 3349 1463 3388 eo
1491 3333 1633 3403 quod
1663 3335 1796 3389 dicit
1815 3335 1836 3366 ⁸
1863 3355 1875 3390 :

315 3447 332 3478 ι
358 3429 465 3483 Sex
499 3427 690 3482 diebus
717 3425 989 3480 continuis
1014 3423 1295 3493 colligetis.
1343 3441 1361 3474 ι
1399 3422 1495 3476 Die
1517 3433 1696 3477 autem
1718 3434 1878 3478 sexto

310 3518 530 3586 duplum
566 3516 851 3587 colligetis.
882 3517 1116 3586 Apparet
1145 3525 1324 3568 autem
1359 3524 1570 3570 sextam
1601 3516 1744 3571 diem
1777 3533 1880 3572 no-

309 3609 505 3663 mieari
554 3607 740 3674 illam,
785 3622 906 3677 quae
950 3617 1078 3661 ante
1117 3608 1414 3664 Sabbatum
1467 3610 1720 3676 ponitur,
1761 3625 1882 3678 qua:

313 3706 451 3770 apud
497 3717 598 3756 nos
630 3701 934 3755 Parasceve
975 3699 1294 3769 appellatur.
1340 3699 1638 3757 Sabbatum
1678 3713 1878 3768 autem,

309 3795 536 3864 septima
562 3792 678 3846 dies
699 3800 802 3846 est.
827 3788 1022 3856 Quer
1038 3804 1169 3858 ergo
1192 3803 1297 3858 qua
1322 3790 1410 3843 die
1423 3791 1650 3859 coeperit
1684 3807 1882 3846 manna

311 3886 526 3943 cmiitus
556 3881 697 3947 dari,
717 3891 771 3936 et
788 3881 912 3935 volo
934 3895 1122 3949 compa
1133 3895 1255 3934 rare
1283 3879 1615 3935 Dominicam
1636 3892 1880 3938 nostram

310 3995 432 4033 cum
467 3975 709 4032 Sabbato
740 3973 1070 4030 Judzeorum.
1111 3972 1188 4026 Ex
1223 3971 1423 4026 divinis
1458 3987 1694 4041 namque
1727 3973 1883 4028 Scri-

313 4071 486 4142 pturis
501 4066 906 4139 apparet,quod
935 4065 988 4118 in
1022 4065 1109 4119 die
1143 4063 1420 4118 Dominica
1441 4063 1620 4132 primo
1641 4065 1694 4119 in
1719 4067 1883 4120 terris

308 4171 494 4222 datum
525 4172 608 4220 est
641 4179 860 4219 manna.
896 4163 952 4218 Si
981 4164 1146 4228 enim,
1189 4173 1250 4217 ut
1273 4160 1557 4230 Scriptura
1591 4161 1752 4223 dicit,
1786 4174 1882 4214 sex

309 4259 500 4313 diebus
530 4255 808 4312 continuis
840 4255 1127 4310 collectum
1159 4262 1266 4317 est,
1294 4253 1525 4322 septima
1557 4258 1736 4305 autem
1768 4250 1881 4315 die,

1973 1793 2145 1840 totum
2186 1786 2386 1854 pingue
2413 1821 2430 1847 ,
2474 1791 2646 1836 totum
2682 1795 2928 1835 crassum
2968 1796 2982 1832 :
3023 1796 3044 1829 ι
3075 1777 3437 1831 lucrassatum
3463 1780 3550 1826 est

1971 1877 2116 1933 enim
2147 1891 2241 1931 cor
2259 1874 2440 1946 populi
2467 1874 2613 1929 illius
2639 1873 2706 1927 ίο.
2752 1891 2772 1925 ι
2814 1871 2922 1927 Sed
2957 1878 3014 1924 et
3045 1865 3424 1936 interpretatio
3446 1877 3549 1919 no-

1973 1965 2136 2020 minis
2177 1964 2281 2020 hoc
2325 1964 2466 2018 idem
2521 1972 2702 2018 sonat.
2735 1961 2932 2016 Manna
2982 1959 3128 2014 enim
3166 1958 3551 2024 interpretatur

1975 2058 2104 2128 quid
2132 2066 2207 2111 est
2239 2058 2337 2110 hoc
2369 2055 2526 2128 (ΞΟΠ
2553 2053 2689 2109 Vide
2722 2054 2766 2108 si
2801 2068 2905 2107 non
2947 2052 3066 2121 ipsa
3112 2049 3350 2105 nominis
3378 2055 3550 2100 virtus

1975 2151 2042 2205 ad
2070 2149 2386 2204 discendum
2421 2156 2473 2202 te
2509 2154 2794 2217 provocat,
2824 2153 2905 2211 ut,
2931 2159 3055 2198 cum
3084 2142 3241 2197 audis
3258 2141 3425 2211 legem
3454 2139 3548 2193 Dei

1977 2241 2237 2306 recitari,
2272 2240 2520 2308 inquiras
2561 2253 2778 2307 semper
2801 2276 2818 2300 ,
2853 2245 2909 2290 et
2957 2235 3286 2304 interroges,
3312 2241 3367 2286 et
3394 2232 3549 2286 dicas

1975 2335 2329 2390 doctoribus:
2367 2333 2507 2399 Quid
2539 2341 2622 2386 est
2655 2332 2759 2384 hoc
2784 2330 2808 2383 ?
2837 2328 2950 2383 Iloc
2985 2327 3130 2382 enim
3161 2335 3242 2380 est
3289 2326 3430 2395 quod
3467 2325 3549 2377 in-

1976 2428 2123 2484 dicat
2148 2441 2366 2481 manna.
2397 2425 2477 2478 Tu
2509 2437 2643 2493 ergo
2674 2423 2719 2477 si
2746 2421 2829 2476 vis
2859 2420 3189 2475 manducare
3232 2431 3428 2471 manna
3448 2459 3464 2481 ,
3494 2414 3547 2469 id

1976 2531 2060 2577 est
2091 2520 2135 2574 si
2167 2519 2320 2587 cupis
2353 2517 2636 2584 suscipere
2672 2514 2898 2568 verbum
2951 2511 3068 2574 Dei,
3112 2509 3250 2564 scito
3292 2507 3417 2560 illild
3447 2505 3550 2558 mi-

1978 2621 2162 2666 nutum
2193 2624 2312 2666 esse
2337 2619 2392 2664 et
2423 2609 2580 2663 valde
2609 2607 2807 2662 subtile
2855 2606 2996 2661 sicut
3028 2618 3214 2659 semen
3249 2599 3546 2656 coriandri.

1978 2703 2152 2758 [labet
2181 2702 2323 2758 enim
2363 2701 2571 2770 aliquid
2608 2701 2660 2753 in
2690 2713 2750 2753 se
2776 2697 2966 2761 oleris,
2994 2709 3104 2766 quo
3141 2693 3352 2747 nutrire
3378 2700 3432 2746 et
3465 2705 3552 2743 re-

1979 2811 2174 2852 creare
2225 2795 2401 2863 possit
2450 2793 2738 2856 infirmos,
2787 2790 2913 2859 quia
2970 2805 2991 2839 ι
3031 2787 3121 2856 qui
3176 2782 3418 2837 inﬁrmus
3443 2792 3549 2844 est.

1979 2890 2126 2945 olera
2150 2889 2443 2943 manducat
2464 2884 2530 2938 ¹¹.
2565 2902 2584 2935 ι
2615 2881 2787 2936 Habet
2816 2878 3015 2950 aliquid
3041 2879 3257 2948 rigoris,
3280 2886 3335 2930 et
3355 2877 3475 2929 ideo
3491 2883 3552 2928 ut

1980 2983 2172 3052 pruina
2221 2989 2322 3035 est.
2377 2975 2642 3032 Candoris
2687 2983 2870 3028 autem
2919 2980 2974 3026 et
3025 2969 3325 3025 dulcedinis
3380 2966 3549 3021 habet

1977 3073 2292 3142 plurimum.
2341 3068 2478 3135 Quid
2520 3067 2666 3122 enim
2717 3065 3021 3127 candidius,
3056 3062 3185 3132 quid
3217 3058 3551 3130 splendidius

1982 3161 2285 3219 eruditione
2319 3158 2552 3215 divina?
2598 3156 2739 3223 Quid
2789 3153 3040 3221 dulcius,
3086 3152 3284 3220 quidve
3332 3149 3552 3204 suavius

1976 3255 2205 3326 eloquiis
2246 3251 2457 3306 Domini
2485 3291 2503 3318 ,
2538 3263 2658 3320 qua!
2687 3257 2814 3302 sunt
2843 3259 3004 3314 super
3037 3243 3140 3298 mel
3173 3252 3230 3298 et
3265 3243 3442 3296 favum
3467 3237 3554 3294 “2

1981 3347 2084 3401 Sed
2114 3344 2242 3414 quid
2271 3353 2354 3399 est
2377 3343 2521 3412 quod
2553 3341 2703 3405 dicit,
2735 3347 2792 3393 ut
2814 3339 2867 3392 in
2896 3338 2984 3392 die
3013 3346 3167 3390 sexto
3192 3334 3416 3404 duplum
3441 3331 3556 3386 col-

1979 3438 2176 3508 ligatur
2208 3437 2261 3489 in
2311 3433 2733 3504 repromissione
2763 3469 2780 3494 ,
2827 3438 3088 3498 quantum
3129 3425 3358 3481 sufﬁciat
3385 3425 3550 3478 etiam

1980 3525 2328 3582 Sabbato“?
2365 3523 2479 3578 Hoc
2519 3521 2816 3577 secundum
2849 3529 3088 3574 nostram
3135 3515 3549 3587 intelligentiam

1981 3634 2086 3672 non
2117 3617 2297 3680 otiosi,
2332 3630 2431 3669 nec
2459 3613 2641 3669 securi
2679 3609 2984 3681 praeterire,
3009 3610 3094 3663 vel
3127 3609 3362 3664 transire
3390 3607 3557 3662 debe-

1980 3725 2118 3764 mus.
2150 3707 2348 3762 Sextus
2379 3707 2495 3762 dies
2534 3714 2617 3759 est
2646 3704 2762 3758 haec
2789 3703 2843 3754 in
2873 3715 2976 3768 qua
3009 3714 3152 3754 nunc
3176 3714 3366 3754 sumus
3392 3699 3503 3753 vita
3529 3713 3552 3755 :

1983 3801 2034 3852 in
2085 3815 2178 3854 sex
2216 3799 2359 3853 enim
2388 3796 2578 3852 diebus
2612 3793 2872 3848 Dominus
2913 3790 3044 3846 fecit
3079 3794 3226 3847 hunc
3265 3793 3548 3850 mundum.

1981 3891 2094 3945 Hac
2119 3905 2250 3958 ergo
2273 3889 2361 3944 die
2393 3898 2602 3943 tantum
2635 3901 2898 3956 reponere
2944 3896 3000 3942 et
3041 3885 3342 3941 recondere
3387 3883 3552 3939 debe—

1982 3999 2103 4040 mus
2127 4022 2142 4048 ,
2185 3990 2446 4052 quantum
2484 3979 2720 4035 sufﬁciat
2765 3987 2820 4033 et
2876 3979 2930 4034 in
2974 3978 3156 4033 futuro
3193 3978 3300 4032 die.
3335 3976 3390 4032 Si
3421 3977 3550 4046 quid

1982 4077 2122 4131 enim
2156 4075 2244 4129 llic
2277 4075 2405 4130 boni
2435 4074 2617 4142 operis
2640 4073 2918 4142 acquiras,
2947 4073 2993 4127 si
3019 4073 3147 4141 quid
3171 4072 3418 4141 iustitiae,
3450 4070 3553 4124 mi-

1983 4168 2292 4224 sericordia:
2320 4176 2375 4222 et
2425 4165 2641 4234 pietatis
2681 4165 2970 4228 recondas,
3007 4167 3106 4218 hoc
3143 4163 3243 4217 tibi
3280 4163 3332 4215 ill
3365 4160 3552 4214 futuro

1983 4260 2181 4314 saeculo
2221 4259 2324 4313 erit
2360 4257 2534 4312 cibus.
2585 4254 2838 4323 Nunquid
2876 4270 2983 4309 non
3041 4257 3114 4309 ita
3159 4255 3212 4308 in
3258 4252 3552 4322 Evangelia

311 4365 431 4418 (tum
456 4359 541 4404 εει
571 4346 792 4402 sabbati
818 4388 832 4412 υ
879 4344 1040 4416 155-
1081 4354 1356 4400 Cessalllm
1398 4353 1513 4410 εει,
1562 4343 1679 4399 Sine
1715 4342 1879 4396 άιώίο
1910 4371 1954 4425 ι)
1985 4351 2231 4422 legimus,
2264 4349 2390 4418 quia
2418 4348 2508 4416 qui
2547 4346 2838 4416 acquisivit
2877 4348 2966 4401 hic
2994 4349 3180 4401 decem
3214 4345 3450 4410 talenta,
3477 4343 3552 4399 ibi

313 4441 532 4495 initium
570 4441 689 4508 ejus
718 4455 746 4493 a
783 4438 873 4493 die
912 4439 1117 4506 prima,
1156 4451 1278 4506 qua:
1308 4446 1386 4490 est
1422 4435 1538 4488 dies
1570 4434 1871 4497 Dominica,

316 4531 435 4585 fuit.
459 4531 614 4598 Quod
643 4531 686 4585 si
719 4545 785 4584 ex
813 4529 1006 4582 divinis
1033 4526 1334 4596 Scripturis
1358 4526 1459 4579 hoc
1484 4534 1718 4588 constat,
1737 4526 1878 4593 quod

316 4626 400 4679 die
430 4623 709 4678 Dominica
739 4621 879 4676 Deus
905 4622 1039 4691 pluit
1060 4636 1256 4676 manna
1283 4620 1349 4674 de
1381 4619 1541 4684 coelo,
1577 4626 1632 4672 et
1657 4619 1709 4672 in
1743 4618 1881 4674 Sab-

317 4717 442 4772 bato
466 4730 572 4770 non
595 4714 752 4784 pluit,
785 4713 1086 4783 intelligant
1114 4711 1283 4768 Judaei
1309 4711 1420 4780 jam
1453 4721 1580 4765 tunc
1602 4710 1882 4778 prmlatnm

319 4825 434 4864 esse
453 4808 789 4862 Dominicam
814 4818 1054 4860 nostram
1077 4803 1305 4860 Iudaico
1333 4805 1594 4868 Sabbato,
1617 4803 1728 4872 jam
1757 4814 1884 4857 tunc

319 4901 617 4955 indicatum
644 4899 785 4967 quod
817 4899 869 4952 in
898 4898 1135 4952 Sabbato
1173 4898 1434 4967 ipsorum,
1485 4897 1655 4965 gratia
1695 4895 1785 4949 Dei
1815 4894 1883 4948 ad

315 5008 409 5047 eos
442 4993 510 5046 de
540 4993 684 5046 ccelo
721 4990 865 5044 nulla
898 4989 1276 5054 descenderit,
1320 4989 1478 5058 panis
1510 4987 1752 5043 caelestis
1790 4985 1881 5055 qui

317 5096 398 5139 est
424 5098 608 5139 sermo
634 5083 752 5148 Dei,
785 5083 851 5137 ad
878 5097 972 5137 eos
1004 5082 1182 5137 nullus
1207 5082 1434 5136 venerit.
1482 5081 1623 5135 Dicit
1650 5080 1794 5134 enini
1832 5092 1884 5134 et

1983 4444 2191 4512 accepit
2219 4443 2401 4496 decem
2430 4441 2682 4496 civitates
2701 4482 2718 4506 ,
2749 4450 2802 4494 et
2840 4440 2930 4509 qui
2959 4438 3253 4508 acquisivit
3293 4446 3550 4506 quatuor,

1977 4537 2185 4605 accepit
2215 4544 2451 4604 quatuor
2491 4535 2742 4590 civitates
2766 4534 2856 4589 “T
2908 4534 3019 4589 Ho'c
3059 4534 3312 4602 estquod
3357 4541 3412 4586 et
3454 4545 3555 4602 per

1976 4629 2138 4683 aliam
2159 4627 2384 4696 ﬁguram
2400 4626 2690 4696 Apostolus
2704 4627 2899 4682 dicit"
2928 4646 2940 4681 :
2975 4641 2996 4676 ι
3025 4625 3177 4691 Quod
3209 4623 3354 4678 enim
3388 4623 3552 4679 semi-

1983 4718 2193 4774 naverit
2237 4719 2417 4784 homo,
2454 4719 2558 4773 hoc
2605 4726 2661 4772 et
2707 4725 2897 4772 metet.
2934 4734 2954 4768 ι
2988 4715 3128 4782 Quid
3171 4729 3302 4785 ergo
3339 4715 3552 4784 agimus

1981 4829 2079 4868 nos
2101 4813 2191 4882 qui
2214 4826 2457 4865 amamus
2475 4811 2606 4865 illud
2633 4810 2948 4877 recondere,
2976 4808 3118 4878 quod
3147 4815 3555 4876 corrumpatur,

1982 4918 2088 4956 non
2123 4901 2262 4970 quod
2305 4907 2656 4970 permaneat,
2690 4908 2746 4955 et
2796 4900 3055 4968 perduret
3104 4899 3157 4952 in
3208 4893 3554 4950 crastinum!

1983 4993 2189 5048 Divites
2235 4992 2396 5062 hujus
2442 4991 2626 5047 saeculi
2674 5005 2738 5046 ea
2767 4990 3070 5045 recondunt
3094 5003 3212 5058 qua:
3241 4987 3293 5042 in
3322 4987 3424 5041 hoc
3447 5001 3553 5040 sa:-

1981 5082 2124 5144 culo,
2153 5083 2262 5137 ilno
2295 5099 2416 5136 cum
2445 5085 2646 5138 saeculo
2677 5090 3124 5151 corrumpuntur.
3154 5077 3209 5134 Si
3243 5094 3347 5148 qua
3372 5085 3552 5132 autem

385 5193 407 5225 ‘
429 5194 445 5248 I
464 5192 594 5248 Cor.
616 5191 779 5257 x,ll.
842 5192 864 5224 ⁸
889 5192 1056 5245 Exod.
1084 5205 1194 5251 xw,
1217 5189 1305 5244 12.
1365 5191 1386 5221 ⁸
1407 5188 1536 5242 ibid.
1560 5189 1679 5254 4,5.
1731 5189 1750 5219 "
1784 5189 1936 5246 Rom.
1963 5205 2040 5244 lx.
2098 5191 2119 5223 ⁸
2139 5192 2304 5246 Exod.
2328 5192 2552 5259 xVI,26.
2579 5192 2671 5246 22.
2735 5193 2756 5224 9
2783 5191 2908 5247 Ose.
2931 5208 3014 5256 Ill,
3043 5192 3101 5246 4.
3166 5191 3211 5222 ¹⁰
3233 5189 3334 5245 Isa.
3357 5206 3430 5259 vr,
3464 5190 3548 5245 IO.

321 5263 361 5297 “
383 5263 542 5321 Rom.
571 5279 685 5326 xw,
719 5262 774 5316 9..

388 5356 718 5430 (19)4Αιίίιε,
767 5371 786 5430 ¢_
821 5355 1128 5430 quicunque
1174 5352 1488 5418 intulerint,
1525 5372 1545 5406 ι
1587 5353 1682 5408 sed
1711 5369 1867 5420 niss.,

327 5443 348 5477 ι
383 5425 742 5493 quodcunque
776 5425 1071 5478 inlttleriul.
1113 5443 1132 5476 ι

392 5492 499 5565 (20)
531 5492 674 5562 Quid
701 5504 777 5548 est
801 5497 895 5547 hoc
920 5495 944 5547 2
973 5495 1090 5549 Filii
1133 5493 1294 5548 Israel
1325 5501 1620 5565 conspecto
1629 5492 1872 5565 primum

325 5561 828 5646 ntallna,_dixertlnt
873 5574 972 5646 mra
1152 5567 1277 5646 quid
1320 5573 1395 5616 est
1433 5563 1571 5616 hoc?
1606 5561 1740 5614 Illuc
1781 5579 1878 5646 no:

328 5636 518 5691 utilium
550 5637 882 5694 interpretes
913 5633 1222 5702 der'lvarunt
1261 5649 1457 5691 nomen
1489 5649 1698 5688 manna.
1733 5633 1878 5694 (Illud

853 5262 895 5294 ¹²
920 5261 1064 5316 Psal.
1093 5276 1250 5323 xvm,
1273 5261 1363 5314 10.
1424 5259 1467 5291 ⁸³
1491 5260 1658 5314 Exod.
1695 5275 1806 5326 xvi,
1836 5260 1926 5319 ‘22.

1996 5261 2040 5293 “
2067 5261 2254 5316 Matth.
2291 5277 2419 5317 xxv.
2499 5264 2542 5295 ¹⁵
2582 5263 2760 5317 Galat.
2806 5278 2891 5329 γι,
2939 5263 2992 5316 7.

1973 5356 2301 5410 recentiores
2345 5356 2552 5408 malunt
2594 5355 2863 5410 deducere
2908 5371 2937 5410 a
2985 5356 3150 5411 verbo
3179 5365 3320 5421 mn,
3345 5354 3396 5408 in
3436 5354 3550 5423 pili.

1975 5430 2201 5496 paravit,
2243 5427 2556 5495 prwparavit
2590 5427 2662 5478 ita
2716 5431 2884 5509 υιτῃ,
2927 5443 3068 5492 mali,
3095 5442 3286 5478 manna
3316 5427 3386 5479 sit
3416 5441 3552 5492 prai-

1980 5529 2200 5588 paralus
2227 5518 2370 5571 cibus
2400 5527 2492 5569 aut
2523 5531 2858 5583 comparatus
2889 5519 3003 5573 sine
3035 5518 3247 5585 labare,
3277 5526 3337 5572 ut
3363 5517 3550 5586 appel-

1980 5590 2120 5644 lulur
2146 5588 2438 5654 Sapientia:
2471 5601 2587 5656 cap.
2624 5603 2734 5656 xw,
2765 5589 2857 5646 ‘20.
