4050 6142
425 236 533 290 547

1885 229 2202 287 ORIGENIS

3563 225 3680 282 548

425 356 566 406 bona
617 366 781 422 onera
831 349 1174 416 recondunt,
1227 350 1316 404 illa
1368 360 1688 422 permanent
1733 365 1904 420 usque
1945 348 1999 402 in
2029 353 2075 407 Α
2106 347 2669 417 inveneruntangelos
2699 362 2819 401 cum
2863 346 3063 416 ingenti
3102 345 3350 400 claritate
3382 345 3447 398 ad
3481 349 3677 415 sepul-

422 455 749 500 Cl‘aSlllllilﬂ.

497 537 551 591 6.
591 537 835 605 Denique
883 536 962 590 sic
995 535 1256 606 scriptum
1288 547 1404 600 est,
1439 537 1582 606 quod
1613 536 1705 606 qui
1753 536 1998 591 infideles

427 629 667 691 fuerunt,
708 647 726 678 ι
765 638 1139 686 servaverunt.
1175 629 1369 698 inquit,
1395 629 1462 682 de
1502 645 1721 692 manna,
1754 640 1806 684 et
1848 629 2000 684 ebul-

427 717 712 772 lieruntex
742 733 807 772 eo
836 734 1071 782 vermes,
1102 729 1156 774 ct
1178 720 1510 780 computruit
1531 721 1630 773 “.t
1660 721 1790 775 Illud
1820 735 1996 777 autem

425 812 571 881 quod
603 827 701 879 pro
743 812 830 866 die
860 813 1084 867 Sabbati
1117 814 1510 880 reponebatur,
1541 829 1646 869 non
1687 824 1772 869 est
1814 830 2004 870 corru-

428 913 602 971 ptum,
637 917 812 970 neque
841 918 1055 957 vermes
1082 903 1410 959 ebullierunt
1443 906 1495 959 in
1525 921 1612 969 eo,
1639 907 1730 962 sed
1759 921 2003 977 perman-

429 996 502 1047 sit
529 993 638 1065 (2!)
669 994 960 1061 integrum.
989 994 1057 1048 Et
1091 1003 1145 1048 tu
1179 1010 1310 1064 ergo
1343 998 1386 1050 si
1418 1006 1637 1067 propter
1680 1007 2003 1068 praesentem

430 1087 597 1139 vitam
635 1088 1012 1141 tantummodo
1048 1095 1102 1141 et
1141 1098 1363 1156 propter
1403 1101 1642 1144 amorem
1673 1090 1853 1143 saeculi
1889 1092 2004 1144 the-

431 1177 690 1238 saurizes.
724 1177 980 1232 continuo
1011 1193 1222 1234 vermes
1251 1180 1537 1234 ebulliunt.
1569 1181 1851 1246 Quomodo
1881 1197 2005 1236 ver-

434 1283 550 1322 mes
595 1269 904 1322 ebulliunt?
953 1271 1094 1324 Audi
1139 1271 1204 1325 de
1261 1272 1662 1340 peccatoribus,
1705 1283 1763 1327 et
1817 1274 2002 1342 iis-qui

435 1376 674 1430 priesens
711 1361 962 1416 saeculum
994 1364 1259 1433 diligunt,
1291 1380 1413 1433 qua:
1444 1367 1516 1420 sit
1558 1367 1836 1435 prophetae
1881 1381 2006 1420 sen-

437 1454 636 1508 tentia:
672 1471 690 1504 ι
718 1452 931 1510 Vermis
951 1457 1119 1522 enim,
1145 1456 1340 1525 inquit,
1365 1472 1553 1512 eorum
1583 1474 1689 1513 non
1718 1460 2003 1524 morietur,

435 1555 490 1598 et
518 1545 658 1614 ignis
674 1561 861 1600 eorum
886 1563 992 1601 non
1010 1550 1386 1620 exstinguetur
1404 1551 1467 1604 ".
1497 1569 1516 1604 ι
1535 1552 1625 1606 Isti
1648 1561 1772 1607 sunt
1797 1568 2009 1608 vermes

435 1653 574 1705 quos
599 1650 820 1708 generat
843 1641 1094 1704 avaritia,
1118 1641 1205 1695 isti
1237 1651 1365 1696 sunt
1391 1657 1604 1699 vermes
1625 1660 1762 1714 quos
1783 1654 2009 1715 generat

439 1729 754 1783 divitiarum
787 1745 928 1785 caeca
965 1733 1234 1802 cupiditas
1267 1735 1332 1790 iis
1375 1737 1467 1804 qui
1500 1737 1702 1791 habent
1728 1739 2007 1807 pecunias,

439 1829 494 1872 et
521 1821 767 1875 videntes
816 1821 871 1874 in
917 1825 1244 1880 necessitate
1292 1826 1494 1882 fratres
1545 1844 1712 1895 suos,
1754 1829 2014 1884 claudunt

443 1913 510 1964 ab
547 1912 627 1967 eis
658 1912 868 1968 viscera
898 1930 1018 1970 sua.
1045 1917 1334 1988 Propterea
1365 1932 1419 1974 et
1443 1920 1739 1992 Apostolus
1767 1921 1898 1976 dicit
1921 1921 1964 1953 ¹⁸
1994 1939 2009 1976 :

447 2018 468 2051 ι
501 2002 764 2059 Divitibus
787 2015 966 2060 autem
991 2008 1150 2076 hujus
1181 2011 1361 2066 saeculi
1387 2013 1621 2080 prrecipe
1647 2028 1751 2067 non
1785 2007 2016 2082 superbe

442 2111 640 2164 sapere
666 2138 681 2163 ,
735 2113 912 2168 neque
954 2117 1176 2170 sperare
1213 2105 1264 2158 in
1309 2105 1520 2160 incerto
1555 2107 1890 2172 divitiarum,
1920 2106 2015 2160 sed

444 2187 638 2240 divites
665 2187 776 2242 sint
807 2189 858 2243 in
894 2192 1149 2260 operibus
1177 2195 1351 2257 bonis.
1384 2195 1548 2250 facile
1581 2197 1839 2263 tribuant,
1869 2213 2017 2252 com-

445 2277 756 2343 nmnicent,
783 2287 837 2333 et
867 2281 1236 2338 thesaurizent
1275 2285 1376 2338 sibi
1412 2300 1599 2339 veram
1633 2286 1820 2340 vitam.
1853 2304 1871 2337 ι
1911 2285 2018 2340 Sed

445 2367 577 2421 dicit
624 2369 823 2436 aliquis
865 2387 878 2423 :
928 2370 983 2426 Si
1040 2388 1239 2427 manna
1280 2376 1504 2430 verbum
1552 2375 1645 2430 Dei
1685 2391 1806 2433 esse
1855 2376 2017 2439 dicis,

447 2461 721 2526 quomodo
751 2477 968 2518 vermes
1013 2463 1184 2520 facit?
1210 2465 1317 2522 Nec
1361 2467 1584 2521 aliunde
1621 2469 1758 2521 fiunt
1808 2482 2021 2522 vermes

448 2548 501 2601 in
539 2551 714 2618 nobis,
741 2553 844 2607 nisi
875 2569 941 2608 ex
970 2557 1138 2612 verbo
1169 2557 1281 2612 Dei.
1321 2557 1410 2612 Sic
1438 2559 1581 2612 enim
1619 2560 1749 2614 dicit
1789 2560 1904 2629 ipse
1933 2561 1974 2595 ‘9
2003 2578 2017 2614 :

452 2659 472 2692 ι
506 2640 617 2697 Nisi
668 2648 934 2700 venissem
988 2659 1042 2702 et
1073 2649 1288 2705 locutus
1321 2652 1402 2706 eis
1449 2651 1671 2706 fuissem
1695 2691 1708 2714 ,
1743 2662 2021 2720 peccatum

451 2747 555 2786 non
587 2733 869 2791 haberent.
903 2756 922 2788 ι
959 2738 1086 2794 Post
1111 2750 1418 2809 susceptum
1448 2757 1577 2813 ergo
1603 2744 1820 2799 verbum
1853 2745 1945 2801 Dei
1975 2747 2021 2801 si

451 2824 572 2892 quis
599 2837 820 2895 peccat,
852 2830 1087 2886 efficitur
1115 2834 1165 2887 ei
1202 2835 1375 2903 ipsmn
1403 2838 1632 2892 verbum
1667 2839 1898 2902 vermis,
1929 2841 2023 2908 qui

452 2920 572 2988 ejus
594 2937 805 2990 semper
835 2924 1225 2980 conscientiam
1256 2926 1447 2994 fodiat,
1475 2937 1530 2982 et
1559 2943 1758 2984 arcana
1789 2932 2025 3000 pectoris

451 3008 572 3076 ejus
599 3009 772 3063 rodat.

529 3098 580 3152 7.
610 3098 715 3155 Sed
749 3103 877 3171 quid
905 3119 1004 3159 nos
1022 3106 1199 3162 adhuc
1231 3109 1462 3178 amplius
1491 3110 1649 3164 docet
1681 3126 1860 3168 sermo
1890 3114 2018 3169 divi-

458 3207 561 3247 nus
579 3192 658 3246 ὀἳ
675 3211 696 3246 ι
723 3194 869 3250 Etad
893 3211 1192 3267 vesperam,
1215 3201 1411 3270 inquit,
1432 3205 1616 3260 scietis
1636 3208 1761 3277 quia
1784 3223 1883 3277 ego
1906 3224 2025 3263 sum

458 3287 757 3355 Dominus,
794 3307 959 3346 mane
1009 3303 1192 3348 autem
1237 3297 1490 3352 videbitis
1540 3301 1876 3367 majestatem
1925 3303 2031 3357 Do-

459 3379 616 3434 mini.
648 3399 668 3432 ›
703 3382 768 3436 Et
791 3382 859 3437 de
897 3385 998 3439 hoc
1037 3385 1196 3440 velim
1239 3388 1370 3442 mihi
1404 3387 1574 3443 Judaei
1617 3394 2028 3461 responderent,

460 3476 732 3543 quomodo
816 3478 884 3533 ad
965 3494 1253 3550 vesperam
1335 3484 1646 3551 agnoscitur
1725 3485 2030 3550 Dominus,

464 3581 624 3620 mane
672 3577 850 3623 autem
903 3571 1122 3626 videtur
1151 3575 1426 3643 majestas
1476 3576 1612 3643 ejus.
1665 3577 1768 3633 Ubi
1831 3578 2035 3633 Domi-

464 3673 566 3712 nus
591 3661 806 3728 agnitus
838 3671 921 3716 est
963 3664 1028 3717 ad
1059 3680 1361 3734 vesperam,
1391 3677 1446 3721 et
1483 3668 1600 3735 ejus
1630 3669 1888 3737 majestas
1919 3673 2029 3725 visa

463 3759 551 3805 est
598 3768 757 3807 mane
796 3755 819 3808 ?
863 3755 1208 3826 Respondete
1271 3760 1428 3814 nobis
1493 3762 1585 3828 qui
1632 3762 1921 3816 erudimini
1966 3765 2033 3818 ab

467 3844 696 3899 infantia
761 3861 930 3916 usque
994 3849 1060 3904 ad
1121 3860 1454 3906 senectutem
1494 3867 1710 3920 semper
1767 3852 2035 3910 discentes

470 3935 626 4007 155
653 3946 706 3992 et
738 3953 1016 4008 nunquam
1049 3943 1114 3996 ad
1141 3943 1422 3997 scientiam
1446 3945 1692 3998 veritatis
1715 3945 2036 4013 pervenien-

467 4031 607 4084 tes“
645 4047 660 4085 :
703 4032 884 4097 Quare
926 4049 1031 4088 non
1061 4035 1360 4106 intelligitis
1386 4037 1498 4091 haec
1528 4038 1844 4107 prophetiee
1880 4039 1983 4093 dici
2014 4040 2037 4093 ?

468 4123 574 4178 Sed
612 4123 660 4179 si
686 4126 768 4180 vis
799 4127 898 4179 ista
933 4127 1252 4195 intelligere,
1286 4144 1390 4182 non
1425 4139 1575 4198 potes
1604 4131 1705 4186 nisi
1732 4148 1828 4201 per
1858 4135 2038 4189 Evan-

467 4219 686 4286 gelium.
717 4219 794 4273 lbi
825 4235 1058 4288 namque
1088 4221 1328 4274 invenies
1359 4224 1617 4292 scriptum
1646 4226 1712 4292 ",
1735 4228 1858 4296 quia
1895 4248 1913 4280 ι
1953 4247 2038 4285 ve-

468 4326 625 4378 spere
664 4311 907 4376 Sabbati,
932 4327 1054 4380 qua:
1081 4313 1302 4367 lucescit
1334 4314 1386 4367 in
1419 4316 1593 4384 prima
1624 4318 1868 4385 Sabbati,
1888 4323 2035 4376 venit

467 4404 634 4458 Maria
685 4405 998 4474 Magdalene
1041 4415 1095 4458 et
1125 4406 1292 4460 Maria
1322 4405 1506 4461 Jacobi
1535 4408 1599 4460 ad
1644 4412 1946 4481 sepulcrum
1980 4424 2034 4466 et

470 4495 796 4550 invenerunt
831 4497 1062 4566 lapidem
1094 4498 1392 4552 revolutum
1434 4515 1462 4552 a
1506 4513 1876 4557 monumento.
1911 4523 1929 4555 ι
1958 4503 2035 4559 lbi

470 4590 654 4644 audies
687 4598 846 4643 terrae
890 4600 1095 4643 motum
1133 4589 1354 4658 factum,
1389 4604 1738 4648 monumenta
1768 4595 2033 4664 disrupta,

469 4684 839 4739 centurionem
889 4694 943 4738 et
1001 4685 1195 4738 milites
1248 4687 1338 4754 qui
1393 4686 1456 4740 ad
1511 4687 1815 4742 custodiam
1875 4688 2036 4756 positi

469 4787 646 4841 erant,
705 4779 947 4834 dicentes
971 4779 1053 4833 ’δι
1092 4797 1112 4830 ι
1148 4779 1288 4834 Vere
1332 4779 1420 4833 hic
1467 4779 1636 4833 Filius
1683 4779 1776 4833 Dei
1825 4789 1964 4832 erat.
2009 4798 2027 4832 ι

469 4871 697 4940 Agnitus
714 4886 844 4941 ergo
872 4880 955 4924 est
978 4886 1074 4939 per
1111 4871 1224 4925 haec
1258 4871 1310 4924 in
1346 4886 1568 4940 vespera
1596 4871 1881 4935 Dominus,
1907 4873 2034 4940 quia

472 4965 588 5032 ipse
613 4963 872 5017 Dominus
898 4971 977 5015 est
1006 4962 1220 5032 agnitus
1251 4962 1302 5014 in
1346 4962 1547 5015 virtute
1597 4962 2031 5018 resurrectionis.

471 5057 580 5113 Sed
607 5057 876 5127 quomodo
919 5071 1076 5110 mane
1125 5056 1296 5127 gloria
1326 5055 1442 5122 ejus
1473 5057 1588 5109 visa
1617 5065 1701 5109 est
1724 5056 1747 5108 ?
1770 5054 1903 5110 Cum
1942 5071 2034 5111 ve-

474 5153 680 5206 nissent
701 5152 819 5206 aliae
867 5152 1124 5207 mulieres
1155 5153 1328 5222 prima
1368 5151 1592 5206 Sabbati
1638 5151 1798 5207 valde
1851 5166 2033 5215 mane,

545 5298 589 5328 ¹⁶
627 5297 794 5351 Exod.
839 5312 954 5354 xw.
982 5295 1079 5348 20..
1149 5295 1190 5325 ιτ
1223 5293 1324 5347 lsa.
1359 5310 1515 5360 LXVI,
1549 5293 1646 5346 21.
1716 5293 1760 5326 ¹³
1796 5291 1979 5345 lTim.

2132 5285 2503 5355 17,18,19.

1045 5366 1088 5396 “
1132 5363 1320 5418 Matth.
1352 5381 1544 5425 xxvm,
1601 5367 1660 5428 l;
1695 5363 1860 5416 Marc.
1906 5379 2013 5420 xvt.
2061 5364 2123 5426 l;
2187 5363 2314 5412 Luc.
2375 5373 2429 5408 ιι

1045 5437 1106 5490 ιιι.
1135 5451 1247 5495 xvi.
1279 5435 1359 5493 12.
1435 5436 1480 5466 ’θ
1509 5434 1663 5490 Joan.
1699 5451 1736 5495 ι,
1775 5435 1855 5489 14.
1934 5435 1976 5463 ³⁷
2011 5431 2206 5488 lJoan.
2250 5445 2308 5495 ιι,
2345 5427 2429 5481 19.

473 5370 518 5401 ἰ
555 5368 592 5419 11
623 5368 763 5421 Tim.
790 5383 871 5422 ιιι.
917 5368 969 5419 7.

476 5454 644 5494 xxvnt
669 5481 684 5505 ,
727 5439 781 5494 ϐ.
857 5438 902 5469 ¹⁸
935 5437 1106 5491 Exod.
1135 5451 1247 5504 xvi,
1279 5435 1359 5493 [2.

545 5559 658 5629 (2i)
684 5525 904 5629 Aliasgt
935 5566 1231 5629 permanet.
1262 5577 1280 5609 ι

549 5627 661 5701 (2‘2)
695 5627 790 5683 Sic
821 5645 987 5694 mss.;
1026 5628 1161 5701 alias
1205 5643 1333 5686 vero
1375 5647 1394 5681 ι
1433 5627 1821 5697 suscipiant....
1853 5640 2031 5682 conic-

479 5699 699 5763 dant....
737 5699 1112 5756 manducent?
1147 5718 1167 5751 ι

1435 5436 1480 5466 ’θ
1509 5434 1663 5490 Juan.
1699 5451 1736 5501 I,
1775 5435 1855 5489 14.

2098 453 2248 493 crum
2297 441 2571 504 sedentes,
2618 450 2674 494 et
2726 441 2969 496 dicentes
2996 440 3081 492 ἰτ
3117 459 3134 491 ι
3177 437 3292 491 Non
3322 447 3405 492 est
3439 439 3549 503 hic,
3585 455 3678 493 re-

2099 532 2332 585 surrexit
2361 546 2389 584 a
2427 534 2674 588 mortuis.
2706 531 2901 586 Venite
2932 539 2985 585 et
3027 532 3205 586 videte
3245 530 3419 584 locum
3453 531 3540 584 ubi
3573 547 3678 600 p0—

2101 625 2240 679 sittts
2272 635 2410 689 erat,
2435 636 2490 680 et
2520 627 2612 690 ile,
2647 626 2808 680 dicite
2837 625 3124 694 discipulis
3159 624 3276 693 ejus
3323 625 3445 693 quia
3481 640 3675 679 resur-

2102 719 2262 783 rexit,
2293 727 2348 774 et
2382 721 2650 789 praecedet
2683 735 2779 774 vos
2811 721 2862 773 in
2891 718 3190 773 Galilmam.
3229 737 3246 768 ι
3280 716 3406 772 Visa
3431 728 3510 772 est
3539 734 3679 788 ergo

2103 823 2259 863 mane
2288 811 2541 876 majestas
2597 809 2830 874 Domini,
2859 825 2983 864 cum
3032 823 3128 878 per
3177 807 3397 880 angelos
3431 824 3681 864 resurre-

2104 903 2215 956 ctio
2242 904 2485 956 nuntiata
2520 913 2625 957 est.

2161 997 2214 1050 8.
2255 995 2485 1050 Additur
2509 1005 2686 1050 autem
2719 995 2768 1048 in
2810 996 3266 1064 consequentibus
3301 1012 3314 1048 :
3358 995 3675 1066 «Vespere,

2105 1085 2281 1156 inquit
2327 1087 2394 1152 ²⁵,
2440 1085 2838 1141 manducabitis
2888 1101 3130 1154 carnem,
3161 1097 3219 1142 et
3251 1101 3406 1142 mane
3442 1089 3678 1156 replebi-

2109 1179 2238 1232 miui
2271 1179 2520 1249 panibus.
2554 1197 2573 1232 ι
2606 1179 2672 1233 Ει
2704 1180 2771 1234 de
2804 1180 2905 1234 hoc
2931 1178 3090 1233 velim
3119 1180 3280 1242 scire,
3308 1181 3452 1249 quali
3481 1182 3682 1235 ordine

2106 1270 2279 1326 Judaei
2314 1272 2590 1341 propheta
2623 1272 2765 1326 dicta
2811 1272 3144 1342 suscipiatis.
3183 1271 3321 1338 Quid
3367 1273 3507 1325 enim
3537 1287 3681 1330 con-1

2108 1363 2404 1432 sequentia
2431 1363 2716 1424 videbitur,
2749 1373 2808 1418 ut
2830 1373 2922 1418 aut
2950 1378 3175 1433 vespere
3208 1378 3402 1418 carnes
3429 1364 3546 1418 sine
3573 1379 3678 1433 pa-

2110 1455 2270 1510 nibus
2308 1454 2604 1510 comedatis
2649 1453 2782 1526 (-22),
2812 1463 2905 1508 aut
2935 1469 3092 1508 mane
3128 1470 3294 1523 panes
3316 1457 3520 1524 absque
3553 1456 3678 1525 pul—

2111 1548 2278 1600 menti
2324 1545 2626 1616 adiectione
2675 1547 3018 1600 manducetis
3061 1546 3085 1600 1’
3121 1545 3260 1613 Quid
3295 1547 3346 1601 in
3377 1548 3476 1601 hoc
3509 1548 3678 1602 divini

2114 1639 2373 1704 muneris,
2407 1638 2536 1707 quid
2573 1638 2984 1708 temperamenti
3011 1639 3201 1708 gratiae
3228 1639 3468 1694 caelestis
3495 1650 3682 1694 osten-

2113 1731 2552 1788 ditiSYHoceine
2595 1741 2679 1786 est
2729 1731 2782 1786 in
2829 1747 2936 1801 quo
2979 1732 3200 1802 agnosci
3237 1732 3404 1794 Deum
3454 1733 3678 1802 ponitis,

2114 1825 2254 1894 quod
2286 1839 2476 1878 carnes
2497 1825 2549 1878 in
2582 1837 2804 1893 vespera
2841 1823 2957 1878 sine
3003 1823 3230 1892 panibus
3264 1829 3622 1880 comedantur
3653 1823 3680 1877 τ

2115 1916 2182 1971 Et
2207 1917 2549 1986 majestatem
2593 1915 2688 1970 Dei
2731 1915 2913 1971 dicitis
2946 1930 3224 1985 apparere,
3254 1915 3298 1970 si
3343 1932 3550 1970 rursum
3582 1931 3682 1985 pa—

2117 2023 2213 2063 nes
2239 2008 2356 2063 sine
2385 2007 2644 2063 carnibus
2684 2007 3039 2062 comedantur
3065 2007 3088 2060 ?
3117 2006 3220 2061 Sed
3252 2007 3401 2061 vobis
3433 2007 3531 2061 ista
3565 2023 3682 2061 ser-

2119 2111 2262 2165 vate,
2289 2110 2344 2154 et
2366 2101 2431 2156 iis
2455 2104 2542 2170 qui
2567 2100 2914 2169 acquiescunt
2941 2100 3113 2164 vobis,
3145 2108 3198 2153 et
3234 2098 3286 2153 in
3312 2100 3683 2155 coturnicibus

2120 2194 2340 2264 agnosci
2393 2207 2553 2262 posse
2585 2192 2752 2246 Deum
2787 2201 2995 2261 putant.
3025 2189 3132 2244 Nos
3166 2201 3343 2244 autem
3392 2190 3586 2259 quibus
3627 2192 3680 2245 in

2121 2287 2229 2342 fine
2257 2285 2460 2349 saeculi,
2490 2285 2574 2340 vel
2597 2286 2663 2339 ad
2689 2298 2970 2353 vesperam
3002 2282 3208 2348 mundi,
3239 2300 3260 2333 c
3288 2281 3524 2335 Verbum
3554 2297 3684 2337 caro

2121 2379 2325 2433 factum
2354 2377 2519 2444 est",
2544 2396 2565 2430 ι
2590 2378 2640 2431 in
2671 2376 2758 2430 illa
2790 2389 2954 2430 carne
2978 2374 3194 2442 agnosci
3227 2374 3455 2429 dicimus
3489 2374 3683 2441 Demn,

2121 2486 2283 2540 quam
2334 2470 2572 2541 suscepit
2610 2485 2678 2524 ex
2724 2469 2972 2534 Virgine.
3008 2469 3147 2524 Istas
3193 2471 3335 2524 enim
3372 2468 3537 2524 Verbi
3589 2468 3684 2522 Dei

2125 2577 2340 2627 carnes,
2367 2577 2538 2632 neque
2571 2576 2729 2616 mane
2756 2561 2968 2632 aliquis,
2997 2576 3170 2630 neque
3198 2563 3424 2615 meridie
3452 2562 3684 2614 mandu-

2125 2656 2282 2721 cavit,
2314 2657 2408 2711 sed
2445 2656 2511 2709 ad
2553 2668 2853 2724 vesperam.
2884 2653 3162 2707 Adventus
3183 2653 3327 2706 enim
3380 2651 3589 2705 Domini
3629 2652 3684 2705 in

2125 2757 2292 2801 carne
2318 2745 2385 2800 ad
2413 2758 2692 2814 vesperam
2728 2742 2905 2796 factus
2929 2750 3013 2795 est
3038 2758 3052 2794 :
3083 2741 3226 2796 sicut
3271 2749 3325 2797 et
3351 2740 3584 2796 Joannes
3613 2741 3692 2795 di-

2127 2841 2200 2894 cit
2222 2839 2266 2869 ²⁷
2299 2857 2312 2894 :
2348 2856 2366 2889 ι
2403 2836 2582 2902 Pueri,
2603 2836 2897 2890 novissima
2922 2836 3052 2888 hora
3075 2843 3177 2889 est.
3204 2852 3221 2885 ι
3243 2833 3348 2887 Sed
3373 2851 3391 2884 ι
3421 2842 3477 2888 et
3505 2849 3685 2898 mane,

2131 2931 2323 3000 inquit,
2369 2929 2700 2998 replebimiui
2746 2925 2993 2996 panibus.
3023 2945 3042 2978 ι
3077 2925 3242 2981 Nobis
3276 2935 3328 2980 et
3363 2926 3539 2994 panis,
3573 2939 3692 2978 ver-

2049 3037 2095 3096 c
2127 3026 2252 3080 butn
2286 3023 2376 3077 Dei
2410 3031 2491 3078 est
2542 3021 2673 3094 (9.3).
2720 3020 2837 3089 Ipse
2884 3019 3026 3073 enim
3071 3019 3228 3086 panis
3275 3019 3451 3081 vivus,
3482 3017 3570 3086 qui
3625 3018 3704 3085 de,

2130 3117 2266 3172 coelo
2320 3116 2617 3180 descendit,
2649 3122 2704 3169 et
2738 3114 2902 3166 vitam
2943 3113 3033 3165 dat
3083 3112 3207 3165 huic
3257 3111 3458 3164 mundo
3487 3110 3554 3164 ⁸⁸.
3586 3109 3694 3164 Sed

2132 3210 2404 3280 quomodo
2453 3209 2588 3262 dicit
2637 3221 2796 3262 mane
2830 3205 2948 3259 dari
2987 3205 3128 3258 hunc
3159 3218 3372 3272 panem,
3416 3218 3538 3256 cum
3596 3204 3695 3256 ad-

2129 3312 2351 3356 ventum
2383 3299 2498 3369 ejus
2531 3300 2584 3353 in
2612 3313 2779 3354 carne
2813 3297 3012 3350 factum
3058 3295 3359 3350 dixerimus
3393 3297 3458 3349 ad
3502 3287 3695 3366 vespe-

2133 3411 2248 3449 ram
2278 3395 2300 3448 ‘i
2330 3393 2442 3448 Hoc
2473 3392 2630 3446 modo
2673 3389 3082 3459 intelligendum
3124 3402 3273 3459 puto,
3301 3392 3443 3460 quod
3489 3390 3554 3443 ad
3602 3405 3697 3442 ve-

2134 3501 2348 3557 speram
2391 3486 2607 3554 quidem
2643 3481 2919 3552 vergentis
2970 3481 3157 3534 mundi
3213 3491 3270 3537 et
3318 3496 3484 3553 prope
3535 3481 3695 3535 finem

2133 3597 2325 3637 cursus
2355 3581 2434 3634 sui
2460 3579 2618 3649 positi
2649 3579 2905 3632 Dominus
2927 3580 3160 3644 venerit,
3180 3577 3273 3633 sed
3313 3581 3546 3632 adventu
3576 3593 3697 3645 sno,

2136 3673 2390 3743 quoniam
2415 3674 2528 3742 ipse
2555 3683 2636 3727 est
2665 3672 2743 3728 sol
2762 3672 3004 3742 justitiae,
3024 3686 3220 3725 novum
3244 3671 3586 3725 credentibus
3611 3686 3697 3722 re-

2135 3765 2411 3836 paraverit
2441 3766 2606 3820 diem.
2653 3765 2788 3830 Quia
2835 3779 2964 3833 ergo
2999 3777 3194 3817 novum
3227 3761 3422 3814 mundo
3460 3761 3701 3815 scientiae.

2137 3861 2318 3914 lumen
2376 3858 2643 3923 accendit,
2691 3857 2831 3910 diem
2864 3857 2975 3927 (24)
3014 3872 3168 3910 suum
3193 3853 3587 3923 quodammodo
3616 3853 3699 3905 ef-

2139 3954 2266 4008 fecit
2291 3962 2346 4007 et
2379 3967 2535 4006 suum
2568 3964 2728 4004 mane
2761 3961 3018 4019 tanquam
3046 3948 3271 4018 justitia:
3311 3947 3390 4001 sol
3424 3947 3699 4014 produxit,

2138 4046 2274 4100 etin
2311 4045 2410 4099 hoc
2441 4058 2596 4096 mane
2647 4041 2924 4110 replentur
2971 4040 3203 4110 panibus
3255 4041 3345 4108 qui
3401 4040 3516 4109 ejus
3565 4055 3701 4108 pra:—

2139 4146 2291 4204 ccpta
2321 4132 2642 4202 suscipiunt.
2676 4131 2789 4185 Nec
2838 4131 3052 4184 mireris
3083 4131 3206 4198 quia
3255 4132 3476 4186 verbum
3523 4132 3614 4185 Dei
3649 4139 3705 4184 et

2138 4243 2268 4283 caro
2298 4227 2520 4290 dicitur,
2559 4234 2614 4280 et
2642 4224 2817 4292 panis,
2843 4231 2897 4276 et
2938 4221 3023 4276 lac
3065 4223 3282 4288 dicitur,
3310 4233 3365 4277 et
3394 4223 3539 4278 olera
3565 4223 3705 4277 dicio

2143 4331 2250 4384 lttr,
2285 4329 2340 4374 et
2373 4335 2470 4388 pro
2511 4332 2767 4372 mensura
2818 4314 3186 4381 credentium,
3214 4317 3294 4371 vel
3351 4317 3706 4384 possibilitate

2139 4414 2466 4469 sumentium
2501 4411 2712 4462 diverse
2746 4409 3075 4462 nominatur.
3105 4405 3289 4461 Potest
3315 4415 3493 4460 tamen
3521 4416 3576 4460 et
3605 4408 3707 4460 hoc

2137 4503 2387 4572 intelligi,
2450 4502 2592 4570 quod
2639 4508 2760 4567 post
2817 4499 3266 4552 resurrectionem
3326 4513 3477 4550 suam
3539 4514 3699 4567 quam

2137 4609 2300 4650 mane
2331 4592 2671 4647 ostendimus
2705 4589 2926 4655 factam,
2959 4590 3239 4642 credentes
3286 4589 3574 4658 repleverit
3615 4606 3707 4660 pa-

2143 4687 2323 4747 nibus,
2364 4699 2460 4752 pro
2505 4697 2571 4737 eo
2614 4683 2757 4752 quod
2804 4681 2974 4736 libros
3027 4681 3162 4752 legis
3211 4692 3266 4736 et
3324 4682 3705 4751 prophetarum

2145 4779 2357 4848 ignotos
2382 4775 2531 4844 prius
2557 4783 2612 4828 et
2656 4770 2960 4841 incognitos
3004 4772 3209 4826 dederit
3238 4773 3410 4837 nobis,
3444 4781 3498 4826 et
3520 4773 3586 4825 ad
3623 4772 3708 4824 in-

2143 4870 2499 4928 structionem
2523 4876 2765 4920 nostram
2792 4867 2904 4919 haec
2925 4864 3179 4920 Ecelesim
3204 4866 3557 4919 instrumenta
3579 4881 3708 4921 con-

2143 4961 2386 5024 cesserit,
2419 4970 2478 5014 ut
2507 4960 2620 5028 ipse
2655 4959 2726 5013 sit
2750 4959 2904 5027 panis
2939 4960 2991 5012 in
3023 4958 3548 5028 Evangeliowmteri
3584 4973 3711 5010 vero

2143 5057 2263 5111 libri
2283 5053 2415 5123 legis
2442 5052 2527 5107 vel
2566 5053 2979 5121 pr0phetarum,
3012 5051 3095 5104 vel
3130 5051 3498 5112 historiarum,
3530 5048 3712 5118 plures

2143 5143 2396 5217 appellati
2446 5150 2571 5198 sunt
2611 5155 2799 5211 panes,
2833 5156 2900 5194 ex
2949 5139 3144 5208 quibus
3185 5137 3494 5207 repleantur
3523 5135 3614 5204 qui
3643 5148 3709 5186 ex

2603 5282 2646 5313 ¹⁹
2679 5283 2832 5334 Joan.
2860 5295 2954 5340 xv,
2987 5277 3076 5330 ‘22.
3151 5277 3196 5307 ²⁰
3231 5274 3403 5329 Exod.
3434 5289 3548 5327 xvi.
3574 5273 3626 5336 6,
3658 5272 3708 5330 7,

2187 5343 2314 5412 lfuc.
2364 5343 2535 5416 'xxm,
2565 5353 2620 5405 2.
2717 5352 2762 5382 ³³
2798 5349 2987 5401 Matth.
3036 5362 3210 5413 xxvtt,
3256 5346 3344 5399 54.
3439 5345 3486 5377 ³⁸
3520 5343 3708 5398 Matth.

2504 5425 2549 5456 ²⁸
2574 5424 2728 5477 Joan.
2761 5436 2835 5484 vr,
2861 5419 2948 5472 33.

2217 5549 2329 5620 (25)
2371 5545 2538 5620 Alias,
2571 5561 2590 5592 ι
2634 5540 2789 5620 nobis
2818 5538 2870 5591 in
2915 5511 3260 5620 qtt‘o‘posittts
3279 5531 3712 5620 estpanis,vcr~

2143 5611 2268 5678 bum
2303 5611 2390 5670 Dei
2426 5625 2528 5670 est.
2567 5632 2584 5664 ι
2633 5611 2737 5664 Sed
2773 5614 2994 5678 mss.7_nt
3031 5611 3084 5657 in
3119 5615 3304 5657 uestro
3329 5611 3502 5658 textu.

2216 5689 2327 5763 (Ἦ)
2370 5685 2518 5750 11155.,
2558 5703 2576 5734 ι
2617 5683 2777 5737 diem.
2811 5698 2828 5730 ι
2859 5675 3027 5740 Alias,
3064 5695 3080 5726 ι
3110 5689 3285 5729 mane.
3320 5692 3338 5724 ι
