4050 6142
247 247 368 303 349

1479 247 1545 302 ΙΝ
1584 245 1873 304 EXODUM
1911 246 2194 304 HOMILIA
2233 246 2370 305 Vill.

3423 246 3538 301 τεο

249 368 514 441 gentibus
538 367 797 423 credunt.
832 367 988 437 Quod
1022 376 1205 424 tamen
1252 384 1360 425 non
1386 369 1507 425 sine
1533 373 1846 442 prophetica
1876 379 1925 436 Α
1953 383 2124 428 strum
2169 373 2370 427 ardens
2419 375 2537 423 erat
2567 367 2710 422 intra
2749 382 2880 435 nos,
2915 381 3037 423 cum
3078 366 3316 435 aperiret
3372 368 3529 422 nobis

252 464 591 516 auctoritate
652 460 864 516 factum
916 462 1193 516 docemus.
1241 462 1573 517 Praedixerat
1621 479 1855 532 namque

253 552 428 607 Isaias
471 551 739 620 propheta
771 552 876 606 hoc
909 551 1069 605 modo
1092 553 1135 583 ²⁹
1164 569 1178 605 ;
1219 569 1238 603 t
1277 551 1587 607 Ascendent
1613 554 1664 608 in
1697 571 1854 609 mon-

257 658 390 709 tem,
432 644 628 699 bibent
673 645 901 710 vinum,
933 654 1208 717 ungenlur
1261 655 1557 715 unguento.
1604 666 1625 700 ι
1680 647 1855 704 Trade

251 738 372 791 huc
400 737 591 790 omnia
622 739 879 806 gentibus
913 755 928 790 :
961 736 1248 793 consilium
1299 735 1444 789 enim
1478 737 1692 793 Domini
1733 754 1854 793 om-

253 831 567 897 nipotentis
596 841 682 886 est
709 831 832 886 hoc.
873 831 932 887 Si
983 846 1114 900 ergo
1158 839 1532 900 competenter
1559 840 1613 886 et
1661 847 1855 887 carnes

254 922 327 975 ad
351 937 648 991 vesperam
681 925 1084 992 acccpimus,et
1107 925 1338 995 panibus
1370 925 1646 992 replemur
1673 943 1850 992 mane,

254 1017 382 1085 quia
419 1031 525 1070 nec
578 1018 841 1085 possibile
883 1029 1003 1074 erat
1054 1020 1211 1074 nobis
1241 1033 1401 1073 mane
1441 1034 1640 1074 carnes
1668 1021 1849 1084 edere,

255 1109 502 1160 nondum
532 1109 680 1164 enim
718 1119 928 1181 tempus
958 1121 1100 1178 erat,
1129 1112 1221 1167 sed
1254 1127 1357 1168 nec
1387 1112 1612 1167 meridie
1635 1122 1850 1180 potera-

255 1216 402 1254 mus.
449 1200 551 1255 Vix
586 1202 732 1256 enim
774 1203 948 1273 angeli
972 1204 1142 1258 edunt
1185 1219 1381 1260 carnes
1413 1205 1660 1269 meridie,
1695 1216 1748 1260 et
1777 1206 1850 1260 illi

255 1292 520 1348 fortassis
577 1295 758 1347 ordini
813 1295 1171 1349 meridianum
1239 1297 1558 1352 conceditur
1620 1306 1851 1366 tempus.

256 1383 539 1438 Prmterea
576 1396 630 1439 et
667 1387 794 1440 illud
850 1387 1152 1456 intelligere
1207 1404 1492 1457 possumus
1540 1389 1682 1457 quod
1729 1390 1847 1441 uni-

258 1479 463 1547 cuique
495 1491 744 1533 nostrum
770 1495 926 1534 mane
949 1489 1053 1546 est,
1085 1490 1139 1534 et
1164 1481 1380 1536 initium
1414 1481 1524 1536 diei
1560 1482 1689 1535 illud
1716 1491 1855 1536 tem-

262 1587 382 1639 pus,
417 1584 529 1638 quo
558 1569 795 1639 primum
821 1570 1281 1637 illuminatnur,et
1305 1573 1371 1626 ad
1403 1572 1576 1626 lucem
1609 1572 1729 1625 ﬁdei
1763 1589 1855 1627 ac-

261 1663 528 1717 cedimus.
550 1662 604 1716 In
624 1661 729 1717 hoc
747 1677 875 1733 ergo
894 1673 1158 1732 tempore,
1179 1679 1285 1729 quo
1303 1662 1479 1716 adhuc
1497 1662 1550 1715 in
1572 1663 1852 1733 principiis

265 1754 388 1808 tidei
419 1754 535 1823 (25‘,
595 1770 808 1821 sumus,
839 1770 1034 1810 carnes
1065 1755 1226 1811 Verbi
1262 1755 1356 1810 Dei
1409 1758 1693 1810 comedere
1745 1774 1849 1810 non
1888 1734 1925 1787 Β

265 1863 582 1918 possumus,
611 1849 664 1902 id
688 1858 771 1902 est
801 1850 1056 1919 perfecta:
1091 1858 1146 1902 et
1169 1858 1562 1905 consummatae
1592 1850 1852 1904 doctrina:

268 1941 508 1993 nondum
558 1955 790 2010 capaces
844 1941 1182 1994 exsistimus.
1218 1939 1322 1997 Sed
1347 1952 1467 2012 post
1499 1943 1654 2010 longa
1689 1957 1851 1996 exer-

267 2034 418 2096 citia,
446 2041 572 2102 post
617 2031 921 2101 profectum
955 2033 1273 2101 plurimum,
1311 2049 1436 2089 cum
1465 2035 1576 2102 jam
1621 2034 1849 2102 proximi

271 2139 458 2178 sumus
493 2126 564 2177 ad
595 2139 901 2193 vesperam,
945 2135 1002 2178 et
1049 2125 1114 2177 ad
1145 2123 1318 2193 ipsum
1357 2125 1518 2179 ﬁnem
1562 2125 1853 2194 perfectio-

271 2218 352 2270 nis
380 2232 660 2284 urgemur,
697 2226 825 2270 umc
849 2216 1064 2269 demum
1089 2215 1366 2271 solidioris
1408 2217 1514 2272 cibi
1539 2228 1595 2273 et
1627 2218 1851 2287 perfecti

273 2311 415 2364 verbi
468 2324 702 2378 capaces
757 2308 874 2362 ﬁeri
913 2322 1217 2378 possumus.
1265 2308 1418 2366 Nunc
1457 2325 1588 2380 ergo
1629 2311 1854 2367 festine-

270 2419 386 2456 mus
413 2402 644 2457 cmleste
667 2417 868 2455 manna
897 2403 1180 2470 suscipere
1209 2419 1224 2455 :
1271 2402 1415 2456 istud
1446 2405 1590 2457 enim
1630 2420 1848 2470 manna,

267 2509 425 2570 prout
477 2499 600 2553 vult
645 2501 898 2568 quisque,
945 2499 1106 2553 talem
1149 2515 1400 2570 saporem
1453 2500 1635 2555 reddit
1671 2501 1726 2554 in
1757 2516 1855 2556 ore

264 2595 402 2660 ejus.
445 2594 586 2648 Audi
619 2594 762 2647 enim
794 2605 849 2648 et
899 2594 1183 2648 Dominum
1226 2595 1494 2650 dicentem
1539 2594 1606 2650 iis
1637 2594 1730 2665 qui
1761 2609 1854 2650 ac-

262 2688 463 2741 cedunt
492 2686 559 2740 ad
587 2699 647 2740 se
668 2685 714 2716 ³⁰
745 2703 759 2738 :
793 2704 811 2737 ι
841 2685 962 2739 Fiat
991 2686 1088 2740 tibi
1124 2687 1420 2740 secundum
1454 2686 1612 2741 ﬁdem
1645 2697 1846 2740 tuam.»

265 2779 330 2834 Et
357 2788 411 2832 tu
436 2794 572 2850 ergo
602 2777 647 2832 si
681 2778 906 2832 verbum
955 2777 1074 2840 Dei,
1104 2778 1248 2845 quod
1283 2777 1336 2831 in
1370 2777 1614 2832 Ecclesia
1654 2779 1854 2846 praedi-

262 2880 443 2934 catur,
491 2879 604 2923 tota
638 2867 764 2933 ﬁde,
809 2877 920 2922 tota
967 2868 1260 2923 devotione
1287 2868 1584 2937 suscipies,
1632 2867 1724 2923 ﬁet
1756 2870 1852 2924 tibi

264 2966 439 3030 ipsum
489 2963 736 3026 verbum,
768 2960 1129 3030 quodcunque
1175 2961 1477 3017 desideras.
1515 2960 1673 3014 Verbi
1725 2976 1854 3030 gra-

1956 463 2311 533 Scripturas?
2343 482 2362 515 ›
2393 461 2457 516 Et
2493 461 2615 516 aliis
2642 459 2757 530 ipse
2789 460 2928 527 ignis
2972 468 3081 524 est,
3109 459 3202 527 qui
3231 459 3532 529 conﬂagrat

1953 556 2142 624 spinas
2171 555 2239 610 de
2296 563 2440 607 terra
2471 551 2639 616 mala,
2676 551 2728 604 id
2768 560 2854 605 est
2903 550 2995 619 qui
3034 550 3300 619 malignas
3327 551 3530 620 cegita-

1956 648 2130 702 tiones
2161 645 2215 700 in
2236 645 2404 701 corde
2427 643 2720 699 consumit.
2746 642 2816 697 Et
2853 643 2976 697 ideo
3005 643 3380 712 peccatoribus
3409 644 3529 711 qui-

1953 739 2098 803 dem,
2128 752 2306 807 neque
2346 737 2548 792 vermis
2586 751 2820 806 arguens
2848 750 3083 805 unquam
3131 734 3245 804 (26)
3276 737 3524 800 moritur,

1953 845 2129 900 neque
2155 831 2294 898 ignis
2332 843 2570 882 exurens
2601 828 2893 897 aliquando
2925 827 3281 896 restinguitur
3312 845 3327 893 ;
3363 826 3528 896 justis

1952 935 2130 978 autem
2161 933 2216 976 et
2245 922 2492 976 ﬁdelibus
2527 929 2808 990 permanet
2857 919 3030 974 dulcis
3059 929 3111 973 et
3139 919 3344 972 suavis.
3371 938 3389 970 ι
3419 918 3528 972 Gu-

1953 1026 2090 1070 state
2105 1015 2248 1068 enim
2267 1024 2324 1068 et
2341 1014 2539 1076 videte,
2559 1014 2815 1081 quoniam
2833 1011 3015 1065 suavis
3037 1020 3120 1064 est
3140 1011 3401 1065 Dominus
3417 1011 3484 1069 ³³,
3502 1029 3521 1060 ι

1955 1111 2067 1178 ipse
2099 1107 2358 1163 Dominus
2385 1117 2440 1161 et
2467 1106 2724 1161 Salvator
2753 1114 2941 1158 noster
2963 1102 3122 1156 Jesus
3145 1103 3411 1167 Christus,
3436 1103 3525 1156 cui

1951 1212 2033 1258 est
2058 1201 2222 1273 gloria
2252 1209 2309 1255 et
2333 1201 2617 1270 imperium
2651 1198 2702 1250 in
2734 1196 2928 1250 saecula
2965 1192 3522 1250 smculorum.Amen.

2517 1310 2796 1367 HOMILIA
2825 1309 2958 1366 Vill.

2448 1406 2523 1459 De
2564 1405 2718 1458 initio
2757 1401 3028 1472 Decalogi.

2025 1500 2076 1554 Ι.
2107 1499 2295 1555 Omnis
2336 1497 2426 1566 qui
2481 1495 2676 1549 didicit
2701 1503 3052 1548 contemnere
3088 1506 3326 1561 praesens
3351 1506 3528 1546 saecu-

1952 1592 2087 1652 lum.
2114 1590 2255 1660 quod
2309 1587 2608 1656 ﬁguraliter
2655 1584 2920 1655 Egyptus
2963 1583 3287 1652 appellatur,
3335 1594 3388 1638 et
3419 1598 3518 1651 per

1956 1686 2178 1738 verhttm
2211 1681 2331 1746 Dei,
2363 1690 2420 1734 ut
2451 1680 2744 1734 secundum
2786 1675 3098 1744 Scripturas
3128 1677 3328 1740 dicam,
3348 1683 3530 1727 trans-

1953 1779 2093 1831 latus
2114 1784 2215 1836 est,
2242 1781 2295 1827 et
2324 1788 2428 1826 non
2469 1771 2766 1834 invenitur,
2795 1769 2922 1838 quia
2955 1769 3021 1821 ad
3069 1767 3324 1821 saeculum
3379 1767 3530 1821 futu-

1955 1884 2071 1922 rum
2115 1865 2342 1920 festinat
2389 1878 2452 1918 ac
2506 1861 2701 1924 tendit,
2731 1861 2798 1913 de
2831 1859 3137 1928 hujusmodi
3173 1859 3352 1911 anima
3397 1857 3528 1910 dicit

1955 1959 2214 2014 Dominus
2245 1957 2290 1988 ⁸⁸
2325 1972 2339 2008 :
2380 1972 2410 2006 ι
2449 1955 2560 2023 Ego
2602 1968 2720 2006 sum
2769 1953 3029 2006 Dominus
3065 1950 3205 2004 Deus
3249 1959 3392 2012 tuus,
3434 1947 3534 2016 qui‘

1951 2053 2111 2108 eduxi
2148 2059 2202 2105 te
2223 2051 2290 2103 de
2320 2057 2459 2103 terra
2482 2046 2724 2117 Egypti,
2749 2046 2814 2099 de
2843 2051 3002 2100 domo
3031 2043 3329 2098 servitutis.
3365 2059 3384 2094 ι
3411 2040 3524 2094 Non

1951 2161 2083 2213 ergo
2119 2145 2233 2198 haec
2256 2142 2324 2195 ad
2354 2141 2474 2194 illos
2510 2149 2720 2192 tantum
2761 2136 3034 2202 dicuntur,
3061 2135 3152 2205 qui
3187 2135 3253 2188 de
3299 2131 3532 2203 {Egypto

1953 2235 2176 2308 profecti
2209 2242 2353 2298 sunt,
2378 2233 2470 2287 sed
2495 2230 2662 2284 multo
2688 2229 2858 2298 magis
2876 2229 2942 2282 ad
2977 2238 3045 2291 te,
3077 2227 3167 2296 qui
3199 2241 3341 2280 nunc
3371 2225 3530 2278 audis

1953 2332 2078 2392 ista,
2107 2330 2150 2384 si
2199 2337 2379 2382 tamen
2405 2323 2771 2393 proﬁciscaris
2795 2337 2860 2376 ex
2891 2319 3148 2390 Egypto,
3166 2329 3221 2373 et
3254 2317 3530 2387 1Egyptiis

1952 2427 2091 2480 ultra
2125 2438 2230 2477 non
2263 2419 2485 2479 servias,
2512 2417 2647 2471 dicit
2681 2417 2794 2470 hate
2823 2415 2993 2469 Deus:
3019 2432 3036 2465 ι
3071 2415 3182 2483 Ego
3206 2428 3323 2466 sum
3344 2412 3528 2465 Domi-

1952 2535 2055 2573 nus
2077 2518 2216 2570 Deus
2247 2525 2392 2575 tuus,
2411 2513 2501 2581 qui
2519 2511 2676 2566 eduxi
2697 2517 2749 2562 te
2774 2509 2841 2561 de
2863 2519 3005 2560 terra
3027 2506 3263 2577 IEgypIi,
3281 2505 3345 2558 de
3370 2505 3529 2558 domo

1953 2607 2254 2664 servitutis.
2297 2625 2314 2657 ι
2359 2603 2497 2659 Vide
2539 2601 2582 2657 si
2637 2615 2742 2656 non
2793 2599 3009 2669 negotia
3058 2597 3261 2660 saeculi,
3291 2605 3344 2650 et
3373 2605 3529 2650 actus

1953 2701 2159 2766 carnis,
2192 2699 2386 2753 domus
2423 2705 2507 2750 est
2541 2694 2827 2749 servitutis
2876 2709 2891 2746 :
2930 2693 3071 2746 sicut
3115 2705 3329 2745 rursum
3359 2702 3527 2742 econ-

1954 2794 2120 2848 trario
2151 2792 2460 2859 relinquere
2490 2785 2798 2850 saecularia,
2835 2795 2888 2840 et
2916 2784 3213 2839 secundum
3258 2781 3424 2834 Deum
3449 2780 3530 2832 vi-

1950 2901 2102 2950 vere,
2160 2886 2351 2940 domus
2411 2890 2494 2936 est
2541 2878 2831 2942 libertatis,
2873 2878 3012 2933 sicut
3060 2885 3118 2930 et
3172 2875 3429 2928 Dominus
3473 2873 3527 2925 in

1953 2978 2245 3048 Evangelio
2269 2977 2401 3030 dicit
2423 2973 2468 3006 ⁸ο
2491 2992 2501 3027 :
2524 2990 2543 3023 ι
2582 2971 2638 3026 Si
2664 2971 3076 3043 permanseritis
3103 2969 3155 3022 in
3189 2967 3355 3020 verbo
3384 2979 3525 3030 meo,

264 3056 360 3120 tia,
419 3053 467 3108 si
517 3051 826 3112 tribularis,
861 3051 1172 3108 consolatur
1223 3064 1274 3108 te
1323 3053 1513 3108 dicens
1559 3053 1603 3084 ⁸¹
1639 3069 1654 3105 :
1688 3070 1706 3104 ‹
1747 3053 1850 3107 Cor

1956 3087 2052 3126 vos
2073 3069 2378 3141 agnoscctis
2405 3068 2715 3131 veritatem,
2758 3071 2814 3118 et
2846 3063 3050 3117 veritas
3079 3058 3332 3115 liberabit
3372 3073 3524 3112 vos.»

263 3147 565 3202 contritum
624 3154 679 3200 et
730 3143 1069 3199 bumiliatum
1115 3145 1259 3200 Deus
1307 3161 1414 3198 non
1470 3146 1700 3214 spernit.
1733 3165 1752 3195 ι
1790 3145 1845 3200 Si

263 3241 468 3295 laetaris
488 3255 590 3309 pro
607 3253 702 3309 spe
730 3237 1304 3303 l'utura,cumulattibi
1334 3237 1527 3307 gaudia
1555 3239 1743 3292 dicens
1765 3237 1844 3290 ³¹ε

268 3353 289 3386 ι
323 3331 614 3388 ιιςιειίιιιιὶηἰ
647 3333 701 3385 in
744 3331 972 3386 Domino
1019 3340 1075 3386 et
1107 3330 1376 3385 exsultate
1411 3329 1564 3398 justi.
1605 3349 1622 3382 ι
1659 3330 1713 3384 Si
1742 3331 1850 3384 ira-

263 3427 474 3480 cundus
517 3440 599 3492 es,
641 3425 855 3494 mitigat
905 3432 961 3479 te
1004 3425 1192 3479 dicens
1218 3424 1262 3455 ³³
1296 3441 1311 3478 :
1350 3441 1368 3474 ι
1408 3425 1600 3480 Desine
1641 3427 1710 3479 ab
1745 3425 1844 3490 ira,

262 3529 319 3574 et
373 3519 693 3589 derelinque
734 3517 1184 3587 indignationem.
1223 3537 1242 3570 ι
1275 3517 1332 3572 Si
1357 3517 1409 3571 in
1437 3517 1736 3584 doloribus,
1761 3532 1850 3570 sa-

265 3618 437 3662 natte
467 3609 658 3663 dicens
687 3606 736 3638 “
768 3623 783 3660 :
825 3608 1082 3662 Dominus
1125 3626 1144 3660 ι
1183 3617 1341 3663 sanat
1380 3624 1572 3663 omnes
1620 3608 1848 3678 languo-

268 3717 355 3756 res
388 3710 533 3755 tuos.
573 3719 591 3752 ι
624 3699 682 3754 Si
717 3711 1042 3769 paupertate
1069 3700 1429 3763 consumeris,
1459 3700 1771 3755 consolatur
1799 3711 1847 3755 te

266 3793 456 3847 dicens
489 3792 536 3823 ³⁸
572 3815 582 3847 :
613 3791 874 3847 Dominus
895 3810 914 3843 ι
941 3792 1137 3846 allevat
1159 3792 1223 3845 de
1252 3801 1394 3846 terra
1425 3791 1584 3862 156
1611 3792 1844 3861 inopem,

266 3895 319 3938 et
335 3887 402 3940 de
422 3894 670 3940 stercore
686 3884 850 3953 erigit
867 3898 1176 3953 pauperem.
1192 3901 1209 3934 ›
1223 3883 1316 3938 Sic
1335 3899 1463 3952 ergo
1485 3900 1678 3937 manna
1699 3883 1843 3938 verbi

265 3977 359 4031 Dei
389 3978 563 4032 reddit
591 3977 645 4030 in
669 3992 764 4031 ore
790 3987 883 4030 tuo
913 3992 1162 4047 saporem
1182 3991 1562 4045 quemcunque
1589 3976 1845 4030 volueris.

270 4069 384 4124 Hoc
419 4079 601 4124 tamen
635 4071 678 4123 si
708 4069 831 4139 quis
855 4069 1140 4123 inﬁdeliter
1164 4071 1445 4139 suscipiat,
1471 4077 1525 4122 et
1560 4085 1663 4122 non
1703 4085 1847 4123 com-

265 4162 410 4226 edat,
445 4161 541 4215 sed
585 4162 906 4224 abscondat,
941 4175 1154 4215 vermes
1199 4177 1267 4215 ex
1319 4177 1384 4217 eo
1410 4159 1692 4216 ebulliuut.
1743 4160 1849 4214 Pu-

268 4262 422 4307 tasne
484 4267 729 4322 eousque
778 4253 1151 4309 deducendum
1211 4262 1297 4308 est
1348 4257 1572 4310 verbum
1624 4255 1740 4314 Dei.
1791 4263 1848 4306 ut

265 4348 426 4399 etiam
459 4344 666 4400 vermis
719 4344 834 4397 ﬁeri
879 4353 1100 4414 putetur
1132 4344 1294 4400 ?Nou
1331 4355 1381 4398 te
1425 4345 1510 4400 hic
1543 4345 1720 4400 turbet
1749 4362 1847 4398 au-

1955 3165 2096 3235 Ergo
2126 3163 2392 3232 Egyptus
2417 3161 2609 3214 domus
2643 3167 2728 3212 est
2768 3154 3068 3217 servitutis,
3098 3151 3280 3206 Judrca
3325 3165 3452 3203 vero
3474 3158 3531 3203 et

1955 3239 2280 3319 Jerusalem,
2312 3252 2506 3305 domus
2543 3258 2627 3304 est
2657 3247 2940 3302 libertatis.
2967 3244 3102 3299 Audi
3133 3254 3185 3297 et
3212 3240 3528 3310 Apostolum

1955 3345 2020 3398 de
2071 3344 2155 3397 his
2203 3342 2498 3396 secundmn
2561 3338 2880 3407 sapientiam
2910 3351 3028 3402 qutc
3052 3335 3099 3389 ei
3127 3334 3180 3387 in
3223 3331 3530 3387 ministerio

1955 3432 2077 3485 data
2113 3431 2308 3492 fuerat,
2339 3430 2781 3498 pronuntiantem
2815 3442 2827 3478 :
2865 3444 2884 3477 ι
2923 3427 3051 3491 Quae
3079 3436 3258 3478 autem
3303 3438 3518 3476 sursum

1954 3533 2054 3583 est.
2083 3523 2254 3592 inquit
2276 3523 2343 3586 “,
2378 3519 2740 3581 Hierusalem,
2768 3519 2936 3572 libera
2962 3527 3064 3583 est,
3094 3532 3212 3587 quae
3237 3525 3320 3570 est
3355 3525 3530 3569 mater

1953 3615 2194 3668 omnium
2223 3624 2484 3668 nostrum.
2513 3634 2531 3666 ›
2551 3615 2846 3680 Sicutergo
2866 3609 3152 3680 IEgyptus,
3177 3609 3278 3662 ista
3309 3618 3526 3661 terrena

1953 3708 2254 3777 provincia,
2297 3706 2421 3761 ﬁliis
2455 3706 2620 3761 Israel
2672 3706 2864 3759 domus
2891 3692 3097 3757 dicitur
3134 3701 3430 3764 servitutis,
3461 3699 3528 3752 ad

1954 3800 2414 3870 comparationem
2439 3798 2641 3853 Judaeze
2678 3805 2733 3850 et
2776 3793 3137 3856 Hierusalem,
3173 3807 3292 3861 quae
3322 3792 3401 3843 eis
3435 3791 3532 3842 do-

1954 3909 2074 3946 mus
2098 3891 2328 3947 eﬂicitur
2355 3891 2621 3944 libertatis
2657 3906 2669 3940 :
2702 3889 2777 3941 ita
2816 3889 2882 3941 ad
2931 3884 3387 3953 comparationem
3412 3887 3548 3935 ωηο·

1956 3981 2108 4035 lestis
2143 3982 2507 4045 Hierusalem,
2542 3997 2681 4050 quae,
2721 3988 2779 4033 ut
2810 3981 2882 4034 ita
2927 3977 3123 4038 dicam,
3158 3985 3332 4028 mater
3357 3982 3438 4026 est
3466 3972 3531 4024 li-

1953 4075 2203 4141 bertatis,
2237 4083 2380 4130 totus
2435 4075 2524 4128 hic
2572 4073 2828 4136 mundus,
2871 4081 2923 4125 et
2966 4069 3147 4123 omnia
3181 4082 3301 4137 qua:
3342 4066 3394 4119 in
3426 4066 3531 4120 hoc

1959 4166 2159 4219 tmtndo
2197 4176 2344 4230 sunt,
2379 4165 2572 4220 domus
2617 4173 2702 4218 est
2742 4163 3044 4218 servitutis.
3083 4161 3146 4216 Et
3173 4161 3430 4230 quoniam
3463 4159 3532 4212 de

1954 4257 2208 4326 paradiso
2237 4256 2504 4310 libertatis
2529 4269 2627 4322 pro
2665 4268 2822 4324 paena
2875 4254 3083 4322 peccati
3115 4253 3180 4306 ad
3223 4250 3528 4319 huiusmodi

1957 4357 2175 4401 ventum
2215 4346 2396 4399 fuerat
2448 4345 2788 4410 servitutem,
2833 4345 3037 4399 idcirco
3089 4343 3298 4411 primus
3345 4355 3531 4394 sermo

270 4439 434 4499 ditus,
473 4435 598 4490 audi
631 4435 956 4504 Prophetam
1007 4451 1072 4490 cx
1123 4452 1351 4506 persona
1403 4437 1616 4490 Domini
1664 4437 1850 4492 dicen-
1883 4457 1926 4511 ι)
1961 4439 2230 4510 Decalogi,
2273 4439 2324 4492 id
2357 4448 2439 4492 est
2466 4438 2640 4508 prima
2677 4437 3056 4491 mandatorum
3086 4436 3177 4489 Dei
3228 4449 3332 4487 vox
3367 4434 3432 4488 de
3468 4432 3534 4486 li-

274 4537 374 4580 tem
397 4527 489 4581 ":
527 4545 544 4578 ε
590 4526 698 4596 Ego
735 4535 915 4579 autem
967 4542 1084 4580 sum
1132 4528 1334 4582 vermis
1371 4537 1426 4581 et
1471 4542 1575 4581 non
1607 4527 1789 4583 homo.
1820 4549 1840 4581 ι

274 4619 420 4673 Sicut
454 4619 601 4673 enim
628 4619 742 4688 ipse
780 4619 974 4688 estqui
1003 4620 1060 4672 lit
1090 4618 1214 4674 aliis
1253 4619 1307 4672 in
1341 4619 1576 4683 ruinam,
1607 4620 1727 4674 aliis
1754 4636 1849 4674 att-

275 4723 374 4766 tctn
402 4713 458 4766 in
489 4713 942 4766 resurrectionem
974 4729 988 4777 ;
1025 4713 1098 4766 ita
1126 4694 1184 4765 et
1226 4713 1338 4781 ipse
1370 4721 1454 4768 est
1482 4714 1572 4782 qui
1616 4728 1762 4768 nunc
1791 4715 1844 4767 in

279 4821 467 4860 manna
499 4805 752 4861 ﬁdelibus
784 4804 1002 4874 quidem
1035 4804 1263 4859 dulcedo
1294 4805 1494 4870 mellis,
1531 4805 1846 4859 inﬁdelibus

277 4909 445 4953 autem
480 4900 686 4953 vermis
731 4896 982 4952 edicitur.
1015 4897 1134 4968 Ipse
1169 4906 1252 4952 est
1306 4899 1450 4952 enim
1502 4913 1684 4951 sermo
1723 4896 1844 4961 Dei,

280 4991 358 5056 qui
399 4990 708 5059 iniquorum
743 4998 953 5044 mentes
983 4988 1184 5059 arguit,
1213 4998 1267 5042 et
1305 4989 1706 5057 correptionutn
1737 4987 1848 5056 spi-

281 5082 406 5136 culis
432 5091 778 5151 peccatorum
807 5081 1173 5136 conscientias
1204 5083 1464 5136 terebrat.
1496 5082 1611 5151 Ipse
1645 5089 1730 5135 est
1751 5079 1846 5148 qui

284 5182 330 5226 et
372 5174 512 5243 ignis
559 5172 790 5228 efficitur
840 5172 894 5227 in
949 5175 1205 5229 cordibus
1244 5175 1482 5241 illorum,
1518 5177 1720 5244 quibus
1748 5173 1844 5228 ad-

288 5267 443 5334 aperit
483 5264 818 5336 Scripturas,
849 5269 942 5336 qui
988 5268 1176 5322 dicunt
1203 5267 1246 5298 ³⁷
1287 5286 1301 5322 :
1342 5285 1360 5318 t
1406 5266 1597 5320 Nonne
1628 5281 1722 5320 cor
1753 5281 1850 5320 uo-

351 5382 392 5413 "
427 5380 531 5434 Isa.
560 5396 693 5435 Lvtt.
773 5380 815 5410 ³ο
843 5379 1031 5434 Matth.
1061 5397 1178 5445 vttt,
1222 5383 1310 5438 15.
1388 5380 1429 5411 ³¹
1459 5379 1600 5434 Psal.
1628 5398 1682 5442 ι..
1718 5381 1803 5434 l7.

1871 5381 1925 5415 ,εί
1961 5379 2104 5434 Psal.
2137 5396 2288 5443 χχχι,
2337 5380 2419 5443 Η·

1951 4535 2157 4588 bcrtate
2191 4528 2485 4600 profertur,
2515 4529 2736 4583 dicens:
2766 4547 2784 4580 ‹
2807 4528 2917 4597 Ego
2951 4544 3069 4581 smn
3097 4527 3358 4581 Dominus
3388 4527 3534 4581 Deus
3622 4589 3639 4599 δ

1951 4635 2095 4689 tuus,
2134 4623 2224 4691 qui
2253 4622 2414 4675 eduxi
2447 4629 2500 4675 te
2521 4621 2586 4676 de
2617 4633 2760 4675 terra
2786 4618 3027 4690 Egypti,
3060 4618 3125 4672 de
3168 4617 3329 4671 domo
3360 4615 3533 4671 servi-

1951 4717 2098 4770 tutis.
2137 4733 2156 4765 ι
2195 4713 2345 4767 lianc
2370 4727 2558 4766 vocem
2589 4713 2642 4766 in
2672 4710 2914 4780 Egypto
2964 4709 3171 4777 positus
3207 4708 3396 4762 audire
3424 4722 3541 4760 non:

1951 4805 2434 4877 poteras,etiamsi
2485 4805 2582 4859 tibi
2636 4803 2952 4872 iujuugatur
2997 4809 3056 4854 ut
3101 4799 3304 4855 Pascha
3340 4801 3532 4864 facias,

1953 4898 2160 4953 etiamsi
2195 4896 2498 4966 accingar-is
2529 4895 2741 4950 lumbos
2763 4934 2778 4958 ,
2820 4902 2874 4946 et
2918 4892 3164 4946 sandalia
3211 4891 3448 4962 accipias
3478 4891 3534 4942 in

1951 4993 2195 5064 pedibus,
2229 4993 2441 5046 etiamsi
2471 4991 2678 5061 virgam
2733 5000 2922 5044 teneas
2960 4988 3014 5042 in
3048 5003 3232 5050 manu,
3267 4995 3541 5054 etazyma

1952 5101 2074 5140 cum
2099 5085 2463 5138 amaritudine
2493 5083 2769 5138 comedas.
2797 5081 2863 5134 Et
2889 5079 3018 5148 quid
3049 5079 3170 5133 dico
3206 5079 3260 5132 in
3297 5077 3541 5147 Algypto

1954 5175 2158 5245 positus
2188 5174 2302 5228 haec
2337 5174 2525 5228 audire
2579 5189 2685 5227 non
2721 5181 2940 5242 poteras
2969 5171 2992 5224 ?
3022 5170 3127 5224 Sed
3162 5184 3230 5223 ne
3262 5171 3385 5222 inde
3413 5170 3537 5235 qui-

1954 5269 2076 5322 dctn
2104 5265 2376 5338 profectus
2405 5267 2456 5320 in
2491 5266 2666 5335 prima
2690 5265 2875 5319 statim
2903 5263 3184 5317 mansione
3204 5261 3318 5314 haec
3347 5258 3541 5312 audire

2501 5381 2546 5411 ³³
2573 5379 2719 5434 Psal.
2749 5395 2950 5444 xxxvr,
2983 5379 3034 5432 8.
3111 5376 3158 5410 ³⁸
3180 5376 3322 5432 Psal.
3351 5391 3446 5438 cu,
3475 5375 3538 5431 5.

298 5449 332 5485 ³⁸
365 5451 493 5504 Psal.
526 5467 663 5511 cxrt.
714 5451 767 5504 '7.
843 5451 891 5483 ³⁸
921 5453 1063 5506 l’sal.
1111 5442 1224 5519 xxI,
1258 5454 1312 5506 7.
1388 5451 1430 5482 ³⁷
1457 5451 1584 5506 Luc.
1621 5468 1767 5516 xxiv,
1817 5451 1847 5504 5

1981 5452 2024 5483 ³⁸
2051 5452 2194 5506 Psal.
2230 5442 2426 5518 xxxttt,
2452 5450 2511 5506 8.
2585 5450 2627 5482 ’9
2658 5451 2831 5506 Exod.
2871 5442 2966 5518 xx,
2991 5449 3048 5506 2.
3124 5449 3171 5483 ⁸⁸
3214 5450 3370 5504 Joan.
3402 5459 3538 5513 ml.

299 5520 371 5586 5i,
411 5523 500 5577 32.
580 5523 626 5554 ⁵⁸
677 5521 854 5577 Calai.
897 5539 981 5587 tv,
1033 5523 1121 5577 26.

357 5619 458 5693 (25)
495 5620 640 5685 Vox,
692 5638 709 5670 ι
769 5619 912 5687 ﬁdei,
953 5639 972 5672 ι
1017 5620 1169 5678 deest
1218 5619 1270 5677 in
1319 5630 1478 5678 antea
1518 5620 1676 5678 editis
1710 5662 1731 5689 ,.
1759 5621 1851 5677 sed

301 5692 501 5751 habetur
536 5693 595 5748 iu
622 5705 762 5746 mss.

2033 5618 2142 5708 (26)
2179 5619 2344 5687 Alias,
2386 5636 2406 5672 ι
2449 5632 2680 5689 arguens
2715 5617 2922 5690 iniqua.
2953 5635 2976 5671 ι
