4050 6142
514 258 610 314 551

1990 247 2150 304 ORIG
2159 247 2312 303 ENIS

3665 237 3786 294 55?

514 379 761 449 potuisti.
798 391 898 432 nec
933 377 985 431 in
1033 374 1269 431 secunda
1294 414 1312 438 ,
1343 383 1448 428 nec
1481 373 1535 427 in
1583 373 1765 438 tertia,
1816 387 1918 427 nec
1969 387 2095 427 eum
2125 375 2172 430 Α
2201 383 2359 438 quem
2413 367 2616 430 omnia,
2653 376 2708 423 et
2735 382 2834 424 nos
2880 382 2976 438 per
3002 367 3197 438 ipsum.
3221 384 3240 418 ι
3281 363 3389 420 Sed
3417 371 3472 419 et
3505 363 3560 417 in
3588 362 3784 416 multis

518 473 778 525 transires
817 468 1056 521 Rubrum
1092 481 1262 533 mare,
1288 464 1504 521 etiamsi
1527 466 1594 520 ad
1631 465 1902 522 Merrham
1934 480 2094 520 vene-

516 564 615 630 ris,
652 571 707 615 et
751 559 914 614 fuerit
951 560 1022 612 ibi
1077 559 1387 613 amaritudo
1419 558 1472 611 iu
1521 557 1863 614 dulcedinem
1913 572 2094 623 versa,

516 653 728 707 etiamsi
761 651 814 704 in
853 649 1025 704 Helim
1055 651 1274 704 veneris
1301 650 1369 703 ad
1399 650 1683 705 duodecim
1718 649 1899 704 fontes
1929 665 2097 720 aqua—

515 759 657 806 rum,
681 752 736 796 et
764 744 1111 811 septuaginta
1143 741 1368 796 arbores
1390 742 1716 810 palmarum,
1743 742 1956 795 etiamsi
1988 741 2096 794 Ra-

515 833 722 902 phidim
779 833 1110 902 praeterieris
1137 874 1153 898 ,
1200 842 1538 902 caeterosque
1581 832 1856 902 profectus
1898 847 2096 909 ascen-

515 923 664 978 deris
711 940 727 978 :
780 924 1018 978 nondum
1075 926 1143 979 ad
1207 924 1583 992 hujuscemodi
1636 925 1804 979 verba
1867 925 2095 980 idoneus

509 1018 796 1086 judicaris,
845 1018 941 1073 sed
981 1033 1102 1074 cum
1156 1017 1478 1088 perveneris
1531 1018 1599 1072 ad
1644 1027 1880 1072 montem
1939 1018 2090 1072 Sina.

515 1111 696 1165 Multis
725 1125 855 1178 ergo
883 1121 1012 1166 ante
1052 1111 1333 1166 laboribus
1375 1111 1636 1181 peractis,
1683 1111 1866 1165 multis
1897 1126 2095 1166 aerum-

516 1204 602 1257 nis
641 1212 697 1257 et
744 1201 1138 1258 teutationibus
1183 1203 1475 1272 superatis,
1519 1203 1608 1256 vix
1663 1201 1952 1271 aliquando
1982 1217 2096 1256 me-

522 1295 733 1350 reberis
762 1305 1031 1363 praecepta
1079 1295 1357 1364 suscipere
1399 1296 1690 1363 libertatis,
1737 1305 1793 1349 et
1845 1295 2030 1350 audire
2062 1310 2092 1349 a

513 1385 784 1440 Domino:
818 1404 838 1436 ι
874 1386 986 1454 Ego
1014 1401 1134 1441 sum
1159 1386 1415 1442 Dominus
1437 1387 1578 1442 Deus
1613 1395 1758 1452 tuus,
1804 1387 1896 1456 qui
1930 1386 2092 1441 eduxi

518 1485 576 1530 te
601 1477 667 1530 de
693 1487 836 1531 terra
858 1475 1102 1547 Egypti,
1128 1475 1196 1531 de
1220 1477 1380 1531 domo
1403 1478 1703 1532 servitutis.
1738 1497 1757 1531 ι
1781 1477 1978 1533 Verum
2007 1479 2093 1532 hic

515 1581 696 1620 sermo
721 1567 956 1622 nondum
989 1580 1172 1621 sermo
1217 1567 1457 1621 mandati
1490 1578 1592 1632 est,
1622 1567 1718 1622 sed
1744 1569 1867 1634 quis
1905 1568 1977 1622 sit
2000 1568 2091 1638 qui

519 1660 760 1724 mandat,
796 1660 1058 1713 ostendit.
1090 1658 1245 1714 Nunc
1281 1675 1414 1729 ergo
1440 1659 1722 1714 videamus
1742 1660 1870 1729 quid
1895 1659 1966 1714 sit
1992 1661 2093 1714 itii-

520 1747 656 1801 tium
681 1749 868 1803 decem
900 1751 1278 1806 mandatorum
1329 1750 1462 1820 legis
1491 1767 1506 1804 :
1539 1759 1594 1804 et
1635 1750 1678 1804 si
1711 1764 1818 1803 non
1852 1749 2098 1804 occurri-

513 1855 635 1895 mus
667 1842 732 1894 ad
769 1841 951 1896 oumia
971 1880 989 1907 ,
1023 1843 1177 1898 initia
1198 1842 1412 1908 saltem,
1441 1851 1600 1911 prout
1621 1841 1882 1896 Dominus
1929 1841 2096 1897 dede-

515 1933 611 1999 rit,
648 1935 1001 2003 explicemus.

581 2026 640 2082 2.
672 2025 912 2080 Primum
942 2041 1071 2096 ergo
1117 2026 1428 2082 mandatum
1459 2034 1544 2080 est
1589 2026 1634 2057 δ’
1663 2043 1680 2082 :
1709 2044 1728 2079 ι
1765 2025 1884 2080 Non
1935 2035 2098 2082 erunt

513 2115 610 2172 tibi
642 2118 714 2171 dii
747 2117 860 2183 alii,
887 2128 1082 2187 praeter
1106 2133 1212 2174 me.
1254 2137 1274 2170 ›
1309 2118 1376 2172 Et
1406 2127 1526 2187 post
1551 2119 1654 2173 hoc
1681 2119 1926 2188 sequitur
1951 2116 1998 2148 “
2023 2133 2040 2176 :
2070 2137 2090 2169 ι

516 2224 543 2260 ι
579 2208 694 2262 Non
725 2208 898 2262 facies
931 2207 1044 2281 (Ἦ)
1093 2209 1190 2264 tibi
1244 2209 1472 2274 idolum,
1503 2225 1678 2278 neque
1707 2211 1866 2264 ullam
1903 2212 2094 2266 simili-

515 2300 785 2360 tudinem,
817 2314 1154 2369 quaecunque
1192 2299 1246 2354 in
1275 2299 1414 2355 caelo
1446 2317 1664 2356 sursum
1701 2313 1848 2368 sunt,
1868 2312 1922 2358 et
1947 2321 2094 2374 qua:-

511 2402 726 2456 cunque
756 2389 808 2442 in
844 2399 988 2444 terra
1028 2389 1276 2445 deorsum
1310 2401 1456 2458 sunt,
1493 2399 1548 2445 et
1585 2407 1921 2462 quaecunque
1965 2405 2094 2450 sunt

510 2479 566 2533 in
595 2479 748 2548 aquis
780 2480 969 2534 subtus
997 2487 1218 2542 terram,
1241 2490 1296 2534 et
1336 2497 1440 2534 nou
1475 2481 1730 2536 adorabis
1755 2482 1842 2535 illa
1868 2523 1884 2548 ,
1915 2499 2093 2553 neque

510 2566 655 2621 coles
709 2567 819 2622 illa.
881 2568 998 2637 Ego
1033 2569 1175 2623 enim
1234 2585 1351 2624 sum
1413 2571 1674 2626 Dominus
1728 2571 1876 2628 Deus
1930 2583 2088 2643 tuus,

511 2657 654 2713 Deus
674 2659 876 2725 zelans,
907 2661 996 2728 qui
1032 2662 1197 2715 reddo
1243 2671 1466 2730 peccata
1501 2672 1715 2731 patrum
1752 2664 1804 2718 in
1838 2665 2002 2730 filios,
2033 2665 2087 2719 in

510 2752 723 2808 tertiam
775 2763 831 2808 et
886 2764 1138 2822 quartam
1193 2757 1507 2824 progeniem
1576 2756 1642 2809 iis
1707 2755 1800 2824 qui
1861 2757 2092 2811 oderunt

510 2861 636 2908 me,
677 2855 733 2900 et
787 2845 996 2900 faciens
1055 2846 1485 2900 misericordiam
1529 2847 1582 2900 in
1629 2847 1834 2912 millia,
1883 2848 1947 2902 iis
1995 2848 2086 2917 qui

509 2936 738 3004 diligunt
781 2951 868 2990 me
911 2947 964 2991 et
995 2937 1088 3007 qui
1130 2947 1350 2991 servant
1396 2948 1662 3007 praecepta
1695 2954 1834 2995 mea.
1890 2957 1910 2992 ι
1963 2939 2088 2993 Haec

2197 461 2318 514 aliis
2351 461 2595 515 invenies
2627 459 2922 528 Scriptum
2953 460 3085 514 locis
3123 459 3254 513 deos
3285 456 3574 520 nominari,
3631 457 3783 509 sicut

2195 561 2251 606 et
2279 551 2410 606 alibi
2443 551 2576 606 dicit
2599 551 2642 584 "
2675 570 2689 606 :
2727 553 3028 618 «Quoniam
3060 552 3320 606 Dominus
3349 564 3612 611 summus,
3658 557 3779 600 ter»

2197 647 2394 710 ribilis,
2427 655 2481 700 et
2509 661 2608 700 rex
2653 661 2887 713 magnus
2917 660 3080 714 super
3118 658 3309 698 omnes
3350 651 3518 705 deos;
3547 659 3565 691 ›
3600 649 3654 694 et
3679 637 3728 671 ⁸³
3754 654 3774 692 :

2200 755 2219 788 ι
2249 737 2390 792 Deus
2419 738 2641 791 deorum
2673 735 3180 789 Dominus‘locutus
3207 741 3326 797 est;
3351 751 3370 784 ι
3409 739 3464 785 et
3538 731 3582 763 "
3614 746 3628 760 ο
3667 749 3689 783 σ
3714 730 3780 785 In

2196 827 2376 880 medio
2431 835 2614 881 autem
2667 827 2800 881 deos
2851 824 3174 880 discernit.)
3236 813 3312 876 De
3353 821 3586 876 dominis
3628 821 3775 875 idem

2194 919 2487 990 Apostolus
2515 919 2648 973 dicit
2673 918 2719 949 ⁵ο
2750 935 2767 972 :
2807 935 2826 969 ί
2853 915 2980 971 Sive
3022 914 3222 980 throni,
3274 915 3390 969 sive
3441 913 3779 968 dominatio-

2196 1026 2315 1075 nes,
2365 1011 2481 1065 sive
2531 1019 2850 1078 potestates,
2897 1007 3077 1062 omnia
3125 1021 3222 1075 per
3261 1007 3456 1073 ipsum,
3485 1013 3541 1059 et
3569 1005 3620 1060 in
3653 1004 3779 1073 ipso

2194 1104 2378 1159 omnia
2436 1113 2622 1158 creata
2668 1112 2813 1156 sunt.
2851 1119 2872 1154 ›
2934 1099 3342 1155 Dominatioues
3393 1107 3576 1153 autem
3632 1096 3777 1152 nihil

2193 1195 2338 1249 aliud
2366 1204 2514 1259 sunt,
2563 1209 2723 1264 quam
2775 1193 2911 1247 ordo
2943 1191 3164 1261 quidam
3196 1200 3250 1244 et
3280 1189 3564 1244 multitudo
3595 1187 3779 1242 domi-

2195 1304 2411 1342 norum.
2452 1287 2507 1341 In
2540 1303 2672 1357 quo,
2722 1296 2780 1340 ut
2813 1285 2942 1340 mihi
2978 1285 3216 1349 videtur,
3274 1300 3491 1338 sensum
3523 1284 3661 1354 legis
3686 1283 3781 1336 Iu-

2194 1380 2458 1435 cidiorem
2489 1379 2612 1433 fecit
2641 1379 2918 1448 apostolus
2951 1377 3170 1432 Paulus.
3200 1378 3328 1432 Tale
3351 1385 3435 1432 est
3459 1377 3600 1430 enim
3623 1375 3778 1444 quod

2196 1472 2377 1526 dicit:
2423 1469 2576 1525 Licet
2600 1469 2710 1525 sint
2753 1470 2905 1524 multi
2955 1469 3158 1526 domini
3209 1468 3299 1538 qui
3355 1469 3478 1523 aliis
3519 1466 3779 1537 gentibus

2193 1562 2560 1626 dominentur,
2594 1569 2648 1616 et
2682 1561 2757 1616 dii
2790 1561 2945 1615 multi
2981 1561 3070 1632 qui
3104 1562 3172 1616 ab
3206 1561 3330 1615 aliis
3370 1558 3640 1624 colantur,
3671 1545 3776 1616 sed

2197 1652 2353 1706 nobis
2383 1668 2519 1706 unus
2550 1652 2712 1716 Deus,
2765 1667 2902 1707 unus
2931 1650 3216 1706 Dominus.
3257 1652 3395 1719 Quid
3423 1661 3602 1704 autem
3634 1665 3776 1704 cau-

2201 1761 2274 1800 sae
2301 1746 2374 1799 sit
2411 1747 2463 1798 iu
2497 1745 2602 1800 diis
2634 1744 2837 1812 multis,
2873 1743 2957 1798 vel
2994 1745 3228 1798 dominis
3254 1743 3459 1810 multis,
3489 1743 3533 1798 si
3566 1742 3780 1796 intente

2198 1847 2252 1892 et
2284 1837 2553 1907 patienter
2585 1837 2804 1900 auditis,
2838 1836 2952 1906 ipsa
2977 1852 3076 1891 nos
3105 1835 3382 1904 Scriptura
3413 1835 3612 1904 poterit
3643 1834 3780 1888 edo-

2198 1943 2344 1984 cere.
2381 1929 2470 1982 Ait
2501 1931 2644 1983 enim
2693 1930 2833 1984 idem
2867 1928 3040 1983 Moses
3090 1927 3144 1982 in
3175 1927 3581 1982 Deuteronomii
3629 1941 3776 1982 cana-

2201 2022 2303 2074 tico
2325 2022 2411 2074 In:
2447 2039 2465 2072 ε
2507 2020 2641 2076 Cum
2682 2022 2965 2084 divideret,
3011 2021 3207 2089 inquit,
3253 2020 3512 2076 Exeelsus
3552 2031 3773 2093 gentes,

2197 2123 2250 2167 et
2281 2113 2607 2183 diSpergeret
2641 2113 2780 2167 filios
2810 2113 2957 2176 Adae,
2989 2112 3179 2166 statuit
3207 2113 3467 2168 terminos
3493 2113 3768 2182 gentium,

2198 2203 2494 2259 secundum
2551 2219 2836 2258 numerum
2885 2204 3195 2270 angelorum
3228 2204 3343 2269 Dei,
3389 2213 3446 2259 et
3487 2203 3626 2259 facta
3679 2213 3775 2259 est

2196 2294 2372 2363 portio
2400 2293 2609 2347 Domini
2642 2294 2871 2362 populus
2901 2294 3017 2363 ejus
3049 2294 3236 2359 Jacob,
3290 2294 3563 2349 funiculus
3589 2295 3771 2348 haereo

2195 2382 2377 2438 ditatis
2403 2383 2519 2452 ejus
2546 2381 2730 2436 Israel.
2755 2401 2776 2436 ι
2820 2383 3051 2454 Angelos
3095 2384 3261 2454 igitur
3291 2384 3428 2456 (29),
3455 2385 3646 2454 quibus
3677 2400 3774 2439 re-

2193 2475 2400 2544 gendas
2443 2483 2631 2541 gentes
2677 2476 2948 2530 commisit
2985 2476 3265 2542 Excelsus,
3299 2478 3384 2532 vel
3423 2477 3552 2533 deos
3581 2477 3775 2547 appel-

2192 2564 2312 2630 lari,
2339 2575 2395 2619 et
2426 2565 2674 2620 dominos
2725 2576 2970 2633 constat;
3005 2569 3134 2622 deos
3160 2569 3316 2638 quasi
3365 2583 3397 2624 a
3443 2569 3554 2624 Deo
3583 2571 3766 2636 datos,

2191 2667 2246 2711 et
2277 2657 2524 2712 dominos
2548 2658 2702 2728 quasi
2736 2673 2765 2712 a
2799 2658 3023 2713 Domino
3052 2660 3226 2714 sortiti
3259 2660 3368 2714 sint
3415 2669 3766 2730 potestatem.

2193 2749 2350 2805 Unde
2396 2757 2449 2803 et
2475 2748 2734 2804 Dominus
2777 2750 2995 2805 dicebat
3026 2752 3093 2805 ad
3139 2751 3358 2821 angelos
3383 2753 3473 2823 qui
3507 2768 3613 2808 non
3643 2767 3769 2808 ser-

2190 2850 2458 2895 vaverunt
2504 2856 2660 2895 suum
2709 2843 3071 2911 principatum
3093 2843 3138 2874 "
3191 2859 3206 2896 :
3263 2860 3282 2894 ι
3311 2842 3420 2913 Ego
3460 2844 3568 2898 dixi
3614 2862 3628 2898 :
3675 2842 3766 2898 Dii

2188 2931 2343 2996 estis,
2393 2940 2447 2985 et
2477 2931 2571 2985 ﬁlii
2607 2931 2816 2987 Exeelsi
2851 2947 3065 2988 omnes.
3106 2931 3215 2988 Vos
3252 2943 3430 2988 autem
3478 2942 3538 2988 ut
3591 2934 3768 2989 homi-

509 3027 692 3080 omuia
743 3026 924 3092 simul,
964 3028 1205 3082 nonnulli
1243 3038 1438 3111 putant
1479 3043 1600 3083 esse
1646 3044 1812 3083 unum
1865 3031 2088 3084 manda-

2192 3037 2293 3077 nes
2324 3024 2653 3087 moriemini,
2703 3032 2760 3080 et
2789 3025 2931 3079 sicut
2961 3039 3100 3079 unus
3133 3025 3198 3079 de
3239 3025 3578 3096 principibus
3603 3027 3768 3082 cade-

513 3123 648 3168 tum.
697 3114 850 3180 Quod
887 3117 932 3171 si
977 3118 1046 3171 ita
1083 3128 1322 3188 putetur,
1357 3134 1464 3174 non
1507 3121 1875 3190 complebitur
1928 3121 2086 3192 157

510 3204 694 3258 decem
741 3222 997 3262 numerus
1035 3211 1434 3268 mandatorum.
1475 3211 1540 3264 Et
1582 3212 1672 3266 ubi
1695 3213 1805 3282 jam
1852 3215 1955 3268 erit
1989 3215 2088 3270 De-

509 3295 685 3365 calogi
741 3299 974 3353 veritas?
1010 3299 1114 3354 Sed
1158 3301 1205 3355 si
1254 3315 1318 3355 eo
1354 3301 1510 3355 modo
1558 3303 1862 3371 dirimatur,
1895 3320 2004 3375 quo
2033 3315 2089 3360 et

512 3401 612 3440 nos
661 3386 714 3440 in
749 3389 1020 3458 superiori
1067 3391 1510 3459 prOnuntiatione
1540 3393 1907 3461 distinximus,
1945 3395 2088 3450 inte-

511 3491 609 3545 ger
659 3478 844 3532 decem
896 3481 1272 3535 mandatorum
1323 3497 1580 3537 numerus
1632 3487 1932 3552 apparebit.
1996 3487 2089 3542 Est

513 3583 642 3638 ergo
693 3571 924 3639 primurn
977 3571 1404 3626 mandatum“:
1456 3591 1472 3623 ι
1501 3571 1616 3628 Non
1665 3585 1824 3629 erunt
1866 3576 1960 3631 tibi
2010 3579 2084 3632 dii

511 3660 602 3712 alii
651 3673 848 3731 przeter
900 3680 1020 3729 me;
1049 3685 1066 3716 ι
1109 3667 1402 3719 secundmn
1435 3681 1566 3721 vero
1591 3667 1636 3699 ⁸³
1673 3681 1687 3721 :
1727 3687 1746 3720 ι
1771 3668 1886 3723 Νοη
1921 3669 2088 3726 facies

513 3751 610 3806 tibi
644 3754 862 3819 idolum,
915 3772 1089 3826 neque
1123 3758 1287 3810 ullam
1317 3758 1750 3828 similitudinem,
1779 3780 1798 3814 ι
1846 3771 1954 3816 etc.
1993 3761 2086 3816 In-

508 3842 777 3910 cipiamus
829 3861 956 3917 ergo
995 3864 1026 3901 a
1080 3850 1256 3917 primo
1287 3850 1560 3904 mandato.
1615 3851 1720 3906 Sed
1766 3863 1821 3906 et
1855 3869 1956 3924 ego
1986 3869 2085 3907 au-

509 3937 643 3990 xilio
691 3938 907 4007 indigeo
958 3942 1128 4010 ipsius
1162 3943 1255 4013 qui
1305 3945 1418 4000 haec
1453 3947 1712 4014 prtecepit
1764 3945 1877 4010 Dei,
1912 3950 1979 4004 ad
2007 3949 2088 4003 di-

511 4029 770 4094 cendum,
803 4041 857 4084 et
886 4047 979 4086 vos
1009 4033 1411 4103 purgatioribus
1439 4037 1606 4106 egetis
1635 4039 1858 4093 auribus
1885 4040 2086 4102 ad_au-

513 4118 791 4174 diendum.
835 4119 892 4175 Si
940 4123 1061 4190 quis
1112 4141 1241 4194 ergo
1289 4137 1528 4180 vestrum
1576 4129 1741 4182 habet
1785 4143 1944 4183 aures
1987 4145 2086 4183 au-

512 4212 718 4276 diendi,
770 4213 954 4265 audiat
983 4217 1251 4281 quomodo
1297 4217 1498 4271 dictum
1548 4229 1632 4273 est
1679 4237 1693 4273 :
1731 4219 1886 4274 «Non
1923 4231 2085 4276 erunt

514 4302 611 4356 tibi
653 4304 723 4357 dii
772 4304 863 4357 alii
897 4317 1090 4373 praeter
1128 4321 1233 4360 me.
1256 4325 1273 4356 ι
1320 4305 1377 4362 Si
1427 4309 1672 4374 dixisset,
1705 4310 1818 4364 Non
1850 4321 1978 4368 sunt
2009 4313 2081 4368 dii

2192 3116 2340 3180 tis;i
2398 3114 2677 3169 imitantes
2744 3114 2956 3169 scilicet
3005 3114 3301 3181 diabolum,
3364 3117 3452 3182 qui
3509 3117 3764 3187 princeps

2186 3207 2430 3260 omnium
2480 3205 2660 3261 factus
2702 3215 2785 3260 est
2816 3209 2880 3260 ad
2923 3207 3156 3261 ruinam.
3202 3207 3352 3262 Unde
3379 3218 3592 3263 constat
3616 3209 3762 3277 quod

2189 3297 2555 3353 exsecrabiles
2601 3297 2721 3352 illos
2771 3297 2901 3352 fecit
2948 3298 3340 3367 praevaricatio,
3388 3313 3493 3353 non
3540 3309 3758 3354 natura.

2187 3383 2306 3444 Tibi
2339 3403 2494 3459 ergo,
2541 3403 2574 3443 ο
2599 3388 2831 3458 populus
2877 3403 3030 3442 meus
3060 3389 3247 3451 Israel,
3276 3391 3368 3461 qui
3396 3407 3522 3461 pars
3552 3392 3642 3446 Dei
3671 3407 3759 3458 es,

2186 3483 2278 3552 qui
2331 3480 2599 3535 funiculus
2645 3481 2977 3536 haereditatis
3020 3480 3137 3550 ejus
3195 3480 3418 3537 effectus
3461 3497 3540 3547 es,
3601 3499 3752 3537 «non

2186 3583 2383 3641 erunt,
2442 3573 2616 3643 inquit
2658 3573 2725 3640 ⁸⁸³,
2778 3573 2872 3628 alii
2906 3573 2976 3628 dii
3029 3582 3225 3642 prater
3257 3589 3371 3641 me;
3416 3575 3585 3643 iquia
3626 3589 3762 3631 vero

2187 3666 2328 3721 Deus
2356 3682 2494 3721 unus
2522 3677 2602 3723 εει
2637 3666 2796 3730 Deus,
2831 3674 2885 3721 et
2921 3681 3046 3720 vere
3077 3667 3334 3721 Dominus
3363 3681 3498 3721 unus
3535 3675 3619 3721 est
3652 3668 3759 3721 Do-

2187 3759 2385 3814 minus.
2421 3757 2646 3812 Cmteris
2697 3773 2847 3824 vero,
2897 3760 2987 3828 qui
3021 3759 3088 3812 ab
3119 3759 3234 3827 ipso
3254 3759 3420 3813 creati
3445 3768 3590 3825 sunt,
3623 3773 3757 3838 eon-

2187 3849 2309 3905 tulit
2338 3865 2531 3904 nomen
2580 3851 2727 3904 istud
2758 3864 2862 3903 non
2911 3859 3124 3915 natura,
3177 3850 3269 3905 sed
3318 3853 3510 3920 gratia.
3556 3849 3755 3907 Verum

2187 3955 2255 3996 ne
2295 3943 2575 3996 existimes
2625 3943 2738 3996 haec
2778 3949 2981 3994 tantum
3014 3941 3080 3994 ad
3132 3940 3276 3994 illum
3303 3943 3404 3995 dici
3442 3941 3626 4008 Israel,
3661 3945 3756 4012 qui

2185 4035 2482 4090 secundum
2530 4049 2748 4089 carnem
2787 4045 2946 4088 natus
2977 4043 3081 4087 est.
3124 4031 3288 4087 Multo
3335 4035 3508 4102 magis
3537 4035 3652 4090 haec
3686 4037 3755 4091 ad

2189 4135 2239 4181 te
2270 4129 2544 4192 dicuntur,
2585 4127 2676 4196 qui
2726 4127 2891 4181 Israel
2935 4125 3156 4182 etTectus
3181 4141 3240 4181 es
3277 4136 3451 4181 mente
3478 4127 3640 4182 Deum
3675 4128 3757 4181 vi.

2185 4221 2383 4287 dendo,
2410 4230 2465 4276 et
2487 4219 2846 4280 circumcisus
2885 4233 2942 4273 es
2971 4219 3153 4285 corde,
3178 4235 3282 4273 non
3312 4235 3499 4274 carne.
3540 4220 3672 4274 Nam
3698 4230 3755 4279 et

2185 4312 2228 4365 si
2261 4311 2312 4366 in
2363 4327 2529 4366 carne
2565 4325 2755 4384 gentes
2783 4327 2990 4376 sumus,
3035 4313 3087 4364 iu
3130 4313 3320 4380 spiritu
3356 4313 3521 4370 Israel
3548 4331 3752 4376 sumus.

511 4402 708 4462 praeter
755 4410 859 4459 me,
896 4396 1197 4450 absolutior
1247 4413 1428 4453 sermo
1457 4401 1752 4455 videretur.
1807 4401 1959 4457 Nunc
1990 4419 2086 4457 au-
2117 4403 2160 4457 D
2191 4411 2409 4470 propter
2451 4419 2571 4458 eum
2622 4405 2710 4474 qui
2755 4403 2892 4458 dixit
2915 4401 2963 4434 ⁸⁸
2994 4421 3008 4456 :
3043 4402 3208 4458 «Pete
3236 4418 3265 4457 a
3297 4419 3381 4458 me
3403 4415 3456 4460 et
3481 4407 3620 4461 dabo
3657 4409 3755 4464 tibi

511 4493 620 4538 tem
674 4487 798 4554 quia
850 4487 980 4540 dicit
1031 4507 1044 4542 :
1102 4488 1262 4543 «Non
1311 4498 1470 4544 erunt
1505 4492 1597 4545 tibi
1645 4493 1716 4546 dii
1762 4493 1853 4546 alii
1891 4504 2086 4561 praeter

513 4593 600 4631 me
625 4579 760 4649 (:28),
787 4598 805 4629 ι
842 4596 946 4634 non
982 4583 1194 4652 negavit
1219 4584 1342 4653 quia
1367 4585 1495 4648 sint,
1526 4585 1618 4639 sed
1650 4601 1718 4640 ne
1749 4585 1824 4640 illi
1854 4587 1962 4641 sint
1996 4589 2084 4642 cui

512 4669 630 4722 haec
661 4671 840 4724 omnia
889 4684 1152 4743 praecepta
1203 4677 1424 4742 dantur,
1470 4675 1726 4732 inhibuit.
1768 4677 1905 4733 Hinc
1952 4690 2083 4748 puto

513 4763 809 4829 apostolum
845 4762 1068 4817 Paulum
1118 4767 1416 4835 sumpsisse
1459 4768 1609 4832 illud,
1666 4771 1808 4839 quod
1859 4772 1926 4824 ad
1977 4771 2084 4825 Co-

514 4853 745 4907 rinthios
797 4856 1033 4924 scripsit,
1083 4857 1269 4912 dicens
1295 4857 1342 4889 ’⁸⁸
1375 4876 1389 4914 :
1433 4877 1452 4911 ε
1481 4859 1537 4914 Si
1573 4860 1788 4928 quidem
1823 4872 1947 4917 sunt
1992 4866 2085 4932 qui

514 4942 770 4997 dicuntur
799 4945 894 5010 dii,
933 4948 1048 5001 sive
1099 4948 1150 5002 in
1180 4949 1340 5013 etelo,
1371 4950 1483 5004 sive
1532 4952 1585 5005 iu
1618 4960 1786 5006 terra.
1811 4971 1832 5004 ι
1896 4952 1963 5008 Et
1992 4955 2088 5008 ad-

517 5031 596 5085 dit
628 5052 640 5088 :
675 5053 692 5084 ‹
723 5033 788 5087 Et
819 5037 961 5090 sicut
996 5047 1122 5090 sunt
1154 5039 1225 5092 dii
1256 5039 1430 5106 multi,
1459 5051 1513 5096 et
1546 5042 1747 5096 domini
1782 5044 1956 5109 multi,
1993 5060 2090 5098 no-

515 5123 598 5176 bis
645 5135 819 5180 tamen
875 5143 1018 5183 unus
1047 5128 1186 5185 Deus
1213 5129 1392 5198 Pater,
1425 5148 1492 5188 ex
1530 5148 1636 5202 quo
1674 5135 1879 5200 omnia,
1909 5145 1964 5188 et
1990 5151 2089 5190 nos

515 5228 614 5284 per
647 5215 843 5285 ipsum,
884 5227 940 5272 et
983 5235 1125 5275 unus
1171 5222 1431 5278 Dominus
1475 5223 1635 5280 Jesus
1681 5225 1948 5291 Christus,
1995 5241 2090 5296 per

585 5333 630 5404 ξ’
664 5334 835 5389 Exod.
860 5353 952 5398 xx,
985 5340 1039 5394 5.
1143 5340 1188 5372 ⁸³
1219 5342 1347 5397 ibid.
1380 5343 1436 5404 4,
1475 5343 1531 5404 5.
1554 5343 1609 5399 6.

1686 5343 1732 5375 “
1779 5345 1951 5402 Exod.
2006 5361 2097 5410 xx,
2123 5345 2176 5400 5.
2254 5347 2300 5378 ⁴⁸
2327 5349 2454 5402 ibid.
2479 5348 2532 5402 4.
2608 5349 2694 5402 ⁸⁸1
2726 5349 2850 5404 Cor.
2901 5350 3101 5414 vm,5,'
3120 5349 3177 5404 6.

2187 4505 2375 4564 gentes
2428 4497 2798 4552 haereditatem
2847 4508 3015 4562 tuam,
3061 4506 3115 4551 et
3167 4499 3562 4566 possessionem
3608 4509 3756 4555 tuam

2188 4590 2449 4643 terminos
2498 4598 2717 4646 terrae.»
2759 4591 2825 4644 Et
2855 4599 3078 4660 propter
3123 4605 3244 4644 eum
3297 4591 3387 4660 qui
3437 4592 3630 4646 iterum
3680 4593 3766 4645 di.

2188 4679 2336 4732 xit"
2370 4699 2383 4734 :
2418 4679 2641 4745 «Pater,
2689 4683 2869 4736 omnia
2918 4699 3034 4737 mea
3081 4693 3168 4737 tua
3221 4692 3368 4751 sunt,
3423 4693 3478 4739 et
3509 4695 3598 4738 tua
3634 4699 3757 4738 mea

2186 4781 2333 4836 sunt,
2357 4783 2408 4825 et
2434 4771 2764 4840 glorificatus
2791 4789 2908 4827 sum
2935 4775 2986 4828 in
3020 4775 3124 4839 his,
3153 4793 3171 4826 ι
3201 4775 3246 4829 si
3276 4784 3454 4829 tamen
3485 4775 3557 4828 ita
3599 4790 3757 4844 agas,

2192 4871 2250 4914 ut
2283 4863 2476 4931 dignus
2509 4865 2585 4917 sis
2615 4879 2740 4931 pars
2769 4879 2892 4919 esse
2929 4865 3042 4930 Dei,
3077 4874 3131 4920 et
3165 4866 3216 4919 in
3258 4865 3499 4920 funicqu
3527 4868 3758 4921 Incredi-

2187 4954 2314 5008 tatis
2353 4954 2470 5022 ejus
2499 4955 2696 5009 metiri.
2736 4956 2949 5025 Alioqui
2979 4956 3021 5010 si
3066 4957 3284 5026 indigne
3319 4971 3472 5027 agas,
3508 4957 3758 5025 exemplo

2189 5045 2297 5098 sint
2327 5045 2424 5098 tibi
2471 5045 2568 5112 illi,
2622 5047 2713 5116 qui
2763 5049 2829 5101 ad
2863 5050 2966 5103 hoc
2993 5049 3166 5102 vocati
3198 5048 3432 5116 fuerant,
3485 5059 3544 5104 ut
3573 5059 3754 5104 essent

2189 5151 2314 5204 pars
2344 5135 2459 5204 Dei,
2505 5147 2558 5192 et
2601 5142 2839 5207 peccatis
2870 5141 2984 5196 suis
3031 5144 3131 5196 hoc
3170 5151 3506 5207 meruerunt,
3540 5151 3600 5196 ut
3633 5143 3752 5197 dis-

2188 5239 2544 5299 pergerentur
2568 5246 2664 5301 per
2697 5248 2884 5288 omnes
2912 5242 3119 5303 gentes.
3171 5234 3236 5287 Et
3269 5236 3359 5302 qui
3389 5237 3538 5305 prius
3569 5236 3752 5292 educti

3252 5351 3296 5383 ‘7
3320 5350 3461 5406 Psal.
3505 5366 3652 5414 XLVI,
3690 5349 3749 5403 3.

515 5399 731 5492 :Ptfil.
760 5422 905 5492 {tu},
1064 5409 1119 5492 ’δῖ
1134 5399 1489 5492 Psal.'Lxxit,
1515 5399 1566 5468 I.
1628 5415 1688 5492 ff
1712 5399 1990 5484 Colossat,
2016 5399 2100 5472 ιϋζ
2136 5399 2139 5400 ν
2176 5419 2220 5449 ⁸³
2247 5399 2606 5488 Deli-trinis”,
2633 5399 2694 5485 εξ
2716 5399 2817 5474 9'."-
2836 5399 2889 5451 7“

518 5486 612 5537 xx,
635 5474 688 5528 5.
763 5477 811 5507 ³⁸
839 5478 978 5533 Psal.
1007 5495 1065 5545 η,
1088 5481 1141 5535 8.
1215 5482 1261 5514 ⁸⁸
1283 5481 1437 5539 Joau.
1467 5474 1704 5555 “11,10.

589 5568 702 5640 (27)
741 5571 910 5638 Alias,
949 5593 970 5626 ι
1005 5592 1108 5630 nou
1149 5577 1334 5636 facias.
1365 5598 1386 5635 ι

591 5641 706 5711 (28)
728 5643 900 5715 Alias,
934 5663 953 5698 t
978 5647 1050 5703 dii
1084 5648 1263 5706 alieni.
1291 5668 1310 5704 ι

2253 5585 2362 5654 (29)
2392 5583 2526 5642 Vide
2562 5586 2653 5642 lib.
2678 5602 2716 5648 ll
2757 5585 2968 5658 Origen.
2995 5601 3084 5657 qu.
3111 5586 3162 5646 5.
