4050 6142
241 272 350 328 353

1455 267 1525 324 IN
1566 265 1854 324 EXODUM
1895 265 2184 324 IIOMILIA
2221 267 2355 324 VIII.

3409 269 3522 325 35,

244 400 463 455 fuerant
488 395 558 450 de
590 395 756 449 domo
779 393 1080 461 servitutis,
1111 407 1260 449 nunc
1281 409 1496 449 rursum
1525 392 1675 465 (quia
1705 410 1726 445 ι
1749 393 1838 462 qui
1867 396 1917 453 Α
1945 391 2057 448 hare
2103 391 2286 448 sciens
2321 391 2632 464 Apostolus,
2683 390 2816 448 dicit
2842 389 2908 456 ",
2943 407 2963 442 ι
2985 387 3109 460 quia
3143 387 3343 443 idolum
3384 388 3530 446 nihil

243 499 457 560 peccat,
511 503 712 545 servus
759 498 844 544 est
877 487 1082 558 peccati
1108 487 1155 521 "
1175 487 1223 553 ι)
1271 503 1377 542 non
1422 488 1534 557 jam
1569 485 1840 556 Egyptiis

240 583 396 644 solis,
433 585 535 637 sed
589 582 853 636 omnibus
884 579 1137 650 gentibus
1169 578 1434 633 serviunt.
1475 579 1616 648 Ergo
1640 577 1842 632 dicitur

239 687 298 729 et
325 675 450 738 tibi,
501 675 601 744 qui
633 690 733 745 per
763 673 948 728 Jesum
977 670 1253 726 Christum
1292 669 1453 724 existi
1484 671 1550 725 de
1579 669 1837 741 Egypto,

238 778 294 823 et
317 767 384 819 de
423 768 594 821 domo
635 767 918 821 servitutis
948 766 1179 820 eductus
1209 777 1268 818 es
1296 777 1311 816 :
1359 780 1378 813 ι
1401 761 1516 817 Non
1557 771 1718 817 erunt
1745 762 1837 816 tibi

241 860 314 913 dii
344 858 441 912 alii
474 869 679 927 praeter
711 874 796 912 me
819 858 888 910 ⁸⁷.
915 876 933 909 ›

313 953 368 1004 5.
404 950 544 1005 Post
591 951 707 1005 hrec
755 949 1035 1031 videamus
1065 947 1194 1019 quid
1225 947 1390 1002 etiam
1435 947 1731 1002 secundum
1760 945 1840 1000 vi-

242 1046 406 1099 detur
457 1043 746 1099 continere
777 1043 1116 1097 mandatum.
1164 1041 1320 1097 «Non
1373 1041 1542 1096 facies
1595 1040 1686 1096 tibi
1733 1039 1838 1110 ipsi

244 1135 481 1200 idolum,
536 1149 716 1203 neque
763 1148 980 1189 omnem
1032 1134 1448 1188 similitudinem
1483 1148 1669 1190 eorum
1719 1147 1840 1202 qua:

246 1241 376 1284 sunt
430 1230 481 1282 in
517 1229 683 1293 caelo,
737 1228 823 1282 vel
875 1244 996 1297 qua:
1044 1230 1096 1283 in
1128 1238 1289 1292 terra,
1319 1230 1401 1284 vel
1430 1245 1550 1299 qua:
1577 1229 1627 1283 in
1660 1231 1836 1298 aquis,

245 1332 304 1379 et
341 1336 467 1391 quae
515 1321 708 1376 subtus
740 1329 944 1376 terram
968 1321 1035 1376 ⁸⁸.
1063 1340 1080 1373 ι
1124 1320 1308 1390 Longe
1346 1322 1490 1375 aliud
1517 1331 1641 1376 sunt
1674 1322 1836 1386 idola,

246 1425 302 1472 et
329 1415 482 1470 aliud
525 1414 620 1478 dii,
655 1414 962 1483 sicut'ipse
1011 1429 1110 1469 nos
1158 1414 1508 1468 nihilominus
1545 1413 1838 1482 Apostolus

247 1509 433 1562 docet.
469 1505 609 1560 Nam
642 1507 708 1561 de
735 1506 840 1561 diis
867 1507 1008 1562 dixit
1029 1507 1074 1539 ”
1107 1523 1122 1560 ε
1155 1526 1174 1559 ι
1199 1506 1354 1561 Sicut
1400 1517 1526 1562 sunt
1555 1509 1626 1562 dii
1662 1507 1834 1571 multi,

245 1611 304 1655 ct
330 1601 544 1654 domini
593 1599 816 1656 multi.)
860 1599 935 1654 De
983 1600 1143 1655 idolis
1176 1612 1356 1655 autem
1405 1599 1627 1664 dicit“,
1664 1620 1681 1650 ι
1710 1601 1834 1668 quia

251 1692 384 1747 nihil
407 1703 492 1748 est
521 1691 720 1747 idolum
753 1692 806 1746 in
836 1692 1058 1746 mundo.
1086 1711 1105 1744 ι
1143 1691 1292 1748 Unde
1323 1691 1450 1746 mihi
1480 1691 1693 1746 videtur
1727 1707 1832 1745 non

252 1786 572 1841 transitorie
615 1788 733 1841 haec
780 1785 978 1855 legisse
1032 1801 1150 1854 quae
1196 1785 1280 1840 lex
1317 1785 1467 1840 dicit.
1510 1783 1658 1839 Vidit
1689 1784 1833 1839 enim

251 1878 618 1933 differentiam
645 1881 896 1942 deorum,
935 1888 987 1932 et
1018 1877 1284 1933 idolorum
1308 1895 1323 1940 ;
1353 1889 1406 1932 et
1435 1893 1648 1932 rursum
1677 1876 1835 1931 dilic-

252 1971 483 2025 rentiam
539 1969 836 2036 idolorum,
888 1979 942 2024 et
979 1969 1414 2024 similitudinum.
1467 1969 1600 2024 Nam
1635 1970 1726 2039 qui
1772 1970 1836 2025 de

252 2060 406 2115 idolis
431 2059 579 2114 dixit
611 2059 739 2129 quia
768 2074 876 2112 non
918 2067 1062 2124 sunt,
1097 2075 1202 2113 non
1242 2060 1390 2114 addit
1419 2061 1545 2131 quia
1579 2060 1834 2115 similitu-

250 2153 401 2205 dines
429 2166 538 2205 non
575 2157 722 2205 sunt.
759 2149 864 2203 llic
893 2158 1072 2204 autem
1109 2150 1285 2205 dicit:

255 2245 358 2298 (Οὐ
383 2244 641 2314 ποιήσεις
667 2243 777 2312 (50)
802 2241 1012 2313 σεαυτῷ

250 2337 468 2391 εἴδωλον
502 2377 518 2402 ,
599 2335 721 2388 οὐδὲ
811 2335 1012 2400 παντὸς

246 2430 522 2501 ὁμοίωμα.
585 2448 604 2480 ι
655 2428 814 2481 Ἄλλο
853 2428 1010 2482 εἴδω-

243 2523 356 2588 λον,
384 2525 486 2578 καὶ
519 2523 709 2596 ἕτερον
735 2523 1006 2594 ὁμοίωμα.

257 2619 545 2689 Ὀμοίωμα
583 2619 681 2690 μὲν
710 2619 820 2689 γάρ
842 2619 1009 2682 ἐστιν,

244 2712 340 2768 ἐὰν
361 2715 529 2783 ποιῇς
556 2711 758 2782 ἰχθύος,
777 2711 810 2781 ἢ
828 2727 1014 2782 τετρα-

244 2803 432 2866 πύδου,
485 2804 522 2873 ἦ
561 2803 749 2878 θηρίου
791 2802 879 2856 διὰ
920 2819 1010 2855 τε-

244 2896 566 2968 τνουργίας,
603 2897 636 2968 ἣ
669 2895 757 2949 διὰ
792 2896 1010 2968 ζωγρα-

245 2989 371 3056 φίας
427 2987 704 3060 ὁμοίωμα.
781 2988 1010 3042 Εἴδωλον

243 3082 320 3146 δὲ,
373 3085 478 3136 ὅσα
522 3081 875 3136 ἀνατυποῦσα
904 3082 1008 3153 ψυ-

244 3175 314 3247 χὴ
357 3178 530 3241 ποιεῖ,
585 3177 685 3229 οὐκ
728 3175 788 3240 ἐξ
833 3178 1010 3248 ὑπαρ-

244 3268 450 3337 χόντων
475 3269 869 3340 πρωτοτύπως·
895 3254 1024 3323 οἷον

246 3361 697 3432 ἀναμεμιγμένον
753 3362 814 3416 τὸ
870 3362 1007 3426 ζῶον

247 3452 356 3507 ἀπὸ
379 3453 671 3524 ἀνθρώπου
701 3456 795 3508 καὶ
815 3455 1006 3510 ἵππου.

1085 2243 1126 2312 οξο
1143 2261 1162 2292 ι
1187 2243 1299 2297 Non
1318 2241 1480 2298 facies
1499 2240 1590 2296 tibi
1606 2243 1704 2311 ipsi
1721 2241 1836 2297 ido-

1085 2331 1214 2397 lum,
1234 2347 1408 2403 neque
1425 2332 1834 2387 similitudinem

1084 2429 1346 2482 omnium.
1371 2447 1390 2480 ›
1423 2427 1580 2481 Aliud
1601 2437 1684 2482 est
1707 2442 1835 2498 ergo

1088 2520 1272 2575 facere
1316 2520 1540 2586 idolum,
1587 2521 1732 2575 aliud
1761 2523 1837 2575 si-

1086 2614 1470 2678 militudinem.
1548 2614 1617 2668 Et
1665 2615 1837 2684 siqui-

1085 2708 1206 2762 dem
1239 2708 1498 2762 Doininus
1544 2723 1642 2762 nos
1671 2707 1738 2760 ad
1770 2722 1836 2762 ea

1082 2817 1201 2871 quae
1225 2803 1453 2857 dicenda
1480 2810 1606 2856 sunt
1635 2801 1838 2856 illumi-

1084 2911 1215 2951 nare
1238 2898 1511 2974 dignetur,
1535 2911 1635 2966 ego
1654 2896 1732 2950 sic
1749 2912 1836 2950 ar-

1082 2990 1639 3060 bitroraccipieuduin
1670 2991 1832 3060 quod,

1939 493 2024 538 est
2057 484 2108 538 in
2141 485 2361 538 mundo.
2390 502 2408 535 ι
2445 482 2560 538 Non
2596 484 2741 538 enim
2775 483 2954 553 aliqua
3001 496 3068 536 ex
3106 482 3266 535 rebus
3305 493 3526 536 exstan-

1942 579 2087 633 tibus
2130 577 2431 633 assumitur
2479 576 2709 645 species,
2741 577 2836 629 sed
2867 575 3009 644 quod
3045 575 3158 643 ipsa
3194 573 3296 628 sibi
3345 573 3522 628 otiosa

1940 686 2100 727 meus
2138 677 2194 724 et
2239 669 2458 724 curiosa
2511 668 2801 738 repererit.
2865 666 3180 722 Similitudo
3229 680 3362 720 vero
3411 673 3520 727 est,

1939 778 2062 818 cum
2111 761 2319 831 aliquid
2374 775 2441 814 ex
2497 759 2583 814 his
2633 774 2754 828 quae
2801 767 2929 813 sunt
2962 757 3047 811 vel
3098 758 3151 811 in
3183 757 3324 810 caelo
3351 754 3435 810 vel
3467 755 3521 808 in

1942 867 2108 920 terra,
2149 856 2230 908 vel
2259 853 2311 907 iu
2345 852 2522 922 aquis,
2575 849 2861 913 formatur,
2894 849 3037 904 sicut
3081 847 3330 917 superius
3377 846 3522 899 dixi-

1941 963 2080 1003 mus.
2126 947 2508 1002 Verumtamen
2548 958 2653 996 non
2702 942 2846 996 sicut
2892 940 2961 994 de
3012 939 3079 994 iis
3105 953 3232 1008 qua:
3280 939 3334 992 in
3375 947 3520 990 terra

1937 1050 2065 1097 sunt
2092 1039 2177 1094 vel
2205 1039 2258 1093 in
2284 1037 2419 1092 mari
2445 1033 2895 1090 similitudinibus
2919 1031 2972 1084 iu
3004 1037 3259 1099 promptu
3286 1039 3370 1083 est
3393 1043 3525 1097 pro-

1940 1133 2216 1195 nuntiare,
2251 1131 2324 1184 ita
2356 1129 2518 1184 etiam
2549 1127 2616 1180 de
2663 1121 2983 1179 cmlestibus
3015 1135 3030 1174 :
3062 1121 3165 1175 nisi
3213 1120 3261 1174 si
3288 1121 3413 1188 quis
3439 1119 3522 1172 di-

1939 1237 2027 1282 cat
2066 1226 2131 1280 de
2161 1223 2295 1287 sole,
2325 1230 2380 1276 et
2411 1220 2558 1283 luna,
2595 1227 2650 1271 et
2677 1216 2850 1272 stellis
2882 1215 2986 1269 hoc
3018 1228 3179 1282 posse
3207 1211 3416 1266 sentiri.
3454 1209 3524 1265 Et

1939 1321 2154 1390 horum.
2183 1328 2418 1384 namque
2459 1313 2665 1367 formas
2696 1309 3008 1378 exprimere
3051 1305 3329 1374 gentilitas
3358 1302 3519 1358 solet.

1941 1412 2044 1468 Sed
2081 1411 2206 1481 quia
2241 1411 2460 1479 Moyses
2511 1404 2760 1460 eruditus
2790 1410 2911 1456 erat
2941 1399 3016 1467 Ain
3069 1397 3218 1452 omni
3253 1395 3522 1466 sapientia

1937 1506 2345 1577 Egyptiorum,
2372 1500 2537 1554 etiam
2565 1511 2626 1552 ea
2665 1509 2785 1564 quin
2825 1493 2966 1563 apud
3002 1492 3122 1546 illos
3150 1499 3311 1544 erant
3345 1490 3400 1542 in
3424 1503 3524 1542 oc—

1938 1602 2102 1656 cultis
2151 1605 2206 1651 et
2260 1590 2578 1656 reconditis,
2629 1587 2926 1658 prohibere
2978 1584 3229 1654 cupiebat
3282 1599 3298 1636 :
3356 1581 3521 1644 sicut,

1945 1691 2086 1748 verbi
2115 1703 2301 1754 causa,
2329 1696 2387 1740 ut
2429 1700 2525 1740 nos
2562 1697 2779 1752 quoque
2821 1678 3272 1750 appellationibus
3303 1684 3524 1730 utamur

1941 1787 2201 1855 ipsorum,
2238 1780 2474 1834 llecalen
2503 1790 2664 1844 quam
2697 1775 2902 1836 dicunt,
2937 1772 3182 1840 aliasque
3205 1771 3520 1824 daemonum

1935 1877 2162 1939 formas,
2199 1888 2318 1942 qua:
2348 1866 2639 1939 Apostolus
2677 1883 2696 1916 ι
2724 1861 2990 1935 spiritalia
3041 1861 3300 1934 nequitia:
3325 1860 3380 1914 in
3407 1873 3522 1914 cm-

1936 1967 2206 2024 ICSllbUS)
2245 1960 2492 2018 vocat".
2558 1959 2635 2011 De
2681 1957 2810 2027 ipsis
2846 1958 3115 2020 fortassis,
3167 1963 3222 2010 et
3253 1953 3519 2025 propheta

1935 2063 2070 2116 dicit
2093 2059 2158 2125 ⁸³,
2192 2059 2318 2128 quia
2362 2075 2380 2108 ι
2409 2054 2713 2110 inebriatus
2760 2060 2844 2105 est
2872 2049 3086 2118 gladius
3126 2063 3279 2101 meus
3314 2047 3367 2100 in
3399 2059 3517 2100 cm-

1933 2153 2007 2208 ιη.
2036 2172 2054 2205 ι
2099 2152 2192 2206 llis
2241 2149 2386 2205 enim
2434 2145 2628 2200 formis
2673 2152 2730 2197 et
2775 2137 3226 2196 similitudinibus
3260 2137 3521 2191 invocare

1935 2243 2201 2298 daemonia
2232 2239 2403 2294 moris
2451 2245 2536 2291 est
2568 2235 2657 2300 iis,
2687 2232 2885 2303 quibus
2924 2230 3050 2284 talia
3082 2244 3228 2284 cura:
3257 2237 3404 2294 sunt,
3431 2226 3521 2282 vel

1935 2337 2001 2391 ad
2055 2333 2377 2404 repellenda,
2428 2327 2514 2385 vel
2567 2327 2730 2381 etiam
2779 2322 2844 2378 ad
2905 2321 3127 2376 vitanda
3177 2319 3340 2383 mala,
3393 2333 3519 2388 quin

1935 2445 2080 2484 nunc
2114 2441 2294 2483 sermo
2325 2427 2418 2480 Dei
2471 2423 2722 2478 universa
2755 2414 3126 2484 complectens
3174 2410 3334 2466 simul
3363 2411 3520 2480 abju-

1935 2533 2022 2580 rat
2055 2533 2111 2578 et
2148 2522 2360 2590 abiicit,
2389 2529 2444 2574 et
2475 2534 2584 2573 non
2629 2513 2802 2571 solum
2835 2509 3036 2564 idolum
3073 2506 3190 2561 fleri
3219 2513 3392 2567 vetat,
3419 2504 3516 2558 sed

1935 2627 1990 2672 et
2040 2614 2447 2670 similitudinem
2482 2608 2726 2665 omnium
2755 2617 2876 2673 qua:
2911 2599 2964 2655 in
2999 2609 3144 2654 terra
3189 2607 3347 2662 sunt,
3371 2605 3428 2652 et
3459 2595 3518 2649 in

1933 2711 2116 2780 aquis,
2153 2717 2210 2762 et
2238 2709 2291 2760 in
2324 2705 2483 2761 ccelo.

2005 2805 2062 2859 4.
2096 2801 2258 2856 Addit
2304 2810 2484 2852 autem
2535 2802 2591 2849 et
2635 2782 3064 2855 dicitz-chon
3113 2779 3374 2836 adorabis
3421 2791 3516 2862 ea,

1942 2917 1959 2950 ι
1985 2898 2057 2951 Οὐ
2076 2893 2470 2968 προσκυνήσεις
2485 2888 2687 2949 αὐτοῖς,
2763 2891 2939 2946 neque
2958 2873 3104 2930 coles
3125 2887 3188 2927 ea
3204 2872 3324 2925 "2i
3358 2871 3519 2928 Aliud

1935 2991 2056 3045 οὐδὲ
2089 2985 2406 3060 λατρεύσεις
2434 2981 2638 3043 αὐτοῖς.
2666 2998 2684 3030 ι
2762 2982 2848 3029 εει
2867 2971 3065 3035 colere,
3091 2968 3240 3023 aliud
3266 2968 3514 3028 adorare.

1081 3083 1233 3138 verbi
1285 3097 1471 3146 causa.
1531 3083 1578 3136 si
1618 3083 1740 3152 quis
1776 3083 1829 3137 in

1940 3085 2100 3139 Ἀλλο
2126 3057 2467 3153 προσκυνεῖν,
2492 3075 2586 3129 καὶ
2607 3073 2692 3128 ᾰλ-
2765 3063 2952 3118 Potest
2996 3060 3120 3129 quis
3162 3057 3434 3159 interdum
3461 3065 3520 3112 et

1079 3175 1320 3245 quolibet
1349 3175 1568 3231 metallo
1599 3176 1718 3230 auri
1745 3178 1831 3232 vel

1079 3271 1308 3342 argenti,
1342 3273 1424 3326 vel
1455 3271 1608 3342 ligni,
1643 3273 1724 3327 vel
1755 3273 1831 3326 la-

1081 3361 1395 3431 pidisfaciat
1411 3362 1647 3431 speciem
1670 3359 1832 3431 158

1081 3452 1449 3523 quadrupedis
1470 3451 1721 3520 alicujus,
1747 3453 1830 3506 vel

251 3548 546 3616 scrpentis,
594 3547 685 3602 vel
715 3547 855 3611 avis,
902 3556 958 3601 et
1007 3555 1213 3601 statuat
1265 3546 1413 3601 illam
1468 3547 1828 3614 adorandam,

253 3652 355 3691 non
389 3638 621 3704 idolum,
678 3639 774 3694 sed
801 3638 1214 3693 similitudinem
1246 3637 1400 3693 fecit.
1457 3636 1550 3693 Vel
1584 3630 1748 3693 etiam
1780 3639 1826 3694 si

253 3731 523 3798 picturam
553 3732 624 3786 ad
656 3733 763 3788 hoc
807 3733 984 3802 ipsum
1017 3740 1244 3800 statuat,
1278 3732 1635 3788 nihilominus
1665 3732 1827 3787 simi‘

253 3821 533 3877 litudinem
584 3821 778 3877 fecisse
809 3823 1069 3878 dicendus
1099 3833 1206 3878 est.
1277 3822 1481 3878 Idolum
1519 3837 1650 3878 vero
1696 3823 1828 3882 facit

253 3914 357 3978 ille,
391 3915 486 3983 qui
518 3917 814 3969 secundum
840 3915 1161 3984 Apostolum
1186 3915 1478 3981 dicentem,
1512 3916 1638 3984 quia
1666 3933 1685 3967 ι
1711 3916 1827 3970 ido-

251 4007 358 4061 lum
394 4007 536 4062 nihil
565 4017 666 4071 est,
693 4027 712 4060 ι
742 4006 877 4062 facit
901 4009 1045 4078 quod
1073 4025 1184 4065 non
1215 4018 1319 4064 est.
1359 4008 1499 4075 Quid
1529 4018 1614 4063 est
1642 4016 1822 4063 autem

251 4100 390 4168 quod
423 4115 534 4155 non
567 4100 692 4156 est?
719 4099 942 4170 Species
968 4116 1130 4170 quam
1162 4117 1267 4156 non
1301 4101 1437 4157 vidit
1478 4100 1692 4167 oculus,
1716 4087 1825 4156 'sed

251 4191 366 4261 ipse
392 4191 498 4246 sibi
531 4192 747 4252 animus
776 4192 950 4262 lingit.
989 4192 1152 4247 Verbi
1185 4192 1385 4262 gratia,
1418 4201 1479 4245 ut
1504 4192 1548 4246 si
1577 4193 1698 4262 quis
1724 4191 1825 4246 liu-

251 4289 426 4340 manis
456 4285 718 4340 membris
746 4295 912 4354 caput
943 4287 1115 4348 cauis,
1147 4293 1240 4338 aut
1275 4285 1462 4338 arietis
1490 4283 1706 4350 formet,
1739 4283 1823 4339 vel

251 4390 466 4431 rursum
517 4377 571 4430 in
608 4390 718 4430 uno
749 4376 982 4430 hominis
1015 4376 1198 4431 habitu
1230 4377 1366 4429 duas
1412 4375 1584 4433 facies
1630 4379 1819 4448 lingat,

1937 3175 1996 3227 λο
2021 3171 2325 3244 λατρεύειν.
2367 3169 2427 3221 '0
2461 3165 2556 3237 μὲν
2583 3163 2691 3234 γὰρ

1937 3267 1997 3332 ἐξ
2033 3265 2160 3335 ὅλης
2203 3262 2380 3334 ψυχῆς
2428 3255 2689 3312 δουλεύων

1933 3357 2164 3421 τούτοις,
2200 3356 2260 3408 οὐ
2312 3354 2470 3424 μόνον
2520 3367 2690 3421 προσ-

1931 3451 2105 3513 κυνεῖ,
2134 3447 2269 3500 ἀλλὰ
2290 3445 2384 3499 καὶ
2415 3441 2684 3513 λατρεύει.

1947 3546 2004 3598 '0
2043 3544 2100 3598 δὲ
2141 3541 2385 3596 καθυποκ
2393 3539 2502 3612 ρινό
2509 3552 2687 3608 μενος,

1933 3637 2027 3692 καὶ
2074 3634 2163 3690 διὰ
2207 3633 2275 3688 τὰ
2321 3631 2447 3703 ἔθνη
2495 3627 2684 3693 ποιῶν,

1931 3735 1993 3788 οὺ
2021 3730 2271 3803 λατρεύει
2297 3729 2417 3798 μὲν,
2449 3743 2688 3800 προσκυ-

1929 3827 2014 3878 νεῖ
2030 3823 2106 3878 se.
2151 3823 2418 3894 Εὑρήσεις
2439 3819 2495 3872 δὲ
2514 3817 2687 3870 τοιού-

1929 3934 2056 3980 τους
2119 3917 2176 3969 ἐν
2233 3917 2344 3978 τοῖς
2411 3911 2688 3984 Ἀριθμοῖς

1930 4011 2316 4085 χαριζομένους
2337 4010 2565 4078 γυναιξὶ,
2592 4009 2686 4064 καὶ

1928 4106 2124 4160 εἴδωλα
2157 4104 2612 4176 προσκυνοῦντας.

2763 3159 2971 3213 invitus
3033 3155 3292 3217 adorare,
3369 3152 3519 3206 sicut

2763 3249 3004 3306 nonnulli
3038 3247 3254 3319 regibus
3289 3245 3521 3302 adulan-

2761 3355 2862 3413 tes,
2895 3361 3019 3400 cum
3045 3360 3140 3400 eos
3168 3344 3234 3397 ad
3266 3340 3519 3410 hujusce-

2759 3442 2903 3497 modi
2928 3440 3105 3497 studia
3133 3439 3344 3495 deditos
3365 3438 3518 3493 vide-

2761 3540 2892 3603 rint,
2946 3536 3176 3591 adorare
3231 3551 3290 3591 se
3341 3535 3516 3590 simu-

2759 3631 2871 3686 lant
2901 3631 3064 3696 idola,
3107 3645 3230 3686 cum
3268 3631 3320 3684 in
3349 3629 3515 3684 corde

2762 3727 3001 3797 ipsorum
3024 3735 3232 3782 certum
3265 3724 3356 3790 sit,
3385 3725 3511 3794 quia

2759 3824 2893 3876 nihil
2924 3831 3008 3878 est
3037 3821 3261 3877 idolum.
3319 3820 3516 3877 Colere

2758 3933 2912 3984 vero,
2940 3928 3022 3973 est
3057 3927 3172 3973 toto
3198 3918 3282 3972 his
3311 3915 3512 3972 aﬂ‘ectu

2757 4025 2812 4068 et
2859 4015 3039 4070 studio
3085 4012 3404 4084 mancipari.
3436 4011 3514 4069 U-

2758 4115 3011 4176 trumque
3026 4119 3158 4176 ergo
3175 4113 3386 4160 resecat
3403 4119 3515 4158 ser-

1930 4213 2019 4252 mo
2050 4197 2284 4259 divinus,
2343 4204 2400 4250 ut
2428 4211 2601 4265 neque
2648 4194 2845 4252 all‘ectu
2880 4200 3050 4264 colas,
3105 4211 3287 4268 neque
3322 4195 3512 4266 specie

1929 4291 2146 4345 adores.

2226 4287 2516 4343 Sciendum
2567 4297 2768 4353 tamen,
2822 4291 2964 4362 quod
3027 4305 3152 4344 cum
3201 4289 3510 4344 decreveris

1930 4384 2184 4454 praecepti
2237 4381 2354 4452 ejus
2381 4396 2602 4437 servare
2651 4383 2986 4445 mandatum,
3043 4391 3097 4437 et
3132 4397 3322 4438 omnes
3345 4391 3510 4437 ciete-

250 4479 342 4524 aut
369 4470 612 4525 humano
645 4471 856 4540 pectori
909 4481 1216 4540 postremas
1248 4481 1432 4542 partes
1460 4473 1581 4540 equi
1615 4483 1709 4526 aut
1743 4475 1796 4542 pi
1809 4503 1826 4515 -
1859 4457 1904 4513 Ῐ)
1935 4494 2024 4533 ros
2060 4478 2190 4532 deos
2233 4484 2288 4530 et
2335 4476 2584 4531 dominos
2637 4476 2940 4546 repudiare,
2994 4485 3050 4530 et
3099 4485 3298 4546 praeter
3340 4488 3505 4528 unum

251 4563 360 4618 scis
391 4560 670 4633 adiungat.
732 4561 860 4619 llaec
889 4573 940 4617 et
973 4563 1038 4618 iis
1067 4563 1265 4618 similia
1293 4565 1383 4630 qui
1417 4564 1569 4628 facit,
1605 4581 1710 4620 non
1750 4568 1827 4622 si-

255 4654 630 4719 militudinem,
689 4655 784 4709 sed
836 4656 1039 4710 idolqu
1089 4656 1239 4710 facit.
1302 4656 1453 4710 Facit
1495 4659 1639 4711 enim
1679 4659 1825 4728 quod

255 4759 358 4800 non
393 4755 505 4812 est,
554 4760 658 4801 nec
707 4746 871 4801 habet
903 4747 1108 4815 aliquid
1141 4747 1316 4802 simile
1365 4749 1470 4804 sui.
1513 4748 1581 4804 Et
1621 4749 1825 4806 idcirco

854 4853 1043 4894 VEBSIO
1075 4855 1236 4898 ΝονΔ.

320 4932 360 5002 -ι-
383 4951 403 4984 ι
430 4931 563 5006 Non
585 4933 748 5006 facies
771 4933 863 4988 tibi
887 4935 1105 4997 idolum.
1132 4951 1291 5006 neque
1320 4935 1480 4990 ullius
1521 4935 1829 4991 similitudi-

256 5017 387 5056 nem.
415 5021 435 5054 ι
479 5003 640 5056 Aliud
678 5005 880 5057 idolum
910 5017 956 5057 et
1003 5006 1151 5058 aliud
1194 5003 1510 5060 similitudo.
1553 5006 1826 5060 Similitu-

258 5071 319 5145 ἀρ
350 5074 493 5145 enim
531 5083 606 5126 est
643 5077 691 5127 si
736 5076 912 5141 piscis,
951 5084 1040 5127 aut
1088 5077 1464 5145 quadrupedis,
1513 5087 1605 5130 aut
1648 5077 1826 5132 bestia

257 5143 594 5196 simulacrum
625 5154 736 5196 arte
761 5154 850 5196 aut
894 5143 1153 5213 pingendo
1201 5147 1419 5212 feceris;
1470 5146 1670 5200 idolum
1704 5164 1823 5201 vero

257 5213 503 5281 quidquid
533 5215 740 5267 animus
765 5229 829 5267 ea:
856 5215 936 5267 his
969 5231 1086 5284 qua:
1120 5217 1372 5281 primario
1405 5235 1506 5271 non
1535 5218 1820 5282 exsistunt,

261 5296 422 5361 secum
449 5285 559 5361 ipse
577 5285 870 5361 eﬂormarit
889 5299 907 5336 :
931 5286 1225 5354 cujusmodi
1249 5288 1407 5354 fuerit
1436 5288 1657 5352 animal,
1681 5290 1822 5357 quod

266 5355 447 5404 mistim
469 5355 682 5407 homine
713 5365 760 5406 et
798 5371 927 5424 equo
957 5365 1171 5411 constet.

1935 4573 2102 4626 Deum
2144 4579 2198 4624 et
2227 4570 2515 4625 Dominum
2566 4571 2832 4624 neminem
2871 4569 3073 4623 habere
3115 4569 3196 4621 vel
3225 4567 3391 4621 Deum
3421 4564 3510 4622 vel

1885 4725 1892 4736 ,
1933 4660 2242 4724 Dominum,
2275 4661 2376 4713 hoc
2417 4671 2501 4715 est
2535 4660 2732 4714 bellum
2783 4661 2901 4715 sine
2929 4658 3134 4715 findere
3164 4660 3512 4714 denuntiasse

1929 4754 2182 4811 omnibus
2228 4753 2463 4809 creteris.
2520 4753 2656 4808 Cum
2690 4769 2821 4822 ergo
2864 4755 3112 4809 venimus
3161 4753 3229 4808 ad
3277 4753 3508 4824 gratiam

2519 4860 2712 4900 VERSIO
2743 4859 2902 4899 NOVA.

2005 4942 2080 5010 -}-¢
2111 4937 2232 4993 Non
2266 4939 2514 5010 adorabis
2540 4956 2623 5003 ea,
2659 4955 2822 5005 neque
2866 4937 3004 5010 coles
3051 4953 3133 4990 ea.
3159 4955 3181 4989 ›
3238 4935 3510 5010 Aliudcst

1928 5004 2159 5066 adorare
2196 5019 2247 5064 et
2287 5009 2435 5062 aliud
2471 5011 2661 5065 colere.
2705 5004 2848 5064 Nam
2881 5009 2970 5077 qui
3005 5019 3113 5062 toto
3157 5010 3330 5077 animo
3365 5004 3510 5077 hisce

1933 5085 2111 5146 servit,
2151 5098 2253 5134 non
2299 5082 2454 5133 modo
2487 5084 2696 5144 adorat,
2751 5075 2928 5133 verum
2982 5079 3141 5131 etiam
3194 5076 3340 5133 colit.
3401 5075 3510 5142 Qui

1931 5162 2105 5206 autem
2137 5168 2243 5204 rem
2281 5151 2525 5204 simulate
2563 5167 2624 5202 ac
2650 5161 2858 5217 propter
2892 5160 3067 5218 gentes
3110 5148 3259 5216 facit,
3298 5161 3511 5218 non__co-

1931 5225 1992 5276 lit
2032 5224 2263 5292 quidem,
2306 5224 2395 5274 sed
2431 5214 2960 5292 adornL'Ejusmodi
2991 5214 3221 5292 reperies
3269 5219 3324 5270 in
3382 5214 3510 5268 Nu-

1932 5290 2111 5359 meris,
2135 5294 2223 5362 qui
2254 5305 2310 5346 ut
2343 5291 2654 5345 mulieribus
2676 5292 2914 5361 placeant
2945 5290 3090 5344 idola
3115 5293 3342 5342 adorant

322 5473 363 5543 i‘
383 5473 692 5540 Joan.vm,
728 5473 815 5528 54.
890 5475 1122 5529 "Exod.
1173 5492 1267 5536 XX.
1313 5476 1367 5530 5·
1446 5475 1491 5507 ⁸⁸
1517 5474 1685 5532 Εκοίίο
1741 5491 1830 5530 3“

1938 5476 1991 5530 4.
2067 5475 2160 5531 ⁸⁹Ι
2201 5477 2328 5534 Cor.
2385 5491 2507 5543 vin,
2553 5475 2607 5531 5.
2681 5475 2962 5532 ‘°ibid.4.
3035 5470 3504 5540 “lCor.vm,4.

267 5537 511 5613 “Ephes.
537 5561 619 5610 rt,
648 5537 734 5598 12.
811 5544 855 5575 ⁸³
878 5544 979 5599 lsa.
1011 5562 1195 5612 xxxw,
1221 5548 1275 5604 5.
1353 5547 1418 5577 ⁸³⁵
1446 5545 1622 5601 Exod.
1650 5562 1741 5612 xx,
1775 5546 1826 5601 ὅ.

318 5639 430 5712 (50)
465 5642 553 5715 Οὐ
591 5637 1038 5715 gzog_1ioe¢c,_etc.
1091 5641 1277 5700 Graeca
1336 5643 1496 5715 hujus
1553 5657 1652 5700 nec
1694 5658 1799 5700 non
1853 5645 2130 5715 sequentis
2176 5641 2462 5715 fragmenti
2505 5644 2670 5699 verba
2722 5644 3003 5713 desumpta
3051 5650 3177 5700 sunt
3215 5656 3247 5698 e
3287 5639 3505 5699 schedia

261 5710 636 5778 manuscriptis
668 5711 999 5768 Combclisii.
