4050 6142
474 226 589 288 555

1952 220 2279 279 ORIGENS

3640 218 3833 281 556

478 346 760 419 baptismi,
789 343 1063 402 universis
1089 343 1210 399 aliis
1234 344 1340 400 diis
1380 353 1436 399 et
1469 344 1708 401 dominis
1738 347 2064 400 renuntian-
2092 350 2136 406 Α
2169 359 2290 399 mus
2314 343 2381 398 ad
2413 340 2717 406 Christum,
2761 357 2886 398 cum
2940 341 3142 403 adhuc,
3198 348 3258 394 ut
3310 326 3562 412 superius
3611 344 3726 397 dix
3747 340 3818 402 i,

481 452 587 503 tes.
617 439 788 495 solum
819 438 1148 493 conﬁtemur
1183 437 1353 491 Deum
1382 435 1622 503 Patrem,
1668 449 1722 494 et
1760 437 1978 505 Filium,
2009 449 2066 494 et

472 536 745 607 Spiritum
799 544 1072 590 sanctmn.
1135 533 1242 589 Sed
1295 535 1397 589 hoc
1431 535 1770 592 confitentes.
1810 536 1911 591 nisi
1952 546 2065 591 toto

472 628 647 684 corde
678 627 967 697 diligamus
1011 625 1300 681 Dominum
1337 628 1505 682 Deum
1553 638 1819 693 nostrum,
1850 639 1905 684 et
1951 639 2064 684 tota

478 720 680 784 anima,
711 730 767 775 et
799 729 909 774 tota
940 719 1140 775 virtute
1169 719 1550 775 adhzereamus
1584 721 1707 791 ipsi,
1739 737 1846 777 non
1874 738 2064 778 smnus

476 809 657 867 elfecti
688 825 817 881 pars
851 810 1103 877 Domini;
1133 810 1230 865 sed
1267 810 1411 865 velut
1454 812 1505 865 in
1543 813 1784 866 eonlinio
1824 814 2063 882 quodam

476 904 664 975 positi,
695 912 752 958 et
775 902 901 960 illos
929 900 1166 958 oﬁ‘ensos
1192 903 1455 972 patimur,
1482 919 1619 972 quos
1653 905 1976 974 refugimus,
2011 917 2065 961 et

479 997 764 1052 Dominum
794 996 861 1050 ad
898 1009 1063 1064 quem
1090 995 1436 1066 confugimus
1486 997 1781 1065 propitium
1819 1013 1925 1053 non
1950 997 2067 1052 eiii-

476 1089 674 1152 eimus,
703 1102 869 1158 quem
917 1103 1023 1142 non
1060 1102 1128 1144 ex
1167 1096 1282 1143 toto
1331 1095 1385 1142 et
1421 1088 1634 1159 integro
1679 1091 1845 1146 corde
1887 1090 2066 1161 diligi-

468 1194 621 1236 mus.
665 1180 731 1234 Et
759 1180 880 1234 ideo
900 1179 1049 1251 luget
1081 1195 1183 1237 nos
1227 1182 1491 1252 propheta
1524 1197 1662 1251 quos
1690 1182 1837 1238 videt
1874 1184 2060 1252 hujus-

472 1271 693 1326 cemodi
741 1271 1112 1327 inconstantia
1168 1270 1458 1338 fluctuare,
1507 1283 1564 1328 et
1604 1275 1738 1329 dicit
1761 1274 1855 1331 ‘*:
1903 1274 2062 1341 «Vm,

472 1362 721 1433 duplices
751 1365 917 1419 corde
962 1373 1018 1418 et
1064 1366 1269 1420 animo.
1292 1382 1312 1416 ι
1357 1364 1427 1419 Ει
1455 1366 1652 1421 iterum
1676 1366 1721 1400 “
1756 1384 1770 1421 :
1811 1386 1830 1421 ‹
1856 1366 2067 1439 Usque-

472 1473 585 1528 quo
613 1457 937 1512 claudicatis
979 1457 1230 1527 utrisque
1264 1458 1495 1527 genibus
1527 1460 1761 1516 veStris?
1782 1480 1803 1514 ι
1866 1461 1972 1518 Sed
2010 1473 2067 1519 et

471 1552 754 1617 apostolus
775 1547 1013 1621 Jacobus
1048 1550 1180 1605 dicit
1203 1550 1248 1581 ⁸⁸
1286 1565 1302 1604 :
1339 1570 1358 1603 ι
1390 1551 1482 1606 Vir
1513 1551 1713 1621 duplex
1767 1554 1952 1611 animo
1981 1554 2066 1610 in-

468 1651 738 1696 constans
767 1650 852 1695 est
899 1641 953 1695 in
989 1642 1244 1698 omnibus
1288 1644 1455 1702 viis.»
1518 1644 1720 1700 Sumus
1765 1661 1896 1716 ergo
1939 1663 2060 1715 nos,

470 1731 568 1801 qui
600 1744 707 1786 non
744 1732 958 1801 integra
1008 1746 1111 1787 nec
1147 1732 1390 1802 perfecta
1444 1736 1548 1791 ﬁde
1583 1737 1864 1807 sequimur
1892 1739 2061 1795 Deum

470 1835 747 1888 nostrum,
793 1835 850 1880 et
898 1825 970 1879 ab
1020 1825 1215 1882 alienis
1260 1830 1590 1885 recessimus
1630 1831 1761 1896 diis,
1810 1833 1958 1887 velut
2008 1834 2061 1888 in

474 1917 656 1972 medio
688 1919 925 1988 quodam
978 1918 1221 1973 conﬁnio
1271 1921 1429 1987 positi
1461 1939 1475 1975 :
1506 1932 1564 1976 et
1593 1924 1661 1978 ab
1688 1923 1880 1980 alienis
1907 1927 2061 1995 quasi

471 2009 698 2080 fugaces
723 2011 1001 2078 caedimur,
1027 2020 1081 2067 et
1101 2027 1131 2066 a
1155 2023 1342 2069 nostro
1365 2013 1594 2070 Domino
1614 2028 1870 2088 tanquam
1890 2021 2064 2076 insta-

471 2102 614 2158 biles
638 2111 693 2158 et
722 2103 869 2158 dubii
896 2120 1001 2158 non
1028 2104 1395 2164 defendimur.
1426 2108 1622 2163 Annon
1653 2109 1755 2163 hoc
1776 2119 1880 2174 est,
1918 2113 2061 2182 quod

471 2203 529 2248 et
561 2195 839 2264 prophetae
870 2193 1195 2263 spiritaliter
1228 2195 1597 2266 imaginantur
1636 2199 1702 2253 de
1728 2200 2062 2256 amatoribus

473 2284 837 2351 Hierusalem,
866 2302 990 2343 cum
1015 2287 1228 2353 dicunt,
1262 2289 1390 2359 quia
1426 2302 1694 2348 amatores
1724 2295 1796 2348 tui
1825 2296 1923 2364 ipsi
1953 2296 2060 2349 ini-

472 2376 599 2432 mici
620 2375 750 2431 facti
775 2387 903 2431 sunt
929 2377 1027 2433 tibi
1045 2378 1126 2433 “7?
1149 2378 1224 2432 Ita
1247 2395 1379 2449 ergo
1405 2380 1647 2453 intelligo
1671 2394 1723 2440 et
1740 2388 1933 2440 anima:
1958 2396 2061 2441 tum

473 2467 674 2523 multos
704 2468 873 2523 fuisse
904 2478 1196 2535 amatores,
1245 2472 1339 2541 qui
1376 2471 1631 2528 delectati
1682 2484 1811 2531 sunt
1858 2476 2058 2534 decore

471 2561 616 2629 ejus,
651 2576 775 2616 eum
807 2562 1005 2631 quibus
1034 2563 1387 2618 meretricata
1418 2575 1523 2619 est.
1566 2566 1645 2621 De
1673 2568 1869 2637 quibus
1896 2578 1950 2624 et
1978 2570 2061 2624 di-

471 2653 697 2709 eehat“
742 2672 756 2709 :
799 2672 817 2705 ι
839 2653 966 2709 Post
1007 2665 1283 2712 amatores
1326 2671 1479 2714 meos
1510 2657 1620 2722 ibo,
1649 2660 1741 2729 qui
1767 2661 1897 2716 dant
1927 2661 2060 2717 mihi

475 2744 636 2816 159
656 2740 837 2800 vinum
870 2742 1356 2812 meum,-etoleum
1389 2764 1589 2813 meum,
1632 2769 1652 2803 ι
1711 2758 1767 2806 et
1825 2763 2053 2807 caetera.

473 2837 581 2893 Sed
615 2838 764 2893 venit
785 2836 897 2908 jam
921 2838 1054 2893 illud
1089 2847 1324 2909 tempus,
1362 2850 1422 2895 ut
1446 2841 1656 2896 diceret
1686 2859 1701 2896 :
1735 2861 1756 2894 ι
1793 2841 2061 2899 Revertar

471 2930 541 2984 ad
570 2929 747 2984 virum
796 2945 978 2986 meum
1016 2931 1299 3000 priorem,
1326 2933 1479 3002 .quia
1516 2933 1711 2988 melius
1755 2934 1888 2989 mihi
1938 2946 2059 2990 erat

473 3031 627 3085 tunc,
664 3036 826 3092 quam
878 3022 1062 3077 modo.
1110 3041 1131 3076 ι
1174 3022 1443 3093 Regressa
1498 3040 1558 3080 es
1591 3041 1721 3096 ergo
1768 3027 1838 3082 ad
1880 3028 2055 3083 virum

2169 436 2544 492 fornicaretur
2578 437 2756 490 anima
2821 444 3009 491 nostra
3073 450 3104 487 a
3141 433 3273 500 Deo,
3306 442 3362 488 et
3408 446 3555 490 esset
3617 448 3812 492 curn

2166 529 2505 586 amatoribus
2532 529 2648 585 suis
2669 528 3031 586 daemonibus.
3055 528 3162 583 Sed
3181 538 3534 598 posteaquam
3563 531 3727 585 dixit
3782 545 3814 582 :

2171 640 2192 675 ι
2221 622 2484 678 Revertar
2514 623 2580 678 ad
2605 623 2784 677 virum
2811 637 2991 677 meum
3024 623 3300 692 priorem;
3336 642 3355 674 ι
3389 633 3445 678 et
3479 624 3630 679 venit
3686 622 3811 677 ad

2165 715 2468 779 Christum,
2508 714 2599 786 qui
2642 730 2761 769 eam
2808 728 2876 770 ex
2924 714 3082 769 initio
3129 714 3196 769 ad
3248 715 3541 786 imaginem
3591 726 3803 770 suam

2166 810 2393 873 creavit,
2435 809 2748 864 necessario
2808 808 2986 864 locum
3048 808 3198 863 dedit
3252 809 3467 866 adulter
3499 811 3796 880 spiritus.

2165 902 2255 956 ubi
2286 902 2421 956 vidit
2455 901 2756 973 legitimum
2791 899 3278 985 virum.‘Suseepti
3324 916 3455 983 ergo
3497 917 3695 960 sumus
3741 918 3797 957 ει

2165 995 2415 1061 Christo,
2450 1005 2507 1050 et
2555 994 2813 1048 mundata
2843 1004 2928 1048 est
2953 980 3147 1048 domus
3191 1005 3377 1049 nostra
3406 980 3457 1049 la
3508 997 3795 1066 peccatis

2167 1088 2460 1159 prioribus,
2491 1094 2546 1142 et
2566 1093 2758 1142 ornata
2789 1096 2875 1141 est
2896 1086 3243 1141 ornamentis
3275 1099 3784 1144 sacramentorum

2169 1181 2432 1244 ﬁdelium,
2465 1196 2586 1251 quae
2629 1187 2827 1234 norunt
2860 1177 2955 1249 qui
3010 1178 3213 1234 initiati
3270 1190 3416 1235 sunt.
3460 1180 3567 1235 Sed
3639 1196 3782 1235 non

2166 1275 2352 1329 statim
2393 1275 2586 1329 domus
2626 1273 2742 1328 haec
2806 1271 3172 1327 habitatorem
3210 1271 3413 1326 habere
3466 1272 3776 1329 Christum

2168 1367 2545 1436 meretur,nisi
2577 1368 2649 1423 sit
2671 1367 2781 1421 vita
2804 1367 2924 1438 ejus
2961 1377 3017 1421 et
3043 1367 3392 1423 conversatio
3429 1368 3501 1421 ita
3530 1376 3772 1433 sancta,

2169 1463 2242 1517 ita
2282 1476 2419 1530 pura
2457 1470 2513 1516 et
2548 1458 3072 1523 incontaminabilis,
3114 1469 3174 1513 ut
3212 1459 3470 1530 templum
3502 1458 3593 1515 Dei
3621 1475 3774 1515 esse

2167 1561 2464 1605 mereatur.
2507 1548 2622 1603 Non
2663 1548 2806 1602 enim
2839 1548 3033 1603 donms
3059 1546 3171 1619 ('55)
3212 1549 3416 1612 adhuc,
3453 1549 3550 1603 sed
3612 1559 3771 1603 tem—

2166 1645 2315 1715 plum
2352 1658 2473 1699 esse
2501 1643 2661 1697 debet
2689 1641 2744 1696 in
2784 1655 2890 1710 quo
2916 1641 3126 1696 habitet
3168 1642 3331 1696 Deus.
3369 1640 3428 1694 Si
3467 1656 3598 1711 ergo
3650 1655 3762 1696 ae-

2171 1746 2384 1806 ceptam
2424 1738 2659 1807 gratiam
2693 1735 2956 1804 negligat,
2983 1744 3038 1787 et
3078 1732 3318 1802 implicet
3344 1747 3445 1798 ,se
3514 1733 3763 1804 negotiis

2165 1826 2536 1894 smcularibus,
2574 1826 2835 1881 continuo
2879 1824 3108 1895 spiritus
3144 1822 3235 1879 ille
3274 1823 3585 1877 immundus
3625 1823 3762 1876 red-

2167 1921 2227 1986 it,
2267 1928 2323 1974 et
2379 1920 2623 1974 vindicat
2669 1917 2773 1973 sibi
2815 1918 3033 1972 domum
3075 1925 3381 1972 vacantem.
3423 1917 3491 1971 Et
3530 1932 3598 1973 ne
3644 1917 3757 1971 ite-

2166 2028 2285 2066 rum
2335 2012 2510 2081 possit
2559 2010 2781 2081 expelli,
2840 2009 2981 2062 alios
3032 2023 3218 2064 secum
3274 2018 3481 2078 septem
3519 2008 3758 2078 Spiritus

2166 2106 2396 2160 adhibet
2462 2104 2780 2175 nequiores,
2815 2115 2870 2159 et
2906 2104 3044 2158 ﬁunt
3103 2102 3395 2158 novissima
3435 2093 3756 2171 hujusmodi

2162 2200 2407 2255 hominis
2440 2199 2624 2269 pejora
2659 2199 2939 2269 prioribus
2965 2214 2980 2263 ;
3006 2198 3132 2266 quia
3177 2196 3514 2252 tolerabilius
3565 2195 3759 2252 fuerat

2164 2306 2272 2346 non
2313 2291 2518 2346 redisse
2550 2290 2620 2344 ad
2658 2289 2832 2344 virum
2873 2290 3113 2360 priorem
3158 2290 3392 2343 animam
3425 2290 3592 2344 semel
3633 2304 3757 2345 mc-

2164 2382 2544 2447 retricantem,
2584 2397 2746 2451 quam
2802 2396 3082 2452 egressam
3144 2390 3269 2450 post
3334 2380 3752 2436 confessionem

2163 2474 2287 2538 viri,
2311 2489 2531 2528 rursum
2566 2472 2868 2528 adulteram
2894 2473 3035 2527 ﬁeri.
3062 2471 3216 2526 Nulla
3238 2485 3367 2542 ergo
3391 2490 3411 2524 ι
3436 2472 3693 2538 societas,
3724 2489 3749 2525 ο

2159 2566 2304 2620 sicut
2344 2564 2794 2636 dicitApostolus
2824 2565 2894 2632 "°,
2952 2583 2973 2618 ι
3006 2565 3204 2635 templo
3246 2565 3338 2620 Dei
3379 2580 3506 2620 cum
3561 2565 3748 2631 idolis,

2160 2660 2311 2715 nulla
2345 2661 2703 2716 consonantia
2742 2659 2964 2715 Christo
3003 2669 3059 2716 et
3114 2660 3309 2715 Belial.
3344 2680 3364 2714 ι
3407 2660 3464 2716 Si
3505 2660 3600 2715 Dei
3642 2675 3747 2714 su-

2163 2770 2306 2822 mus,
2349 2753 2485 2809 tales
2523 2767 2643 2809 esse
2675 2753 2938 2809 debemus
2980 2761 3036 2808 ut
3071 2754 3409 2824 compleatur
3444 2752 3576 2808 illud
3597 2753 3751 2822 quod

2159 2845 2297 2899 dicit
2334 2845 2400 2899 de
2433 2844 2589 2931 nobis
2622 2844 2766 2899 Deus
2792 2844 2837 2876 ⁷³
2877 2862 2893 2899 :
2930 2862 2951 2897 ι
2994 2844 3136 2912 Quia
3177 2845 3434 2900 habitabo
3473 2845 3527 2899 in
3554 2845 3654 2913 eis,
3685 2855 3752 2898 et.

2163 2936 2217 2990 in
2245 2935 2327 2991 eis
2354 2936 2665 3002 ambulabo,
2687 2945 2742 2992 et
2781 2938 2884 3008 ipsi
2924 2945 3089 2992 erunt
3127 2937 3261 2992 mihi
3301 2937 3358 2992 in
3410 2937 3688 3007 populum.
3719 2955 3743 2990 ι

2162 3025 2233 3081 Ει
2273 3027 2414 3082 sicut
2453 3027 2562 3085 alio
2600 3028 2721 3085 loco
2760 3030 3022 3100 prepheta
3051 3028 3254 3086 dicit"
3293 3047 3308 3083 :
3381 3047 3400 3081 ι
3443 3029 3601 3084 Exite
3674 3030 3749 3084 de

472 3125 626 3168 tuum
659 3114 924 3183 priorem,
966 3112 1242 3168 oliendisti
1270 3116 1391 3170 sine
1414 3116 1581 3181 dubio
1623 3127 1898 3176 amatores
1937 3132 2057 3177 tuos
2086 3104 2129 3161 ο
2163 3121 2344 3179 medio
2375 3138 2562 3177 eorum
2590 3163 2607 3186 ,
2645 3133 2702 3177 et
2743 3122 3093 3194 separamini,
3154 3123 3286 3178 dicit
3328 3122 3607 3187 Dominus,
3643 3124 3745 3193 qui

473 3220 597 3260 cum
625 3205 827 3275 quibus
854 3204 1126 3258 adulteria
1153 3208 1559 3263 coimnittebas.
1593 3208 1709 3264 Nisi
1757 3227 1886 3281 ergo
1917 3228 2060 3269 nunc

475 3306 592 3353 tota
621 3297 728 3353 ﬁde
749 3310 1078 3368 permaneas
1107 3312 1230 3352 cum
1270 3299 1388 3352 viro
1425 3308 1539 3365 tuo,
1574 3311 1630 3357 et
1689 3311 1801 3357 tcto
1861 3302 1908 3357 ei
1965 3319 2062 3359 ore

474 3390 781 3462 glutineris,
814 3404 881 3447 ex
942 3390 1129 3445 multis
1175 3389 1482 3447 sceleribus
1537 3407 1660 3462 quae
1714 3395 2062 3464 commisisti,

476 3496 732 3557 suspecta
765 3501 824 3540 es
859 3484 934 3550 ei,
958 3484 1139 3541 oumis
1169 3494 1350 3541 motus
1375 3495 1517 3551 tuus,
1552 3496 1608 3541 ct
1632 3497 1885 3557 aspectus
1915 3498 2061 3556 tuus,

475 3580 595 3651 ipse
628 3578 794 3634 etiam
825 3578 1097 3645 incessus,
1134 3576 1182 3632 si
1238 3575 1405 3632 fuerit
1458 3577 1838 3649 negligentior,
1872 3579 2064 3649 displi-

480 3672 652 3728 cebit.
686 3668 833 3726 Nihil
869 3670 1013 3726 ultra
1046 3671 1100 3725 in
1138 3678 1192 3724 te
1225 3668 1491 3725 lascivum
1523 3670 1729 3735 videre,
1769 3671 1903 3726 nihil
1949 3670 2062 3725 dis-

476 3763 716 3819 solutum
749 3773 806 3820 et
830 3763 1118 3834 prodigum
1150 3772 1354 3834 potest.
1388 3762 1461 3818 At
1500 3761 1590 3816 ubi
1621 3778 1808 3832 parum
1844 3763 2061 3833 quidem

475 3875 509 3916 ι
537 3859 655 3914 viro
701 3870 793 3914 tuo
838 3858 1162 3927 diverteris;
1183 3872 1395 3921 oculos,
1457 3856 1643 3910 statim
1702 3870 1928 3911 necesse
1978 3868 2065 3911 est

478 3952 796 4009 memoriam
845 3950 963 4007 fieri
993 3951 1261 4022 priorum.
1325 3947 1393 4004 Ut
1427 3964 1557 4018 ergo
1620 3948 1800 4018 priora
1855 3948 2071 4017 deleas,“

481 4055 538 4100 et
562 4044 697 4101 ﬁdes
724 4042 821 4099 tibi
857 4043 1032 4112 possit
1085 4041 1276 4098 haberi
1320 4043 1374 4098 in
1430 4040 1678 4111 reliquis,
1736 4057 1843 4096 non
1902 4042 2062 4098 modo

479 4136 749 4209 agendum
797 4134 890 4191 tibi
918 4134 1051 4189 nihil
1088 4144 1174 4191 est
1198 4134 1552 4206 impudicum,
1584 4137 1680 4192 sed
1706 4150 1777 4191 ne
1825 4137 2066 4205 cogitan-

480 4229 610 4285 dam
635 4226 877 4297 quidem.
904 4223 1043 4282 Vide
1070 4225 1214 4281 enim
1249 4227 1390 4295 quod
1424 4226 1686 4298 scriptum
1713 4235 1796 4281 est
1818 4244 1832 4281 :
1857 4245 1875 4279 ι
1904 4227 2062 4292 Cum,

483 4320 666 4389 inquit
711 4318 780 4383 ”,
817 4317 1135 4372 immundus
1184 4318 1413 4388 spiritus
1459 4318 1657 4374 exierit
1707 4318 1775 4373 ab
1822 4319 2063 4382 homine,

486 4412 641 4465 vadit
668 4426 767 4480 per
797 4410 917 4465 loca
952 4410 1130 4476 arida,
1165 4411 1365 4479 quaerit
1393 4409 1661 4479 requiem,
1685 4421 1872 4467 etnon
1907 4411 2065 4467 inve-

2165 3215 2400 3283 portatis
2424 3228 2555 3268 vasa
2593 3214 2829 3271 Domini.
2863 3214 3042 3281 Exite,
3081 3222 3153 3283 et_
3176 3215 3512 3270 immundum
3568 3215 3740 3271 nolite

2165 3309 2502 3379 contingere,
2541 3318 2598 3363 et
2631 3324 2736 3379 ego
2772 3310 3034 3379 recipiam
3071 3326 3197 3375 vos,
3257 3320 3312 3365 et
3349 3324 3445 3364 ero
3479 3309 3635 3364 vobis
3685 3309 3743 3363 in

2166 3409 2399 3468 patrem,
2439 3409 2494 3453 et
2526 3414 2624 3454 vos
2654 3400 2812 3455 eritis
2852 3401 2983 3454 mihi
3029 3401 3081 3454 in
3125 3402 3263 3455 lilios
3310 3409 3365 3454 et
3419 3400 3577 3463 tilias,
3610 3399 3748 3452 dicit

2168 3487 2427 3555 Dominus
2463 3490 2830 3558 omnipotens.
2878 3508 2897 3542 ι
2962 3487 3258 3559 Propterea
3297 3501 3434 3555 ergo
3489 3484 3685 3540 dicit"
3726 3502 3743 3537 :

2171 3599 2192 3632 ι
2228 3579 2342 3636 Non
2382 3592 2544 3636 erunt
2584 3582 2676 3637 tibi
2717 3581 2791 3637 dii
2839 3582 2929 3635 alii
2957 3591 3155 3652 praeter
3186 3594 3290 3644 me,
3322 3595 3421 3635 nec
3447 3576 3613 3632 facies
3647 3578 3745 3630 tibi

2169 3675 2269 3744 ipsi
2309 3674 2534 3741 idolum,
2565 3689 2741 3745 neque
2772 3674 3183 3730 similitudinem
3210 3672 3373 3726 ullam
3409 3684 3748 3740 qumcunque

2167 3768 2220 3824 in
2263 3769 2403 3824 cmlo
2435 3777 2586 3837 sunt,
2628 3778 2682 3823 et
2731 3782 3077 3838 quaecunque
3116 3768 3167 3821 in
3222 3775 3391 3828 terra,
3429 3772 3484 3817 et
3519 3778 3640 3832 qua:
3689 3761 3747 3815 in

2167 3861 2345 3930 aquis,
2383 3874 2490 3914 non
2531 3858 2786 3915 adorabis
2823 3872 2909 3925 ea,
2954 3871 3132 3928 neque
3163 3856 3312 3910 coles
3347 3870 3432 3909 ea.
3467 3872 3489 3905 ι

2239 3952 2340 4007 5.(
2379 3952 2488 4021 Ego
2526 3952 2672 4007 enim
2736 3967 2856 4007 sum
2904 3950 3163 4005 Dominus
3197 3949 3339 4004 Deus
3398 3960 3543 4013 tuus,
3602 3946 3749 4002 Deus

2168 4046 2357 4105 zelans
2392 4044 2457 4097 7‘.
2503 4062 2525 4097 ι
2579 4044 2716 4099 Vide
2786 4042 3189 4111 benignitatem,
3216 4039 3331 4106 Dei,
3375 4040 3644 4109 quomodo
3688 4048 3750 4092 ut

2168 4148 2267 4188 nos
2305 4132 2517 4196 doceat,
2556 4140 2612 4186 et
2650 4129 2925 4201 perfectos
2965 4130 3171 4195 faciat,
3232 4131 3348 4200 ipse
3387 4129 3744 4199 fragilitatem

2169 4225 2529 4280 lmmanorum
2579 4241 2685 4279 non
2754 4232 2974 4278 recusat
3030 4222 3343 4278 ali'ectuum.
3402 4221 3537 4287 Quis
3594 4220 3746 4274 enim

2170 4318 2398 4374 audiens
2436 4317 2603 4373 Deum
2645 4316 2915 4372 zelantem
2956 4331 3064 4369 non
3101 4316 3361 4369 continuo
3401 4314 3653 4376 miretur,
3689 4320 3748 4368 et

2173 4412 2424 4467 humanae
2484 4409 2806 4481 fragilitatis
2876 4408 3068 4462 vitium
3128 4407 3322 4478 putet?
3395 4405 3503 4461 Sed
3561 4407 3745 4459 omnia

481 4503 585 4558 nit.
621 4500 774 4558 Tunc
805 4502 941 4556 dicit
974 4517 989 4555 :
1019 4500 1285 4555 Revertar
1333 4501 1385 4554 in
1419 4501 1640 4556 doumm
1687 4517 1863 4557 meam
1917 4502 2061 4558 unde
2091 4490 2137 4548 Ι)
2165 4513 2387 4574 propter
2426 4520 2524 4559 nos
2554 4504 2667 4574 agit
2703 4514 2755 4559 et
2813 4505 3023 4573 patitur
3076 4501 3241 4567 Deus,
3281 4510 3337 4555 et
3377 4510 3436 4554 ut
3471 4499 3744 4568 possimus

483 4594 653 4652 exivi.
673 4593 742 4649 Et
769 4594 817 4650 si
843 4595 1071 4650 veniens
1096 4593 1368 4650 invenerit
1395 4609 1515 4649 eam
1548 4604 1859 4660 vacantem,
1906 4610 2063 4649 mun-

485 4692 665 4747 datam
689 4700 1048 4758 et‘ornatam,
1100 4690 1267 4753 vadit,
1302 4698 1359 4743 et
1415 4688 1640 4745 adducit
1686 4704 1871 4745 secum
1926 4689 2063 4744 alios

484 4793 692 4851 septem
719 4781 942 4851 spiritus
968 4780 1257 4852 nequiores
1282 4795 1365 4848 se,
1394 4789 1452 4834 et
1475 4781 1743 4835 intrantes
1770 4780 1823 4834 in
1847 4780 2062 4834 domum

484 4874 632 4929 illam
659 4874 907 4927 habitant
940 4873 993 4926 in
1027 4886 1091 4927 ea
1124 4872 1257 4945 (51).
1285 4871 1357 4926 Et
1384 4879 1548 4925 erunt
1606 4871 1905 4926 novissima
1967 4873 2067 4926 ho-

484 4965 651 5020 minis
676 4964 821 5020 illius
851 4963 1036 5034 pejora
1065 4964 1359 5035 prioribus.
1398 4982 1416 5015 ι
1463 4962 1588 5018 Hmc
1621 4964 1667 5018 si
1693 4963 2065 5030 advertamus,

484 5058 755 5125 quomodo
781 5072 1074 5126 possumus
1102 5056 1183 5111 vel
1213 5057 1265 5110 in
1293 5071 1463 5126 parvo
1515 5056 1856 5127 negligentiae
1886 5055 2063 5112 locum

485 5146 659 5202 dare?
715 5147 993 5202 Habitavit
1041 5145 1155 5219 (3‘2)
1223 5147 1366 5201 enim
1424 5147 1477 5200 in
1539 5147 1697 5201 nobis
1753 5146 2067 5204 immundus

485 5240 730 5311 spiritus,
760 5250 1054 5307 antequam
1102 5241 1470 5301 crederemus,
1507 5245 1801 5309 antequam
1855 5239 2068 5294 venire-

557 5359 602 5391 "
631 5357 796 5413 Eecli.
821 5376 875 5422 ιι,
904 5357 991 5412 14.
1067 5356 1112 5390 ⁸⁸
1137 5356 1205 5411 Ill
1230 5356 1341 5427 Reg
1387 5372 1544 5413 xvm.
1568 5356 1664 5427 21.

486 5428 575 5483 26.
651 5427 763 5482 "ll
781 5428 908 5484 Cor.
950 5444 1025 5493 vr,
1066 5428 1154 5484 15.
1276 5426 1329 5460 ⁷⁸⁷
1354 5430 1484 5483 ibid.
1519 5426 1607 5484 16.

491 5618 505 5633 ε
560 5549 672 5623 (Si)
704 5552 872 5619 Alias,
918 5570 936 5604 ι
980 5561 1034 5606 et
1073 5551 1281 5606 intrans
1320 5550 1375 5605 in
1407 5551 1624 5606 domum
1661 5549 1804 5605 illam
1846 5551 2058 5606 habitat

490 5638 541 5675 Ill
579 5639 661 5675 ιςιι.
695 5640 713 5673 1

560 5692 671 5762 (32)
701 5691 991 5762 Ilabi'lat'it,
1031 5701 1135 5750 etc.
1170 5693 1360 5750 Exstat
1385 5693 1470 5748 hic
1501 5693 1655 5750 locus
1694 5693 1834 5765 apud
1860 5693 2054 5751 lunam
2095 5738 2103 5746 .

1741 5356 1786 5388 “
1806 5355 1994 5413 Jacob.
2019 5373 2059 5423 ι,
2083 5357 2137 5414 8.

1686 5428 1731 5459 ⁷³
1773 5428 1902 5483 ibid.
1948 5428 2029 5494 l7,
2076 5444 2131 5485 et
2175 5428 2282 5484 lsa.
2309 5445 2407 5493 LII,
2450 5433 2534 5485 11.

2169 4593 2406 4658 edoceri,
2443 4594 2583 4649 notis
2617 4602 2672 4647 et
2707 4591 2922 4646 usitatis
2962 4588 3250 4645 all‘ectibus
3280 4588 3438 4643 nobis
3476 4587 3742 4655 loquitur.

2171 4687 2471 4742 Videamus
2511 4702 2643 4756 ergo
2695 4687 2824 4753 quid
2871 4697 2955 4739 est
3030 4685 3134 4741 hoc
3203 4683 3346 4753 quod
3420 4681 3572 4752 dicit,
3613 4679 3743 4749 quia

2171 4779 2316 4834 Deus
2354 4778 2535 4834 zeians
2570 4795 2670 4850 ego
2701 4794 2842 4833 sum.
2889 4778 2996 4832 Sed
3038 4787 3097 4833 ut
3134 4774 3488 4844 contemplari
3530 4772 3746 4828 facilius

2172 4872 2383 4943 possint
2423 4872 2626 4939 divina,
2696 4872 2763 4926 de
2808 4871 3094 4936 humanis,
3149 4870 3445 4925 secundum
3507 4881 3568 4922 ea
3627 4880 3747 4935 quae

2173 4962 2425 5033 superius
2464 4961 2847 5025 disseruimus,
2884 4963 3182 5016 doceamur
3216 4957 3496 5027 exemplis.
3553 4953 3744 5012 Omnis

2170 5055 2365 5110 mulier
2404 5063 2497 5108 aut
2532 5054 2635 5109 sub
2672 5054 2788 5109 viro
2811 5065 2895 5109 est
2932 5063 2987 5109 et
3018 5051 3260 5121 subjecta
3322 5050 3531 5121 legibus
3592 5048 3739 5113 viri;

2172 5157 2265 5201 aut
2296 5146 2556 5201 meretrix
2590 5155 2692 5211 est,
2735 5156 2790 5201 et
2822 5147 2992 5200 utitur
3033 5145 3284 5200 libertate
3318 5142 3604 5215 peccandi.
3638 5141 3742 5208 Qui

2170 5253 2301 5309 ergo
2341 5238 2649 5309 ingreditur
2697 5238 2765 5293 ad
2810 5239 3150 5293 meretricem
3185 5277 3202 5302 ,
3256 5238 3359 5292 scit
3400 5251 3460 5291 se
3513 5251 3580 5289 ao
3620 5250 3742 5288 eam

2215 5360 2260 5392 "
2286 5357 2489 5412 'l‘hren.
2519 5374 2558 5424 ι,
2580 5358 2634 5411 2.
2711 5358 2756 5391 ⁸⁸
2779 5357 2939 5413 Osee.
2962 5373 3017 5422 ιι,
3055 5355 3109 5411 5.
3188 5356 3231 5388 ⁸³
3260 5355 3388 5410 Luc.
3417 5370 3494 5419 ιι,
3528 5355 3620 5419 24.
3646 5352 3743 5423 359

2611 5430 2656 5461 ⁷³
2689 5430 2862 5483 Exod.
2895 5444 2985 5496 xx,
3017 5429 3071 5496 5,
3110 5427 3169 5495 4,
3207 5427 3262 5483 5.
3355 5428 3404 5460 "
3442 5427 3573 5482 ibid.
3615 5424 3669 5479 5.
3722 5496 3733 5516 .

2163 5551 2444 5605 Aurelian.
2481 5567 2496 5605 ι
2525 5549 2599 5605 De
2625 5550 2793 5603 instil.
2819 5546 2969 5611 laic.,
3001 5562 3123 5616 cap.
3160 5548 3247 5603 i9.

2236 5623 2349 5693 (55)
2378 5621 2499 5693 Non
2523 5623 2658 5693 attint
2691 5621 3027 5693 domus,_etc.
3059 5614 3252 5675 Exstat
3271 5617 3437 5674 etiam
3463 5614 3552 5672 hic
3581 5615 3737 5675 local

2168 5688 2306 5763 apud
2333 5688 2594 5747 eumdem
2633 5688 2847 5758 Jouam,
2890 5689 3110 5749 ibidem.
3724 5694 3733 5709 ’
