4050 6142
286 197 396 254 557

1564 216 1634 271 IN
1671 214 1961 277 EXODUM
1995 217 2274 276 HOMILIA
2308 221 2446 279 VIII.

3500 232 3615 299 558

285 318 655 392 ingressum
718 346 843 387 esse
910 332 1194 388 mulierem
1232 348 1354 404 qua:
1392 336 1682 406 prostituta
1729 349 1836 406 est,
1876 346 1928 393 et
1958 341 2006 397 Α
2033 341 2317 401 munditiis
2340 338 2594 398 volutari.
2642 341 2797 409 Quod
2824 352 2881 399 et
2907 343 2952 399 si
2981 343 3127 403 forte
3154 344 3447 414 aliquando
3476 364 3609 403 eve-

285 416 526 471 runctis
580 422 915 479 volentibus
955 434 1136 495 patet;
1174 437 1229 481 et
1271 426 1539 499 indignari
1583 446 1689 486 non
1730 441 1928 500 potest,

278 503 500 560 sicam
555 526 649 567 ea
694 514 865 571 etiam
907 515 1044 572 alios
1105 518 1251 572 videt
1295 530 1591 577 amatores.
1630 521 1733 589 Qui
1803 539 1931 582 vero

278 596 572 667 legitimo
612 604 796 659 utitur
828 608 1200 675 matrimonio,
1236 623 1348 663 non
1400 613 1604 681 patitur
1668 614 1748 668 uti
1790 630 1929 670 uxo-

275 702 405 743 rem
436 695 754 760 peccandi
793 706 1067 766 potestate
1096 697 1242 771 (54),
1281 700 1376 754 sed
1425 702 1740 763 accenditur
1812 705 1930 762 zelo

274 781 346 834 ad
391 786 769 843 castitatem
798 793 1132 846 matrimonii
1180 796 1632 863 conservandam,
1661 812 1770 868 quo
1806 813 1930 868 pos-

273 872 353 927 sit
391 889 478 929 ex
531 892 621 934 ea
664 880 786 936 fieri
824 874 1101 952 legitimus
1137 893 1311 953 pater.
1350 885 1466 943 Hoc
1506 903 1637 958 ergo
1676 891 1926 961 exemplo

270 964 717 1039 intelligamus
754 987 975 1027 omnem
1013 976 1272 1041 animant,
1302 987 1396 1032 aut
1420 979 1766 1048 prostitutam
1806 996 1927 1039 esse

274 1057 706 1127 daemonibus,
751 1075 806 1119 et
834 1064 1042 1121 habere
1080 1066 1346 1135 plurimos
1404 1081 1700 1137 amatores,
1743 1073 1817 1127 ita
1867 1082 1925 1128 ut

267 1150 475 1204 intret
529 1155 618 1209 ad
652 1170 775 1210 eam
803 1158 964 1212 modo
1006 1158 1227 1226 quidem
1256 1160 1485 1229 spiritus
1524 1163 1920 1234 fornicationis,

268 1242 382 1296 illo
413 1244 779 1304 discedente
824 1247 992 1305 intret
1029 1251 1253 1321 spiritus
1290 1254 1571 1322 avaritiae,
1622 1269 1743 1327 post
1780 1259 1924 1315 hunc

267 1339 510 1394 veniat
556 1342 841 1411 superbiat-
891 1345 1138 1415 spiritus,
1168 1347 1295 1403 inde
1325 1348 1442 1412 irae,
1506 1349 1633 1404 inde
1680 1351 1920 1417 invidiae,

272 1442 430 1500 post
482 1437 669 1490 etiam
702 1452 855 1491 vanae
890 1437 1101 1508 gloriae,
1142 1438 1343 1511 aliique
1403 1456 1524 1496 cum
1578 1444 1659 1499 eis
1702 1443 1922 1514 plurimi

270 1524 570 1593 spiritus
620 1529 904 1583 immundi.
936 1527 1032 1585 Isti
1071 1540 1251 1587 autem
1281 1547 1506 1600 omnes,
1567 1535 1641 1589 ita
1682 1551 1805 1592 cum
1842 1537 1922 1591 in-

274 1617 466 1672 lideli
520 1620 715 1674 anima
752 1622 1193 1689 meretricantur,
1217 1634 1276 1677 ut
1311 1623 1450 1679 alter
1485 1625 1641 1682 alteri
1682 1645 1790 1683 non
1835 1632 1919 1685 in-

274 1707 537 1774 videat,
605 1725 709 1765 nec
748 1710 1017 1782 zelotypia
1057 1724 1379 1771 moveantur
1417 1718 1484 1771 ad
1540 1719 1792 1776 invicem.
1850 1723 1919 1778 Et

278 1799 451 1865 quid
497 1800 628 1857 dico
669 1804 814 1872 quod
860 1805 999 1859 alter
1038 1806 1270 1862 alterum
1302 1825 1410 1865 non
1448 1810 1741 1868 excludat?
1804 1815 1918 1872 lmo

284 1894 355 1939 et
399 1887 664 1946 invitant
706 1908 766 1948 se
803 1893 1074 1961 invicem,
1136 1908 1191 1954 et
1231 1909 1422 1968 sponte
1474 1917 1535 1957 se
1588 1916 1913 1971 convocant,

289 1979 472 2036 sicut
514 1984 685 2052 paulo
737 1996 867 2041 ante
904 1988 1017 2058 jam
1053 1990 1290 2047 diximus
1338 1995 1482 2064 quod
1530 1996 1585 2050 in
1627 1996 1917 2067 Evangelio

298 2075 603 2143 scriptum
640 2088 726 2133 est
766 2080 834 2136 de
874 2081 966 2135 illo
1000 2082 1195 2153 spiritu
1232 2086 1323 2155 qui
1376 2087 1511 2143 exiit
1558 2089 1629 2144 ab
1670 2091 1913 2163 homine,

300 2178 372 2222 et
416 2185 716 2240 regressus
756 2174 983 2230 adduxit
1015 2192 1204 2233 secum
1242 2189 1451 2249 septem
1489 2182 1625 2238 alios
1684 2185 1916 2255 nequio-

309 2275 417 2316 res
454 2277 521 2318 se
561 2264 809 2335 spiritus,
877 2274 935 2320 ut
996 2267 1051 2321 in
1115 2286 1223 2324 una
1261 2271 1445 2326 anima
1481 2256 1645 2328 simui
1705 2275 1916 2330 habita-

312 2362 475 2411 rent.
507 2353 605 2411 Sic
642 2369 770 2427 ergo
830 2358 1032 2414 nullam
1073 2361 1396 2434 zelotypiam
1436 2376 1744 2422 amatorum
1785 2384 1915 2424 suo-

318 2461 453 2500 rum
495 2450 713 2518 patitur
734 2451 935 2520 anima,
960 2469 1083 2524 quae
1109 2455 1444 2514 daemonibus
1482 2461 1777 2528 prostituta
1805 2471 1911 2519 est.

318 2537 390 2591 Si
415 2554 550 2594 vero
576 2540 820 2613 legitimo
842 2545 1135 2616 conjuncta
1178 2549 1248 2604 sit
1282 2549 1420 2615 viro,
1457 2551 1534 2606 illi
1588 2552 1708 2608 viro
1756 2554 1913 2625 cujus

319 2632 693 2689 matrimonio
738 2636 943 2693 Paulus
1009 2638 1221 2695 animas
1271 2641 1560 2714 coniungit
1610 2655 1665 2699 et
1715 2646 1910 2713 sociat,

324 2724 475 2777 sicut
501 2734 556 2780 et
588 2727 706 2796 ipse
736 2728 869 2784 dicit
894 2730 939 2762 ⁷⁸
970 2749 983 2786 :
1021 2750 1041 2784 ι
1072 2727 1248 2785 Statui
1300 2734 1444 2789 enim
1497 2749 1596 2790 vos
1646 2737 1736 2791 uni
1795 2737 1913 2792 viro

324 2811 600 2888 virginem
627 2829 836 2875 castam
869 2825 1133 2883 exhibere
1159 2826 1380 2883 Christo
1410 2846 1424 2896 ;
1458 2847 1477 2880 ι
1520 2829 1680 2901 160
1734 2838 1791 2889 Bt
1843 2830 1911 2886 de

330 2924 443 2978 quo
468 2910 520 2963 in
555 2910 865 2982 Evangeliis
885 2918 1147 2989 scriptum
1179 2921 1248 2988 ⁷⁸,
1273 2922 1400 2991 quia
1433 2936 1526 2977 rex
1551 2923 1767 2992 quidam
1829 2921 1911 2979 fe-

334 3003 409 3071 cit
436 3004 657 3073 nuptias
683 3005 795 3063 filio
836 3023 970 3074 suo;
1022 3011 1077 3066 in
1131 3011 1293 3081 hujus
1344 3029 1477 3085 ergo
1534 3015 1637 3071 viri
1691 3017 1983 3103 nttptiasc

337 3108 457 3148 eum
492 3110 552 3151 se
580 3097 761 3152 anima
786 3099 1016 3168 dederit,
1036 3111 1091 3157 et
1130 3102 1431 3176 legitimum
1462 3120 1586 3159 cum
1619 3120 1686 3160 eo
1715 3105 1908 3162 sortita

338 3184 499 3241 fuerit
548 3191 958 3247 matrimonium
994 3193 1143 3264 (55),
1204 3196 1420 3252 etiamsi
1466 3197 1571 3252 fuit
1618 3197 1911 3269 aliquando

338 3285 638 3350 peccatrix,
664 3284 879 3341 etiamsi
914 3289 1258 3345 meretricata
1291 3298 1393 3357 est,
1414 3299 1590 3346 tamen
1618 3291 1662 3347 si
1684 3306 1744 3347 se
1783 3291 1911 3348 huic

335 3373 449 3427 viro
476 3377 725 3444 tradidit,
761 3379 903 3433 ultra
929 3394 1048 3434 eam
1078 3396 1308 3450 peccare
1348 3397 1456 3437 non
1510 3383 1741 3454 patitur.
1788 3380 1907 3437 Non

340 3474 511 3533 potest
532 3466 686 3524 ferre
723 3476 781 3523 ut
817 3485 1028 3526 rursum
1059 3474 1236 3528 anima
1288 3489 1408 3540 qua:
1459 3489 1519 3529 se
1570 3475 1763 3531 sortita
1822 3483 1910 3532 est

339 3557 536 3623 virum,
569 3558 775 3616 alludat
801 3575 925 3616 cum
951 3562 1231 3629 adulteris,
1263 3566 1390 3635 quia
1436 3566 1709 3622 excitatur
1737 3584 1906 3639 super

333 3666 447 3706 eam
480 3652 635 3708 zelus
665 3653 781 3722 ejus
811 3654 935 3723 viri,
971 3665 1024 3711 et
1045 3655 1286 3712 defendit
1312 3659 1551 3730 eonjugii
1571 3660 1902 3719 castitatem.

332 3742 397 3798 Et
421 3744 544 3802 ideo
571 3744 758 3802 zelans
780 3746 983 3803 dicitur
1012 3748 1295 3814 Dominus,
1321 3751 1450 3820 quia
1505 3752 1746 3807 animam
1801 3755 1906 3810 sibi

332 3837 700 3907 mancipatam
759 3855 866 3896 non
936 3842 1144 3912 patitur
1208 3840 1545 3897 daemonibus
1594 3842 1905 3902 admisceri.

330 3932 582 4001 Alioquin
610 3934 654 3986 si
687 3947 809 3988 eam
839 3933 1036 3988 viderit
1071 3941 1431 3991 temerantem
1471 3933 1598 4004 jura
1647 3935 1903 4009 coniugii,

327 4033 379 4076 ct
412 4023 759 4078 occasionem
804 4038 1052 4093 quazrere
1109 4024 1176 4078 ad
1225 4024 1585 4095 peccandum,
1638 4037 1796 4092 tunc,
1848 4037 1907 4083 ut

324 4113 594 4185 scriptum
630 4123 739 4182 est,
776 4116 871 4170 dat
901 4116 949 4170 ei
990 4114 1235 4172 libellum
1289 4117 1524 4186 repudii,
1576 4126 1632 4172 et
1685 4118 1909 4174 dimittit

323 4222 440 4262 eam
471 4207 664 4262 dicens
695 4208 740 4240 "
779 4226 794 4262 :
827 4225 851 4260 ι
911 4206 1011 4263 Ubi
1058 4217 1144 4263 est
1191 4206 1411 4264 libellus
1443 4210 1651 4279 repudii
1714 4212 1906 4268 matris

324 4308 522 4355 vestra
544 4315 658 4369 quo
684 4300 842 4356 divisi
877 4301 1043 4355 eam?
1084 4322 1105 4356 ι
1133 4301 1338 4370 Quibus
1364 4303 1530 4359 etiam
1567 4302 1716 4358 addit
1743 4313 1798 4358 et
1826 4303 1907 4360 di-

2033 434 2152 488 niat
2184 434 2498 500 infeliciter,
2530 434 2726 491 saltem
2768 444 2826 491 ιιι
2849 446 3223 501 convertatur,
3250 448 3304 492 et
3350 441 3535 495 redeat
3556 452 3611 497 et

2033 525 2313 593 poeniteat,
2351 528 2638 583 miseratus
2691 538 2991 597 exspectat.
3047 527 3254 583 Novum
3304 532 3450 587 enim
3503 533 3610 588 hoc

2030 615 2290 675 bonitatis
2321 631 2407 675 est
2433 635 2628 690 genus,
2665 628 2725 673 ut
2773 620 2939 675 etiam
2988 630 3110 691 post
3137 622 3465 678 adulterium
3526 639 3613 695 re-

2030 718 2334 763 vertentem
2387 719 2566 764 tamen
2624 717 2680 763 et
2731 724 2799 765 ex
2856 719 2970 765 toto
3020 712 3182 765 corde
3246 713 3607 780 pcenitentem

2029 801 2291 869 Suscipiat
2316 786 2576 857 animam.
2605 802 2759 857 Sicut
2790 811 2846 857 et
2876 803 2992 871 ipse
3024 818 3119 872 per
3156 806 3472 874 prephetam
3516 806 3601 858 di-

2027 893 2101 947 cit
2125 893 2171 924 ⁷⁸
2204 911 2219 947 :
2257 911 2276 944 ι
2314 891 2571 964 Nunquid
2600 894 2797 950 mulier
2829 895 2875 949 si
2902 894 3095 949 exierit
3123 910 3153 949 a
3184 897 3324 961 viro,
3368 906 3424 951 et
3473 898 3607 953 dor-

2027 983 2355 1040 mieritcum
2379 985 2489 1040 alio
2517 986 2656 1052 viro,
2710 996 3016 1042 revertetur
3056 988 3123 1040 ad
3169 987 3350 1041 virum
3403 990 3608 1045 suum?

2024 1073 2217 1131 Nonne
2235 1076 2699 1132 contaminatione
2727 1077 3231 1132 contatninabitur?
3287 1077 3365 1132 Tu
3419 1091 3601 1137 autent

2027 1167 2287 1224 fornicata
2316 1184 2376 1224 es
2406 1182 2527 1222 cum
2558 1168 2894 1223 amatoribus
2928 1168 3112 1225 multis
3136 1209 3153 1234 ,
3196 1179 3252 1224 et
3283 1175 3602 1229 reverteba-

2026 1262 2103 1315 ris
2130 1260 2199 1314 ad
2230 1274 2338 1314 me.
2374 1278 2394 1311 t
2420 1259 2552 1315 Item
2579 1259 2706 1314 alibi
2737 1259 2869 1314 dicit
2907 1260 2952 1292 7°
2991 1277 3005 1314 :
3045 1277 3064 1311 t
3135 1261 3201 1315 Et
3246 1273 3599 1333 posteaquam

2024 1350 2288 1406 fornicata
2337 1366 2395 1406 es
2428 1352 2482 1406 in
2517 1350 2773 1406 omnibus
2808 1350 2915 1416 his,
2969 1351 3079 1407 dixi
3122 1370 3137 1408 :
3184 1351 3479 1411 Revertere
3535 1356 3604 1411 ad

2029 1452 2153 1503 me;
2188 1447 2368 1493 etnec
2403 1439 2483 1493 sic
2519 1454 2739 1494 reversa
2796 1454 2877 1502 es,
2929 1439 3062 1495 dicit
3108 1441 3392 1499 Dominus.
3428 1463 3448 1497 ι
3501 1445 3602 1500 llic

2021 1542 2153 1596 ergo
2199 1528 2341 1582 Deus
2369 1528 2551 1582 zelans
2580 1529 2624 1582 si
2681 1529 2911 1597 requirit
2938 1537 2993 1584 et
3039 1529 3317 1587 desiderat
3359 1534 3598 1589 animam

2026 1628 2168 1673 tuam
2204 1622 2483 1675 adhaerere
2519 1621 2645 1687 sibi,
2683 1622 2726 1675 si
2761 1631 2811 1675 te
2843 1631 3081 1676 servata
3107 1635 3375 1703 peccato,
3401 1627 3446 1682 si
3478 1643 3601 1684 cor-

1950 1695 1994 1753 Β
2023 1712 2170 1782 ripit,
2191 1711 2235 1767 si
2265 1713 2513 1783 castigat,
2539 1714 2585 1768 si
2620 1714 2958 1795 indignatur,
2983 1716 3028 1770 si
3066 1695 3359 1783 irascitur,
3381 1728 3437 1773 et
3481 1721 3598 1775 vel--

2018 1817 2076 1860 ttt
2110 1806 2379 1876 zelotypia
2423 1807 2659 1876 quadam
2692 1794 2820 1879 erga
2854 1794 2907 1865 te
2932 1810 3122 1877 utitur,
3167 1828 3317 1882 spem
3350 1813 3443 1867 tibi
3477 1829 3600 1871 esse

2017 1899 2210 1953 salutis
2238 1915 2496 1971 agnosce.
2534 1899 2591 1955 Si
2619 1888 2747 1957 vero
2778 1903 3080 1972 castigatus
3136 1921 3240 1960 non
3293 1906 3593 1977 resipiscis,

2018 1999 2297 2061 correptus
2348 2006 2453 2046 non
2502 1993 2815 2049 emendaris
2871 1994 2982 2067 (56)
3017 2035 3032 2062 ,
3090 1986 3412 2051 verberatus
3465 1986 3599 2052 con?

2018 2083 2242 2150 temnis;
2274 2083 2413 2139 scito
2435 2085 2577 2155 quod
2607 2086 2653 2139 si
2685 2101 2927 2158 eousque
2958 2088 3231 2158 peccando
3272 2086 3592 2157 profeceris,

2016 2173 2248 2228 discedit
2275 2189 2303 2228 a
2342 2187 2395 2231 te
2427 2175 2575 2230 zelus
2602 2175 2740 2246 ejus,
2771 2188 2828 2231 et
2863 2178 3082 2232 dicetur
3115 2162 3211 2233 tibi
3248 2180 3403 2243 illud,
3449 2178 3595 2250 quod

2015 2281 2114 2337 per
2130 2265 2467 2322 Ezecltieletn
2487 2271 2803 2339 prophetam
2823 2271 2889 2325 ad
2921 2268 3259 2327 Hierusalem
3279 2271 3477 2327 dicitur
3498 2273 3544 2304 ⁸ο
3574 2290 3590 2329 :

2021 2377 2041 2412 ι
2083 2359 2375 2429 Propterea
2410 2359 2651 2415 discedet
2685 2360 2832 2416 zelus
2859 2377 3012 2416 meus
3044 2377 3074 2416 a
3114 2370 3200 2427 te,
3237 2371 3293 2418 et
3326 2378 3430 2419 non
3477 2365 3592 2418 ira-

2015 2464 2140 2504 scar
2168 2449 2308 2504 ultra
2338 2464 2503 2519 super
2537 2459 2610 2505 te.
2645 2469 2664 2502 ι
2693 2448 2831 2506 Vide
2861 2452 3291 2509 misericordiam
3321 2446 3385 2510 ἐι
3423 2455 3593 2525 pieta-

2012 2553 2123 2602 tem
2158 2547 2284 2602 boni
2315 2546 2434 2600 Dei.
2469 2545 2696 2612 Quando
2725 2547 2839 2602 vult
2898 2548 3175 2615 misereri,
3206 2549 3479 2620 indignari
3531 2534 3592 2605 se

2015 2642 2170 2707 dicit,
2199 2650 2254 2713 et
2283 2640 2474 2706 irasci,
2504 2641 2651 2694 sicut
2682 2655 2778 2710 per
2804 2639 3099 2696 Jeremiam
3136 2642 3267 2698 dicit
3293 2643 3337 2675 ⁸¹
3372 2661 3389 2698 ;
3434 2661 3455 2696 ι
3491 2643 3595 2699 Do-

2013 2731 2128 2787 lore
2170 2741 2226 2786 et
2272 2729 2486 2802 ﬂagello
2538 2726 2913 2801 castigaberis,
2976 2730 3338 2801 Hierusalem,
3394 2734 3471 2788 uti
3518 2750 3592 2794 ne

2013 2825 2268 2880 abscedat
2291 2825 2475 2878 anima
2504 2839 2622 2880 mea
2654 2824 2754 2878 abs
2784 2832 2856 2877 te.
2889 2841 2909 2875 ι
2936 2822 3063 2879 llaec
3089 2825 3133 2880 si
3162 2824 3443 2897 intelligis,
3480 2827 3590 2881 mi~

2014 2920 2252 2973 serantis
2278 2918 2374 2973 Dei
2403 2932 2504 2973 vox
2530 2915 2770 2984 est;.ubi
2825 2918 3078 2972 irascitur
3132 2927 3186 2972 et
3229 2918 3460 2985 zelatur,
3511 2908 3585 2976 ibi

2013 3010 2240 3065 adhibet
2281 3009 2497 3067 dolores
2538 3017 2592 3066 et
2629 3009 2881 3066 verbera.
2926 3026 2946 3061 ε
2984 3008 3250 3082 Flagellat
3283 3010 3427 3065 enim
3466 3024 3588 3091 om-

2012 3118 2132 3157 nem
2159 3102 2329 3157 ﬁlium
2355 3117 2517 3171 quem
2548 3101 2739 3172 recipit
2758 3100 2827 3156 ”.
2855 3119 2875 3152 ι
2900 3098 2991 3156 Vis
3017 3111 3198 3156 autem
3229 3102 3418 3157 audire
3442 3099 3590 3158 indi;

2008 3195 2225 3268 gnantis
2260 3194 2354 3249 Dei
2397 3193 2698 3251 terribilem
2719 3197 2948 3251 vocem?
2987 3194 3299 3264 Audiquod
3328 3194 3459 3250 dicit
3488 3210 3588 3266 per

2009 3289 2376 3361 prophetam;
2411 3299 2531 3343 cum
2554 3297 2931 3341 enumerasset
2978 3284 3146 3340 multa
3176 3284 3410 3341 nefanda
3463 3301 3587 3356 quae

2010 3378 2360 3435 commiserat
2386 3375 2638 3448 populus,
2672 3376 2823 3431 addit
2853 3376 3016 3430 etiam
3044 3375 3159 3431 haec
3185 3375 3231 3408 ⁸³
3257 3394 3272 3430 :
3310 3395 3329 3428 ι
3358 3376 3424 3432 Ει
3461 3393 3589 3449 pro-

2007 3481 2128 3541 pter
2169 3470 2293 3532 hoc.
2330 3469 2527 3539 inquit,
2570 3484 2677 3524 non
2713 3467 2946 3524 visitabo
2988 3482 3154 3537 super
3193 3466 3332 3524 filias
3370 3479 3585 3525 vestras

2009 3576 2131 3617 cum
2156 3560 2516 3625 fornicantur,
2551 3573 2728 3630 neque
2773 3572 2937 3625 super
2973 3572 3140 3613 nurus
3188 3567 3400 3615 vestras
3459 3576 3582 3623 cum

2008 3654 2372 3710 mtechantur.
2408 3670 2428 3705 ι
2469 3651 2583 3709 lloc
2626 3661 2710 3707 est
2764 3650 3045 3716 terribile,
3089 3652 3190 3707 hoc
3249 3658 3579 3717 extremum,

2006 3761 2129 3803 cum
2163 3744 2275 3815 jam
2299 3760 2406 3800 non
2432 3743 2760 3814 corripiatur
2781 3756 2879 3812 pro
2903 3741 3164 3810 peccatis,
3183 3757 3305 3797 cum
3339 3741 3452 3812 jam
3474 3757 3581 3797 non

2008 3838 2332 3909 eorrigimur
2354 3836 2754 3905 delinquentes.
2798 3831 2949 3915 Tune
2976 3832 3119 3887 enim
3153 3849 3279 3889 cum
3323 3849 3582 3889 excesses

2008 3934 2179 3989 rimus
2215 3929 2477 4001 peccandi
2523 3929 2764 3994 modum,
2795 3926 2940 3981 Deus
2962 3926 3145 3982 zelans
3174 3928 3372 3982 avertit
3417 3942 3447 3980 a
3487 3943 3582 3982 no-

2006 4026 2090 4083 bis
2123 4026 2296 4080 zelum
2327 4038 2507 4086 suum,
2561 4021 2707 4075 sicut
2741 4018 2999 4090 superius
3025 4019 3163 4073 dixit
3193 4019 3240 4051 ”
3279 4036 3294 4073 :
3358 4038 3377 4071 ί
3408 4017 3581 4073 Aufe-

2006 4122 2157 4168 retur
2182 4112 2326 4167 enim
2359 4109 2507 4164 zelus
2530 4122 2688 4164 meus
2716 4124 2746 4164 a
2782 4094 2853 4173 te,
2887 4116 2942 4162 et
3005 4124 3109 4162 non
3153 4108 3363 4163 irascar
3401 4123 3567 4177 super

2009 4210 2060 4256 te
2087 4202 2251 4258 ultra.
2298 4220 2317 4254 ι
2356 4199 2486 4255 Haec
2509 4198 2576 4253 de
2604 4212 2670 4254 eo
2699 4197 2841 4269 quod
2873 4195 3078 4253 dictum
3110 4205 3196 4255 est
3226 4210 3244 4252 :
3276 4215 3295 4249 t
3329 4196 3471 4252 Deus
3494 4213 3580 4252 ze-

2008 4289 2151 4350 lans.
2182 4311 2202 4345 ι

326 4393 498 4455 cit:t
547 4392 692 4448 Ecce
741 4395 983 4463 peccatis
1038 4397 1238 4451 vestris
1283 4395 1575 4449 venundati
1628 4396 1797 4462 estis,
1849 4404 1906 4453 et

2082 4381 2136 4436 6.
2163 4379 2457 4436 Videamus
2498 4392 2645 4434 nunc
2675 4385 2730 4433 ct
2775 4377 2921 4448 quod
2984 4378 3252 4449 sequitur,
3308 4378 3580 4448 quomodo

322 4495 549 4555 propter
579 4485 892 4556 iniquitates
910 4498 1118 4542 vestras
1142 4486 1320 4541 dimisi
1349 4493 1575 4540 matrem
1606 4495 1897 4542 vestram.»

327 4576 450 4633 ηερε
482 4578 576 4648 qui
613 4577 854 4648 loquitur
911 4578 1097 4634 zelans
1151 4589 1254 4641 est,
1311 4587 1363 4636 et
1428 4578 1545 4633 zelo
1594 4589 1902 4634 commotus

326 4669 439 4726 hate
467 4670 630 4739 dicit;
666 4679 788 4739 post
820 4672 1153 4742 agnitionem
1182 4673 1324 4728 enim
1352 4672 1475 4740 sui,
1519 4681 1641 4743 post
1697 4671 1898 4727 illumi-

327 4761 608 4816 nationent
649 4762 802 4816 verbi
861 4762 1055 4825 divini,
1112 4772 1236 4832 post
1301 4762 1535 4835 gratiam
1599 4764 1896 4835 baptismi,

324 4867 444 4925 post
465 4855 868 4911 confessionem
896 4857 1043 4923 fidei,
1071 4868 1128 4913 et
1157 4866 1237 4913 tot
1279 4857 1557 4925 tantisque
1587 4871 1898 4911 sacramen-

325 4948 393 5025 tis
419 4948 833 5005 matrimonium
876 4952 1284 5014 conﬁrmatum,
1338 4963 1446 5003 non
1482 4946 1592 5001 vult
1623 4962 1721 5002 nos
1756 4945 1896 5000 ultra

320 5053 578 5109 peccare,
611 5056 718 5097 non
752 5043 959 5112 patitur
980 5042 1218 5095 animant
1247 5039 1403 5109 cujus
1432 5038 1545 5109 ipse
1598 5037 1685 5091 vel
1736 5052 1898 5107 spon-

325 5150 439 5202 sus,
474 5134 558 5190 vel
614 5134 701 5188 vir
739 5137 1085 5206 appellatur,
1138 5148 1261 5188 cum
1306 5130 1640 5186 daemonibus
1687 5127 1895 5193 ludere,

325 5227 556 5282 scortari
576 5241 700 5282 cum
722 5226 1015 5282 immundis
1042 5224 1349 5296 spiritibus,
1376 5237 1498 5276 cum
1523 5220 1670 5274 vitiis
1694 5228 1749 5272 et
1792 5219 1897 5272 im-

2010 4475 2161 4531 reddi
2199 4473 2458 4529 dicuntur
2485 4481 2709 4542 peccata
2736 4481 2953 4540 patrum
2979 4470 3032 4525 in
3057 4471 3217 4535 filios,
3256 4471 3307 4525 in
3360 4469 3575 4525 tertiam

2005 4576 2060 4623 et
2084 4575 2331 4637 quartam
2357 4564 2698 4635 progeniem.
2742 4562 2799 4616 In
2834 4562 2935 4617 hoc
2987 4561 3131 4616 enim
3181 4575 3438 4617 sermone
3496 4575 3580 4615 so-

2005 4659 2122 4714 lent
2146 4671 2246 4712 nos
2270 4655 2513 4711 hatretici
2538 4653 2857 4724 suggillare,
2899 4653 3039 4722 quod
3063 4667 3171 4707 non
3197 4652 3267 4708 sit
3306 4651 3432 4708 boni
3474 4652 3574 4707 Dei

2003 4765 2208 4815 sermo,
2244 4749 2335 4820 qui
2365 4763 2462 4819 pro
2482 4747 2719 4817 peccatis
2753 4745 2980 4800 alterius
3011 4744 3176 4799 alium
3214 4744 3379 4815 plecti
3408 4744 3574 4811 dicat.

2006 4843 2111 4900 Sed
2142 4840 2440 4897 secundum
2481 4840 2719 4910 ipsorum
2758 4837 3049 4909 rationem,
3088 4837 3179 4906 qni
3230 4835 3399 4891 Deum
3442 4836 3577 4908 legis

2002 4932 2347 4992 mandantem
2371 4934 2487 4990 haec
2520 4933 2646 4989 licet
2680 4948 2784 4988 non
2825 4933 3027 4986 bonum
3059 4931 3197 5002 (37),
3239 4930 3447 4998 justum
3493 4939 3576 4982 ta-

2004 5043 2126 5082 men
2161 5026 2384 5092 dicunt,
2423 5039 2489 5079 ne
2536 5024 2637 5094 ipsi
2691 5008 2908 5094 quidem
2970 5030 3196 5091 possunt
3257 5019 3572 5083 ostendere,

2004 5119 2274 5192 quomodo
2300 5117 2591 5187 secundum
2631 5131 2851 5173 sensum
2879 5131 3034 5171 suum
3054 5114 3280 5185 jttstitiae
3306 5127 3418 5168 suae
3441 5126 3578 5166 con-

2006 5213 2195 5269 venire
2225 5210 2504 5273 videatur,
2556 5208 2602 5262 si
2652 5208 2794 5263 alius
2842 5205 2950 5262 alio
2998 5215 3256 5276 peccante
3297 5204 3571 5276 puniatur.

390 5368 439 5401 "
466 5368 510 5424 ll
543 5367 674 5423 Cor.
706 5383 787 5433 ιι,
821 5369 877 5424 2.
951 5370 1001 5401 ’⁸
1038 5366 1229 5422 Matth.
1262 5382 1400 5430 xxu,
1430 5365 1486 5418 ἓ.
1561 5364 1605 5395 ⁷⁷
1637 5362 1737 5433 lsa.
1760 5379 1816 5425 ι..
1848 5362 1900 5416 l.

2013 5361 2019 5391 ⁵
2048 5357 2160 5433 Jer.
2185 5372 2268 5421 ιιι,
2298 5356 2349 5411 Ι.
2423 5355 2469 5390 ’¹⁹
2503 5353 2635 5410 ibid.
2659 5353 2713 5407 7.
2787 5353 2834 5386 3°
2864 5352 3062 5408 Ezech.
3086 5369 3198 5420 xw,
3226 5350 3319 5406 45.
3385 5348 3430 5381 ⁸³
3457 5346 3573 5409 δεῖ.

320 5439 472 5506 νι,8.
547 5440 595 5473 ⁸³
615 5439 749 5496 ﬂeb.
773 5430 874 5507 "xu,
914 5438 971 5494 6.
1040 5439 1089 5470 ⁸³
1119 5436 1279 5493 Osee.
1315 5452 1389 5502 tv,
1418 5435 1505 5489 14.
1578 5433 1626 5466 ⁸⁵
1657 5432 1854 5488 Ezech.
1894 5448 1913 5486 ι

2050 5430 2140 5485 45.
2338 5446 2345 5457 ”
2730 5446 2735 5454 ’

391 5563 503 5637 (δέ)
541 5563 716 5637 Alias,
745 5580 766 5614 ι
793 5562 849 5617 in
877 5575 1052 5637 uxore
1072 5566 1394 5629 potestatem
1431 5555 1767 5637 peccandi.»

395 5625 721 5715 (55)_Alias,
770 5652 790 5687 ι
828 5642 883 5691 et
907 5625 1147 5705 legitimo
1178 5645 1302 5686 eum
1342 5627 1536 5684 sortita
1576 5625 1738 5681 fuerit
1780 5638 1893 5679 ma-

326 5708 598 5762 trimonio.
642 5724 667 5758 ι

2070 5546 2183 5617 (ἦϐ)
2224 5546 2393 5615 Alias,
2439 5564 2458 5598 ι
2506 5552 2787 5617 correctus
2827 5558 2931 5597 non
2955 5542 3284 5617 emendaris.
3318 5559 3338 5594 ι

2068 5603 2184 5688 ('57)
2222 5603 2395 5687 Alias,
2436 5635 2455 5671 ι
2483 5617 2610 5673 dum
2638 5616 2774 5688 legis
2812 5614 3125 5671 mandatum
3166 5612 3297 5669 licet
3338 5624 3443 5667 non
3469 5608 3571 5663 bo-

1997 5706 2148 5747 ιιιιιιι.
2195 5709 2214 5742 ι
