4050 6142
452 201 561 257 359

1925 187 2243 246 ORIGENIS

3625 176 3796 235 360

461 325 722 393 Superest
741 319 911 390 igitur
941 326 1000 371 ut
1030 313 1320 371 Dominum
1360 312 1740 383 deprecemur,
1771 319 1832 366 ιιι
1858 321 2037 366 osten-
2063 317 2106 372 Α
2139 308 2373 363 mundus
2406 307 2460 362 in
2506 307 2609 363 hoc
2657 305 2878 371 sarculo,
2931 318 3108 374 neque
3146 303 3440 374 corripitur
3471 319 3566 373 pro
3590 315 3790 374 pec-

457 415 728 471 datnobis
759 409 1030 482 quomodo
1063 415 1333 477 praecepta
1403 405 1519 460 haec
1577 405 1726 474 justo
1782 405 2034 472 bonoque

457 502 789 558 conveniant
816 498 946 553 Deo.
983 495 1139 564 Smpe
1171 495 1283 562 jam
1319 494 1580 558 diximus,
1603 495 1746 564 quod
1786 494 2036 564 Scriptu-

459 609 536 650 ra:
573 592 765 646 divinae
805 606 910 644 non
935 589 1118 643 omnia
1154 590 1220 641 ad
1242 586 1576 643 exteriorem
1613 586 1910 653 hominem,
1941 586 2035 640 sed

456 686 708 757 perplura
745 684 812 737 ad
847 682 1164 737 interiorem
1207 680 1522 749 loquuntur.
1596 679 1830 734 Interior
1871 678 2036 749 igitur

460 778 624 832 homo
655 785 843 830 noster
866 784 960 828 aut
985 774 1152 828 Demn
1197 771 1395 826 dicitur
1423 771 1625 826 habere
1687 780 1935 840 patrem,
1989 771 2033 824 si

460 868 759 925 secundum
783 865 951 920 Deum
983 864 1135 926 vivit,
1166 872 1222 916 et
1244 876 1365 931 qum
1395 861 1490 916 Dei
1557 872 1685 917 sunt
1739 863 1848 932 agit
1879 880 1894 929 ;
1943 869 2036 915 aut

459 960 760 1022 diabolum,
789 958 831 1013 si
862 957 914 1011 in
946 954 1188 1026 peccatis
1227 954 1318 1017 sit,
1352 964 1407 1007 et
1431 953 1739 1008 voluntates
1771 954 1915 1008 illius
1944 969 2038 1024 ge-

461 1062 548 1107 rat
576 1072 592 1107 ι
629 1052 773 1106 sicut
809 1049 1094 1103 evidenter
1121 1047 1175 1099 in
1237 1044 1546 1111 Evangeliis
1579 1044 1830 1099 Salvator
1851 1057 2038 1101 osten-

461 1146 564 1208 dit,
588 1159 710 1197 cum
730 1141 864 1195 dicit
886 1141 932 1173 ⁸⁵
965 1157 978 1194 :
1013 1157 1030 1191 ι
1073 1136 1183 1193 Vos
1211 1136 1279 1189 de
1335 1147 1490 1204 patre
1535 1136 1751 1192 diabolo
1803 1139 1956 1203 estis,
1983 1147 2037 1192 et

463 1237 729 1291 desideria
769 1232 942 1304 patris
974 1231 1140 1286 vestri
1171 1231 1355 1286 facere
1378 1231 1564 1286 vultis.
1615 1229 1709 1284 Ille
1760 1230 2036 1285 homicida

464 1327 570 1382 fuit
597 1330 664 1381 ab
690 1325 866 1388 initio,
891 1332 943 1379 et
969 1324 1020 1376 in
1051 1322 1281 1377 veritate
1315 1338 1420 1378 non
1465 1323 1640 1377 stetit.
1671 1339 1691 1372 ι
1718 1321 1872 1376 Sicut
1909 1335 2037 1388 ergo

465 1435 652 1475 semen
683 1417 776 1472 Dei
804 1417 854 1470 in
891 1415 1044 1469 nobis
1058 1415 1256 1468 dicitur
1281 1429 1522 1480 manere,
1550 1429 1673 1469 cum
1698 1415 1920 1468 verbum
1942 1413 2036 1466 Dei

464 1522 748 1568 servantes
789 1509 841 1562 in
871 1508 1025 1562 nobis
1062 1522 1168 1561 non
1200 1522 1514 1576 peccamus,
1560 1515 1619 1561 ut
1667 1505 1907 1562 Joannes
1958 1506 2037 1559 di-

463 1606 539 1659 cit
575 1603 622 1634 “
655 1621 668 1656 :
706 1620 724 1652 ι
759 1601 858 1668 Qui
893 1609 1073 1653 autem
1123 1613 1190 1653 ex
1226 1598 1336 1654 Deo
1361 1609 1445 1653 est
1470 1639 1485 1666 ,
1518 1615 1625 1652 non
1657 1606 1867 1667 peccat,
1909 1597 2034 1666 quia

2135 411 2278 464 cato,
2302 416 2476 470 neque
2498 401 2803 472 ﬂagellatur
2840 418 2854 454 :
2905 401 3087 454 omnia
3142 411 3377 465 namque
3411 397 3460 452 ei
3504 405 3783 452 servata

2135 504 2265 550 sunt
2295 494 2346 548 in
2372 495 2613 549 futurum
2643 491 2780 563 (40).
2813 491 2968 548 Unde
2994 500 3049 545 et
3077 490 3194 560 ipse
3226 491 3406 545 sciens
3433 490 3536 544 sibi
3572 482 3779 543 istud

2136 594 2398 639 statutum
2439 595 2650 654 tempus
2674 599 2789 640 esse
2813 595 3126 653 pinnarum,
3161 581 3379 637 dicebat
3415 580 3481 634 ad
3529 582 3784 635 Salva-

2139 687 2308 733 torem
2349 679 2396 712 °°
2434 696 2449 734 :
2499 696 2519 730 ι
2563 677 2707 746 Quid
2759 677 2956 732 venisti
3015 686 3145 731 ante
3207 684 3419 746 tempus
3465 684 3784 743 torquere

2140 771 2274 826 nos?
2311 790 2330 824 ι
2377 770 2512 826 Dum
2540 785 2671 841 ergo
2693 779 2800 828 stat
2834 771 2924 825 hic
2951 771 3205 835 mundus,
3234 778 3454 837 peccata
3480 782 3576 821 sua
3612 779 3772 820 non

2137 862 2331 930 recipit
2376 861 2645 926 diabolus,
2685 862 2778 931 qui
2817 870 2902 916 est
2950 861 3295 928 peccantium
3340 867 3517 927 pater.
3572 857 3771 912 Red-

2138 955 2340 1009 duntur
2368 962 2546 1007 autem
2578 954 2630 1007 in
2679 953 2816 1007 filios
2843 993 2859 1018 ,
2907 953 2960 1007 id
3008 962 3091 1007 est
3127 953 3180 1006 in
3227 966 3323 1007 eos
3354 957 3488 1020 quos
3533 949 3772 1022 genuit

2139 1061 2236 1114 per
2294 1055 2601 1114 peccatum.
2656 1044 2869 1098 Etenim
2921 1043 3168 1098 homines
3217 1042 3270 1097 in
3337 1057 3502 1097 carne
3559 1037 3766 1111 positi

2138 1140 2508 1208 corripiuntur
2544 1153 2574 1191 a
2612 1137 2864 1202 Domino,
2919 1138 3304 1200 verberantur,
3345 1135 3755 1205 ﬂagellantur.

2137 1228 2254 1286 Non
2279 1231 2421 1285 enim
2449 1229 2843 1284 vultDominus
2888 1238 3116 1284 mortem
3152 1228 3458 1298 peccatoris
3482 1267 3497 1292 ,
3535 1229 3630 1282 sed
3674 1233 3765 1279 ut.

2141 1330 2464 1388 revertatur,
2515 1330 2568 1375 et
2607 1322 2756 1376 vivat
2799 1321 2868 1374 “.
2914 1320 2980 1374 Et
3023 1328 3308 1390 propterea
3353 1318 3618 1390 benignus
3677 1328 3760 1372 et

2139 1417 2451 1472 misericors
2474 1415 2733 1470 Dominus
2761 1412 2936 1469 reddit
2967 1419 3188 1481 peccata
3220 1421 3432 1484 patrum
3462 1412 3515 1465 in
3550 1411 3752 1474 ﬁlios,

2140 1517 2199 1562 ut
2227 1508 2480 1577 quoniam
2506 1517 2707 1576 patres,
2742 1507 2794 1560 id
2847 1515 2930 1559 est
2961 1505 3207 1560 diabolus
3243 1513 3299 1559 et
3345 1505 3521 1574 angeli
3576 1504 3750 1572 ejus,

2141 1600 2428 1669 cazterique
2461 1598 2733 1667 principes
2785 1599 2970 1653 mundi
3000 1597 3160 1666 hujus
3187 1607 3244 1651 et
3288 1605 3537 1651 rectores
3573 1605 3754 1650 tene-

464 1709 648 1751 semen
676 1693 767 1748 Dei
797 1701 985 1746 manet
1019 1690 1072 1744 in
1107 1705 1209 1754 eo;
1242 1707 1262 1741 ι
1312 1689 1386 1745 ita
1418 1690 1580 1744 etiam
1611 1705 1736 1744 cum
1770 1705 1800 1744 a
1824 1689 2039 1744 diabolo
2071 1664 2112 1718 Β
2143 1689 2364 1744 brarqu
2392 1691 2580 1743 harum
2618 1688 2695 1759 (et
2726 1688 2825 1758 ipsi
2852 1690 2998 1743 enim
3031 1687 3340 1742 efﬁciuntur
3379 1697 3562 1758 patres
3594 1702 3748 1756 pet:-

465 1793 532 1845 ad
597 1789 938 1860 peccandum
996 1787 1335 1852 suademur,
1389 1803 1576 1843 semen
1637 1786 1757 1856 ejus
1815 1787 2040 1857 suscipi-

468 1881 742 1953 mus(38).
772 1881 904 1935 Cum
935 1895 1065 1936 vero
1107 1879 1272 1934 etiam
1317 1879 1607 1949 implemus
1656 1880 1798 1950 quod
1854 1894 2042 1935 suase-

467 1976 560 2038 rit,
585 1983 711 2027 tunc
734 1972 846 2041 jam
880 1981 936 2026 et
964 1973 1151 2042 genuit
1197 1986 1317 2027 nos.
1355 1970 1642 2025 Nascimur
1667 1972 1808 2027 enim
1847 1972 1895 2025 el
1946 1971 2040 2025 lilii

469 2081 565 2136 per
588 2073 887 2135 peccatum.
917 2061 1118 2118 Verum
1143 2063 1402 2134 quoniam
1447 2072 1740 2132 peccantes
1781 2063 1868 2117 vix
1928 2061 2042 2118 fere

467 2157 689 2220 accidit,
730 2165 790 2210 ut
841 2155 958 2211 sine
995 2155 1242 2224 adjutore
1288 2167 1601 2223 peccemus,
1645 2153 1738 2207 sed
1763 2161 1854 2206 aut
1882 2152 2038 2206 mini-

469 2257 616 2303 Stros
641 2246 876 2317 peccati,
895 2255 990 2299 aut
1014 2245 1292 2316 adjutores
1321 2258 1536 2312 semper
1557 2243 1904 2312 requirimus;
1929 2257 2046 2298 ver-

470 2341 527 2396 bi
553 2355 750 2407 causa,
779 2339 824 2393 si
882 2337 1208 2392 adulterium
1246 2335 1370 2405 quis
1429 2335 1674 2400 molitur,
1719 2351 1827 2390 non
1864 2343 2043 2406 potest

470 2433 575 2489 hoc
599 2433 746 2488 solus
778 2428 1093 2495 admittere,
1125 2431 1221 2485 sed
1252 2443 1474 2484 necesse
1535 2438 1620 2484 est
1675 2429 1838 2482 etiam
1891 2428 2044 2482 adul-

473 2535 646 2580 teram
696 2533 1013 2581 consortem
1057 2523 1177 2579 fieri
1243 2526 1553 2594 sociamque
1605 2523 1846 2593 peccati;
1914 2532 2044 2578 tunc

469 2628 733 2688 praaterea
818 2616 922 2671 etsi
1002 2631 1110 2672 non
1197 2616 1423 2687 plures,
1494 2629 1616 2671 esse
1685 2624 1864 2669 tamen
1948 2631 2045 2670 ne-

471 2723 628 2764 cesse
695 2717 783 2763 est
837 2707 1076 2778 aliquem
1134 2707 1222 2763 vel
1279 2707 1516 2775 aliquam
1582 2707 1636 2760 in
1723 2707 2043 2762 ministeriis

470 2802 541 2856 ad
580 2800 900 2856 societatem
943 2799 1150 2869 peccati
1177 2799 1312 2868 (39);
1331 2799 1420 2868 qui
1443 2812 1634 2853 omnes
1655 2797 1956 2853 velutunus
1975 2815 2045 2853 ex

471 2892 644 2949 altero
665 2893 962 2948 secundum
1000 2891 1370 2960 persuasionis
1404 2891 1650 2945 ordinem
1680 2889 1948 2959 generati,
1976 2904 2042 2943 ex

471 2989 627 3056 patre
650 2984 866 3039 diabolo
905 2984 1086 3038 noxiae
1126 2981 1429 3037 nativitatis
1469 2981 1782 3052 progeniem
1814 2981 2038 3037 ducunt.
2070 3021 2114 3079 ϐ

477 3076 633 3148 161
662 3076 728 3130 Et
755 3085 812 3129 ut
834 3076 900 3128 ad
916 3090 976 3129 ea
998 3090 1119 3145 qua:
1148 3074 1350 3143 scripta
1370 3081 1498 3128 sunt
1517 3073 1816 3136 veniamus,
1857 3072 2043 3126 Domi—

473 3185 578 3224 nus
607 3167 906 3238 majestatis
944 3166 1104 3222 Jesus
1129 3166 1381 3222 Christus
1417 3165 1671 3221 Salvator
1713 3176 1898 3220 noster
1925 3181 2048 3220 ern-

473 3261 667 3320 ciﬂxus
699 3273 803 3317 est.
835 3260 1004 3331 llujus
1053 3260 1247 3330 piaculi
1297 3266 1491 3314 auctor
1529 3268 1584 3313 et
1623 3266 1779 3328 pater
1825 3258 2049 3314 sceleris

475 3354 595 3409 sine
627 3354 790 3408 dubio
834 3351 1080 3408 diabolus
1123 3361 1224 3406 est.
1256 3351 1350 3406 Sic
1376 3351 1521 3405 enim
1557 3351 1819 3419 scriptum
1845 3361 1929 3405 est
1953 3350 1997 3382 ⁸⁷
2031 3369 2044 3405 :

478 3463 505 3501 ε
530 3445 665 3501 Cum
693 3454 871 3500 autem
906 3444 1186 3499 introisset
1214 3442 1464 3498 diabolus
1493 3442 1546 3495 in
1581 3457 1676 3496 cor
1710 3439 1862 3496 Iuda:
1899 3442 2049 3497 lsca-

474 3537 650 3600 riotis,
674 3547 732 3591 ut
753 3536 986 3592 traderet
1005 3551 1150 3590 eum.
1183 3553 1202 3587 ι
1230 3536 1388 3590 Pater
1407 3549 1539 3603 ergo
1560 3533 1768 3602 peccati
1796 3533 2049 3590 diabolus

474 3637 579 3685 est.
613 3627 719 3686 Iste
753 3628 804 3690 in
845 3629 948 3682 hoc
969 3627 1175 3683 scelere
1203 3627 1436 3697 primum
1477 3625 1644 3680 tilium
1683 3635 1910 3697 generat
1951 3625 2049 3681 Ju-

476 3720 624 3784 dam,
652 3720 745 3773 sed
770 3718 916 3773 solus
945 3719 1046 3773 hoc
1073 3701 1242 3770 ludas
1267 3715 1492 3784 implere
1522 3729 1628 3770 non
1651 3725 1879 3784 poterat.
1909 3714 2048 3782 Quid

478 3827 610 3882 ergo
640 3811 898 3880 scriptum
946 3811 1070 3865 est?
1122 3827 1142 3862 ι
1178 3811 1357 3875 Abiit,
1406 3808 1584 3876 inquit
1623 3808 1710 3874 ⁸⁸,
1769 3808 1934 3864 Judas
1982 3807 2051 3862 ad

479 3904 704 3958 Scr-ibas
727 3913 782 3956 et
806 3903 1132 3968 Pharisaaos,
1161 3911 1216 3957 et
1261 3902 1326 3956 ad
1379 3899 1688 3964 Pontiﬁces,
1721 3901 1908 3954 dicens
1929 3901 2046 3954 eis:

479 3994 620 4060 Quid
653 3993 782 4047 mihi
811 3993 972 4058 datis,
1005 4003 1057 4047 et
1082 4007 1182 4063 ego
1205 3993 1357 4047 vobis
1381 4006 1506 4047 eum
1540 3992 1793 4046 tradant?
1827 4009 1845 4043 ι
1870 3991 2052 4046 Nasci-

483 4097 571 4139 tur
596 4100 726 4155 ergo
755 4099 820 4139 ex
857 4082 995 4139 Juda
1028 4087 1305 4156 generatio
1329 4085 1482 4140 tertia
1511 4094 1566 4140 et
1591 4096 1780 4154 quarta
1819 4086 2046 4154 peccati.

481 4176 550 4231 Et
594 4177 738 4230 hunc
779 4176 1025 4230 ordinem
1080 4174 1491 4244 deprehendere
1543 4177 1749 4245 poteris
1786 4177 1946 4231 etiam
1995 4177 2048 4230 in

481 4269 708 4338 singulis
756 4268 1058 4337 quibusque
1113 4268 1374 4337 peccatis.
1423 4267 1578 4322 Nunc
1608 4283 1737 4340 ergo
1771 4269 2050 4324 videamus

482 4361 774 4416 secundum
807 4361 947 4415 hanc
972 4375 1132 4431 quam
1159 4361 1390 4416 diximus
1414 4365 1746 4434 progeniem,
1774 4366 2046 4432 quomodo
2079 4389 2122 4444 ι)

483 4451 626 4505 Deus
658 4461 874 4521 peccata
908 4461 1124 4521 patrum
1150 4451 1336 4505 reddat
1372 4452 1428 4507 in
1457 4453 1614 4516 filios,
1661 4453 1713 4507 iu
1747 4454 1964 4508 tertiam
1991 4464 2047 4510 et

484 4554 732 4612 quartam
767 4545 1101 4613 progeniem,
1137 4551 1193 4596 et
1228 4543 1280 4596 in
1311 4543 1455 4612 ipsos
1491 4559 1597 4598 non
1630 4546 1819 4599 reddat
1845 4557 2045 4615 patres.

484 4633 631 4688 Nihil
671 4636 816 4689 enim
861 4639 926 4689 de
957 4635 1200 4704 patribus
1240 4634 1378 4689 dixit
1415 4635 1578 4692 Deus.
1628 4637 1881 4692 Diabolus
1922 4654 2051 4710 ergo

484 4727 576 4794 qui
605 4727 860 4794 peccandi
883 4725 996 4796 jam
1045 4728 1264 4780 modum
1313 4728 1565 4793 excessit,
1609 4728 1751 4782 sicut
1789 4733 2048 4798 propheta

485 4820 619 4873 dicit
656 4819 724 4884 3°,
770 4819 1224 4887 quemadmodum
1271 4819 1651 4874 vestimentum
1696 4821 1747 4872 in
1789 4822 2050 4891 sanguine

485 4919 824 4974 concretum,
855 4925 960 4963 non
986 4909 1092 4964 erit
1122 4909 1404 4974 mundum,
1443 4911 1516 4964 ita
1549 4920 1605 4965 et
1649 4910 1764 4979 ipse
1807 4927 1913 4965 non
1947 4912 2052 4966 erit

557 5050 604 5082 ⁸⁵
642 5051 798 5106 Joau.
831 5067 916 5113 ιιι,
948 5050 1040 5104 44.
1138 5051 1184 5083 ⁸⁸
1222 5051 1239 5105 1
1271 5047 1430 5106 Joan.
1471 5052 1630 5113 ttt,9.

486 5138 604 5183 vm,
628 5122 718 5174 29.
794 5122 837 5152 ⁹¹
865 5121 1056 5176 Ezeeh.
1088 5138 1281 5189 xxxm,
1314 5123 1400 5176 H.
1502 5123 1589 5176 "1
1623 5121 1763 5176 Tim.
1799 5138 1857 5187 ιι,
1885 5124 1939 5178 4.

488 5195 535 5225 ⁸⁸
571 5193 732 5246 Prov.
774 5207 814 5254 ι,
844 5192 936 5246 24.

562 5357 674 5498 (38;
717 5357 1065 5425 Suscipimus.
1107 5358 1276 5422 Alias,
1323 5378 1342 5412 ι
1379 5359 1660 5415 eﬂicimur.
1712 5379 1732 5413 ι

562 5428 650 5496 (59
717 5427 842 5482 Mss.
885 5428 1246 5496 Turoneuses,
1287 5448 1305 5482 ι
1353 5433 1420 5486 de
1452 5433 1717 5488 ministris

562 5427 842 5508 (59)“5155.
885 5428 1246 5508 Turpneuses,
1287 5448 1305 5482 ι
1353 5433 1420 5486 de
1452 5433 1717 5488 ministris
1753 5441 1809 5488 et
1849 5433 2053 5487 nuntiis

493 5512 556 5550 ac
593 5500 755 5550 sociis
795 5500 1018 5563 peccati.
1067 5518 1086 5550 3

563 5566 824 5642 (it‘LQuo
861 5583 1100 5642 tempore
1141 5580 1378 5626 extrema
1411 5572 1668 5642 supplicia
1719 5573 2052 5629 daemonibus

492 5640 578 5692 vel
613 5635 834 5708 inﬂicta,
860 5641 944 5696 vel
973 5635 1256 5712 infligenda
1287 5635 1548 5716 Origenes
1575 5645 1892 5716 crediderit,
1928 5661 2054 5702 con-
2095 5710 2100 5716 ,

2141 1785 2268 1849 cati,
2309 1785 2450 1838 sicut
2484 1793 2539 1837 et
2573 1782 2872 1852 diabolus),
2918 1784 3195 1851 quoniam,
3239 1783 3496 1850 inquam,
3534 1791 3751 1851 patres

2144 1877 2231 1932 isti
2262 1876 2464 1946 indigni
2492 1885 2615 1931 sunt
2641 1877 2732 1946 qui
2765 1877 2816 1930 in
2858 1877 3110 1946 praesenti
3159 1876 3360 1930 saeculo
3415 1877 3750 1946 corripian-

2144 1979 2252 2036 tur,
2294 1970 2387 2025 εει]
2433 1969 2486 2024 iu
2535 1967 2718 2023 futuro
2766 1969 3033 2038 recipient
3076 1983 3198 2037 quae
3254 1979 3567 2032 merentur,
3623 1967 3746 2021 lilii

2142 2075 2352 2126 eorum,
2390 2060 2442 2114 id
2467 2067 2572 2120 est.
2609 2074 2748 2130 quos
2797 2067 3028 2130 peccare
3075 2059 3472 2130 persuaserint,
3524 2067 3581 2113 et
3625 2059 3744 2129 qui

2144 2150 2498 2204 nihilominus
2532 2165 2628 2220 per
2653 2150 2799 2219 ipsos
2832 2151 2987 2205 asciti
3029 2149 3230 2204 fuerint
3266 2149 3334 2203 ad
3383 2149 3738 2204 consortium

2143 2246 2571 2314 societatemque
2615 2244 2849 2313 peccati,
2903 2243 2993 2298 hic
3050 2243 3322 2313 recipiant
3374 2257 3493 2312 quae
3538 2256 3741 2311 gesse-

2144 2347 2309 2390 runt:
2342 2345 2401 2389 ut
2425 2336 2769 2406 purgatiores
2795 2336 2862 2390 ad
2891 2334 3131 2390 futurum
3188 2335 3443 2389 sarculum
3473 2343 3742 2404 pergant,

2142 2437 2198 2482 et
2251 2427 2386 2482 ultra
2443 2427 2660 2483 diabolo
2713 2429 2849 2483 socii
2901 2442 3009 2482 non
3064 2425 3367 2483 eiiiciantur
3419 2429 3472 2483 in
3535 2445 3732 2499 poena.

2144 2525 2280 2592 Quia
2310 2541 2439 2596 ergo
2467 2525 2777 2581 misericors
2802 2535 2884 2580 est
2917 2525 3197 2591 Dominus,
3239 2537 3294 2579 et
3342 2542 3361 2577 ι
3396 2540 3584 2580 omnes
3633 2527 3738 2579 lm-

2146 2621 2321 2674 tnines
2370 2619 2484 2674 vult
2527 2620 2711 2674 salvos
2777 2617 2893 2671 fieri
2936 2618 3007 2685 ",
3062 2637 3083 2671 ι
3129 2629 3411 2688 propterea
3459 2619 3584 2673 dicit
3623 2619 3670 2650 ”
3717 2637 3734 2672 :

2152 2728 2170 2761 ι
2209 2710 2450 2765 Visitabo
2485 2711 2536 2764 in
2565 2708 2718 2779 virga
2772 2709 2953 2763 ferrea
3011 2707 3256 2765 facinora
3305 2725 3517 2776 eorum,
3574 2717 3628 2764 ct
3666 2710 3725 2764 in

2146 2802 2368 2871 ﬂagellis
2391 2810 2607 2870 peccata
2639 2816 2848 2856 eorum.
2887 2799 3312 2855 Misericordiam
3337 2812 3513 2856 autem
3547 2818 3728 2856 meam

2147 2910 2254 2949 non
2278 2895 2520 2948 auferam
2547 2893 2614 2948 ab
2635 2894 2736 2948 eis.
2768 2912 2788 2946 ι
2823 2893 3015 2947 Visitat
3053 2907 3182 2962 ergo
3206 2892 3464 2947 Dominus
3486 2893 3728 2956 animas,

2148 2997 2203 3041 et
2221 2986 2470 3056 requirit.
2494 3001 2630 3055 quas
2662 2986 2768 3040 iste
2792 2987 3066 3055 pessimus
3107 2985 3465 3054 persuasione
3515 2985 3729 3055 peccati

2150 3079 2397 3149 genuerit
2425 3087 2598 3146 pater,
2627 3086 2679 3130 et
2709 3076 2842 3131 dicit
2864 3077 2932 3130 ad
2963 3091 3401 3146 unamquamque
3424 3072 3675 3130 earum“
3698 3091 3717 3127 :

2156 3190 2176 3223 ι
2216 3172 2376 3237 Audi,
2412 3170 2545 3235 filia,
2590 3179 2646 3224 et
2690 3169 2817 3223 vide
2863 3177 2920 3222 et
2969 3169 3172 3223 inclina
3223 3184 3411 3222 aurem
3461 3179 3629 3232 tuam,
3671 3176 3730 3222 et

2149 3265 2471 3321 obliviscere
2501 3262 2754 3334 populum
2795 3272 2968 3328 tuum,
3001 3273 3056 3316 et
3077 3263 3295 3316 domum
3344 3261 3514 3331 patris
3555 3260 3654 3315 tui.
3698 3279 3720 3313 ι

2156 3356 2358 3412 Visitat
2383 3371 2512 3426 ergo
2541 3364 2592 3410 te
2622 3363 2748 3424 post
2787 3366 3090 3423 peccatum,
3137 3363 3192 3408 et
3217 3362 3523 3408 commonet
3555 3362 3628 3416 te,
3672 3361 3731 3407 et

2151 3450 2203 3504 in
2235 3449 2450 3520 flagello
2472 3458 2529 3503 et
2556 3449 2710 3518 virga
2737 3457 2788 3501 te
2819 3447 3007 3501 visitat
3035 3462 3134 3517 pro
3169 3456 3393 3517 peccato
3437 3447 3581 3514 quod
3626 3445 3724 3499 tibi

2153 3553 2308 3612 pater
2331 3540 2582 3597 diabolus
2607 3541 2875 3610 suggessit
2896 3539 3033 3611 (41),
3064 3549 3123 3594 ιιι
3151 3539 3343 3592 reddat
3379 3537 3472 3592 tibi
3512 3537 3639 3591 illud
3669 3538 3725 3590 in

2151 3637 2352 3700 sinum,
2385 3635 2437 3690 id
2492 3643 2576 3689 est
2609 3635 2734 3688 dum
2773 3635 2828 3688 in
2871 3649 3102 3704 corpore
3147 3633 3320 3701 degis.
3357 3631 3420 3686 Et
3458 3631 3536 3684 sic
3577 3644 3729 3683 com-

2151 3721 2347 3791 pletur,
2370 3721 2521 3776 reddi
2547 3731 2765 3787 peccata
2813 3732 3024 3790 patrum
3074 3721 3127 3774 iu
3171 3722 3346 3775 sinum
3401 3719 3634 3773 ﬁliorum
3669 3719 3724 3772 in

2153 3813 2368 3866 tertiam
2400 3821 2454 3868 et
2490 3823 2742 3882 quartam
2795 3813 3127 3881 progeniem.
3163 3812 3305 3866 Deus
3349 3812 3493 3865 enim
3530 3809 3719 3864 zelaus

2151 3914 2256 3967 est,
2301 3911 2355 3956 et
2382 3903 2618 3954 animam
2655 3917 2819 3971 quam
2863 3903 2968 3956 sibi
3010 3902 3299 3969 despondit
3339 3901 3390 3955 in
3441 3901 3564 3962 fide,
3612 3915 3722 3954 non

2154 3994 2267 4047 vult
2314 3993 2461 4047 illam
2505 4007 2825 4062 permanere
2875 3994 2926 4046 in
2971 3992 3434 4048 contaminatione
3485 3995 3726 4061 peccati;

2154 4086 2248 4141 sed
2273 4087 2385 4140 vult
2411 4099 2530 4139 eam
2557 4085 2666 4138 cito
2691 4087 2934 4155 purgari,
2964 4085 3079 4140 vult
3117 4100 3239 4139 eam
3287 4085 3546 4140 velociter
3587 4085 3731 4154 abji-

2153 4195 2278 4234 cere
2305 4193 2495 4233 onlnes
2524 4179 2891 4234 immunditias
2915 4193 3063 4244 suas,
3095 4177 3142 4232 si
3177 4179 3261 4232 cui
3290 4178 3433 4233 forte
3482 4180 3724 4249 subjecta

2154 4269 2391 4338 est(42).
2423 4267 2479 4321 Si
2504 4283 2630 4322 vero
2650 4277 2933 4338 permanet
2967 4269 3020 4322 in
3040 4269 3301 4337 peccatis,
3322 4270 3525 4324 etdicit
3563 4286 3578 4323 :
3609 4269 3724 4328 Non

2155 4359 2436 4414 audienms
2480 4372 2667 4413 vocem
2718 4357 2965 4422 Domini,
3003 4357 3098 4412 sed
3141 4357 3404 4414 facientes
3455 4358 3725 4415 faciemus

2153 4452 2455 4506 voluntates
2518 4463 2764 4515 nostras,
2824 4460 2878 4505 et
2942 4452 3295 4506 incendcmus
3355 4453 3536 4522 ignem
3589 4457 3730 4524 regi-

2152 4560 2234 4600 nze
2283 4543 2426 4608 cteli,
2481 4543 2621 4598 sicut
2679 4545 3039 4613 exprobratur
3091 4560 3188 4614 per
3256 4549 3574 4615 prophetam
3618 4549 3666 4579 ’⁵
3709 4564 3726 4603 :

2154 4645 2282 4688 tunc
2341 4646 2626 4689 servantur
2687 4637 2849 4690 etiam
2933 4637 3034 4706 ipsi
3093 4637 3160 4691 ad
3236 4637 3381 4691 illam
3437 4636 3729 4707 Sapientia:

2155 4731 2519 4795 sententiam,
2565 4745 2686 4799 quae
2741 4732 2870 4785 dicit
2931 4733 2977 4764 "
3041 4746 3056 4785 :
3120 4751 3139 4784 ι
3193 4730 3456 4798 Quoniam
3510 4736 3727 4802 quidem

2156 4823 2448 4882 vocabam,
2524 4831 2580 4875 et
2647 4838 2751 4875 non
2812 4823 3224 4888 obaudiebatis,
3307 4823 3399 4879 sed
3469 4826 3735 4884 irrideba-

2161 4915 2230 4966 tis
2274 4927 2551 4968 sermones
2595 4929 2776 4981 meos;
2815 4915 2996 4986 itaque
3045 4926 3101 4970 et
3143 4931 3241 4987 ego
3299 4927 3495 4972 vestrae
3547 4917 3726 4986 perdi-

1723 5052 1768 5083 ⁸⁷
1799 5050 1954 5106 Joan.
1982 5067 2047 5107 χιι

2147 5052 2185 5107 2.
2263 5051 2311 5085 ⁸⁸
2342 5052 2530 5108 Matth.
2563 5071 2712 5120 χχιιι,
2754 5056 2841 5116 14,
2871 5057 2957 5111 15.
3033 5057 3077 5090 ⁸³
3109 5057 3208 5112 Isa.
3233 5072 3307 5119 tv,
3334 5057 3386 5112 5.
3464 5061 3507 5094 '°
3540 5060 3728 5115 Matth.

2035 5125 2081 5155 ⁰³
2112 5124 2254 5179 l’sai.
2288 5141 2510 5192 Lxxxtx,
2535 5127 2623 5180 5‘2.
2700 5126 2746 5158 ⁸⁷⁵
2769 5125 2913 5185 Psal.
2941 5143 3063 5193 XLV,
3090 5129 3177 5180 10.

3291 5129 3336 5160 ⁸³
3366 5129 3474 5184 Jer.
3512 5147 3608 5194 vn,
3641 5133 3725 5187 i8.

2159 5365 2274 5418 snle
2297 5364 2658 5438 clarissimum
2690 5364 2940 5420 lluetium
2985 5365 3200 5437 On'gen.
3240 5367 3332 5422 lib.
3367 5384 3426 5436 It,
3451 5377 3646 5438 quazst.
3669 5368 3729 5437 5,

2160 5452 2309 5506 ιιιιιιι.
2333 5435 2404 5488 ‘22
2426 5447 2489 5506 et
2519 5452 2634 5506 seq.

2161 5505 2343 5629 lu
2373 5505 2540 5574 Alias,
2585 5505 2611 5557 ι
2641 5522 2739 5576 pro
2783 5505 3017 5576 peccatis
3055 5522 3176 5576 quae
3227 5508 3321 5564 tibi
3361 5517 3516 5579 pater
3540 5511 3728 5566 diabo-

2233 5644 2344 5718 (42)
2369 5645 2539 5716 Alias,
2567 5666 2584 5700 ι
2619 5647 2663 5704 si
2696 5646 2780 5704 cui
2805 5645 2943 5704 forte
2979 5649 3290 5716 subreptum
3324 5660 3424 5704 est.
3455 5667 3477 5702 ι
