4050 6142
317 254 406 310 381

1559 256 1626 311 ΙΝ
1661 254 1948 312 EXODUM
1982 253 2264 312 HOMILIA
2296 251 2384 310 IX.

3489 256 3596 313 362

308 371 443 428 tioni
477 375 967 443 superridebo;'i
998 375 1083 430 vel
1119 374 1265 430 illam
1314 389 1434 444 quae
1470 375 1648 443 posita
1684 384 1770 430 est
1821 374 1927 429 illis
2033 377 2230 431 Sancta
2271 383 2600 431 sanctorum.
2638 372 2766 428 Post
2786 371 3084 428 secundum
3115 382 3296 430 autem
3320 376 3585 445 velamen,

310 465 360 518 in
385 464 730 538 Erangelio
761 469 977 523 dicente
1006 467 1234 522 Domino
1266 468 1308 498 ⁸⁷
1341 485 1354 521 :
1400 486 1419 518 ι
1459 467 1730 522 Discedite
1774 482 1804 520 a
1843 481 1930 522 me

302 556 595 627 inignem
629 573 919 626 aeternum,
953 575 1112 628 quem
1154 559 1483 628 praeparavit
1527 560 1669 613 Deus
1712 558 1931 613 diabolo

298 659 354 702 et
380 650 640 717 angelis
670 650 816 718 ejus.
852 667 872 700 ι
909 649 1021 718 Ego
1062 659 1190 716 opto
1235 657 1312 711 ut,
1341 649 1466 702 dum
1507 647 1561 702 in
1601 648 1704 702 hoc
1731 646 1929 702 sacculo

296 755 447 804 sum,
508 741 725 796 visitet
771 741 1030 795 Dominus
1087 751 1310 808 peccata
1365 754 1510 803 mea,
1551 749 1606 793 et
1657 739 1746 794 hic
1797 737 1926 793 mihi

297 832 621 899 restituat,
649 841 708 886 ut
733 832 802 887 ibi
844 832 991 886 dicat
1021 830 1188 885 etiam
1219 830 1285 885 de
1324 845 1407 884 me
1439 830 1735 892 Abraham,
1785 829 1928 883 sicut

293 922 446 976 dixit
471 923 560 977 de
589 939 834 995 paupere
859 922 1068 977 Lazaro
1093 925 1160 976 ad
1192 921 1418 976 divitem
1449 920 1494 952 ⁵⁸
1521 938 1534 974 :
1569 937 1588 970 ι
1633 919 1922 985 Memento,

295 1014 400 1076 illi,
433 1018 616 1084 quod
645 1017 896 1086 recepisti
923 1017 1062 1070 bona
1094 1015 1149 1069 in
1180 1014 1291 1068 vita
1331 1024 1440 1077 tua,
1473 1021 1527 1067 et
1560 1010 1806 1066 Lazarus
1852 1012 1926 1066 si-

293 1106 528 1162 mlliter
561 1110 736 1165 mala.
768 1109 920 1165 Nunc
973 1118 1149 1162 autem
1203 1106 1293 1162 hic
1336 1105 1651 1174 requiescit,
1700 1114 1756 1157 tu
1796 1118 1926 1158 vero

293 1205 632 1258 cruciaris.
679 1223 697 1256 ι
732 1204 1022 1272 Propterea
1061 1217 1194 1271 ergo
1227 1215 1351 1256 cum
1415 1199 1761 1268 corripimur,
1803 1212 1924 1251 cum

293 1294 681 1364 castigamur
705 1309 736 1348 a
766 1293 1016 1357 Domino,
1053 1306 1174 1347 esse
1215 1303 1322 1344 non
1373 1287 1634 1343 debemus
1689 1284 1920 1356 ingrati,

293 1386 400 1440 sed
437 1385 844 1454 intelligamus
873 1393 1160 1452 propterea
1192 1393 1290 1434 nos
1319 1377 1371 1432 in
1414 1374 1668 1445 praesenti
1726 1371 1924 1428 saeculo

295 1479 561 1546 corripi,
596 1487 662 1531 ut
699 1477 752 1530 in
794 1475 980 1528 futuro
1016 1471 1256 1541 requiem
1312 1480 1735 1535 consequamur.
1781 1464 1925 1518 sicut

296 1582 360 1626 et
390 1569 726 1638 Apostolus
771 1567 902 1622 dicit
934 1567 1022 1618 9°:
1061 1581 1081 1616 (
1117 1563 1250 1620 Cum
1296 1571 1474 1615 autem
1521 1557 1849 1627 castigantur
1891 1570 1922 1608 a

300 1661 593 1727 Domino,
620 1658 970 1728 corripimur,
1018 1669 1086 1708 ne
1131 1669 1254 1708 cum
1287 1653 1389 1706 hoc
1440 1647 1637 1703 mundo
1691 1651 1919 1700 damne-

2033 467 2439 524 tabernaculum
2489 467 2634 536 quod
2685 467 2886 525 dicitur
2925 479 3198 532 sanctum,
3238 467 3442 524 habens
3491 484 3586 524 au-

2031 575 2180 614 reum
2217 560 2386 614 altare
2412 559 2711 623 incensi,et
2743 575 2926 616 arcam
2973 560 3314 625 testamenti,
3347 569 3403 616 et
3443 560 3584 616 intra

2027 665 2146 706 eam
2197 652 2330 706 duas
2389 649 2622 714 tabulas,
2667 660 2724 706 et
2783 666 3005 717 manna,
3059 661 3116 706 et
3165 650 3370 722 virgam
3407 652 3586 706 Aaron

2027 755 2146 809 quae
2184 739 2520 796 fronduerat.
2561 761 2579 794 ι
2634 741 2740 796 Sed
2787 742 2857 797 iis
2919 742 3128 797 addidit
3164 759 3178 796 :
3219 761 3239 795 ι
3274 743 3350 796 De
3386 743 3586 812 quibus

2028 844 2134 883 non
2168 838 2253 883 est
2285 834 2442 885 modo
2472 832 2763 886 dicendum
2801 847 2904 900 per
2929 833 3163 904 singula.
3211 852 3231 886 ι
3269 834 3426 901 Quod
3455 849 3587 905 ergo

2026 922 2121 985 ait,
2150 938 2169 971 ι
2200 922 2266 975 de
2297 922 2492 990 quibus
2517 938 2621 977 non
2653 932 2736 978 est
2762 923 2922 979 modo
2946 924 3252 991 dicendum,
3301 943 3322 978 ι
3361 926 3583 995 quidam

2025 1011 2091 1064 ad
2141 1011 2270 1065 illud
2323 1020 2534 1080 tempus
2577 1012 2820 1068 referunt
2863 1029 2970 1083 quo
3025 1013 3269 1071 Hebraeis
3314 1017 3593 1072 scribebat

2026 1103 2339 1172 Epistolam.
2378 1103 2514 1157 Aliis
2548 1119 2672 1159 vero
2720 1106 2952 1173 videtur,
2999 1108 3140 1175 quod
3177 1123 3272 1176 pro
3304 1109 3592 1179 mysterio-

2026 1210 2144 1248 rum
2179 1196 2552 1264 magnitudine
2598 1212 2760 1251 oume
2793 1208 3001 1268 tempus
3040 1200 3322 1268 praesentis
3365 1201 3488 1256 vitae
3521 1203 3588 1254 ad

2024 1287 2140 1342 ιιωο
2171 1286 2506 1356 explananda
2535 1288 2785 1344 idoneum
2821 1300 2998 1358 neget.
3028 1291 3223 1345 Verum
3249 1307 3354 1346 non
3389 1308 3588 1363 usque-

2023 1399 2238 1454 quaque
2260 1385 2442 1440 tristes
2483 1401 2582 1442 nos
2607 1387 2865 1455 relinquit
2891 1386 3201 1456 Aposmlus,
3240 1391 3358 1454 sed,
3392 1398 3450 1443 ut
3478 1391 3583 1444 sibi

2024 1477 2190 1532 moris
2217 1486 2321 1542 est,
2351 1480 2528 1546 aperit
2559 1494 2728 1548 pauca
2754 1483 2820 1534 de
2857 1481 3040 1534 multis
3069 1497 3083 1532 :
3119 1493 3177 1534 ut
3223 1480 3468 1536 clausum
3513 1483 3586 1536 sit

2023 1569 2238 1639 quidem
2282 1572 2695 1641 negligentibus,
2727 1572 3038 1626 inveniatur
3069 1582 3249 1628 autem
3295 1589 3325 1627 a
3367 1575 3587 1642 pulsau-

2027 1663 2189 1724 tibus,
2246 1674 2302 1718 et
2355 1665 2723 1734 quaerentibus
2786 1667 3098 1734 aperiatur.
3175 1665 3392 1736 Repetit
3453 1681 3585 1738 ergo

302 1767 469 1807 mur.
520 1770 543 1803 ι
579 1724 874 1818 Propterea
925 1747 1156 1814 denique
1195 1754 1252 1798 et
1288 1743 1485 1797 beatus
1527 1739 1628 1794 Job
1683 1737 1918 1792 libenter
1950 1724 1992 1778 Β
2024 1770 2238 1810 rursum
2263 1758 2330 1812 de
2365 1724 2734 1820 [abemaculo’
2777 1724 2843 1811 δι’
2868 1757 3000 1812 dicit
3027 1758 3048 1789 ε
3081 1776 3094 1811 ε
3131 1775 3148 1808 ε
3187 1724 3303 1815 Νέη
3340 1763 3485 1815 enim
3517 1724 3582 1819 ’ξη

305 1842 678 1911 suscipiebat
703 1848 899 1894 cuncta
926 1835 1213 1905 supplicia,
1237 1842 1290 1888 et
1317 1832 1534 1886 dicebat
1568 1830 1583 1860 ¹
1622 1828 1780 1899 quia,
1814 1846 1832 1878 ι
1871 1826 1916 1882 si

308 1936 473 1989 bona
515 1933 830 2001 accepimus
858 1929 925 1983 de
961 1941 1123 1980 manu
1165 1923 1400 1987 Domini,
1446 1935 1622 1978 nonne
1667 1929 1722 1975 et
1780 1918 1918 1973 mala

313 2023 732 2082 tolerabimus?
781 2021 1042 2075 Dominus
1109 2018 1280 2081 dedit,
1347 2016 1612 2072 Dominus
1657 2012 1911 2076 abstulit;

315 2121 480 2174 sicut
515 2115 746 2171 Domino
792 2110 1012 2182 placuit,
1065 2109 1138 2162 ita
1189 2107 1388 2162 factum
1437 2117 1553 2172 est;
1606 2103 1678 2158 sit
1723 2118 1918 2156 nomen

320 2209 555 2266 Domini
586 2206 952 2260 benedictum.
986 2219 1006 2252 ι
1055 2201 1252 2255 Reddit
1297 2208 1474 2252 autem
1514 2205 1570 2251 et
1608 2195 1919 2250 misericor-

321 2305 480 2358 diam
515 2302 570 2355 in
606 2299 771 2354 millia
797 2297 863 2350 iis
886 2296 978 2366 qui
1010 2294 1240 2364 diligunt
1278 2308 1400 2346 eum
1431 2294 1473 2345 ’.
1518 2291 1620 2358 Qui
1655 2289 1800 2346 enim
1843 2288 1919 2341 di-

322 2397 535 2468 ligunt,
566 2391 913 2458 correptione
943 2402 1048 2441 non
1080 2385 1346 2452 indigent,
1380 2397 1554 2452 neque
1596 2383 1738 2436 enim
1786 2392 1915 2448 pec-

324 2497 490 2554 cant,
535 2486 682 2540 sicut
707 2491 764 2537 et
796 2478 1055 2536 Dominus
1105 2475 1282 2532 dicit’
1321 2493 1335 2529 :
1371 2493 1392 2525 ι
1427 2475 1527 2542 Qui
1583 2473 1760 2542 diligit
1806 2484 1912 2534 me,

334 2581 599 2634 mandata
628 2590 747 2630 mea
775 2572 1034 2629 custodit.
1071 2587 1092 2621 ι
1130 2569 1198 2624 Ει
1221 2569 1341 2623 ideo
1377 2585 1395 2618 ι
1431 2565 1670 2636 perlecta
1697 2563 1915 2617 dilectio

332 2675 486 2730 foras
511 2672 686 2727 mittit
707 2671 955 2724 timorem
979 2664 1022 2718 ⁸.
1057 2681 1076 2716 ι
1111 2661 1192 2718 Ob
1242 2663 1345 2717 hoc
1385 2676 1514 2732 ergo
1561 2655 1914 2728 diligentibus

333 2768 451 2822 sola
476 2762 854 2820 misericordia
881 2759 1059 2831 posita
1083 2767 1187 2820 est,
1215 2755 1356 2811 beati
1399 2754 1545 2810 enim
1596 2749 1914 2806 misericor-

336 2864 431 2918 des
464 2862 509 2927 ⁵,
544 2860 674 2930 quia
701 2859 834 2928 ipsis
873 2853 1224 2909 miserebitur
1266 2851 1409 2905 Deus
1450 2850 1502 2902 in
1535 2845 1754 2902 Christo
1779 2842 1909 2899 Iesu

341 2954 571 3009 Domino
611 2964 818 3017 nostro,
851 2949 937 3004 cui
963 2959 1046 3004 est
1070 2946 1240 3018 gloria
1301 2955 1355 2999 et
1389 2941 1675 3011 imperium
1726 2939 1778 2992 in
1813 2951 1912 2992 sae-

338 3047 463 3102 cula
498 3045 849 3100 saeculorum.
881 3042 1076 3096 Amen.

832 3160 834 3162 τ
923 3129 1201 3186 HOMILIA
1241 3125 1333 3182 IX.

869 3223 949 3277 De
1005 3219 1372 3274 tabernaculo.

402 3323 455 3379 ί.
485 3320 694 3390 Siquis
716 3318 874 3387 digne
907 3315 1191 3382 intelligat,
1204 3311 1287 3366 vel
1309 3325 1373 3365 ex
1406 3308 1640 3381 Egypto
1659 3306 1913 3364 Hebraeo-

344 3433 457 3472 rum
479 3412 898 3487 profectionem,
924 3409 1004 3461 vel
1033 3407 1316 3461 transitum
1342 3404 1498 3475 162
1520 3403 1690 3458 maris
1711 3401 1908 3468 Rubri,

338 3514 430 3566 sed
459 3520 516 3566 et
541 3521 759 3562 omnem
788 3505 928 3558 hanc
950 3503 1112 3568 viam,
1147 3516 1270 3570 quae
1301 3499 1477 3576 agitur
1502 3513 1598 3567 per
1627 3497 1905 3552 desertum

339 3611 393 3654 et
423 3599 755 3655 metationes
803 3593 1044 3662 singulas
1093 3603 1336 3659 quasque
1371 3594 1708 3653 castrorum;
1739 3585 1783 3639 si
1813 3585 1914 3638 bo-

339 3709 455 3748 rum
489 3693 564 3744 ita
599 3685 872 3744 exstiterit
893 3696 1088 3750 capax,
1119 3691 1176 3734 ut
1207 3681 1372 3734 etiam
1398 3680 1570 3749 legem
1600 3679 1693 3733 Dei
1739 3677 1913 3732 susci-

338 3789 450 3856 piat
504 3784 768 3852 scriptam
821 3794 927 3833 non
991 3784 1334 3840 atramento,
1404 3775 1500 3829 sed
1549 3771 1753 3842 Spiritu
1811 3771 1904 3826 Dei

339 3885 450 3940 vivi
490 3885 553 3948 ⁶;
587 3883 634 3936 si
657 3881 800 3950 quis,
837 3880 1079 3947 inquam,
1117 3878 1184 3931 ad
1219 3875 1331 3928 haec
1391 3871 1462 3924 ita
1508 3883 1604 3939 per
1661 3867 1907 3921 ordinem

335 3979 679 4052 profectuum
709 3974 949 4046 perfecte
971 3972 1173 4037 veniat,
1206 3978 1265 4023 ut
1299 3965 1514 4036 singula
1544 3977 1776 4032 qumque
1802 3961 1913 4014 im-

337 4075 489 4144 plens
527 4073 584 4127 in
607 4071 803 4140 spiritu
825 4075 1110 4122 assecutus
1136 4063 1230 4130 sit,
1268 4069 1324 4115 et
1351 4073 1414 4113 ea
1442 4071 1565 4127 quae
1593 4055 1648 4109 in
1699 4054 1783 4107 his
1825 4053 1910 4106 iu-

335 4171 588 4224 dicantur
630 4171 917 4235 augmeuta
968 4159 1252 4220 virtutum,
1321 4151 1410 4207 ille
1452 4149 1654 4219 poterit
1710 4160 1908 4202 conse-

338 4273 569 4333 quenter
599 4260 761 4314 etiam
793 4257 859 4309 ad
889 4254 1152 4308 visionem
1181 4260 1236 4303 et
1271 4242 1693 4312 intelligentiam
1727 4241 1907 4292 taber-

337 4329 514 4412 naculi
552 4349 861 4422 pervenire.
913 4348 987 4402 De
1012 4359 1120 4413 quo
1176 4335 1526 4394 tabernaculo
1572 4329 1756 4388 multis
1787 4330 1908 4400 qui-

2021 1856 2208 1900 sancta
2249 1861 2407 1899 manu
2437 1845 2580 1935 facta
2621 1847 2900 1916 ingressus
2946 1855 3029 1902 est
3061 1845 3219 1904 Jesus
3255 1851 3583 1920 exetnplaria

2021 1951 2292 2004 verorum,
2333 1937 2427 1992 sed
2455 1938 2506 1992 in
2539 1939 2714 2007 ipsum
2762 1939 2983 2004 cmlum,
3019 1948 3080 1994 ut
3127 1953 3389 2011 appareat
3440 1958 3585 1997 nunc

2023 2028 2186 2082 vultui
2219 2029 2309 2083 Dei
2346 2043 2440 2098 per
2473 2027 2740 2093 velamen,
2767 2030 2819 2084 id
2846 2037 2929 2084 est
2952 2045 3049 2098 per
3087 2045 3309 2088 carnem
3339 2048 3516 2088 suam.
3557 2053 3577 2086 ι

2019 2121 2119 2185 Qui
2148 2135 2276 2188 ergo
2315 2121 2563 2176 velamen
2623 2122 2899 2177 interioris
2962 2123 3319 2192 tabernaculi,
3363 2140 3581 2180 carnem

2017 2213 2216 2268 Christi
2255 2215 2645 2283 interpretatus
2679 2223 2780 2280 est,
2815 2225 3002 2270 sancta
3041 2226 3220 2272 autem
3255 2218 3428 2287 ipsum
3468 2232 3584 2273 caa-

2016 2304 2149 2371 lum,
2182 2305 2266 2359 vel
2301 2305 2485 2372 oculos,
2543 2307 2830 2360 Dominum
2870 2321 3000 2361 vero
3055 2306 3330 2362 Christum
3363 2309 3582 2378 pontiﬁ-

2017 2409 2134 2450 cem
2181 2411 2414 2466 eumque
2449 2397 2584 2451 dicit
2629 2396 2904 2452 introiisse
2957 2414 2978 2448 ι
3031 2397 3202 2452 semel
3257 2398 3310 2452 in
3357 2408 3578 2464 sancta,

2015 2498 2216 2546 aeterna
2255 2491 2623 2560 redemptione
2648 2491 2868 2545 inventa
2898 2492 2940 2553 ’,
2989 2508 3010 2542 ι
3045 2505 3111 2546 ex
3144 2491 3229 2546 his
3252 2493 3440 2561 paucis
3465 2508 3584 2547 ser-

2014 2585 2288 2648 monibus,
2346 2585 2391 2638 si
2435 2585 2554 2653 quis
2603 2583 2896 2654 intelligere
2946 2584 3093 2638 novit
3133 2583 3288 2638 Pauli
3341 2599 3578 2649 sensum,

2013 2685 2190 2746 potest
2217 2677 2501 2732 advertere
2538 2686 2797 2746 quantum
2837 2676 2991 2732 nobis
3025 2676 3394 2745 intelligentiae
3433 2677 3584 2747 pela-

2013 2785 2113 2842 gus
2135 2770 2470 2842 patefecerit.
2507 2771 2610 2827 Sed
2639 2772 2729 2842 qui
2765 2771 2898 2827 satis
2935 2780 3119 2826 amant
3167 2771 3403 2826 litteram
3449 2773 3584 2843 legis

2013 2865 2205 2936 Moysi,
2229 2865 2476 2936 spiritum
2506 2879 2632 2919 vero
2651 2865 2766 2934 ejus
2795 2864 3091 2935 refugiunt,
3133 2874 3446 2934 suspectum
3480 2866 3579 2920 ha-

2011 2958 2144 3012 bent
2184 2957 2485 3028 apostolum
2517 2946 2761 3012 'Paulum
2809 2957 3282 3026 interpretationes
3322 2955 3583 3026 hujusce-

1940 3068 1988 3132 ο
2017 3048 2160 3102 modi
2191 3047 2576 3116 proferentem.

2083 3138 2140 3193 2.
2163 3139 2453 3194 Videamus
2476 3152 2603 3208 ergo
2631 3137 2676 3198 si
2704 3152 2806 3191 non
2821 3137 2984 3191 etiam
3005 3144 3246 3192 veterum
3267 3147 3578 3194 sanctorum

2016 3229 2178 3298 aliqui
2201 3229 2509 3299 Opinionem
2545 3227 2875 3283 tabernaculi
2911 3227 3066 3297 longe
3093 3227 3278 3294 aliam,
3305 3244 3464 3300 quam
3492 3233 3580 3287 isti

2016 3338 2159 3378 nunc
2199 3321 2534 3387 existimant,
2564 3319 2822 3375 habuere.
2864 3319 3032 3376 David
3069 3335 3302 3390 namque
3347 3324 3580 3379 eximius

2013 3413 2416 3484 prophetarum,
2453 3425 2617 3480 quam
2641 3409 2930 3480 magniﬁce
2964 3411 3032 3465 de
3073 3413 3422 3467 tabernaculo
3456 3428 3584 3468 sen-

2017 3506 2098 3570 tit,
2131 3503 2381 3559 ausculta
2419 3518 2434 3556 :
2472 3520 2491 3553 ι
2539 3503 2671 3557 Dum
2719 3501 2937 3568 dicitur,
2991 3501 3166 3570 inquit
3211 3501 3277 3568 ¹⁰,
3323 3505 3451 3558 mihi
3485 3519 3583 3573 per

2012 3597 2251 3664 singulos
2279 3597 2415 3658 dies,
2449 3595 2538 3648 ubi
2579 3603 2660 3649 est
2705 3593 2842 3647 Deus
2883 3593 3046 3647 tuus?
3079 3594 3194 3651 haec
3244 3607 3580 3653 memoratus

2013 3703 2154 3752 sum,
2184 3696 2238 3739 et
2264 3685 2428 3740 εαυιῆ
2459 3685 2510 3737 in
2550 3699 2636 3738 me
2661 3684 2895 3736 animam
2943 3698 3135 3749 meam,
3189 3687 3446 3754 quoniam
3495 3689 3577 3742 in-

2013 3778 2228 3848 grediar
2251 3778 2304 3831 iu
2336 3776 2512 3832 locum
2547 3773 2881 3829 tabernaculi
2924 3773 3283 3842 admirabilis,
3312 3793 3482 3848 usque
3510 3781 3582 3834 ad

2013 3871 2232 3924 domum
2281 3867 2396 3921 Dei.
2453 3883 2472 3918 ι
2513 3863 2582 3919 Ει
2627 3865 2822 3918 iterum
2868 3872 3064 3933 quarto
3117 3864 3329 3922 decimo
3375 3870 3582 3937 psalmo

2013 3959 2249 4014 dicit“:
2287 3975 2305 4010 ι
2349 3956 2595 4018 Domine,
2645 3955 2771 4022 quis
2821 3953 3089 4011 habitabit
3137 3955 3189 4011 in
3235 3959 3582 4015 tabernaculo

2013 4051 2145 4106 tuo?
2198 4060 2290 4104 aut
2334 4049 2456 4118 quis
2512 4050 2813 4118 requiescet
2860 4051 2914 4104 in
2962 4063 3144 4107 monte
3194 4061 3386 4108 sancto
3449 4053 3580 4107 tuo?

2012 4146 2112 4212 Qui
2165 4145 2468 4214 ingreditur
2515 4143 2634 4200 sine
2691 4144 2941 4208 macula,
2996 4155 3050 4198 et
3105 4157 3362 4213 operatur
3413 4146 3578 4214 justi-

2015 4240 2168 4304 tiam,
2199 4255 2218 4289 ι
2253 4246 2361 4294 etc.
2406 4235 2544 4303 Quid
2586 4250 2718 4305 ergo
2749 4245 2830 4290 est
2887 4235 2991 4290 iste
3048 4237 3196 4294 locus
3243 4238 3579 4294 tabernaculi

2012 4329 2363 4396 admirabilis,
2413 4344 2478 4382 ex
2507 4343 2615 4398 quo
2663 4329 2982 4396 pervenitur
3032 4343 3204 4397 usque
3257 4331 3324 4385 ad
3361 4331 3578 4387 domum

337 4451 457 4504 dem
492 4417 707 4502 iniloeis
735 4450 1045 4498 memorant
1075 4437 1374 4505 Scriptura:
1426 4433 1646 4499 divinae,
1672 4442 1728 4486 et
1764 4429 1903 4484 indi-
1941 4417 1988 4472 Ῑ)
2016 4428 2134 4490 Dei,
2157 4427 2313 4496 cujus
2339 4425 2465 4494 quia
2494 4438 2702 4478 memor
2728 4423 2899 4477 factus
2925 4433 3031 4490 est,
3050 4426 3219 4480 ell‘usa
3248 4436 3331 4482 est
3361 4427 3411 4480 in
3465 4430 3582 4495 ipso

337 4560 463 4599 care
499 4541 748 4612 quaedam
805 4535 1076 4596 videntur,
1137 4543 1370 4599 quorum
1425 4527 1512 4580 vix
1565 4539 1738 4594 capax
1788 4537 1909 4578 esse

341 4638 514 4708 possit
539 4636 811 4688 humanus
845 4627 1102 4690 auditus;
1130 4621 1401 4694 praecipue
1430 4629 1613 4674 tamen
1633 4615 1908 4686 apostolus

339 4707 539 4784 Paulus
569 4726 635 4778 dc
669 4721 1022 4789 intelligentia
1069 4713 1398 4770 tabernaculi
1448 4712 1694 4781 quaedam
1751 4707 1907 4762 nobis

339 4823 519 4890 prodit
541 4820 784 4874 scientiae
820 4810 1136 4870 excelsioris
1171 4807 1398 4870 indicia,
1453 4805 1547 4859 sed
1584 4804 1768 4857 nescio
1799 4817 1906 4870 quo

337 4923 500 4986 pacto
553 4909 903 4980 fragilitatem
959 4901 1210 4959 fortassis
1283 4901 1499 4954 intuens
1565 4895 1903 4958 auditorum,

337 5005 542 5060 claudit
575 4999 972 5071 quodammodo
1003 4997 1118 5065 ipsa
1163 5007 1284 5062 qua
1328 4989 1535 5060 pandit.
1585 4987 1726 5041 Dicit
1759 4999 1910 5038 nam-

333 5113 443 5170 que
473 5097 542 5150 ad
574 5094 831 5149 Hebraeos
862 5090 1107 5145 scribens
1136 5087 1156 5118 ⁷
1197 5102 1210 5138 :
1243 5103 1261 5135 ι
1300 5079 1732 5137 Tabernaculum
1761 5077 1905 5133 enim

339 5169 545 5248 factum
592 5183 959 5253 estprimum,
998 5181 1050 5232 in
1083 5191 1192 5247 quo
1226 5182 1345 5229 erat
1393 5169 1802 5235 candelabrum,
1851 5174 1906 5222 et

339 5294 528 5337 mensa
564 5276 678 5348 (45)
709 5284 762 5329 ει
803 5273 1100 5343 propositio
1150 5283 1372 5338 panum,
1421 5265 1563 5334 quod
1615 5262 1905 5316 dicebatur

409 5373 453 5405 ⁸⁷
491 5370 687 5426 Matth.
724 5384 849 5436 xxv,
875 5367 964 5420 41.

1041 5366 1084 5397 ⁸⁸
1101 5365 1232 5419 Luc.
1259 5379 1367 5425 xw,
1389 5361 1481 5414 (ὶῦ.
1555 5359 1600 5390 ⁹⁹
1639 5356 1658 5410 l
1688 5355 1811 5411 Cor.
1838 5355 2042 5425 11,752.

2017 4519 2192 4572 anima
2217 4515 2355 4584 ejus,
2381 4525 2437 4570 et
2465 4514 2611 4568 velut
2651 4515 2887 4584 quodam
2937 4515 3266 4573 intolerabili
3310 4518 3581 4574 desiderio

2017 4610 2288 4665 resolutus
2316 4607 2433 4662 est?
2478 4607 2623 4661 Itane
2663 4606 2876 4660 tandem
2933 4607 3262 4664 credendum
3307 4619 3411 4676 est,
3455 4611 3577 4679 quia

2015 4702 2158 4757 istud
2191 4698 2596 4755 tabernaculum
2639 4699 2781 4766 quod
2833 4713 2902 4752 ex
2956 4699 3185 4767 pellibus
3229 4713 3284 4756 et
3330 4703 3578 4766 cortinis,

2015 4808 2179 4867 atque
2235 4792 2589 4865 operimentis
2640 4790 2869 4855 ciliciis,
2919 4791 3150 4860 aliisque
3217 4795 3386 4848 nostri
3451 4810 3578 4850 usus

2015 4889 2257 4947 materiis
2303 4885 2610 4949 constabat,
2649 4884 2916 4952 Propheta
2965 4885 3278 4941 desiderans
3335 4884 3581 4941 effunde—

2016 4993 2101 5039 ret
2129 4983 2387 5046 animam,
2418 4993 2484 5033 ac
2517 4985 2624 5032 tota
2657 4986 2839 5033 mente
2858 4985 3264 5033 converteretur
3286 4978 3440 5049 (44)?
3487 4976 3580 5031 Vel

2017 5086 2163 5133 certe
2199 5073 2468 5146 quomodo
2483 5084 2672 5126 verum
2708 5069 2812 5124 erit
2838 5069 2904 5126 de
2931 5067 3036 5122 isto
3081 5067 3186 5123 dici
3234 5065 3581 5124 tabernaculo

2013 5167 2158 5237 quod
2192 5182 2297 5221 non
2321 5165 2533 5220 habitet
2566 5163 2618 5219 iu
2664 5173 2732 5216 eo
2769 5158 2873 5214 nisi
2921 5177 2940 5212 ι
2990 5159 3253 5214 innocens
3300 5160 3575 5226 manibus,

2015 5267 2069 5314 et
2097 5258 2299 5311 mundo
2335 5258 2519 5321 corde,
2553 5256 2644 5326 qui
2671 5270 2777 5310 non
2802 5251 3082 5322 accepitin
3112 5265 3313 5306 vanum
3341 5249 3577 5304 animam

2123 5353 2140 5384 ¹
2169 5352 2268 5408 Job
2322 5352 2476 5417 1,21.
2553 5351 2574 5382 ³
2603 5351 2772 5406 Exod.
2820 5365 2913 5411 xx,
2959 5347 3010 5401 6.
3114 5347 3135 5378 ³
3165 5342 3576 5417 Joan.x1v,2l.

342 5413 849 5503 ιιιοέἶῗῖῌῖιῗ
885 5413 1292 5500 ’διιειιιιῖἶιζᾰζ
1330 5413 1787 5491 "(tisanana
1850 5427 1870 5456 τ
1904 5413 2071 5481 Hebr.
2116 5413 2358 5490 n.2,5.’
2413 5422 2587 5478 sum.
2629 5421 2723 5477 24.
2798 5418 3082 5476 'ibid.12.
3144 5413 3574 5480 '°Psal.n.t,4.

347 5514 388 5546 “
417 5513 561 5569 Psal.
592 5526 708 5576 xiv,
732 5511 784 5575 l,
809 5509 864 5561 2.

411 5605 529 5678 (43)
550 5603 702 5678 Alias
733 5602 936 5678 decrgt,
969 5618 987 5678 ι
1015 5608 1069 5653 ει
1091 5611 1312 5678 mensa:
1339 5614 1357 5646 ι

419 5665 531 5744 λιι)
553 5676 719 5731 Alias,
752 5690 771 5722 ι
809 5669 1170 5724 effunderetur
1227 5668 1409 5722 animo
1456 5678 1520 5720 ac
1571 5670 1680 5718 tota
1723 5667 1900 5714 mente
1925 5665 2228 5716 corrueret.
2273 5676 2293 5709 ι

671 5766 945 5827 Ριτιιοι..
984 5765 1099 5825 Gn.
1134 5763 1276 5826 ΧΠ.

3230 5744 3305 5805 12
