4024 6146
451 254 560 315 365

1887 252 2206 312 OBlGENlS

3586 252 3728 308 584

449 390 603 431 suam
640 377 683 408 “
717 394 730 432 :
776 394 794 428 ι
831 388 952 430 cum
981 372 1293 444 Regnorum
1321 361 1514 445 prodat
1537 374 1764 431 historia
1791 374 1835 408 ¹³
1859 375 2015 431 habi-
2047 377 2093 434 A
2119 375 2410 446 pretiosos,
2438 390 2535 442 ass,
2567 383 2678 431 tum
2704 390 2966 445 prascrea
2997 375 3238 446 byssum,
3277 387 3524 438 coccum,
3555 373 3726 444 hya-
3777 409 3782 412 -

449 479 598 523 tasse
619 469 674 523 in
707 469 1056 523 tabernaculo
1089 469 1183 523 Dei
1213 470 1526 525 sacerdotes
1565 459 1832 538 pessimos
1877 468 2019 524 ﬁlios

447 546 792 630 pestilentiae,
830 569 883 613 et
918 559 1088 628 ipsam
1120 574 1336 630 quoque
1376 575 1559 614 arcam
1607 561 1916 615 testamenti
1949 563 2018 615 ab

448 651 747 722 Allophylis
784 658 1020 720 captam,
1049 653 1190 723 apud
1220 651 1415 722 impios
1461 661 1516 706 et
1558 650 1811 720 profanos
1847 649 2019 705 fuisse

445 750 722 802 detentam
758 745 838 798 ‘5?
857 745 934 800 Ex
957 747 1153 816 quibus
1177 746 1432 801 omnibus
1465 753 1679 800 constat
1717 743 1880 815 longe
1909 744 2018 798 alio

444 853 607 894 sensu
658 837 981 907 Prophetam
1026 839 1230 894 sentire
1277 838 1342 892 de
1401 837 1754 893 tabernaculo
1805 837 1928 900 hoc,
1959 836 2014 890 in

443 944 552 998 quo
593 928 725 984 dicit
750 929 892 998 quod
943 944 1048 982 non
1083 928 1288 982 habitet
1332 928 1386 981 in
1445 941 1510 981 eo
1550 927 1656 982 nisi
1704 944 1724 977 ι
1758 927 2018 980 innorens

443 1020 692 1073 manibus
713 1029 767 1072 et
789 1017 989 1072 mundo
1019 1017 1201 1082 corde,
1238 1016 1327 1086 qui
1353 1032 1456 1070 non
1499 1015 1709 1084 accepit
1743 1015 1794 1068 in
1819 1029 2014 1068 vanum

443 1111 678 1166 animam
710 1126 860 1165 suam
885 1113 951 1176 ’⁸,
984 1125 1082 1164 nec
1120 1108 1251 1164 fecit
1281 1110 1528 1180 proximo
1570 1123 1667 1163 suo
1715 1107 1936 1175 malum,
1964 1117 2020 1161 et

444 1203 790 1273 opprobrium
868 1217 974 1258 non
1061 1202 1272 1271 accepit
1357 1201 1622 1256 adversus
1708 1201 2014 1270 proximum

446 1309 603 1350 suum
634 1293 700 1344 ιθ.
728 1309 747 1342 ι
783 1291 965 1345 Talem
1002 1307 1129 1359 ergo
1157 1301 1378 1360 oportet
1413 1306 1534 1346 esse
1564 1290 1723 1360 hujus
1745 1285 2027 1345 habitata?

446 1403 559 1443 rem
589 1384 946 1448 tabernaculi,
966 1385 1108 1452 quod
1130 1383 1285 1437 ﬁnxit
1304 1385 1592 1451 Dominus,
1621 1392 1676 1438 et
1703 1400 1806 1439 non
1831 1386 2014 1439 homo.

445 1480 552 1536 Sed
581 1477 858 1533 veniamus
887 1477 1050 1532 etiam
1107 1478 1172 1530 ad
1201 1476 1526 1548 Evangelia,
1565 1477 1610 1531 si
1645 1477 1772 1547 quid
1805 1478 1858 1532 in
1887 1477 2016 1548 ipsis

444 1572 548 1629 dici
583 1572 649 1626 de
696 1567 1056 1624 tabernaculis
1101 1569 1428 1633 invenimus,
1476 1578 1533 1623 ut
1560 1583 1656 1639 per
1691 1569 2015 1624 sententiam

445 1663 653 1718 Domini
694 1661 1058 1716 indubitatum
1105 1662 1278 1731 possit
1336 1675 1456 1716 esse
1510 1661 1654 1730 quod
1701 1661 2013 1729 quaerimus.

2121 467 2385 532 cinthum,
2412 477 2468 522 et
2493 482 2809 538 purpuram,
2840 468 3008 538 pelles
3039 469 3204 522 etiam
3223 468 3452 523 arietum
3482 468 3724 532 rubras,

2121 566 2176 613 et
2204 558 2370 627 pelles
2424 560 2829 630 hyacinthinas,
2865 561 2959 615 sed
3013 570 3066 614 et
3117 560 3261 630 ligna
3321 559 3723 630 imputribilia,

2120 650 2257 721 pilos
2284 665 2499 721 quoque
2529 665 2815 721 caprarum
2846 653 2912 707 ad
2947 653 3410 708 constructionem
3437 653 3720 707 taberna-

2120 744 2222 800 culi
2251 745 2463 800 offerat.
2504 743 2758 800 Mulieres
2782 758 2998 814 quoque
3021 746 3296 813 sapientes
3333 745 3388 796 in
3430 753 3548 800 arte
3577 755 3719 798 tex-

2118 836 2259 890 trina
2286 837 2672 906 requiruntur,’
2690 846 2745 890 et
2769 835 2908 890 fabri
2939 837 3030 906 qui
3057 851 3246 890 aurum
3274 837 3353 889 vel
3387 842 3716 905 argentum,

2117 929 2203 983 vel
2250 943 2346 994 aes,
2393 928 2600 999 lapides
2639 929 2804 983 etiam
2856 939 3042 998 aptare
3103 928 3373 990 noverint,
3417 942 3610 980 aurum
3642 933 3724 980 et

2118 1019 2261 1090 ligna
2306 1021 2564 1076 formare.
2617 1020 2753 1076 Tum
2815 1020 3009 1076 deinde
3073 1034 3343 1074 mensura:
3403 1020 3717 1074 traduntur

2120 1114 2404 1168 atriorum.
2433 1112 2562 1179 Quae
2585 1113 2725 1166 atria
2748 1110 2964 1168 extenta
2993 1113 3264 1176 tentoriis,
3287 1111 3555 1166 columnis
3581 1127 3724 1168 ere-

2119 1215 2227 1270 cta,
2261 1205 2400 1260 seris
2445 1204 2703 1270 stabilita,
2749 1213 2804 1258 et
2860 1204 3080 1259 funibus
3114 1203 3346 1259 distenta
3389 1204 3714 1258 ﬁrmantur.

2119 1294 2282 1349 Fiunt
2305 1303 2568 1365 praeterea
2611 1295 2858 1364 quadam
2884 1294 3240 1350 velaminibus
3268 1295 3552 1360 distincta,
3577 1309 3719 1365 qua:

2121 1387 2461 1457 appellantur
2487 1395 2694 1450 sancta,
2725 1394 2781 1442 et
2812 1387 2915 1440 alia
2949 1386 3304 1441 nihilominus
3347 1387 3584 1440 secundo
3613 1387 3716 1439 αἱ..

2119 1487 2324 1547 rempta
2357 1477 2642 1544 velamine,
2670 1491 2790 1546 quae
2827 1477 3078 1532 dicuntur
3123 1476 3321 1531 Sancta
3357 1483 3710 1531 sanctorum.

2118 1567 2424 1625 Collocatur
2453 1569 2785 1623 intrinsecus
2811 1583 2938 1622 arca
2969 1569 3302 1633 testamenti,
3335 1582 3499 1637 supra
3529 1581 3710 1637 quam

2120 1660 2403 1715 cherubim
2428 1660 2668 1715 extensis
2701 1660 2825 1726 alis,
2851 1674 3018 1730 seque
3055 1659 3290 1714 invicem
3335 1658 3715 1728 contingenti-

445 1759 748 1812 lnvenimns
771 1771 905 1825 ergo
932 1757 1107 1824 ipsum
1139 1755 1478 1810 Salvatorem
1527 1751 1710 1807 Jesum
1739 1753 2014 1807 Christum
2051 1733 2093 1787 Β
2123 1753 2221 1807 bus
2269 1760 2602 1820 statuuntur,
2640 1751 2822 1820 ibique
2861 1767 2930 1806 ex
2972 1765 3108 1805 auro
3155 1749 3304 1804 velut
3334 1751 3480 1804 basis
3511 1747 3706 1803 tabula

443 1849 850 1903 tabernaculum
887 1863 993 1903 non
1025 1863 1214 1911 unum,
1261 1846 1354 1901 sed
1401 1846 1556 1915 plura
1600 1856 2010 1908 memorantem,

444 1947 501 1991 et
529 1952 634 1991 non
660 1937 1000 2006 temporalia,
1032 1935 1125 1990 sed
1158 1943 1387 1999 aeterna,
1417 1949 1540 1989 cum
1567 1933 1698 1988 dicit
1733 1935 1773 1965 "
1810 1951 1824 1988 :
1863 1951 1882 1985 ι
1917 1933 2016 1987 Fa-

445 2032 556 2086 cite
580 2029 732 2084 vobis
756 2029 960 2083 amicos
985 2028 1054 2082 de
1081 2026 1268 2098 iniquo
1290 2025 1616 2089 Mammona,
1643 2034 1722 2088 ιιι,
1760 2039 1883 2079 cum
1922 2024 2016 2080 de-

447 2125 708 2189 feceritis,
740 2111 1028 2191 recipiant}
1056 2134 1155 2174 vos
1204 2120 1257 2173 in
1314 2129 1520 2175 mterna
1576 2118 1950 2174 tabernacula.
1990 2119 2042 2170 ι’

446 2217 659 2274 Audisti
711 2215 1151 2286 pronuntiantem
1201 2213 1488 2268 Dominum
1526 2221 1728 2268 aeterna
1767 2229 1886 2268 esse
1936 2221 2016 2266 ta-

449 2307 762 2374 bernacula,
810 2309 932 2362 audi
978 2321 1121 2361 nunc
1169 2315 1225 2360 et
1264 2305 1580 2374 Apostolum
1625 2305 1891 2360 dicentem
1923 2305 2012 2359 '3:

450 2421 470 2452 ι
503 2397 931 2454 Tabernaculum
956 2405 1202 2452 nostrum
1241 2396 1385 2464 quod
1420 2395 1486 2449 de
1510 2394 1646 2450 caelo
1683 2405 1787 2462 est,
1828 2410 2017 2466 snper-

445 2492 596 2547 indui
631 2491 928 2562 cupientes.
976 2507 994 2540 ι
1032 2486 1278 2542 Nondum
1309 2486 1403 2540 tibi
1427 2503 1495 2540 ex
1517 2485 1606 2540 his
1631 2487 1888 2542 omnibus
1912 2487 2017 2542 iter

445 2585 705 2655 aperitur,
735 2597 842 2652 quo
868 2580 1122 2635 derelicta
1157 2587 1300 2634 terra
1347 2592 1580 2646 sequens
1635 2579 2010 2646 propheticum

444 2685 498 2729 et
523 2672 875 2744 apostolicum
907 2685 1147 2736 sensum,
1181 2679 1235 2723 et
1259 2666 1422 2739 (quod
1453 2669 1698 2724 omnium
1721 2670 2016 2724 maximum

446 2767 551 2834 est)
586 2779 825 2834 sequens
864 2762 1091 2818 verbum
1132 2760 1337 2817 Christi
1387 2769 1496 2816 tota
1557 2771 1738 2816 mente
1794 2773 1851 2817 et
1905 2771 2017 2816 toto

445 2871 606 2910 sensu
641 2853 901 2910 ascendas
939 2853 991 2907 in
1019 2851 1241 2916 ccelum,
1286 2859 1449 2920 atque
1501 2850 1572 2905 ibi
1608 2852 1804 2906 aeterni
1836 2853 2019 2908 taber-

450 2941 634 3001 naculi
670 2941 1132 3012 magniﬁcentiam
1185 2957 1421 3010 quaeras,
1479 2940 1637 3011 cujus
1696 2943 1866 3012 ﬁgura
1922 2958 2018 3012 per

451 3038 667 3108 Moysen
690 3035 1043 3088 adumbratur
1077 3034 1130 3088 in
1163 3034 1362 3088 terris?
1389 3034 1631 3103 Denique
1677 3035 1758 3088 sic
1789 3035 1853 3088 ad
1889 3050 2012 3089 eum

449 3132 612 3183 etiam
659 3126 917 3183 Dominus
963 3125 1094 3179 dicit
1146 3139 1162 3178 :
1212 3143 1230 3176 ι
1278 3124 1434 3189 Vide,
1490 3127 1662 3195 inquit
1713 3125 1778 3192 ",
1835 3125 2014 3180 omnia

449 3225 614 3280 facito
639 3223 934 3279 secundum
973 3222 1220 3293 ﬁguram,
1273 3203 1396 3291 qua:
1429 3220 1525 3274 tibi
1561 3232 1780 3275 ostensa
1831 3229 1916 3275 est
1960 3220 2015 3274 in

448 3325 652 3374 monte.
700 3334 721 3369 ι
757 3315 954 3371 Verum
998 3315 1234 3369 humana
1277 3328 1451 3378 mens,
1490 3321 1545 3367 et
1594 3319 1778 3366 nostra
1826 3312 2018 3381 praeci-

447 3425 570 3480 pue,
599 3409 818 3482 quinos
846 3407 1121 3472 minimos,
1166 3415 1258 3458 aut
1292 3405 1459 3459 etiam
1505 3404 1683 3459 nullos
1728 3405 1782 3458 iu
1831 3403 2017 3458 divina

447 3501 713 3574 sapientia
735 3500 1008 3561 novimus,
1043 3496 1200 3568 163
1241 3510 1487 3564 eousque
1537 3493 1788 3556 fortassis
1841 3493 2018 3562 possit

447 3597 726 3662 accedere,
757 3603 816 3648 ut
845 3593 1045 3648 sentiat
1077 3592 1294 3661 quidem
1340 3589 1476 3653 haec,
1526 3601 1648 3656 quae
1691 3586 1893 3641 divinis
1923 3599 2018 3639 vo-

446 3686 739 3740 luminibus
789 3685 1135 3748 inseruntur,
1184 3696 1291 3736 non
1350 3682 1418 3736 de
1473 3678 1741 3744 terrenis,
1806 3679 1898 3734 sed
1953 3679 2019 3734 de

447 3776 763 3830 coelestibus
806 3776 938 3841 dici,
985 3783 1040 3829 et
1070 3773 1274 3829 formas
1307 3787 1430 3828 esse
1481 3786 1588 3825 non
1646 3769 2014 3840 praesentium,

449 3868 544 3922 sed
600 3867 907 3921 futurorum
957 3868 1245 3931 bonorum,
1305 3881 1412 3920 non
1467 3863 1874 3932 corporalium,
1921 3863 2018 3916 sed

448 3960 806 4029 spiritualium
840 3975 1018 4015 rerum
1046 3978 1060 4015 :
1087 3959 1360 4030 quomodo
1388 3966 1566 4011 autem
1608 3957 1798 4010 horum
1824 3970 2019 4010 narra-

450 4055 523 4109 tio
557 4052 729 4122 aptari
758 4053 928 4121 possit
959 4053 1270 4108 coelestibus
1306 4061 1360 4105 et
1386 4049 1623 4110 aeternis,
1666 4063 1770 4102 nec
1819 4057 2019 4102 nostra:

452 4159 716 4200 mensura:
749 4153 832 4200 est
860 4145 1060 4210 dicere,
1090 4160 1189 4200 nec
1216 4154 1428 4208 vestrm,
1453 4150 1513 4196 ut
1550 4141 1760 4210 opinor,
1805 4140 2020 4209 capaci—

451 4240 576 4294 tatis
606 4238 811 4292 audire.
838 4235 1018 4290 Pauca
1062 4244 1261 4300 tamen,
1301 4235 1346 4288 si
1389 4246 1486 4288 nos
1532 4231 1814 4287 orantibus
1864 4229 2019 4284 vobis

452 4332 709 4386 Dominus
766 4328 1073 4383 illuminare
1117 4328 1403 4397 dignetur,
1460 4339 1580 4394 quae
1635 4325 1698 4378 ad
1763 4322 2019 4378 Ecclesiae

447 4423 860 4480 adiﬁcationem
901 4419 1226 4490 pertineant,
1255 4417 1468 4488 aperire
1492 4416 1838 4471 tentabimus.

519 4517 572 4571 5.
606 4514 834 4570 Jubetur
877 4528 1007 4584 ergo
1034 4512 1317 4568 universus
1351 4509 1606 4580 populus,
1641 4509 2016 4578 unusquisque

448 4621 547 4678 pro
577 4606 782 4661 viribus
808 4605 1116 4665 conferens.
1152 4604 1330 4657 facere
1351 4601 1779 4663 tabernaculum,
1800 4610 1858 4655 ut
1878 4615 2016 4670 qun-

449 4700 736 4754 dammodo
768 4713 959 4754 omnes
1003 4696 1163 4752 simul
1223 4709 1387 4750 unum
1437 4696 1548 4750 sint
1581 4697 2016 4752 tabernaculum.

450 4791 678 4846 Collatio
723 4806 850 4847 vero
877 4791 992 4862 ipsa
1047 4805 1150 4845 non
1200 4789 1257 4842 ﬁt
1296 4789 1642 4853 necessitate,
1681 4789 1772 4843 sed
1807 4801 2016 4858 sponte.

455 4881 542 4936 Ait
572 4881 713 4936 enim
740 4879 1005 4957 Dominus
1029 4881 1096 4935 ad
1128 4878 1444 4949 Moysen,ut
1466 4879 1854 4948 unusquisque,
1879 4879 2022 4934 sicut

450 4974 626 5028 visum
659 4973 823 5028 fuerit
860 4971 1016 5028 cordi
1055 4970 1195 5041 ejus,
1231 4985 1447 5036 aurum,
1477 4979 1782 5040 argentum,
1817 4971 2022 5039 lapides

522 5089 568 5120 “
602 5086 745 5141 Psal.
781 5102 939 5154 χχιιι,
962 5087 1018 5140 4.
1130 5086 1172 5118 ’³
1217 5085 1235 5139 l
1267 5084 1401 5154 Reg.
1431 5100 1488 5138 ιι.
1594 5083 1637 5115 ⁸⁸
1671 5084 1687 5138 1
1715 5083 1843 5153 Reg.
1894 5099 1966 5138 tv.

454 5159 499 5191 ⁸⁸
527 5156 568 5212 ll
593 5158 718 5213 Cor.
746 5173 800 5220 v,
830 5157 887 5212 2.
965 5158 1007 5190 ³⁹
1034 5155 1198 5212 Exod.
1244 5155 1482 5222 xxv,40.
1559 5155 1603 5187 ¹⁰
1635 5155 1806 5210 Exod.
1835 5171 1961 5221 xxv,
1979 5155 2034 5212 8.

451 5227 500 5262 ³⁸
528 5228 706 5285 Galat.
730 5244 789 5292 ιι,
828 5229 882 5282 9.

524 5319 636 5391 (45)
664 5319 840 5385 Alias,
872 5317 1262 5391 rvelutﬂbasis
1308 5317 1387 5391 e_is
1417 5319 1676 5391 quaedam
1727 5318 2024 5376 collocatur

453 5405 517 5444 ac
534 5386 722 5456 sedes,
773 5389 916 5461 quod
944 5389 1291 5461 appellatur.»
1327 5386 1430 5443 Sed
1467 5404 1596 5445 mss.
1621 5399 1682 5444 ut
1731 5391 1785 5444 in
1835 5402 2024 5447 nostro

456 5471 642 5602 milia.)
665 5529 845 5584 ditare
873 5545 1091 5602 aureum
1110 5528 1326 5602 incensi.
1360 5526 1543 5581 Altare
1568 5527 1775 5602 incensi
1809 5539 1941 5602 ferat
1970 5529 2022 5583 in

460 5598 670 5665 sancto,
697 5609 755 5654 ut
777 5611 920 5669 patet
953 5615 1015 5655 ex
1045 5599 1217 5654 Exod.
1251 5614 1536 5670 cap._xxx.
1568 5598 1873 5670 Verisimile
1896 5617 2026 5670 ergo

464 5681 546 5726 est
569 5668 851 5741 deceptum
874 5671 1043 5725 fuisse
1069 5670 1359 5740 Origenem
1386 5668 1504 5725 loco
1539 5668 1680 5722 male
1709 5686 1828 5741 aise
1867 5668 2026 5728 ilttel-

463 5743 603 5802 leclo
619 5743 711 5814 qui
739 5751 918 5800 exstat
941 5741 1103 5797 Hebr.
1138 5757 1217 5809 ix,
1246 5741 1300 5796 4.

2092 5090 2302 5150 “Psal.
2356 5108 2513 5158 xxm,
2559 5093 2616 5152 4.

2110 5162 2151 5193 ²¹
2185 5161 2351 5220 Hebr.
2377 5179 2474 5229 xu,
2508 5165 2595 5219 14.
2673 5167 2903 5222 "lCor.
2933 5167 3138 5232 vu,54.
3216 5166 3262 5197 ³³
3291 5165 3491 5234 Ephes.
3525 5179 3575 5227 ν,
3599 5162 3666 5216 ‘27

2116 1844 2361 1914 quaedam
2393 1842 2710 1910 collocatur,
2738 1857 2858 1912 qum
2885 1842 3187 1912 appellatur
3219 1841 3330 1912 (45)
3369 1841 3706 1910 propitiato-

2118 1936 2277 2001 rium,
2300 1936 2393 1992 sed
2425 1945 2479 1990 et
2509 1936 2682 1990 altare
2709 1949 2937 1989 aureum
2969 1935 3174 1989 incensi
3208 1933 3349 2004 (46).
3384 1933 3518 1988 Tum
3558 1947 3706 2002 prae.-

2119 2036 2265 2080 terea
2294 2025 2556 2081 exteriori
2589 2025 2708 2080 loco
2730 2025 3114 2080 candelabrum
3140 2025 3358 2094 ponitur
3389 2038 3610 2078 aureum
3638 2023 3702 2076 in

2116 2124 2273 2187 parte
2324 2115 2518 2181 austri,
2549 2125 2610 2170 ut
2659 2114 2915 2186 respiciat
2960 2115 3027 2170 ad
3072 2113 3400 2185 aquilonem.
3446 2113 3502 2168 ln
3542 2124 3708 2184 parte

2116 2224 2246 2266 vero
2283 2209 2557 2279 aquilonis
2587 2223 2773 2264 mensa
2807 2207 3127 2275 collocatur,
3168 2217 3222 2262 et
3264 2206 3562 2276 propositio
3598 2221 3702 2274 pa-

2117 2317 2243 2356 num
2267 2318 2428 2372 super
2443 2317 2585 2356 eam.
2604 2301 2823 2356 Necnon
2851 2311 2904 2355 et
2921 2300 3091 2355 altare
3115 2299 3554 2354 holocaustornm
3573 2297 3697 2368 (47)

2109 2394 2265 2464 juxta
2295 2395 2538 2451 velamen
2596 2395 2829 2450 interius
2881 2394 3120 2464 ponitur.
3173 2392 3278 2447 Sed
3315 2392 3442 2461 quid
3486 2405 3586 2458 ego
3626 2393 3698 2446 de

2117 2489 2200 2544 his
2231 2489 2448 2544 revolvo
2480 2502 2577 2558 per
2609 2486 2856 2557 singula?
2890 2485 2990 2542 Vix
3029 2486 3096 2540 ad
3127 2486 3241 2540 haec
3282 2493 3490 2538 tantum
3533 2498 3699 2538 enar-

2118 2583 2282 2637 randa
2307 2580 2620 2648 sufficimus,
2661 2582 2750 2635 vix
2787 2580 2942 2636 nobis
2968 2579 3087 2650 ipsa
3115 2592 3292 2634 rerum
3326 2577 3691 2633 materialium

2118 2676 2289 2731 forma
2321 2676 2515 2731 adduci
2551 2685 2675 2729 ante
2702 2674 2889 2731 oculos
2916 2682 3119 2743 potest,
3157 2682 3210 2728 et
3253 2673 3529 2741 quomodo
3565 2671 3692 2740 quis

2119 2765 2336 2822 latentia
2374 2766 2427 2822 in
2468 2767 2554 2822 his
2587 2767 2839 2838 mysteria
2881 2765 3134 2836 expedire
3174 2763 3434 2820 sufﬁciet?
3466 2763 3697 2819 Verum-

2120 2866 2300 2914 tamen
2355 2873 2515 2914 causa
2548 2873 2646 2928 pro
2675 2872 2781 2927 qua
2824 2856 2941 2912 ﬁeri
2997 2855 3217 2912 deberet
3261 2855 3694 2922 tabernaculum,

2119 2953 2173 3008 in
2201 2954 2572 3024 superioribus
2607 2955 2882 3010 invenitur
2910 2955 3165 3024 praedicta
3208 2955 3423 3010 dicente
3461 2953 3696 3010 Domino

2121 3045 2188 3100 ad
2216 3043 2434 3115 Moysen
2469 3060 2484 3097 :
2513 3061 2534 3096 ι
2569 3043 2762 3099 Facies
2791 3043 2925 3116 (48).
2969 3043 3145 3112 inquit
3180 3043 3249 3109 '°,
3279 3045 3410 3099 mihi
3447 3043 3693 3100 sanctiﬁ-

2120 3137 2409 3202 cationem,
2441 3144 2495 3191 et
2523 3136 2647 3197 inde
2673 3135 2898 3190 videbor
2932 3136 3104 3190 vobis.
3142 3155 3162 3188 ι
3197 3136 3323 3192 Vult
3352 3151 3483 3206 ergo
3527 3136 3693 3197 Deus.

2120 3238 2180 3284 ut
2239 3230 2501 3284 faciamus
2549 3229 2598 3282 ei
2661 3225 3177 3283 sanctiﬁcationem.
3224 3228 3500 3282 Promittit
3551 3230 3696 3284 enim

2121 3321 2272 3392 quia,
2307 3321 2350 3376 si
2388 3320 2679 3375 fecerimus
2707 3319 2754 3373 ei
2796 3320 3305 3385 sanctiﬁcationem,
3334 3319 3506 3390 possit
3539 3336 3568 3373 a
3597 3335 3698 3374 no-

2119 3415 2203 3470 bis
2225 3414 2415 3469 videri.
2466 3412 2619 3469 Unde
2660 3424 2714 3470 et
2744 3415 3034 3485 Apostolus
3064 3415 3130 3470 ad
3165 3413 3423 3468 Hebraeos
3445 3413 3578 3468 dicit
3604 3415 3646 3446 “
3677 3429 3692 3465 :

2125 3525 2145 3559 ι
2192 3506 2384 3562 Pacem
2429 3507 2718 3576 sequimini
2766 3517 2821 3562 et
2863 3508 3376 3572 sanctiﬁcationem,
3423 3506 3542 3563 sine
3586 3521 3696 3576 qua

2119 3614 2280 3654 nemo
2330 3597 2534 3654 videbit
2573 3599 2762 3654 Deum.
2801 3618 2820 3651 ο
2857 3599 2984 3654 Haec
3016 3614 3148 3667 ergo
3175 3609 3261 3655 est
3304 3599 3690 3664 sanctiﬁcatio,

2120 3705 2280 3761 quam
2311 3690 2462 3760 jubet
2510 3690 2772 3746 Dominus
2824 3690 2966 3757 ﬁeri,
3007 3708 3173 3759 quam
3214 3703 3269 3747 et
3299 3691 3592 3761 Apostolus
3640 3691 3693 3746 in

2119 3784 2423 3850 virginibus
2455 3798 2578 3839 esse
2625 3783 2737 3838 vult
2767 3787 2836 3851 ²¹,
2871 3795 2934 3840 ιιι
2973 3785 3085 3841 sint
3115 3795 3317 3840 sancta:
3357 3800 3586 3854 corpore
3640 3795 3697 3839 et

2120 3875 2312 3945 spiritu
2343 3894 2356 3929 :
2391 3877 2568 3931 sciens
2604 3876 2721 3931 sine
2748 3876 2911 3932 dubio
2945 3877 3085 3946 quod
3111 3878 3203 3946 qui
3233 3876 3425 3930 fecerit
3470 3877 3699 3933 Domino

2121 3967 2600 4023 sanctiﬁcationem
2623 3983 2720 4039 per
2735 3972 2916 4025 cordis
2936 3968 3018 4025 sui
3032 3978 3088 4024 et
3110 3969 3357 4037 corporis
3379 3967 3694 4038 puritatem,

2120 4059 2236 4128 ipse
2262 4060 2463 4115 videbit
2498 4061 2686 4116 Deum.
2717 4060 3004 4117 Faciamus
3030 4076 3158 4132 ergo
3177 4070 3231 4116 et
3268 4077 3368 4116 nos
3389 4062 3697 4116 sanctiﬁca-

2122 4153 2320 4206 tionem
2365 4151 2616 4220 Domino,
2665 4163 2719 4209 et
2768 4169 2957 4209 omnes
2999 4169 3185 4218 unam,
3226 4164 3280 4206 et
3323 4155 3698 4224 unusquisque

2119 4258 2218 4313 per
2246 4245 2487 4316 singulos
2506 4261 2690 4300 unam.
2716 4249 2914 4304 Omnes
2937 4247 3172 4302 fortasse
3201 4246 3694 4302 sanctiﬁcationem

2121 4336 2418 4391 Ecclesiam
2458 4336 2692 4392 facimus
2730 4337 2840 4410 (49)
2893 4353 3013 4408 quae
3051 4348 3135 4393 est
3185 4348 3393 4403 sancta,
3439 4353 3545 4392 non
3597 4339 3696 4390 ha-

2121 4428 2254 4484 bens
2277 4430 2542 4484 maculam
2575 4438 2669 4484 aut
2704 4445 2892 4501 rugam
2911 4431 2979 4495 ²³,
3007 4430 3110 4486 hoc
3140 4431 3320 4496 modo,
3350 4431 3394 4484 si
3414 4429 3700 4484 columnas

2122 4521 2320 4576 habeat
2355 4521 2604 4578 doctores
2639 4532 2695 4577 et
2719 4523 3001 4579 ministros
3031 4537 3184 4590 suos,
3215 4523 3282 4578 de
3325 4522 3522 4592 quibus
3561 4523 3696 4577 dicit

2124 4614 2412 4681 Apostolus
2438 4615 2527 4670 ἐξ
2576 4632 2596 4666 ι
2631 4615 2843 4680 Petrus.
2899 4614 3138 4672 Jacobus
3181 4625 3238 4670 et
3278 4614 3544 4680 Joannes,
3605 4615 3698 4685 qui

2123 4703 2452 4758 videbantur
2475 4705 2742 4760 columnae
2771 4719 2914 4773 esse,
2945 4707 3167 4762 dextras
3196 4707 3462 4761 dederunt
3488 4705 3620 4760 mihi
3645 4717 3701 4760 et

2128 4797 2388 4852 Barnabas
2429 4800 2730 4855 societatis.
2754 4819 2772 4852 ο
2807 4800 2865 4854 1η
2912 4801 3263 4856 tabernaculo
3295 4816 3424 4870 ergo
3449 4803 3575 4865 hoc,
3608 4813 3699 4855 co-

2126 4887 2326 4941 lumnae
2357 4891 2494 4944 seris
2531 4891 2834 4962 interjectis
2853 4891 3179 4962 junguntur,
3210 4895 3337 4947 dum
3377 4895 3428 4946 in
3455 4892 3694 4947 Ecclesia

2123 4977 2374 5033 doctores
2408 4979 2548 5035 datis
2575 4981 2678 5036 sibi
2715 4981 2922 5038 dextris
2968 4983 3268 5038 sociantur.
3299 4980 3405 5035 Sed
3435 4980 3698 5036 columnae

2717 5095 2762 5127 ¹⁰
2789 5094 2933 5150 Psal.
2970 5111 3084 5158 xw,
3119 5097 3172 5152 5.
3251 5095 3291 5125 ⁸⁷
3322 5093 3456 5148 an.
3483 5108 3596 5155 xvr,
3639 5093 3692 5147 9.

2194 5325 2306 5396 (47)
2341 5327 2526 5382 Altarc
2563 5327 3003 5382 holocaustornm
3048 5340 3113 5381 co
3146 5326 3263 5382 loco
3296 5327 3469 5395 ponit,
3509 5327 3600 5381 ubi
3625 5327 3699 5379 al-

2126 5404 2238 5468 tare
2266 5409 2384 5468 erat
2405 5400 2799 5468 incensi,atqui
2823 5409 2943 5452 erat.
2971 5399 3022 5451 in
3054 5401 3195 5452 atrio
3221 5400 3563 5452 sacerdotqu
3594 5399 3694 5452 sub

2124 5466 2230 5520 dio.
2261 5467 2424 5524 Hebr.
2450 5484 2571 5535 xm,
2604 5470 2685 5521 ll.

2216 5536 2308 5601 48)
2333 5539 2498 5601 Alias,
2537 5557 2555 5589 ι
2597 5537 2825 5592 facietis.
2859 5556 2878 5590 ι

2216 5540 2308 5601 48)
2333 5540 2498 5601 Alias,
2537 5557 2555 5589 ι
2597 5540 2825 5592 facietis.
2859 5556 2878 5590 ι

2193 5540 2504 5680 ἶ49)Α11ειε,
2547 5626 2566 5680 ι
2609 5621 2794 5672 uuam,
2833 5616 2902 5680 git
2959 5621 3148 5680 omnes
3203 5605 3688 5663 sanctiﬁcationom

2124 5675 2424 5735 Ecclesiam
2468 5679 2751 5737 faciamus.
2788 5696 2808 5732 ι
2833 5675 2959 5734 Mss.
2995 5687 3053 5733 ut
3084 5675 3136 5732 in
3162 5686 3350 5734 nostro
3390 5685 3562 5733 textu.
