4024 6146
290 263 388 323 365

1523 267 1589 322 IN
1629 263 1917 323 EXODUM
1948 262 2234 322 HOMlLIA
2270 263 2363 321 IX.

3460 264 3569 319 566

288 382 398 437 ista:
436 381 836 456 inargentatae
865 384 994 453 sint,
1027 394 1081 441 et
1112 385 1271 442 bases
1295 399 1483 442 earum
1517 388 1887 459 inargentatae.
1916 383 2260 445 Aricordite.
2294 382 2406 440 Sed
2451 390 2513 438 et
2537 382 2639 438 alia
2680 381 3036 440 nihilominus
3080 378 3374 452 Apostolus
3407 377 3570 438 indu-

286 473 430 528 Bina:
449 486 677 532 autem
696 478 850 534 bases
865 477 1128 533 columnis
1165 477 1389 549 singulis
1413 479 1753 549 deputentur.
1773 477 1894 534 Una

279 579 399 636 qua
433 576 636 637 caput
684 567 906 634 dicitur,
940 575 994 623 et
1023 571 1440 639 superponitur;
1476 570 1580 624 alia
1611 585 1732 639 quae
1763 581 1894 624 vere

276 658 424 716 basis
460 663 823 732 appellatur,
851 673 907 720 et
959 663 1226 721 columnae
1271 663 1415 719 velut
1480 661 1914 718 fundamentum

275 752 623 822 subjicitur.
663 755 1024 827 lnargentatae
1063 771 1190 826 ergo
1211 764 1338 812 sunt
1368 754 1634 811 columnae
1665 753 1894 818 idcirco,

272 848 399 914 quia
437 850 708 904 verbum
739 850 834 905 Dei
859 849 1174 920 praedicant,
1205 846 1480 917 accipiunt
1513 862 1609 916 per
1643 846 1893 916 spiritum

274 959 295 993 α
320 941 568 1010 eloquia
594 943 838 1005 Domini,
869 957 987 1012 quae
1007 949 1133 997 sunt
1154 941 1368 1011 eloquia
1397 948 1571 1004 casta,
1606 948 1897 1008 argentum

270 1034 399 1103 igne
441 1037 780 1104 probatum
830 1037 897 1090 ’⁸.
935 1055 954 1089 ι
984 1034 1074 1090 lsti
1111 1042 1290 1090 autem
1335 1032 1739 1103 praedicationis
1786 1045 1898 1085 suae

267 1133 441 1191 bases
477 1135 718 1190 habent
745 1134 1056 1205 prophetas.
1087 1131 1263 1202 Super
1291 1131 1699 1185 fundamentum
1751 1127 1896 1180 enim

267 1227 688 1298 apostolorum
705 1237 760 1282 et
775 1228 1156 1296 prophetarum
1175 1222 1467 1278 Ecclesiam
1483 1221 1745 1276 collocant
1757 1218 1889 1291 (50),

265 1337 530 1394 quorum
609 1322 940 1377 testimoniis
985 1325 1222 1382 utentes,
1257 1315 1416 1370 ﬁdem
1460 1313 1659 1368 Christi
1699 1311 1896 1366 conﬁr-

267 1425 459 1470 mant.
498 1416 701 1486 Caput
732 1422 910 1468 autem
937 1410 1315 1467 columnarum
1351 1415 1434 1462 est
1460 1405 1570 1470 ille,
1601 1413 1660 1458 ut
1681 1405 1897 1473 opinor,

268 1510 339 1566 de
370 1525 500 1580 quo
534 1512 683 1565 dicit
723 1507 1034 1580 Apostolus,
1075 1505 1204 1576 quia
1249 1521 1270 1554 ι
1305 1511 1468 1570 caput
1503 1499 1607 1554 viri
1647 1497 1898 1553 Christus

267 1612 355 1657 est
381 1603 465 1657 ".
516 1621 541 1655 ι
585 1603 755 1659 Seras
776 1614 907 1656 vero
939 1598 1333 1656 columnarum,
1360 1591 1641 1648 societatis
1674 1598 1896 1658 aposto-

267 1691 397 1749 licae
432 1693 625 1749 datas
653 1693 757 1750 sibi
801 1691 1032 1747 invicem
1065 1689 1287 1745 dextras
1309 1686 1420 1756 jam
1451 1683 1709 1739 diximus.
1750 1678 1893 1735 Ten-

274 1787 427 1842 toria
481 1803 630 1858 quaa
675 1785 876 1841 ansulis
913 1791 1115 1850 assuta,
1154 1791 1210 1838 et
1255 1779 1475 1836 circulis
1505 1789 1790 1845 suspensa,
1817 1781 1900 1826 at~

275 1894 387 1949 que
415 1879 647 1934 innexa
684 1877 920 1940 funibus,
950 1875 1017 1929 ad
1052 1873 1268 1928 modum
1313 1869 1652 1926 cortinarutu
1704 1862 1898 1929 viginti

277 1981 336 2028 et
362 1981 511 2026 octo
549 1971 612 2026 in
655 1969 896 2040 longum,
938 1975 1098 2036 atque
1124 1963 1177 2018 in
1212 1963 1379 2017 latum
1434 1967 1671 2029 quatuor
1697 1954 1900 2011 cubitis

281 2062 724 2123 distenduntur,
776 2059 1042 2114 habeatur
1088 2056 1294 2124 reliqua
1345 2051 1684 2108 credentium
1723 2047 1930 2118 plebs,_

281 2169 408 2224 qua:
441 2155 639 2209 haeret
675 2159 728 2207 et
758 2151 953 2219 pendet
997 2150 1051 2204 in
1097 2147 1313 2202 funibus
1365 2142 1512 2198 ﬁdei.
1545 2141 1716 2198 Funis
1753 2140 1899 2196 enim

286 2243 504 2314 triplex
559 2258 671 2298 non
705 2240 994 2310 rumpitur,
1024 2252 1145 2309 quae
1191 2245 1274 2294 est
1301 2233 1583 2290 Trinitatis
1619 2231 1773 2295 ﬁdes,
1829 2245 1897 2284 ex

285 2349 395 2403 qua
433 2333 746 2405 dependet,
800 2341 854 2386 et
902 2345 999 2401 per
1045 2343 1206 2399 quam
1239 2326 1541 2382 sustinetur
1580 2321 1759 2378 omnis
1791 2319 1900 2374 Ἐο-

288 2426 496 2482 clesia.
537 2425 746 2497 Viginti
781 2432 964 2478 autem
1011 2429 1067 2476 et
1123 2429 1247 2476 octo
1288 2417 1615 2476 cubitorum,
1661 2420 1793 2482 quot
1842 2411 1897 2464 in

289 2516 530 2587 longum
566 2515 908 2580 distenditur,
939 2522 996 2568 et
1017 2513 1070 2567 in
1104 2511 1270 2566 latum
1299 2517 1557 2579 quatuor,
1583 2505 1710 2561 atrii
1738 2504 1900 2560 unius

290 2625 604 2672 mensura,
629 2620 762 2678 puto
793 2607 936 2678 quod
969 2607 1171 2660 inserta
1202 2603 1288 2658 lex
1318 2599 1627 2673 Evangeliis
1648 2597 1900 2668 designe-

294 2712 410 2757 tur.
442 2701 812 2770 Septenarius
834 2713 1068 2767 namque
1087 2709 1347 2752 numerus
1376 2692 1548 2763 legem
1589 2688 1900 2760 signiﬁcare

295 2792 473 2858 solet,
505 2808 613 2864 pro
639 2790 822 2846 multis
858 2787 1154 2859 septenarii
1186 2785 1397 2840 numeri
1431 2782 1543 2854 (5|)
1587 2795 1900 2838 sacramen-

299 2885 395 2940 tis.
423 2884 491 2940 Si
527 2883 880 2939 consociatur
901 2882 965 2933 ad
1000 2887 1259 2949 quatuor,
1289 2883 1484 2946 quater
1519 2881 1727 2943 septem
1764 2885 1898 2925 con-

301 2984 616 3048 sequenter
642 2974 831 3045 viginti
859 2982 915 3028 et
958 2979 1082 3028 octo
1130 2981 1412 3024 numerum
1439 2965 1666 3021 faciunt.
1697 2961 1896 3017 Decem

305 3082 442 3123 vero
469 3067 593 3122 haec
633 3066 771 3120 atria
817 3063 976 3128 ﬁunt,
1011 3071 1071 3117 ut
1095 3061 1364 3130 integrum
1405 3054 1753 3126 perfectionis
1798 3069 1897 3107 nu-
1923 3093 1965 3149 ο

306 3174 531 3215 merum
563 3167 804 3222 teneant,
840 3166 894 3212 et
919 3155 1051 3226 legis
1075 3152 1399 3222 Decalogum
1449 3147 1611 3221 165
1653 3148 1892 3221 signent.

307 3248 432 3306 lam
477 3265 612 3307 vero
659 3249 830 3314 cocci,
863 3257 919 3303 et
955 3244 1252 3316 hyacinthi,
1310 3241 1484 3312 byssi,
1533 3255 1613 3294 ae
1643 3252 1896 3308 purpura:

310 3345 520 3413 specie,
573 3341 742 3396 multa
803 3355 868 3396 ac
921 3339 1134 3394 diversa
1158 3349 1326 3408 opera
1367 3331 1728 3403 explicantur.
1762 3329 1894 3385 Inde

313 3437 576 3500 tentoria,
611 3435 739 3490 inde
759 3434 938 3490 velum
969 3432 1212 3487 exterius
1237 3437 1292 3484 et
1333 3427 1582 3492 interius,
1625 3423 1749 3479 inde
1783 3432 1892 3479 tota

313 3527 675 3584 sacerdotalis
701 3538 756 3582 et
785 3525 1115 3596 pontiﬁcalis
1159 3523 1350 3585 vestis,
1395 3532 1532 3573 auro
1579 3525 1635 3573 et
1669 3515 1897 3587 gemmis

316 3621 611 3692 expeditur
643 3618 931 3687 adiunctis.
974 3617 1080 3671 Sed
1103 3630 1169 3670 ne
1190 3614 1390 3668 diutius
1423 3626 1520 3682 per
1553 3609 1896 3680 singularum

319 3717 672 3771 demoremur
705 3713 916 3784 species
962 3712 1246 3773 virtutum,
1309 3720 1601 3778 possumus
1653 3705 1896 3760 breviter

320 3809 530 3871 dicere,
593 3805 681 3859 illa
731 3803 1026 3875 signiﬁcari
1071 3815 1168 3871 per
1221 3801 1336 3854 haec
1379 3798 1578 3868 quibus
1607 3805 1896 3850 ornaretur

320 3899 564 3955 Ecclesia
594 3897 730 3970 (52).
755 3895 918 3952 Fides
936 3895 1054 3963 eius
1079 3907 1214 3948 auro
1233 3890 1466 3948 conferri
1491 3897 1690 3961 potest,
1717 3900 1897 3942 sermo

319 3991 724 4062 praedicationis
754 3989 870 4060 ejus
900 3995 1159 4058 argento;
1193 3984 1465 4054 lapidibus
1493 3981 1768 4053 pretiosis,
1823 3994 1908 4035 aes

322 4085 632 4156 patientiae,
686 4081 846 4155 lignis
883 4078 1310 4152 imputribilibus
1354 4075 1606 4140 scientia,
1645 4087 1765 4142 quas
1800 4085 1899 4142 per

321 4174 529 4249 lignum
557 4175 726 4242 venit,
773 4183 868 4231 aut
897 4171 1234 4241 ineorruptio
1277 4167 1568 4233 castitatis,
1607 4180 1728 4238 qua:
1758 4179 1898 4218 nun-

323 4284 482 4340 quam
509 4268 841 4335 veterascit;
869 4269 1030 4336 bysso
1059 4263 1382 4334 virginitas;
1415 4274 1580 4317 cocco
1606 4257 1898 4314 confessio-

323 4364 408 4420 nis
443 4363 650 4434 gloria;
705 4373 955 4432 purpurte
1004 4356 1290 4413 charitatis
1336 4342 1544 4424 fulgor;
1595 4350 1894 4423 hyacintho

1996 483 2174 528 menta
2229 473 2490 530 nobiliora
2545 474 2810 545 designat,
2849 488 2970 529 cum
2997 469 3128 529 dicit
3158 470 3202 504 ι’
3236 489 3251 525 :
3302 487 3322 524 ι
3352 470 3567 526 lnduite

1995 581 2091 622 vos
2121 565 2404 621 Dominum
2432 563 2614 622 Iesum
2647 565 2946 630 Christum,
2980 575 3033 618 et
3062 563 3242 618 carnis
3281 576 3467 620 curam
3500 577 3568 618 ne

1997 657 2239 714 feceritis
2277 659 2344 713 ad
2373 660 2860 728 concupiscentias.
2895 677 2912 708 ι
2950 658 3050 712 lsta
3087 667 3217 713 sunt
3255 671 3383 727 ergo
3406 656 3569 711 indu-

1996 761 2197 818 menta,
2221 751 2416 820 quibus
2445 760 2670 806 ornatur
2704 751 2969 806 Ecclesia.

2066 843 2118 897 4.
2161 843 2345 899 Potest
2389 852 2567 898 autem
2599 853 2654 897 et
2692 843 3073 912 unusquisque
3121 851 3364 898 nostrum
3401 841 3568 898 etiam

1997 935 2051 988 in
2108 934 2401 1004 semetipso
2463 934 2796 989 constituere
2848 933 3258 989 tabernaculum
3315 933 3451 988 Deo.
3508 933 3568 987 Si

1996 1025 2252 1089 enim,ut
2283 1025 2500 1094 quidam
2552 1033 2682 1080 ante
2737 1039 2833 1080 nos
2881 1040 3099 1095 quoque
3149 1023 3404 1078 dixerunt
3433 1023 3569 1095 (53),

1999 1117 2410 1173 tabernaculum
2429 1119 2535 1172 hoc
2562 1115 2726 1170 totius
2754 1116 2937 1170 mttndi
2963 1125 3107 1170 tenet
3129 1116 3378 1186 ﬁguram,
3416 1132 3572 1171 mun-

1998 1208 2049 1262 di
2086 1217 2266 1264 autem
2315 1208 2476 1264 etiam
2525 1208 2720 1279 singuli
2764 1209 2964 1278 quique
3014 1208 3219 1264 habere
3273 1207 3564 1277 imaginem

1997 1311 2242 1370 possunt,
2270 1316 2369 1356 cur
2401 1315 2508 1355 non
2541 1309 2596 1356 et
2631 1300 2959 1357 tabernaculi
2988 1301 3361 1369 unusquisque
3391 1300 3445 1354 in
3481 1315 3571 1356 se-

2000 1391 2226 1458 metipso
2258 1387 2486 1444 formam
2513 1390 2679 1458 possit
2714 1389 2964 1459 explere?
2992 1389 3098 1443 llas
3127 1402 3256 1458 ergo
3287 1387 3448 1444 debet
3474 1403 3573 1445 cos-

2000 1479 2218 1534 lumnas
2243 1480 2344 1534 sibi
2387 1489 2577 1549 aptare
2602 1480 2884 1546 virtutum,
2935 1478 3216 1534 columnas
3257 1489 3571 1548 argenteas,

2001 1571 2054 1626 id
2096 1579 2180 1627 est
2213 1571 2526 1641 patientiam
2577 1571 2978 1628 rationabilem.
3031 1571 3218 1627 Potest
3266 1572 3411 1627 enim
3451 1549 3575 1628 esse

2003 1665 2218 1733 quidem
2241 1665 2293 1719 in
2321 1665 2556 1730 homine,
2592 1680 2713 1734 quae
2737 1664 2983 1720 videatur
3013 1664 3292 1734 patientia,
3323 1666 3418 1721 sed
3453 1680 3574 1738 qua:

1929 1737 1978 1798 Β
2005 1757 2347 1814 rationabilis
2393 1773 2497 1814 non
2528 1758 2620 1812 sit.
2677 1757 2808 1812 Nam
2841 1766 2898 1813 et
2944 1758 3034 1828 qui
3080 1773 3185 1814 non
3215 1759 3382 1814 sentit
3426 1760 3562 1832 inju-

2004 1851 2162 1917 riam,
2183 1859 2238 1905 et
2265 1862 2549 1919 propterea
2582 1866 2686 1905 non
2729 1850 2921 1916 reddit,
2962 1849 3174 1920 patiens
3209 1850 3444 1916 videtur,
3477 1853 3573 1907 sed

2004 1957 2110 1997 non
2145 1951 2230 1997 est
2260 1941 2600 1997 rationabilis
2645 1942 2746 1996 ista
2799 1941 3084 2011 patientia.
3112 1940 3219 1997 Iste
3248 1956 3377 2011 ergo
3409 1941 3576 1998 habet

2001 2034 2218 2104 quidem
2249 2033 2552 2098 columnas,
2589 2031 2681 2088 sed
2714 2049 2821 2090 non
2847 2040 2972 2088 sunt
3002 2041 3274 2104 argenteae
3301 2033 3436 2104 (54).
3468 2033 3571 2100 Qui

2002 2140 2132 2180 vero
2163 2134 2384 2195 propter
2433 2124 2658 2180 verbum
2711 2123 2801 2179 Dei
2837 2123 3062 2192 patitur,
3096 2131 3150 2178 et
3187 2122 3403 2179 fortiter
3443 2124 3572 2191 fert,

2003 2217 2106 2269 iste
2132 2215 2398 2270 columnis
2446 2213 2719 2284 argenteis
2771 2213 3060 2269 decoratus
3108 2222 3193 2268 est
3223 2222 3278 2268 et
3308 2213 3570 2269 munitus.

2003 2311 2185 2366 Potest
2212 2311 2265 2364 in
2297 2324 2356 2364 se
2377 2317 2432 2364 et
2457 2309 2592 2363 atria
2614 2306 2946 2370 distendere,
2983 2321 3106 2362 cum
3144 2305 3455 2362 dilataverit
3477 2321 3573 2362 cor

2003 2415 2160 2454 suum
2195 2399 2490 2455 secundum
2531 2395 2772 2467 Apostoli
2814 2411 3004 2451 vocem
3033 2395 3262 2450 dicentis
3294 2397 3360 2450 ad
3388 2396 3575 2451 Corin-

2002 2491 2146 2550 thios
2172 2490 2218 2522 ³⁸
2250 2506 2264 2545 :
2300 2509 2319 2542 ε
2354 2487 2663 2544 Dilatamini
2706 2497 2762 2541 et
2805 2501 2924 2542 vos.
2974 2505 2992 2537 ι
3029 2486 3215 2541 Potest
3258 2500 3319 2541 se
3353 2495 3408 2541 et
3435 2487 3574 2542 seris

2001 2585 2236 2648 munire,
2261 2597 2382 2638 cum
2422 2595 2482 2636 se
2511 2579 2870 2634 unanimitate
2899 2577 3207 2634 dilectionis
3231 2578 3570 2635 astrinxerit.

2000 2679 2184 2735 Potest
2213 2690 2374 2747 super
2401 2685 2690 2746 argenteas
2723 2674 2887 2729 bases
2920 2682 3089 2739 stare,
3123 2689 3246 2729 cum
3275 2689 3439 2744 super
3465 2684 3574 2732 sta-

1999 2773 2264 2828 bilitatem
2310 2767 2462 2824 verbi
2494 2767 2612 2833 Dei,
2647 2767 2797 2820 verbi
2845 2765 3146 2835 prophetici
3189 2774 3244 2824 et
3284 2767 3574 2838 apostolici

2000 2862 2318 2919 collocatur.
2377 2859 2563 2915 Potest
2590 2859 2791 2914 habere
2853 2857 2906 2911 in
2959 2856 3206 2912 columna
3255 2857 3574 2914 deauratum

1999 2967 2184 3026 caput,
2212 2955 2257 3010 si
2296 2961 2458 3024 caput
2483 2967 2708 3008 aureum
2733 2951 2804 3004 sit
2835 2949 2883 3006 ei
2908 2949 3040 3005 ﬁdes
3069 2949 3291 3006 Christi.
3323 2968 3342 3002 ι
3384 2949 3576 3007 Omnis

1999 3062 2230 3118 namque
2257 3048 2357 3102 viri
2388 3054 2568 3116 caput,
2618 3046 2866 3100 Christus
2911 3054 2994 3100 est
3037 3045 3103 3100 ⁸¹.
3139 3064 3158 3096 ι
3195 3043 3388 3100 Decem
3437 3059 3573 3101 vero

2001 3140 2140 3196 atria
2189 3147 2365 3208 potest
2403 3139 2457 3192 in
2499 3136 2790 3205 semetipso
2821 3135 3152 3203 distendere,
3187 3151 3310 3190 cum
3352 3151 3460 3190 non
3515 3137 3571 3190 in

2002 3248 2110 3288 uno
2157 3241 2363 3286 tantum
2411 3227 2580 3286 verbo
2623 3229 2755 3297 legis
2795 3227 3074 3292 dilatatur,
3111 3243 3290 3298 neque
3337 3227 3570 3295 duobus,

2004 3335 2099 3380 aut
2133 3323 2330 3391 tribus,
2360 3320 2456 3378 sed
2493 3322 2548 3377 in
2577 3329 2689 3378 toto
2722 3319 2984 3390 Decalogo
3022 3320 3154 3390 legis
3195 3321 3458 3390 spiritalis
3484 3321 3569 3376 in-

2006 3417 2322 3488 telligentizn
2371 3415 2603 3471 dilatare
2640 3413 3045 3484 amplitudinem
3085 3422 3282 3483 potest,
3310 3422 3402 3468 aut
3449 3429 3571 3470 cum

2005 3507 2238 3564 fructum
2271 3509 2517 3578 spiritus,
2544 3507 2823 3577 gaudium,
2854 3519 3066 3576 pacem,
3108 3506 3447 3574 patientiam,
3479 3507 3576 3562 be-

2001 3601 2342 3672 nignitatem,
2375 3598 2718 3665 modestiam,
2750 3598 2936 3664 tidem,
2978 3599 3399 3663 continentiam,
3424 3599 3572 3670 adje-

2002 3701 2113 3758 cta,
2144 3705 2264 3759 quae
2287 3698 2372 3744 est
2391 3698 2563 3744 mater
2589 3687 2853 3752 omnium,
2885 3687 3174 3753 charitate,
3205 3688 3572 3758 protulerit“.

2003 3783 2211 3839 llabeat
2262 3781 2436 3836 adhuc
2477 3779 2532 3832 in
2577 3793 2638 3833 se
2689 3777 2869 3832 anima
2915 3777 3038 3842 ista,
3077 3791 3196 3847 quae
3235 3793 3341 3833 non
3368 3779 3577 3834 dederit

2003 3889 2258 3931 somnum
2293 3871 2466 3928 oculis
2489 3871 2625 3938 suis,
2657 3885 2759 3926 nec
2788 3868 3060 3939 palpebris
3085 3869 3198 3925 suis
3223 3870 3574 3926 dormitatio-

2002 3985 2151 4031 nem,
2179 3981 2281 4021 nec
2309 3967 2550 4035 requiem
2585 3964 2915 4032 temporibus
2943 3963 3081 4025 suis,
3115 3968 3289 4018 donec
3333 3963 3575 4018 inveniat

2002 4059 2180 4116 locum
2213 4057 2459 4122 Domino,
2517 4053 2923 4111 tabernaculum
2979 4053 3089 4109 Deo
3133 4051 3301 4110 Jacob
3344 4054 3568 4124 “;ha-

2001 4151 2147 4213 beat.
2183 4149 2426 4218 inquam,
2470 4147 2523 4202 in
2555 4161 2614 4201 se
2643 4144 2877 4200 deﬁxum
2905 4155 2959 4200 et
2993 4145 3186 4213 altare,
3226 4148 3277 4200 in
3307 4161 3413 4217 quo
3439 4161 3568 4202 ora-

2004 4243 2212 4297 tionum
2268 4239 2476 4295 hostias
2523 4246 2582 4293 et
2635 4235 3022 4292 misericordiae
3075 4237 3322 4294 victimas
3378 4235 3575 4293 offerat

2002 4336 2147 4401 Deo;
2195 4335 2247 4390 in
2297 4348 2406 4405 quo
2455 4329 2804 4388 continentia:
2835 4331 3010 4386 cultro
3057 4329 3362 4400 superbiam
3411 4331 3568 4400 quasi

325 4470 450 4525 spes
476 4454 633 4526 regni
661 4452 948 4508 caelorum.
981 4449 1104 4505 Istae
1126 4448 1236 4503 sint
1272 4447 1490 4501 interim
1530 4444 1793 4506 materiae,
1827 4458 1894 4498 ex

2005 4437 2214 4484 taurum
2243 4425 2508 4490 immolet,
2537 4423 2872 4479 iracundiam
2898 4424 3050 4492 quasi
3076 4423 3301 4478 arietem
3328 4420 3566 4494 jugulet,

322 4547 522 4618 quibus
554 4560 716 4601 omne
753 4541 1161 4599 tabernaculum
1197 4546 1564 4602 construatur,
1598 4535 1894 4590 induantur

322 4639 655 4701 sacerdotes,
679 4645 900 4693 ornetur
935 4643 989 4690 et
1017 4631 1281 4703 pontifex.
1312 4628 1551 4695 Quorum
1580 4625 1892 4680 indumenta

325 4745 446 4803 qua
479 4732 612 4797 sint,
637 4730 722 4784 vel
753 4727 956 4800 qualia,
1016 4726 1069 4780 in
1107 4723 1212 4779 alio
1251 4721 1370 4776 loco
1414 4718 1728 4789 pronuntiat
1753 4717 1890 4772 Pro-

327 4827 515 4897 pheta,
551 4833 607 4880 et
627 4823 761 4879 dicit
787 4822 873 4876 ’τι
908 4837 926 4872 ι
965 4818 1286 4874 Sacerdotes
1307 4812 1390 4866 tui
1419 4811 1712 4865 induantur
1735 4807 1894 4878 justi-

325 4921 480 4976 tiam.
509 4937 530 4972 ι
587 4917 725 4973 Sunt
763 4927 892 4985 ergo
921 4910 1102 4966 omnia
1139 4908 1240 4963 ista
1293 4904 1606 4960 indumenta
1647 4899 1890 4971 iustitiae.

323 5011 392 5068 Et
419 5011 616 5066 iterum
653 5005 854 5062 Paulus
895 5001 1168 5074 apostolus
1204 4997 1334 5053 dicit
1357 4995 1404 5027 ’⁸
1440 5012 1454 5048 :
1505 5010 1524 5044 ι
1561 4992 1772 5047 lnduite
1799 5003 1893 5045 vos

326 5106 538 5161 viscera
561 5097 967 5156 misericordiae.
1003 5112 1024 5148 ι
1059 5093 1197 5150 Sunt
1228 5104 1358 5161 ergo
1381 5086 1697 5143 indumenta
1731 5081 1895 5139 mise-

2002 4521 2275 4576 luxuriam
2315 4530 2655 4588 omnemque,
2697 4512 2978 4570 libidinem
3006 4522 3263 4582 tanquam
3309 4511 3490 4566 hircos
3515 4520 3572 4566 et

2003 4614 2186 4672 haedos
2219 4611 2359 4667 litet.
2391 4609 2542 4665 Sciat
2580 4617 2761 4664 tamen
2787 4621 2857 4662 ex
2893 4605 2979 4660 his
3000 4604 3164 4659 etiam
3194 4601 3571 4658 sacerdotibus

2000 4721 2257 4779 separare
2307 4706 2557 4761 dextrum
2612 4699 2922 4764 brachium.
2975 4709 3032 4752 et
3087 4693 3484 4767 pectusculum,
3514 4700 3572 4749 et

2001 4798 2272 4863 maxillas,
2314 4797 2366 4851 id
2392 4803 2475 4850 est
2505 4807 2673 4864 opera
2703 4790 2843 4847 bona
2879 4797 2932 4844 et
2971 4800 3138 4856 opera
3166 4785 3377 4842 dextra.
3431 4782 3569 4838 Nam

1999 4894 2282 4949 sinistrum
2312 4889 2447 4945 nihil
2468 4894 2728 4942 reservet.
2753 4879 3132 4938 Pectusculum
3168 4890 3386 4948 quoque
3429 4875 3573 4930 inte-

1997 5000 2175 5055 grum,
2199 4982 2344 5054 quod
2367 4990 2454 5037 est
2482 4983 2812 5042 correctum,
2839 4985 2894 5029 et
2919 4987 3072 5026 mens
3103 4971 3209 5026 Deo
3238 4977 3488 5034 sacrata;
3517 4976 3574 5021 et

1998 5077 2251 5134 maxillas
2304 5074 2372 5129 ad
2417 5071 2644 5127 verbum
2674 5067 2768 5123 Dei
2800 5065 3150 5137 loquendum.
3181 5062 3334 5118 Sciat
3353 5063 3454 5120 sibi
3513 5062 3567 5115 in

395 5253 446 5286 *'
478 5247 626 5306 Psal.
662 5261 738 5310 xi,
762 5245 814 5300 7.
889 5241 936 5276 ’⁸
966 5238 1011 5294 ll
1047 5237 1176 5310 Cor.
1200 5252 1292 5310 _xt_,
1325 5233 1383 5287 3.
1430 5230 1502 5310 A’:
1533 5227 1898 5310 Psal.“cx_xxn

2004 5265 2018 5280 .
2073 5219 2388 5310 .'°”Coloss.
2415 5232 2498 5283 tu,
2529 5213 2618 5268 l2.
2693 5213 2739 5244 ’θ
2781 5210 2942 5266 Rom.
2977 5222 3098 5273 xm,
3137 5205 3225 5260 M.
3299 5207 3344 5240 ³ο
3366 5205 3404 5260 ll
3440 5203 3568 5260 Cor.

332 5339 411 5390 vt,
440 5293 644 5377 lin-3"
872 5329 951 5380 vt,
974 5293 1075 5377 δέ
1104 5293 1160 5340 7³⁸
1189 5293 1310 5363 Gal.
1342 5317 1395 5367 v,
1428 5299 1520 5356 22.
1597 5298 1641 5330 ³³
1677 5297 1820 5353 Psal.
1855 5312 1898 5352 c:

1999 5313 2038 5363 l,
2062 5295 2118 5360 4,
2149 5293 2204 5348 5.

399 5439 512 5514 (50)
539 5436 832 5514 Ecclesium
853 5432 1131 5488 collocant.
1155 5428 1252 5484 Sic
1272 5440 1407 5482 mss.
1435 5420 1586 5478 Alias
1615 5433 1745 5474 vero
1772 5418 1902 5474 sim-

335 5506 572 5583 pliciter,
597 5527 642 5583 __¢
684 5506 1038 5583 collocantur.
1080 5519 1098 5551 ι

403 5581 517 5646 (5ιῆ
549 5567 722 5644 Alias,
760 5594 779 5628 σ
823 5572 1036 5646 septimi
1066 5567 1298 5646 numeri.
1338 5584 1358 5618 ι

403 5582 504 5646 (51-
549 5581 722 5644 Alias,
760 5594 779 5628 σ
823 5589 880 5630 se
920 5581 1036 5627 timt
1066 5582 1298 5625 numeri.
1338 5584 1358 5618 ι

400 5581 517 5724 (Βὲζ
547 5650 842 5706 amaretur
879 5591 1136 5699 ἓεοιιεὶα.
1178 5639 1329 5706 Mss,
1359 5653 1380 5689 ι
1409 5632 1750 5707 signiﬁcatur
1793 5627 1896 5686 Ec-

337 5717 520 5778 clesia'.
560 5738 581 5772 ι

2076 5411 2199 5539 ἓξὲξ.

2246 5411 2317 5467 Ut
2346 5409 2561 5480 quidam
2589 5413 2708 5480 ante
2736 5419 2829 5480 nos
2868 5397 3381 5480 quoqueudixerunt.
3433 5393 3570 5480 Vide

2001 5463 2312 5568 {psephumv
2352 5463 2448 5536 lib.
2508 5494 2572 5535 ιιι
2636 5475 2810 5544 Antiq.
2871 5463 2926 5528 et
2982 5463 3264 5526 Philonem
3325 5463 3403 5520 De
3456 5463 3568 5520 vita

2001 5558 2223 5614 Mousis.

2072 5573 2388 5700 Ξέῧελιίδε,
2420 5640 2439 5674 ι
2478 5627 2790 5690 argentatte.
2831 5635 2851 5670 ι
