4024 6146
473 251 580 306 ’567

1909 247 2228 306 ORIGENIS

3601 250 3723 306 568

472 367 678 421 sanctis
728 366 892 419 etiam
953 361 1333 417 candelabrum
1372 361 1592 417 luminis
1638 362 2036 429 collocandum,
2067 368 2115 427 Α
2143 364 2337 421 Sedet
2385 379 2548 421 aurea
2585 364 2783 420 lamina
2834 366 2887 420 in
2937 364 3115 420 fronte
3168 364 3525 435 resplendeat,
3560 366 3722 435 quod

472 468 534 512 ut
563 459 669 511 sint
705 458 753 509 ei
788 456 1020 509 lucerna:
1061 468 1275 523 semper
1324 453 1596 518 ardentes,
1636 462 1691 508 et
1718 454 1883 509 lumbi
1918 470 2040 511 suc-

408 549 413 557 '
471 548 633 605 cincti
663 546 727 611 ³⁸,
754 555 807 600 ει
838 546 953 615 ipse
977 556 1232 615 tanquam
1266 559 1476 611 servus,
1517 547 1608 616 qui
1631 555 1910 615 exspectat
1941 546 2038 601 do-

396 668 400 675 -
472 639 675 694 minum
705 652 860 692 suum
894 638 1070 692 redire
1097 638 1164 693 de
1195 638 1414 707 nuptiis.
1449 637 1524 693 De
1565 639 1648 693 his
1675 639 1816 693 enim
1857 640 2035 693 lucer-

471 730 556 785 nis
583 739 640 784 et
670 728 929 784 Dominus
971 730 1189 784 dicebat
1225 731 1312 785 ’δε
1350 749 1369 782 ‹
1404 728 1650 785 Lucerna
1681 731 1925 797 corporis
1960 733 2034 786 tui

468 831 552 878 est
579 820 769 876 oculus
798 829 942 875 tuus.
981 839 1000 872 ι
1038 820 1144 876 Sed
1172 822 1315 876 istud
1358 821 1744 876 candelabrum
1782 822 2033 877 lucerna-

468 928 587 969 rum
611 913 667 968 in
690 921 875 968 austro
897 912 1146 978 collocet,
1185 922 1243 966 ιιι
1278 912 1346 965 ad
1393 914 1700 980 aquilonem
1752 914 2031 982 respiciat.

465 1003 713 1059 Accenso
743 1003 940 1058 etenim
967 1002 1190 1070 lumine,
1222 1002 1275 1057 id
1305 1010 1390 1058 est
1411 1003 1653 1072 vigilanti
1679 1004 1843 1058 corde
1869 1004 2036 1073 respi-

466 1111 591 1151 cere
620 1109 832 1162 semper
863 1095 1025 1148 debet
1050 1096 1115 1148 ad
1146 1093 1477 1162 aquilonem,
1516 1103 1569 1147 et
1592 1094 1879 1150 observare
1910 1111 2031 1149 eum

464 1186 557 1256 qui
607 1186 673 1240 ab
704 1185 955 1255 aquilone
989 1194 1095 1240 est.
1154 1184 1305 1239 Sicut
1352 1193 1408 1239 et
1453 1187 1713 1254 propheta
1748 1187 1931 1242 videre
1976 1202 2035 1243 se

465 1276 598 1330 dicit
624 1291 944 1331 succensum
981 1274 1231 1339 lebetem,
1263 1274 1347 1329 vel
1379 1273 1563 1342 ollam,
1591 1285 1647 1329 et
1681 1274 1874 1331 faciem
1916 1275 2034 1344 ejus

464 1381 495 1420 a
524 1366 662 1422 facie
711 1367 984 1436 aquilonis
1016 1360 1081 1421 ³⁸.
1106 1366 1190 1420 Ab
1216 1365 1466 1435 aquilone
1488 1366 1632 1421 enim
1664 1367 2034 1422 accenduntur

463 1460 603 1518 mala
632 1459 902 1515 universae
928 1465 1108 1513 terra.
1147 1457 1390 1528 Vigilaus
1420 1472 1552 1527 ergo
1576 1465 1633 1513 et
1682 1456 1944 1513 sollicitus
1977 1467 2033 1513 et

464 1553 658 1609 ardens
687 1552 959 1607 intueatur
990 1563 1204 1621 semper
1231 1551 1461 1605 astutias
1488 1550 1718 1614 diaboli,
1744 1558 1795 1605 et
1821 1564 2033 1621 semper

464 1646 694 1717 aspiciat
710 1646 851 1700 unde
875 1644 1184 1699 sitventura
1211 1643 1457 1708 tentatio,
1484 1645 1626 1696 unde
1648 1643 1820 1697 hostis
1835 1641 2028 1708 irruat,

2138 458 2371 529 petalnm
2415 457 2737 526 appellatur,
2782 458 2836 511 in
2883 456 3082 527 quibus
3116 458 3363 527 utrisque
3410 457 3613 512 veritas
3646 466 3722 511 et

2137 546 2499 602 manifestatio
2526 546 2728 601 dicitur
2758 545 3178 618 collocata-(57).
3220 547 3330 617 Ego
3369 547 3423 602 in
3474 547 3559 602 his
3585 562 3727 616 quan

2137 639 2191 693 in
2220 648 2438 707 pectore
2472 638 2635 694 locari
2678 640 2952 703 dicuntur,
2984 654 3294 695 sermonem
3326 640 3718 709 evangelicum

2137 732 2332 797 sentio,
2388 731 2483 800 qui
2541 731 2955 799 quadruplicato
3003 729 3198 786 ordine
3243 732 3524 786 veritatem
3581 730 3717 785 fidei

2136 822 2291 875 nobis
2320 829 2374 874 et
2406 821 2891 876 manilestatiouem
2917 819 3203 876 Trinitatis
3233 821 3480 890 exponit.
3506 830 3717 875 cuncta

2136 910 2376 966 referens
2404 912 2470 966 ad
2502 920 2686 981 caput,
2736 911 2803 966 ad
2856 912 3012 966 unius
3044 911 3254 966 scilicet
3286 911 3380 966 Dei
3427 921 3715 965 naturain.

2135 1001 2190 1057 lu
2220 1004 2303 1057 his
2330 1013 2414 1058 est
2443 1018 2570 1073 ergo
2596 1002 2776 1057 omnis
2805 1003 3028 1067 veritas,
3052 1014 3107 1058 et
3132 1003 3308 1057 omnis
3341 1002 3721 1056 manifestatio

2134 1095 2398 1149 veritatis.
2450 1093 2622 1163 Igitur
2670 1093 2715 1148 si
2769 1104 2918 1148 recte
2963 1094 3042 1149 vis
3088 1093 3462 1163 pontificatum
3509 1106 3715 1162 gerere

2134 1184 2267 1249 Deo,
2301 1185 2642 1255 evangelicus
2670 1200 2872 1246 sermo,
2904 1195 2961 1237 ct
2994 1185 3282 1240 Trinitatis
3317 1186 3449 1239 lides
3487 1199 3719 1252 semper

2135 1277 2227 1332 tibi
2265 1277 2527 1333 habeatur
2551 1278 2602 1332 in
2633 1288 2867 1347 pectore.
2887 1278 2982 1332 Cui
3011 1278 3261 1333 convenit
3288 1277 3450 1330 etiam
3483 1286 3716 1346 aposto-

2134 1369 2271 1423 licus
2300 1384 2478 1424 sermo
2525 1378 2631 1424 tam
2667 1371 2889 1435 virtute,
2919 1384 3080 1438 quam
3118 1383 3366 1432 numero,
3402 1377 3604 1422 tantum
3643 1377 3714 1420 ut

2134 1475 2324 1514 nomen
2352 1460 2445 1516 Dei
2476 1476 2692 1531 semper
2723 1463 2986 1515 habeatur
3033 1461 3084 1514 in
3123 1461 3319 1529 capite,
3351 1469 3407 1513 et
3441 1458 3507 1512 ad
3533 1474 3709 1512 unum

2134 1552 2298 1608 Deum
2330 1564 2525 1609 cuncta
2556 1554 2879 1608 referantur.
2907 1552 3116 1609 Habeat
3145 1553 3306 1607 etiam
3334 1552 3385 1604 iu
3412 1552 3697 1605 interiori-
3790 1582 3805 1595 ρ

2135 1644 2232 1699 bus
2263 1643 2513 1714 pontifex
2561 1644 2805 1715 partibus
2836 1645 3170 1712 operimenta
3202 1658 3326 1705 sua,
3365 1641 3562 1696 habeat
3598 1656 3710 1709 pn-

463 1737 608 1793 unde
638 1736 891 1791 inimicus
929 1736 1176 1806 obrepat.
1228 1734 1366 1788 Dicit
1392 1734 1538 1789 enim
1569 1743 1622 1787 et
1654 1732 1848 1788 Petrus
1898 1748 2030 1801 apo-
2058 1722 2101 1777 Β
2130 1735 2299 1790 denda
2333 1744 2613 1801 contecta;
2649 1744 2708 1788 ut
2744 1748 2974 1805 corpore
3005 1743 3057 1789 et
3104 1732 3296 1802 spiritu
3336 1741 3559 1787 sanctus
3599 1733 3697 1795 sit,

464 1830 632 1886 stolus
659 1829 703 1861 ³⁷
729 1849 744 1883 :
771 1847 789 1881 ι
828 1828 961 1895 Quia
993 1828 1336 1883 adversarius
1366 1838 1548 1882 vester
1584 1826 1854 1891 diabolus,
1882 1828 2026 1881 sicut

463 1921 548 1973 leo
574 1918 815 1988 rugiens,
868 1918 1065 1972 circuit
1114 1932 1365 1986 quaerens
1426 1931 1590 1987 quem
1624 1925 1955 1973 transvoret.
1996 1938 2015 1971 ι

463 2009 644 2065 Mensa
684 2024 899 2079 quoque
948 2007 1337 2077 propositionis
1368 2008 1575 2062 habens
1604 2006 1885 2063 duodecim
1928 2023 2024 2077 pa-

464 2118 581 2168 nes,
630 2103 682 2155 in
723 2111 877 2171 parte
931 2098 1225 2155 collocetur
1281 2099 1555 2168 aquilonis
1615 2098 1913 2167 respiciens
1958 2099 2024 2152 ad

463 2202 730 2249 austrum.
785 2190 960 2246 Panes
1007 2190 1119 2255 isti,
1179 2189 1510 2259 apostolicus
1554 2189 1602 2242 ei
1642 2197 1751 2241 tam
1804 2203 2027 2242 numero

463 2298 625 2353 quam
661 2283 861 2338 virtute
890 2282 965 2336 sit
986 2296 1188 2347 sermo,
1208 2297 1313 2351 quo
1341 2281 1714 2334 indesinenter
1739 2288 1895 2333 utens
1915 2278 2024 2350 (55)

461 2375 726 2449 (quotidie
777 2389 1007 2444 namque
1031 2372 1135 2427 hos
1182 2385 1307 2427 ante
1339 2370 1624 2426 Dominum
1675 2371 1897 2440 jubetur
1928 2388 2027 2441 ap-

460 2470 706 2538 ponere),
750 2480 965 2521 rursum
1007 2466 1263 2535 respiciat
1309 2466 1376 2518 ad
1421 2473 1689 2528 austrum,
1736 2464 1878 2517 unde
1924 2463 2028 2519 Do—

463 2561 642 2614 minus
688 2560 838 2613 venit
879 2574 894 2610 :
947 2575 967 2608 t
1003 2558 1262 2612 Dominus
1308 2558 1449 2611 enim
1503 2572 1570 2611 ex
1627 2556 1889 2610 Tbcmam
1940 2571 2030 2609 ve-

464 2653 596 2719 niet,
630 2669 646 2703 ι
679 2651 819 2706 sicut
866 2648 1122 2718 scriptum
1164 2658 1249 2705 est
1283 2649 1348 2715 ³⁸,
1407 2649 1548 2717 quod
1578 2657 1662 2702 est
1720 2649 1787 2703 de
1816 2658 2024 2702 austro.

465 2739 672 2795 Habeat
715 2740 767 2795 in
799 2737 1162 2810 penetralibus
1226 2740 1458 2808 pectoris
1513 2738 1595 2793 sui
1641 2740 1807 2792 etiam
1854 2736 2025 2792 altare

462 2833 693 2898 incensi,
752 2844 810 2887 ιιι
857 2834 972 2902 ipse
1025 2833 1170 2886 dicat
1205 2832 1248 2863 "
1287 2850 1300 2886 :
1354 2849 1372 2882 ι
1413 2830 1548 2897 Quia
1596 2830 1801 2885 Christi
1853 2832 2026 2886 bonus

461 2921 598 2975 odor
648 2934 856 2975 sumus.
906 2937 925 2970 ι
985 2918 1191 2972 Ilabcat
1246 2926 1300 2973 et
1350 2933 1531 2972 arcam
1582 2920 1910 2987 testamenti,
1969 2921 2021 2975 in

2130 1837 2184 1882 et
2207 1828 2621 1895 cogitationibus
2643 1837 2697 1881 et
2717 1826 2971 1895 operibus
2995 1841 3161 1895 purus
3185 1825 3275 1878 sit.
3299 1823 3506 1878 Habeat
3532 1824 3705 1877 etiam

2131 1933 2223 1985 per
2273 1918 2569 1971 indumenti
2616 1919 2907 1974 circuitum
2962 1917 3348 1983 tintinnabula,
3403 1926 3462 1971 ut
3509 1918 3704 1988 ingre-

2129 2009 2302 2073 diens,
2330 2010 2597 2078 inquit“,
2633 2020 2842 2071 sancta,
2877 2009 2969 2063 det
2996 2009 3258 2073 sonitum,
3289 2018 3344 2062 et
3387 2024 3489 2063 non
3526 2010 3702 2063 intret

2129 2118 2252 2158 cum
2277 2103 2516 2159 silentio.
2549 2103 2614 2158 Et
2655 2105 2771 2158 haec
2804 2102 3189 2167 tintinnabula,
3215 2118 3337 2172 qua:
3366 2117 3579 2172 semper
3602 2116 3703 2156 so-

2130 2209 2260 2249 nare
2291 2195 2508 2261 debent,
2543 2194 2598 2249 in
2647 2203 2895 2249 extremo
2941 2194 3255 2248 vestimenti
3312 2201 3438 2247 sunt
3495 2195 3701 2262 pusita,

2129 2286 2352 2352 idcirco,
2379 2286 2565 2351 credo,
2604 2296 2662 2340 ut
2703 2286 2771 2341 de
2802 2286 3065 2349 extremis
3102 2285 3436 2355 temporibus
3483 2296 3538 2339 et
3592 2284 3705 2339 ﬁne

2127 2377 2308 2429 mundi
2338 2390 2610 2444 nunquam
2636 2374 2821 2438 sileas,
2849 2375 2942 2429 sed
2970 2375 3094 2430 inde
3119 2389 3334 2443 semper
3359 2388 3545 2442 sones,
3573 2374 3703 2430 inde

2129 2466 2368 2534 disputes
2408 2475 2464 2521 et
2513 2465 2777 2536 loquaris,
2810 2465 3106 2521 secundum
3142 2483 3264 2522 eum
3311 2466 3403 2536 qui
3456 2465 3696 2522 dixit“:

2132 2574 2151 2607 ι
2181 2555 2384 2612 Memor
2410 2570 2530 2612 esto
2560 2557 2979 2612 novissimorum
3009 2565 3244 2624 tuorum,
3272 2567 3330 2611 et
3363 2571 3469 2610 non
3500 2572 3699 2626 pecca-

2126 2650 2228 2704 bis.
2256 2668 2276 2702 ι
2306 2650 2389 2705 Ad
2434 2649 2580 2705 hunc
2611 2664 2742 2718 ergo
2775 2650 2990 2704 modum
3041 2649 3201 2703 homo
3240 2660 3428 2703 noster
3471 2649 3699 2703 interior

2129 2745 2238 2800 Deo
2267 2744 2509 2814 pontifex
2545 2744 2861 2807 adornetur,
2901 2751 2961 2797 ut
2999 2743 3229 2797 introire
3272 2743 3444 2811 possit
3472 2758 3581 2795 non
3610 2758 3703 2795 so-

2129 2838 2238 2893 lum
2284 2838 2337 2892 in
2392 2844 2608 2901 sancta,
2663 2834 2756 2889 sed
2791 2845 2846 2890 et
2895 2835 2947 2889 in
2997 2835 3196 2890 Sancta
3244 2847 3593 2901 sanctorum;
3641 2843 3700 2887 ut

2127 2930 2299 3000 possit
2350 2928 2499 2984 adire
2534 2928 2968 2997 prepitiatorimu
3016 2928 3105 2982 ubi
3141 2937 3268 2982 sunt
3300 2925 3606 2987 cherubim,
3638 2935 3697 2979 et

462 3027 566 3082 qua
617 3012 726 3066 sint
774 3010 969 3064 tabula:
1019 3011 1169 3081 legis,
1228 3020 1288 3063 ut
1339 3012 1390 3064 in
1449 3010 1566 3080 lege
1594 3009 1688 3066 Dei
1733 3012 2024 3067 meditetur

2128 3024 2251 3078 inde
2283 3032 2544 3092 appareat
2566 3022 2617 3077 ei
2642 3023 2803 3077 Deus.
2836 3022 3038 3076 Sancta
3067 3027 3296 3089 possunt
3324 3032 3443 3073 esse
3465 3032 3550 3083 ea,
3575 3033 3698 3088 qua:

462 3106 548 3158 die
607 3116 670 3157 ac
735 3114 909 3168 nocte,
955 3112 1010 3157 et
1058 3102 1318 3156 memoria
1371 3102 1489 3171 ejus
1542 3116 1669 3155 arca
1727 3111 1782 3157 et
1824 3103 2018 3159 biblio-

462 3198 617 3252 theca
663 3194 928 3250 eliiciatur
980 3193 1238 3248 librorum
1294 3192 1413 3257 Dei,
1472 3193 1599 3262 quia
1655 3203 1709 3248 et
1759 3197 2023 3264 pr0pheta

467 3286 623 3360 165
645 3287 831 3341 beatos
863 3285 995 3339 dicit
1027 3298 1121 3339 eos
1153 3284 1245 3352 qui
1275 3284 1533 3338 memoria
1566 3294 1749 3338 tenent
1774 3287 2025 3341 mandata

463 3381 600 3447 ejus,
625 3388 684 3433 ut
713 3376 1019 3432 faciantea.
1045 3374 1129 3431 Sit
1160 3376 1302 3430 intra
1331 3376 1503 3445 ipsum
1529 3390 1666 3430 urna
1696 3391 1909 3430 marinae
1934 3392 2020 3432 re-

463 3473 661 3542 posita,
698 3468 1006 3525 inte-Electus
1033 3468 1179 3523 verbi
1216 3467 1306 3522 Dei
1329 3467 1541 3522 subtilis
1567 3478 1624 3523 et
1648 3468 1838 3524 dulcis.
1861 3469 1943 3524 Sit
1970 3478 2027 3525 et

463 3566 612 3634 virga
650 3562 827 3618 Aaron
878 3562 1019 3616 intra
1071 3576 1218 3625 eum,
1264 3561 1508 3615 doctrina
1559 3561 1937 3629 sacerdotalis,
1967 3573 2026 3618 et

463 3653 649 3709 ﬂorida
681 3654 944 3708 severitas
974 3652 1290 3723 disciplinae,
1319 3665 1482 3720 supra
1506 3665 1723 3706 omnem
1753 3667 1883 3709 vero
1907 3653 2023 3723 glo-

466 3745 597 3799 riam
641 3744 712 3799 sit
750 3745 796 3798 ei
832 3744 1159 3813 pontiﬁcalis
1183 3751 1432 3799 ornatus.
1478 3742 1665 3799 Potest
1693 3744 1840 3799 enim
1882 3745 2023 3800 intra

463 3851 522 3891 se
549 3850 710 3906 agere
737 3837 1105 3904 poutilicatum
1153 3849 1279 3903 pars
1320 3833 1407 3888 illa
1436 3849 1556 3906 quae
1599 3834 1652 3888 in
1684 3848 1749 3889 eo
1781 3844 1866 3888 est
1894 3849 2024 3904 pre-

463 3926 753 3982 tiosissima
784 3926 1044 3990 omnium,
1084 3924 1226 3994 quod
1258 3924 1476 3994 quidam
1512 3927 1808 3996 principale
1839 3928 2021 3984 cordis

462 4017 754 4088 appellant,
792 4017 881 4070 alii
915 4017 1232 4072 rationalem
1288 4032 1529 4083 sensum,
1563 4028 1655 4073 aut
1693 4019 2024 4075 intellectua-

463 4119 564 4168 lem
600 4109 981 4177 substantiam,
1031 4111 1116 4164 vel
1169 4125 1499 4181 quocunque
1550 4115 1707 4167 modo
1756 4114 2022 4184 appellari

461 4216 637 4276 potest
663 4204 715 4258 in
749 4203 904 4257 nobis
932 4203 1106 4270 portio
1132 4205 1299 4257 nOSII'i
1336 4205 1449 4271 illa,
1475 4220 1572 4274 per
1598 4222 1760 4276 quam
1793 4221 2022 4276 capaces

459 4312 581 4353 esse
612 4308 895 4367 possumus
930 4293 1044 4348 Dei.
1077 4292 1182 4348 ista
1229 4310 1360 4363 ergo
1405 4312 1529 4365 pars
1584 4298 1636 4351 in
1685 4299 1843 4353 nobis
1875 4299 2024 4353 velut

2125 3115 2179 3169 in
2222 3115 2474 3185 praesenti
2519 3113 2719 3170 saeculo
2749 3113 2955 3167 habere
2992 3119 3182 3168 sancta
3230 3109 3575 3166 conversatio
3603 3124 3699 3178 po-

2127 3216 2251 3261 test.
2276 3206 2474 3260 Saucta
2504 3221 2631 3261 vero
2660 3215 2996 3272 sanctorum,
3026 3203 3079 3257 in
3114 3217 3233 3272 qua:
3258 3201 3428 3257 semel
3457 3211 3700 3256 tantum-

2126 3298 2286 3352 modo
2317 3297 2577 3361 intratur,
2610 3297 2675 3350 ad
2706 3296 2907 3350 coelum
2943 3310 3065 3349 esse
3087 3294 3383 3372 transitum
3418 3303 3571 3364 puto,
3604 3294 3694 3348 ubi

2123 3400 2208 3446 est
2257 3389 2714 3459 propitiatorium,
2760 3398 2817 3442 et
2872 3388 3182 3451 cherubim,
3227 3388 3317 3442 ubi
3370 3397 3424 3440 ει
3479 3387 3697 3441 mundis

2123 3486 2290 3541 corde
2317 3497 2581 3551 apparere
2605 3482 2803 3551 poterit
2839 3482 3000 3546 Deus,
3031 3480 3114 3536 vel
3146 3480 3273 3550 quia
3308 3479 3567 3534 Dominus
3606 3479 3693 3533 di-

2122 3574 2200 3629 cit
2227 3593 2241 3628 :
2271 3573 2317 3607 ’⁸³
2348 3591 2368 3624 ι
2388 3573 2528 3628 Ecce
2559 3587 2783 3641 regnum
2815 3572 2904 3625 Dei
2934 3572 3074 3625 intra
3106 3585 3200 3625 vos
3221 3579 3328 3625 est.
3351 3588 3371 3621 ι
3402 3567 3529 3623 Haec
3554 3568 3694 3621 inte-

2124 3666 2224 3723 rim
2252 3674 2512 3736 quantum
2542 3663 2608 3717 ad
2642 3676 2881 3732 praesens
2928 3662 2982 3716 in
3033 3671 3350 3716 transcursu
3398 3670 3691 3714 occurrere

2122 3759 2370 3815 sensibus
2415 3756 2620 3814 nostris
2651 3757 2845 3826 potuit,
2877 3765 3249 3823 quantumque
3287 3750 3555 3806 moderari
3589 3765 3687 3802 au-

2124 3850 2275 3906 ribus
2325 3850 2599 3920 potuimus
2647 3849 2977 3911 audilormn,
3023 3848 3090 3900 de
3145 3842 3494 3898 tabernaculo
3544 3840 3688 3894 dicta

2124 3944 2255 4006 sint,
2292 3954 2351 3997 ut
2383 3937 3028 4011 unusquisque'nostrum
3068 3937 3282 3991 studeat
3328 3936 3510 3989 facere
3551 3935 3690 3986 intra

2122 4050 2183 4090 se
2215 4033 2619 4089 tabernaculum
2646 4032 2778 4085 Deo.
2803 4030 2918 4084 Non
2945 4030 3090 4084 enim
3126 4027 3326 4081 frustra
3355 4028 3420 4080 de
3451 4026 3697 4094 patribus

2125 4126 2443 4189 refertur“,
2472 4124 2596 4193 quia
2641 4124 2692 4175 in
2736 4121 3104 4176 tabernaculis
3135 4121 3542 4173 habitaverunt.
3577 4117 3693 4185 Ego

2106 4218 2204 4272 .sic
2235 4216 2474 4282 intelligo
2500 4214 2774 4268 Abraham
2813 4213 3090 4266 habitasse
3130 4211 3182 4264 in
3217 4207 3609 4269 tabernaculis.
3641 4215 3697 4261 et

2125 4308 2293 4371 Isaac,
2336 4316 2392 4361 et
2439 4303 2624 4359 Iacob.
2663 4304 3095 4357 Consuuxerunt
3127 4315 3364 4369 namque
3419 4299 3504 4353 isti
3550 4299 3696 4351 intra

381 4451 391 4460 I
462 4390 685 4458 quidam
717 4385 954 4457 pontifex
987 4395 1278 4441 exornetur
1327 4388 1675 4451 indumentis,
1715 4397 1771 4443 et
1800 4389 2022 4444 monili-

2129 4414 2188 4454 se
2221 4394 2623 4452 tabernaculum
2674 4395 2802 4459 Deo,
2836 4395 2925 4463 qui
2960 4409 3017 4449 se
3052 4393 3222 4446 tmitis
3250 4407 3313 4444 ac
3351 4390 3548 4444 talibus
3588 4389 3696 4441 vir-

463 4484 560 4535 bus
593 4480 866 4551 pretiosis,
918 4494 983 4532 ac
1028 4478 1231 4547 podere
1275 4477 1511 4548 byssina.
1557 4477 1860 4535 ludumenti
1921 4483 2024 4536 hoc

460 4586 630 4642 genus
678 4580 782 4639 est,
817 4573 960 4641 quod
1012 4584 1184 4640 usque
1216 4571 1283 4623 ad
1328 4571 1495 4639 pedes
1540 4571 1824 4626 deducitur
1851 4581 2021 4628 totum

459 4673 755 4734 contegens
805 4676 1021 4731 corpus.
1074 4661 1131 4716 In
1192 4676 1301 4730 quo
1348 4662 1689 4730 designatur,
1740 4671 1795 4716 ut
1848 4665 2023 4734 primo

459 4757 704 4811 onmium
738 4764 884 4810 totus
917 4757 989 4810 sit
1028 4753 1277 4811 castitate
1310 4752 1557 4809 vestitus.
1591 4754 1838 4822 Accipiat
1871 4767 2021 4823 post-

463 4851 678 4906 modum
736 4860 792 4904 et
840 4850 1119 4904 humerale
1163 4857 1534 4918 gemmatum,
1579 4848 1630 4900 in
1687 4863 1796 4916 quo
1847 4845 2025 4919 fulgor

459 4959 681 5015 Operum
722 4942 1044 5006 collocatur,
1074 4948 1134 4994 ut
1164 4923 1407 4994 videntes
1441 4939 1690 4993 homines
1738 4955 1900 5008 opera
1928 4957 2023 4995 sua

462 5036 810 5107 magnificeut
837 5036 1050 5090 Patrem
1085 5033 1175 5102 qui
1227 5032 1280 5085 in
1313 5030 1464 5086 ccelis
1512 5030 1657 5084 est"o
1695 5028 1826 5102 (56).
1868 5033 2027 5088 Acci-

462 5131 573 5199 piat
597 5141 653 5186 et.
691 5128 914 5199 logium,
942 5127 1082 5195 quod
1136 5124 1400 5179 rationale
1427 5122 1532 5178 dici
1572 5133 1773 5192 potest,
1822 5126 2023 5191 pectori

461 5222 881 5292 superpositum,
910 5229 1173 5288 quaterno
1205 5216 1439 5285 lapidum
1467 5214 1656 5269 ordine
1680 5214 2019 5273 distinctum.

566 5315 611 5347 ³⁵
639 5315 769 5369 Luc.
799 5328 897 5375 xu,
920 5311 1008 5365 55.
1085 5311 1128 5342 ³³
1167 5308 1355 5363 Matth.
1395 5323 1471 5370 vl,
1500 5306 1591 5360 22.
1667 5306 1712 5337 ³⁸
1734 5305 1845 5359 Jcr.
1878 5323 1914 5373 ι,
1957 5312 2043 5365 15.

2134 4500 2302 4544 ιιιιιιιιι
2335 4487 2718 4559 splendoribus
2751 4488 3165 4540 adornaverunt.
3202 4483 3521 4552 Befulgebat
3544 4495 3696 4533 nam-

2129 4596 2235 4650 que
2281 4582 2336 4635 in
2381 4582 2460 4636 eis
2511 4580 2720 4649 insigne
2757 4580 2961 4648 regium
2996 4593 3255 4648 purpura,
3291 4582 3509 4645 propter
3553 4573 3694 4641 quod

2130 4673 2412 4728 dicebatur
2441 4674 2507 4727 ad
2551 4674 2823 4726 Abraham
2858 4687 2887 4724 a
2936 4670 3060 4723 filiis
3095 4669 3230 4724 Hell:
3252 4668 3295 4699 "‘
3323 4684 3336 4719 :
3366 4667 3411 4718 A
3450 4666 3559 4719 Duo
3602 4679 3696 4718 rea:

2104 4766 2185 4819 .in
2224 4765 2370 4819 nobis
2430 4775 2486 4817 tu
2524 4781 2598 4817 es.
2648 4763 2975 4832 Splendebat
3022 4773 3076 4814 et
3120 4774 3312 4814 coccus
3349 4776 3363 4812 :
3407 4767 3693 4826 propterea

2127 4857 2271 4911 enim
2323 4858 2388 4910 ad
2429 4855 2782 4925 iugulandum
2826 4855 2980 4906 duxit
3030 4854 3141 4906 Deo
3182 4851 3424 4915 unicum,
3458 4859 3513 4902 et
3567 4862 3695 4916 pro-

2128 4961 2310 5019 pterea
2342 4950 2585 5005 dextram
2619 4948 2760 5002 illius
2805 4948 3031 5018 angelus
3067 4944 3325 4999 tenuit“.
3363 4943 3697 5011 Splendebat

2127 5042 2473 5113 hyacinthus,
2499 5057 2618 5094 cum
2646 5043 2845 5095 cmlum
2875 5054 3087 5109 semper
3120 5037 3337 5092 intuens
3364 5035 3486 5088 caeli
3516 5033 3697 5086 Domi-

2125 5149 2256 5189 num
2298 5133 2647 5202 sequebatur.
2702 5130 2806 5184 Sed
2850 5141 2903 5184 et
2943 5125 3228 5182 incaeteris
3249 5125 3503 5179 similiter
3532 5135 3697 5177 orna-

2128 5221 2312 5275 batur.
2347 5222 2457 5290 ligo
2489 5221 2568 5273 sic
2605 5219 2845 5290 intelligo
2874 5228 2930 5273 el.
2968 5217 3111 5271 diem
3138 5214 3332 5270 festum
3367 5214 3694 5267 tabernaru-

2120 5313 2205 5367 8"l
2243 5315 2386 5368 l’etr.
2431 5330 2481 5377 v,
2514 5313 2567 5367 8.
2644 5312 2690 5343 ³⁸
2716 5311 2915 5365 Habac.
2964 5325 3041 5370 ιιι,
3073 5308 3127 5362 '5.
3205 5307 3249 5339 ³³
3278 5307 3314 5360 ll
3339 5308 3464 5377 (lor.
3514 5322 3569 5362 tt.
3602 5308 3691 5364 l5.

460 5385 504 5459 ξε
530 5386 717 5459 Matth.
763 5400 811 5448 ν,
864 5384 949 5436 16.
1025 5380 1067 5413 ⁴¹
1087 5379 1253 5434 Exod.
1304 5378 1608 5445 xxvm,55.
1682 5375 1727 5408 ⁸¹
1760 5376 2026 5445 Eccli.vir

2128 5383 2158 5440 ι.
2238 5386 2283 5416 ⁸³
2305 5387 2437 5439 Luc.
2469 5375 2612 5448 mi,
2638 5382 2727 5436 21.
2805 5381 2850 5412 “
2872 5379 3037 5435 l‘lebr.
3060 5395 3134 5441 χι,
3163 5378 3216 5459 9..
3298 5378 3344 5409 ⁸⁵
3368 5376 3508 5433 Gen.
3536 5394 3693 5448 χχιιι,

459 5456 512 5513 (5.
586 5459 631 5486 ⁸⁵
654 5457 788 5511 Gen.
824 5468 959 5508 xxii.

531 5545 644 5617 (55)
670 5547 838 5610 Alias,
868 5567 886 5598 ι
919 5546 1140 5599 utimur.
1174 5563 1191 5596 ι
1214 5541 1318 5597 Sed
1342 5555 1531 5596 omnes
1563 5554 1715 5605 mss.,
1752 5560 1769 5591 ι
1797 5551 1970 5617 utens.
1998 5561 2015 5593 ι

532 5613 950 5691 (56)_Sic1i_iss.
1010 5619 1155 5671 Alias
1189 5630 1336 5678 vero,
1397 5627 1599 5691 «opera
1654 5622 1830 5691 vestra
1882 5613 2021 5668 bona

461 5681 809 5758 magnificent
834 5686 1053 5744 Patrem
1084 5697 1320 5742 vestrum
1355 5681 1448 5754 qui
1488 5683 1541 5737 iu
1575 5681 1732 5738 melis
1761 5692 1863 5738 est.
1891 5700 1911 5734 ι

2199 5543 2311 5613 (57)
2361 5539 2847 5613 Mauifcstationem
2885 5549 2943 5613 et
2983 5537 3270 5594 veritatem
3316 5534 3694 5613 salinarum}

2124 5608 2630 5698 ᾁλήθεὶαγφνοιιειιι
2688 5610 2831 5666 LXX
2880 5611 3228 5681 lutet'pretes,
3278 5608 3425 5680 qunti
3483 5608 3691 5698 Περινιεί

2050 5755 2057 5762 δ
2131 5680 2278 5738 Urim
2312 5694 2355 5737 et
2391 5680 2674 5737 Tummim.
