  <div class='ocr_page' id='page_1' title='image "/cluster/home/n/w/nwhite01/storage/ocr_20150623/12/mdp.39015028786690/194.png"; bbox 0 0 4024 6146; ppageno 0'>
   <div class='ocr_carea' id='block_1_1' title="bbox 228 251 3494 333">
    <p class='ocr_par' dir='ltr' id='par_1_1' title="bbox 228 251 3494 333">
     <span class='ocr_line' id='line_1_1' title="bbox 228 251 3494 333; baseline -0.008 0"><span class='ocrx_word' id='word_1_1' title='bbox 228 275 331 333; x_wconf 75' lang='lat'><strong>569</strong></span> <span class='ocrx_word' id='word_1_2' title='bbox 1442 265 1505 321; x_wconf 84' lang='grc' dir='ltr'><strong>ΙΝ</strong></span> <span class='ocrx_word' id='word_1_3' title='bbox 1545 257 1833 319; x_wconf 76' lang='lat' dir='ltr'><strong>EXODUM</strong></span> <span class='ocrx_word' id='word_1_4' title='bbox 1870 254 2153 312; x_wconf 76' lang='lat' dir='ltr'><strong>HOMILIA</strong></span> <span class='ocrx_word' id='word_1_5' title='bbox 2184 254 2253 309; x_wconf 82' lang='lat' dir='ltr'><strong>X.</strong></span> <span class='ocrx_word' id='word_1_6' title='bbox 3389 251 3494 307; x_wconf 82' lang='lat'><strong>570</strong></span> 
     </span>
    </p>
   </div>
   <div class='ocr_carea' id='block_1_2' title="bbox 230 370 3492 463">
    <p class='ocr_par' dir='ltr' id='par_1_2' title="bbox 230 370 3492 463">
     <span class='ocr_line' id='line_1_2' title="bbox 230 370 3492 463; baseline -0.007 -14"><span class='ocrx_word' id='word_1_7' title='bbox 230 398 409 452; x_wconf 66' lang='lat' dir='ltr'><strong>tam</strong></span> <span class='ocrx_word' id='word_1_8' title='bbox 440 392 547 463; x_wconf 85' lang='lat' dir='ltr'><strong>qui</strong></span> <span class='ocrx_word' id='word_1_9' title='bbox 580 391 875 447; x_wconf 85' lang='lat' dir='ltr'><strong>mandatur</strong></span> <span class='ocrx_word' id='word_1_10' title='bbox 907 394 961 446; x_wconf 90' lang='lat' dir='ltr'><strong>in</strong></span> <span class='ocrx_word' id='word_1_11' title='bbox 990 391 1126 461; x_wconf 85' lang='lat' dir='ltr'><strong>lege,</strong></span> <span class='ocrx_word' id='word_1_12' title='bbox 1162 398 1220 443; x_wconf 91' lang='lat' dir='ltr'><strong>ut</strong></span> <span class='ocrx_word' id='word_1_13' title='bbox 1246 396 1405 444; x_wconf 81' lang='lat' dir='ltr'><strong>exeat</strong></span> <span class='ocrx_word' id='word_1_14' title='bbox 1429 387 1656 457; x_wconf 83' lang='lat' dir='ltr'><strong>pepnlus</strong></span> <span class='ocrx_word' id='word_1_15' title='bbox 1680 394 1825 438; x_wconf 85' lang='lat' dir='ltr'><strong>certa</strong></span> <span class='ocrx_word' id='word_1_16' title='bbox 1857 383 1903 440; x_wconf 77' lang='grc' dir='ltr'><strong>Α</strong></span> <span class='ocrx_word' id='word_1_17' title='bbox 1934 378 2135 446; x_wconf 84' lang='lat' dir='ltr'><strong>scripta</strong></span> <span class='ocrx_word' id='word_1_18' title='bbox 2186 373 2499 430; x_wconf 89' lang='lat' dir='ltr'><strong>referuntur</strong></span> <span class='ocrx_word' id='word_1_19' title='bbox 2532 390 2545 427; x_wconf 68' lang='grc' dir='ltr'><strong><em>ι</em></strong></span> <span class='ocrx_word' id='word_1_20' title='bbox 2579 390 2598 424; x_wconf 70' lang='grc' dir='ltr'>ι</span> <span class='ocrx_word' id='word_1_21' title='bbox 2625 371 2777 439; x_wconf 88' lang='lat' dir='ltr'><strong>Quod</strong></span> <span class='ocrx_word' id='word_1_22' title='bbox 2802 462 2809 463; x_wconf 14' lang='grc' dir='ltr'><em>γ</em></span> <span class='ocrx_word' id='word_1_23' title='bbox 2831 371 2874 425; x_wconf 88' lang='lat' dir='ltr'><strong>si</strong></span> <span class='ocrx_word' id='word_1_24' title='bbox 2930 370 3164 436; x_wconf 88' lang='lat' dir='ltr'><strong>steterit,</strong></span> <span class='ocrx_word' id='word_1_25' title='bbox 3215 370 3393 441; x_wconf 81' lang='lat' dir='ltr'><strong>inquit</strong></span> <span class='ocrx_word' id='word_1_26' title='bbox 3423 374 3492 438; x_wconf 86' lang='grc'><strong>⁸¹,</strong></span> 
     </span>
    </p>
   </div>
   <div class='ocr_carea' id='block_1_3' title="bbox 233 462 3496 549">
    <p class='ocr_par' dir='ltr' id='par_1_3' title="bbox 233 462 3496 549">
     <span class='ocr_line' id='line_1_3' title="bbox 233 462 3496 549; baseline -0.005 -6"><span class='ocrx_word' id='word_1_27' title='bbox 233 489 319 543; x_wconf 80' lang='lat' dir='ltr'><strong>die</strong></span> <span class='ocrx_word' id='word_1_28' title='bbox 356 485 532 549; x_wconf 81' lang='lat' dir='ltr'><strong>anni,</strong></span> <span class='ocrx_word' id='word_1_29' title='bbox 559 491 617 538; x_wconf 90' lang='lat' dir='ltr'><strong>et</strong></span> <span class='ocrx_word' id='word_1_30' title='bbox 660 485 718 537; x_wconf 88' lang='lat' dir='ltr'><strong>in</strong></span> <span class='ocrx_word' id='word_1_31' title='bbox 757 484 1122 539; x_wconf 82' lang='lat' dir='ltr'><strong>tabernaculis</strong></span> <span class='ocrx_word' id='word_1_32' title='bbox 1151 483 1378 542; x_wconf 88' lang='lat' dir='ltr'><strong>habitet,</strong></span> <span class='ocrx_word' id='word_1_33' title='bbox 1415 480 1621 533; x_wconf 80' lang='lat' dir='ltr'><strong>habens</strong></span> <span class='ocrx_word' id='word_1_34' title='bbox 1650 490 1829 530; x_wconf 88' lang='lat' dir='ltr'><strong>ramos</strong></span> <span class='ocrx_word' id='word_1_35' title='bbox 1932 469 2083 524; x_wconf 70' lang='lat' dir='ltr'><strong>testis</strong></span> <span class='ocrx_word' id='word_1_36' title='bbox 2123 469 2360 533; x_wconf 75' lang='grc' dir='ltr'><strong>ίηίιιιιυε,</strong></span> <span class='ocrx_word' id='word_1_37' title='bbox 2395 464 2756 522; x_wconf 71' lang='grc' dir='ltr'><strong>ιθειῖηιοιιίυιη</strong></span> <span class='ocrx_word' id='word_1_38' title='bbox 2791 462 2971 518; x_wconf 54' lang='lat' dir='ltr'><strong>fere“</strong></span> <span class='ocrx_word' id='word_1_39' title='bbox 3002 464 3291 520; x_wconf 64' lang='lat' dir='ltr'><strong>adversum</strong></span> <span class='ocrx_word' id='word_1_40' title='bbox 3319 463 3496 521; x_wconf 69' lang='lat' dir='ltr'><strong>homi-</strong></span> 
     </span>
    </p>
   </div>
   <div class='ocr_carea' id='block_1_4' title="bbox 232 570 1829 649">
    <p class='ocr_par' dir='ltr' id='par_1_4' title="bbox 232 570 1829 649">
     <span class='ocr_line' id='line_1_4' title="bbox 232 570 1829 649; baseline -0.006 -19"><span class='ocrx_word' id='word_1_41' title='bbox 232 575 585 649; x_wconf 72' lang='lat' dir='ltr'><strong>palmarum,</strong></span> <span class='ocrx_word' id='word_1_42' title='bbox 624 583 681 629; x_wconf 89' lang='lat' dir='ltr'><strong>et</strong></span> <span class='ocrx_word' id='word_1_43' title='bbox 722 572 947 628; x_wconf 85' lang='lat' dir='ltr'><strong>frondes</strong></span> <span class='ocrx_word' id='word_1_44' title='bbox 974 572 1159 627; x_wconf 83' lang='lat' dir='ltr'><strong>salicis</strong></span> <span class='ocrx_word' id='word_1_45' title='bbox 1206 586 1269 627; x_wconf 88' lang='lat' dir='ltr'><strong>ac</strong></span> <span class='ocrx_word' id='word_1_46' title='bbox 1312 570 1516 639; x_wconf 84' lang='lat' dir='ltr'><strong>populi,</strong></span> <span class='ocrx_word' id='word_1_47' title='bbox 1552 578 1607 622; x_wconf 89' lang='lat' dir='ltr'><strong>et</strong></span> <span class='ocrx_word' id='word_1_48' title='bbox 1650 582 1829 621; x_wconf 87' lang='lat' dir='ltr'><strong>ramos</strong></span> 
     </span>
    </p>
   </div>
   <div class='ocr_carea' id='block_1_5' title="bbox 236 657 1828 732">
    <p class='ocr_par' dir='ltr' id='par_1_5' title="bbox 236 657 1828 732">
     <span class='ocr_line' id='line_1_5' title="bbox 236 657 1828 732; baseline -0.006 -11"><span class='ocrx_word' id='word_1_49' title='bbox 236 665 463 722; x_wconf 77' lang='lat' dir='ltr'><strong>arboris</strong></span> <span class='ocrx_word' id='word_1_50' title='bbox 493 665 766 719; x_wconf 60' lang='lat' dir='ltr'><strong>frondosa;</strong></span> <span class='ocrx_word' id='word_1_51' title='bbox 784 665 849 717; x_wconf 68' lang='grc'><strong>⁸⁷.</strong></span> <span class='ocrx_word' id='word_1_52' title='bbox 869 664 1049 718; x_wconf 81' lang='lat' dir='ltr'><strong>Palma</strong></span> <span class='ocrx_word' id='word_1_53' title='bbox 1069 664 1305 718; x_wconf 67' lang='lat' dir='ltr'><strong>victoriae</strong></span> <span class='ocrx_word' id='word_1_54' title='bbox 1336 663 1548 732; x_wconf 88' lang='lat' dir='ltr'><strong>signum</strong></span> <span class='ocrx_word' id='word_1_55' title='bbox 1577 670 1659 714; x_wconf 87' lang='lat' dir='ltr'><strong>est</strong></span> <span class='ocrx_word' id='word_1_56' title='bbox 1683 657 1828 712; x_wconf 91' lang='lat' dir='ltr'><strong>illius</strong></span> 
     </span>
    </p>
   </div>
   <div class='ocr_carea' id='block_1_6' title="bbox 234 752 1830 827">
    <p class='ocr_par' dir='ltr' id='par_1_6' title="bbox 234 752 1830 827">
     <span class='ocr_line' id='line_1_6' title="bbox 234 752 1830 827; baseline -0.008 -11"><span class='ocrx_word' id='word_1_57' title='bbox 234 759 385 821; x_wconf 85' lang='lat' dir='ltr'><strong>belli,</strong></span> <span class='ocrx_word' id='word_1_58' title='bbox 417 758 576 827; x_wconf 87' lang='lat' dir='ltr'><strong>quod</strong></span> <span class='ocrx_word' id='word_1_59' title='bbox 628 758 770 811; x_wconf 87' lang='lat' dir='ltr'><strong>inter</strong></span> <span class='ocrx_word' id='word_1_60' title='bbox 801 772 860 812; x_wconf 89' lang='lat' dir='ltr'><strong>se</strong></span> <span class='ocrx_word' id='word_1_61' title='bbox 890 771 1016 811; x_wconf 85' lang='lat' dir='ltr'><strong>caro</strong></span> <span class='ocrx_word' id='word_1_62' title='bbox 1057 766 1112 811; x_wconf 87' lang='lat' dir='ltr'><strong>et</strong></span> <span class='ocrx_word' id='word_1_63' title='bbox 1147 755 1370 824; x_wconf 85' lang='lat' dir='ltr'><strong>spiritus</strong></span> <span class='ocrx_word' id='word_1_64' title='bbox 1413 758 1607 824; x_wconf 88' lang='lat' dir='ltr'><strong>gerunt</strong></span> <span class='ocrx_word' id='word_1_65' title='bbox 1655 752 1830 804; x_wconf 80' lang='lat' dir='ltr'><strong>Arbor</strong></span> 
     </span>
    </p>
   </div>
   <div class='ocr_carea' id='block_1_7' title="bbox 1931 557 3491 630">
    <p class='ocr_par' dir='ltr' id='par_1_7' title="bbox 1931 557 3491 630">
     <span class='ocr_line' id='line_1_7' title="bbox 1931 557 3491 630; baseline -0.003 -15"><span class='ocrx_word' id='word_1_66' title='bbox 1931 578 2051 616; x_wconf 90' lang='lat' dir='ltr'><strong>nem</strong></span> <span class='ocrx_word' id='word_1_67' title='bbox 2103 562 2171 616; x_wconf 90' lang='lat' dir='ltr'><strong>de</strong></span> <span class='ocrx_word' id='word_1_68' title='bbox 2221 560 2539 630; x_wconf 89' lang='lat' dir='ltr'><strong>impietate,</strong></span> <span class='ocrx_word' id='word_1_69' title='bbox 2594 566 2898 613; x_wconf 88' lang='lat' dir='ltr'><strong>statuentur</strong></span> <span class='ocrx_word' id='word_1_70' title='bbox 2953 557 3168 627; x_wconf 81' lang='lat' dir='ltr'><strong>utrique</strong></span> <span class='ocrx_word' id='word_1_71' title='bbox 3218 558 3491 623; x_wconf 86' lang='lat' dir='ltr'><strong>homines,</strong></span> 
     </span>
    </p>
   </div>
   <div class='ocr_carea' id='block_1_8' title="bbox 1929 644 3496 719">
    <p class='ocr_par' dir='ltr' id='par_1_8' title="bbox 1929 644 3496 719">
     <span class='ocr_line' id='line_1_8' title="bbox 1929 644 3496 719; baseline -0.001 -15"><span class='ocrx_word' id='word_1_72' title='bbox 1929 653 2122 719; x_wconf 84' lang='lat' dir='ltr'><strong>quibus</strong></span> <span class='ocrx_word' id='word_1_73' title='bbox 2168 659 2252 705; x_wconf 90' lang='lat' dir='ltr'><strong>est</strong></span> <span class='ocrx_word' id='word_1_74' title='bbox 2300 648 2698 712; x_wconf 78' lang='lat' dir='ltr'><strong>controversia,</strong></span> <span class='ocrx_word' id='word_1_75' title='bbox 2751 656 2876 701; x_wconf 85' lang='lat' dir='ltr'><strong>ante</strong></span> <span class='ocrx_word' id='word_1_76' title='bbox 2909 644 3217 712; x_wconf 90' lang='lat' dir='ltr'><strong>Dominum,</strong></span> <span class='ocrx_word' id='word_1_77' title='bbox 3261 655 3318 700; x_wconf 88' lang='lat' dir='ltr'><strong>et</strong></span> <span class='ocrx_word' id='word_1_78' title='bbox 3369 656 3496 702; x_wconf 91' lang='lat' dir='ltr'><strong>ante</strong></span> 
     </span>
    </p>
   </div>
   <div class='ocr_carea' id='block_1_9' title="bbox 1930 737 3495 808">
    <p class='ocr_par' dir='ltr' id='par_1_9' title="bbox 1930 737 3495 808">
     <span class='ocr_line' id='line_1_9' title="bbox 1930 737 3495 808; baseline -0.003 -11"><span class='ocrx_word' id='word_1_79' title='bbox 1930 742 2261 807; x_wconf 83' lang='lat' dir='ltr'><strong>sacerdotes,</strong></span> <span class='ocrx_word' id='word_1_80' title='bbox 2306 748 2362 794; x_wconf 90' lang='lat' dir='ltr'><strong>et</strong></span> <span class='ocrx_word' id='word_1_81' title='bbox 2393 750 2523 794; x_wconf 88' lang='lat' dir='ltr'><strong>ante</strong></span> <span class='ocrx_word' id='word_1_82' title='bbox 2567 737 2798 807; x_wconf 76' lang='lat' dir='ltr'><strong>iudices,</strong></span> <span class='ocrx_word' id='word_1_83' title='bbox 2830 738 3139 808; x_wconf 84' lang='lat' dir='ltr'><strong>quicunque</strong></span> <span class='ocrx_word' id='word_1_84' title='bbox 3183 737 3256 792; x_wconf 91' lang='lat' dir='ltr'><strong>illi</strong></span> <span class='ocrx_word' id='word_1_85' title='bbox 3291 737 3495 794; x_wconf 83' lang='lat' dir='ltr'><strong>fuerint</strong></span> 
     </span>
    </p>
   </div>
   <div class='ocr_carea' id='block_1_10' title="bbox 237 842 1828 917">
    <p class='ocr_par' dir='ltr' id='par_1_10' title="bbox 237 842 1828 917">
     <span class='ocr_line' id='line_1_10' title="bbox 237 842 1828 917; baseline -0.005 -14"><span class='ocrx_word' id='word_1_86' title='bbox 237 859 428 903; x_wconf 87' lang='lat' dir='ltr'><strong>autem</strong></span> <span class='ocrx_word' id='word_1_87' title='bbox 469 848 724 917; x_wconf 88' lang='lat' dir='ltr'><strong>populus,</strong></span> <span class='ocrx_word' id='word_1_88' title='bbox 756 858 811 903; x_wconf 91' lang='lat' dir='ltr'><strong>et</strong></span> <span class='ocrx_word' id='word_1_89' title='bbox 851 848 1010 913; x_wconf 84' lang='lat' dir='ltr'><strong>salix,</strong></span> <span class='ocrx_word' id='word_1_90' title='bbox 1045 856 1153 901; x_wconf 89' lang='lat' dir='ltr'><strong>tam</strong></span> <span class='ocrx_word' id='word_1_91' title='bbox 1184 847 1384 899; x_wconf 89' lang='lat' dir='ltr'><strong>virtute</strong></span> <span class='ocrx_word' id='word_1_92' title='bbox 1415 859 1574 913; x_wconf 88' lang='lat' dir='ltr'><strong>quam</strong></span> <span class='ocrx_word' id='word_1_93' title='bbox 1609 842 1828 896; x_wconf 87' lang='lat' dir='ltr'><strong>nomine</strong></span> 
     </span>
    </p>
   </div>
   <div class='ocr_carea' id='block_1_11' title="bbox 238 936 1828 1008">
    <p class='ocr_par' dir='ltr' id='par_1_11' title="bbox 238 936 1828 1008">
     <span class='ocr_line' id='line_1_11' title="bbox 238 936 1828 1008; baseline -0.002 -16"><span class='ocrx_word' id='word_1_94' title='bbox 238 938 492 1008; x_wconf 77' lang='lat' dir='ltr'><strong>virgulta</strong></span> <span class='ocrx_word' id='word_1_95' title='bbox 541 948 672 993; x_wconf 89' lang='lat' dir='ltr'><strong>sunt</strong></span> <span class='ocrx_word' id='word_1_96' title='bbox 700 939 990 994; x_wconf 84' lang='lat' dir='ltr'><strong>castitatis.</strong></span> <span class='ocrx_word' id='word_1_97' title='bbox 1031 938 1161 1004; x_wconf 72' lang='lat' dir='ltr'><strong>Qua:</strong></span> <span class='ocrx_word' id='word_1_98' title='bbox 1199 938 1244 992; x_wconf 87' lang='lat' dir='ltr'><strong>si</strong></span> <span class='ocrx_word' id='word_1_99' title='bbox 1279 936 1490 1006; x_wconf 78' lang='lat' dir='ltr'><strong>integre</strong></span> <span class='ocrx_word' id='word_1_100' title='bbox 1514 949 1828 999; x_wconf 81' lang='lat' dir='ltr'><strong>conserves,</strong></span> 
     </span>
    </p>
   </div>
   <div class='ocr_carea' id='block_1_12' title="bbox 240 1026 1832 1101">
    <p class='ocr_par' dir='ltr' id='par_1_12' title="bbox 240 1026 1832 1101">
     <span class='ocr_line' id='line_1_12' title="bbox 240 1026 1832 1101; baseline -0.003 -15"><span class='ocrx_word' id='word_1_101' title='bbox 240 1034 457 1087; x_wconf 81' lang='lat' dir='ltr'><strong>habere</strong></span> <span class='ocrx_word' id='word_1_102' title='bbox 511 1041 667 1101; x_wconf 88' lang='lat' dir='ltr'><strong>potes</strong></span> <span class='ocrx_word' id='word_1_103' title='bbox 699 1040 755 1087; x_wconf 89' lang='lat' dir='ltr'><strong>et</strong></span> <span class='ocrx_word' id='word_1_104' title='bbox 802 1045 1106 1086; x_wconf 60' lang='lat' dir='ltr'><strong>nemorosae</strong></span> <span class='ocrx_word' id='word_1_105' title='bbox 1156 1044 1220 1085; x_wconf 91' lang='lat' dir='ltr'><strong>ac</strong></span> <span class='ocrx_word' id='word_1_106' title='bbox 1268 1028 1572 1083; x_wconf 79' lang='lat' dir='ltr'><strong>frondentis</strong></span> <span class='ocrx_word' id='word_1_107' title='bbox 1617 1026 1832 1081; x_wconf 89' lang='lat' dir='ltr'><strong>arboris</strong></span> 
     </span>
    </p>
   </div>
   <div class='ocr_carea' id='block_1_13' title="bbox 242 1118 1829 1190">
    <p class='ocr_par' dir='ltr' id='par_1_13' title="bbox 242 1118 1829 1190">
     <span class='ocr_line' id='line_1_13' title="bbox 242 1118 1829 1190; baseline -0.002 -14"><span class='ocrx_word' id='word_1_108' title='bbox 242 1138 464 1187; x_wconf 83' lang='lat' dir='ltr'><strong>ramos,</strong></span> <span class='ocrx_word' id='word_1_109' title='bbox 496 1136 619 1190; x_wconf 72' lang='lat' dir='ltr'><strong>quae</strong></span> <span class='ocrx_word' id='word_1_110' title='bbox 657 1131 744 1177; x_wconf 88' lang='lat' dir='ltr'><strong>est</strong></span> <span class='ocrx_word' id='word_1_111' title='bbox 778 1131 976 1176; x_wconf 67' lang='lat' dir='ltr'><strong>aeterna</strong></span> <span class='ocrx_word' id='word_1_112' title='bbox 1019 1130 1073 1175; x_wconf 93' lang='lat' dir='ltr'><strong>et</strong></span> <span class='ocrx_word' id='word_1_113' title='bbox 1105 1121 1259 1177; x_wconf 88' lang='lat' dir='ltr'><strong>beata</strong></span> <span class='ocrx_word' id='word_1_114' title='bbox 1305 1119 1439 1184; x_wconf 88' lang='lat' dir='ltr'><strong>vita,</strong></span> <span class='ocrx_word' id='word_1_115' title='bbox 1482 1133 1602 1172; x_wconf 91' lang='lat' dir='ltr'><strong>cum</strong></span> <span class='ocrx_word' id='word_1_116' title='bbox 1642 1126 1694 1173; x_wconf 91' lang='lat' dir='ltr'><strong>te</strong></span> <span class='ocrx_word' id='word_1_117' title='bbox 1723 1118 1829 1173; x_wconf 87' lang='lat' dir='ltr'><strong>Do-</strong></span> 
     </span>
    </p>
   </div>
   <div class='ocr_carea' id='block_1_14' title="bbox 242 1212 1828 1281">
    <p class='ocr_par' dir='ltr' id='par_1_14' title="bbox 242 1212 1828 1281">
     <span class='ocr_line' id='line_1_14' title="bbox 242 1212 1828 1281; baseline -0.003 -13"><span class='ocrx_word' id='word_1_118' title='bbox 242 1215 433 1269; x_wconf 81' lang='lat' dir='ltr'><strong>minus</strong></span> <span class='ocrx_word' id='word_1_119' title='bbox 464 1214 670 1269; x_wconf 91' lang='lat' dir='ltr'><strong>inloco</strong></span> <span class='ocrx_word' id='word_1_120' title='bbox 701 1214 858 1269; x_wconf 83' lang='lat' dir='ltr'><strong>viridi</strong></span> <span class='ocrx_word' id='word_1_121' title='bbox 902 1212 1250 1268; x_wconf 88' lang='lat' dir='ltr'><strong>collocaverit</strong></span> <span class='ocrx_word' id='word_1_122' title='bbox 1296 1226 1461 1281; x_wconf 83' lang='lat' dir='ltr'><strong>super</strong></span> <span class='ocrx_word' id='word_1_123' title='bbox 1506 1227 1698 1280; x_wconf 87' lang='lat' dir='ltr'><strong>aquam</strong></span> <span class='ocrx_word' id='word_1_124' title='bbox 1739 1225 1828 1265; x_wconf 85' lang='lat' dir='ltr'><strong>re-</strong></span> 
     </span>
    </p>
   </div>
   <div class='ocr_carea' id='block_1_15' title="bbox 242 1302 1825 1376">
    <p class='ocr_par' dir='ltr' id='par_1_15' title="bbox 242 1302 1825 1376">
     <span class='ocr_line' id='line_1_15' title="bbox 242 1302 1825 1376; baseline -0.002 -18"><span class='ocrx_word' id='word_1_125' title='bbox 242 1306 539 1373; x_wconf 84' lang='lat' dir='ltr'><strong>fectionis,</strong></span> <span class='ocrx_word' id='word_1_126' title='bbox 574 1321 675 1376; x_wconf 88' lang='lat' dir='ltr'><strong>per</strong></span> <span class='ocrx_word' id='word_1_127' title='bbox 703 1306 975 1361; x_wconf 80' lang='lat' dir='ltr'><strong>Christum</strong></span> <span class='ocrx_word' id='word_1_128' title='bbox 1001 1302 1185 1359; x_wconf 83' lang='lat' dir='ltr'><strong>Jesum</strong></span> <span class='ocrx_word' id='word_1_129' title='bbox 1240 1303 1525 1358; x_wconf 86' lang='lat' dir='ltr'><strong>Dominum</strong></span> <span class='ocrx_word' id='word_1_130' title='bbox 1564 1313 1825 1366; x_wconf 89' lang='lat' dir='ltr'><strong>nostrum,</strong></span> 
     </span>
    </p>
   </div>
   <div class='ocr_carea' id='block_1_16' title="bbox 246 1392 1825 1470">
    <p class='ocr_par' dir='ltr' id='par_1_16' title="bbox 246 1392 1825 1470">
     <span class='ocr_line' id='line_1_16' title="bbox 246 1392 1825 1470; baseline -0.002 -18"><span class='ocrx_word' id='word_1_131' title='bbox 246 1399 330 1452; x_wconf 86' lang='lat' dir='ltr'><strong>cui</strong></span> <span class='ocrx_word' id='word_1_132' title='bbox 378 1409 473 1452; x_wconf 84' lang='lat' dir='ltr'><strong>est</strong></span> <span class='ocrx_word' id='word_1_133' title='bbox 508 1399 681 1470; x_wconf 79' lang='lat' dir='ltr'><strong>gloria</strong></span> <span class='ocrx_word' id='word_1_134' title='bbox 727 1405 783 1453; x_wconf 86' lang='lat' dir='ltr'><strong>et</strong></span> <span class='ocrx_word' id='word_1_135' title='bbox 828 1396 1115 1467; x_wconf 89' lang='lat' dir='ltr'><strong>imperium</strong></span> <span class='ocrx_word' id='word_1_136' title='bbox 1156 1395 1213 1450; x_wconf 91' lang='lat' dir='ltr'><strong>in</strong></span> <span class='ocrx_word' id='word_1_137' title='bbox 1260 1393 1459 1451; x_wconf 63' lang='lat' dir='ltr'><strong>sarcula</strong></span> <span class='ocrx_word' id='word_1_138' title='bbox 1485 1392 1825 1449; x_wconf 70' lang='lat' dir='ltr'><strong>saeculorum.</strong></span> 
     </span>
    </p>
   </div>
   <div class='ocr_carea' id='block_1_17' title="bbox 244 1491 454 1544">
    <p class='ocr_par' dir='ltr' id='par_1_17' title="bbox 244 1491 454 1544">
     <span class='ocr_line' id='line_1_17' title="bbox 244 1491 454 1544; baseline 0.014 -2"><span class='ocrx_word' id='word_1_139' title='bbox 244 1491 454 1544; x_wconf 82' lang='lat' dir='ltr'><strong>Amen.</strong></span> 
     </span>
    </p>
   </div>
   <div class='ocr_carea' id='block_1_18' title="bbox 844 1577 1234 1636">
    <p class='ocr_par' dir='ltr' id='par_1_18' title="bbox 844 1577 1234 1636">
     <span class='ocr_line' id='line_1_18' title="bbox 844 1577 1234 1636; baseline -0.008 -2"><span class='ocrx_word' id='word_1_140' title='bbox 844 1577 1128 1636; x_wconf 76' lang='lat' dir='ltr'><strong>HOMILIA</strong></span> <span class='ocrx_word' id='word_1_141' title='bbox 1165 1577 1234 1632; x_wconf 80' lang='grc' dir='ltr'><strong>Χ.</strong></span> 
     </span>
    </p>
   </div>
   <div class='ocr_carea' id='block_1_19' title="bbox 248 1670 1825 1744">
    <p class='ocr_par' dir='ltr' id='par_1_19' title="bbox 248 1670 1825 1744">
     <span class='ocr_line' id='line_1_19' title="bbox 248 1670 1825 1744; baseline -0.003 -18"><span class='ocrx_word' id='word_1_142' title='bbox 248 1672 325 1727; x_wconf 81' lang='lat' dir='ltr'><strong>De</strong></span> <span class='ocrx_word' id='word_1_143' title='bbox 352 1672 583 1729; x_wconf 81' lang='lat' dir='ltr'><strong>muliere</strong></span> <span class='ocrx_word' id='word_1_144' title='bbox 606 1682 929 1744; x_wconf 75' lang='lat' dir='ltr'><strong>pnegnante,</strong></span> <span class='ocrx_word' id='word_1_145' title='bbox 957 1690 1076 1742; x_wconf 68' lang='lat' dir='ltr'><strong>quin</strong></span> <span class='ocrx_word' id='word_1_146' title='bbox 1102 1673 1305 1726; x_wconf 75' lang='lat' dir='ltr'><strong>duobus</strong></span> <span class='ocrx_word' id='word_1_147' title='bbox 1336 1670 1464 1726; x_wconf 75' lang='lat' dir='ltr'><strong>viris</strong></span> <span class='ocrx_word' id='word_1_148' title='bbox 1491 1670 1825 1740; x_wconf 77' lang='lat' dir='ltr'><strong>litigantibus</strong></span> 
     </span>
    </p>
   </div>
   <div class='ocr_carea' id='block_1_20' title="bbox 888 1744 1213 1797">
    <p class='ocr_par' dir='ltr' id='par_1_20' title="bbox 888 1744 1213 1797">
     <span class='ocr_line' id='line_1_20' title="bbox 888 1744 1213 1797; baseline 0.003 -1"><span class='ocrx_word' id='word_1_149' title='bbox 888 1744 1213 1797; x_wconf 84' lang='lat' dir='ltr'><strong>abortiverit.</strong></span> 
     </span>
    </p>
   </div>
   <div class='ocr_carea' id='block_1_21' title="bbox 321 1854 1830 1928">
    <p class='ocr_par' dir='ltr' id='par_1_21' title="bbox 321 1854 1830 1928">
     <span class='ocr_line' id='line_1_21' title="bbox 321 1854 1830 1928; baseline 0 -19"><span class='ocrx_word' id='word_1_150' title='bbox 321 1857 377 1910; x_wconf 79' lang='lat' dir='ltr'><strong>l.</strong></span> <span class='ocrx_word' id='word_1_151' title='bbox 420 1874 442 1908; x_wconf 72' lang='grc' dir='ltr'>ι</span> <span class='ocrx_word' id='word_1_152' title='bbox 469 1856 621 1928; x_wconf 81' lang='lat' dir='ltr'><strong>Quod</strong></span> <span class='ocrx_word' id='word_1_153' title='bbox 655 1857 700 1912; x_wconf 88' lang='lat' dir='ltr'><strong>si</strong></span> <span class='ocrx_word' id='word_1_154' title='bbox 754 1856 1044 1927; x_wconf 84' lang='lat' dir='ltr'><strong>litigabunt</strong></span> <span class='ocrx_word' id='word_1_155' title='bbox 1071 1858 1174 1911; x_wconf 87' lang='lat' dir='ltr'><strong>duo</strong></span> <span class='ocrx_word' id='word_1_156' title='bbox 1210 1856 1336 1922; x_wconf 88' lang='lat' dir='ltr'><strong>viri,</strong></span> <span class='ocrx_word' id='word_1_157' title='bbox 1368 1864 1421 1910; x_wconf 87' lang='lat' dir='ltr'><strong>et</strong></span> <span class='ocrx_word' id='word_1_158' title='bbox 1460 1854 1830 1924; x_wconf 87' lang='lat' dir='ltr'><strong>percusseriut</strong></span> 
     </span>
    </p>
   </div>
   <div class='ocr_carea' id='block_1_22' title="bbox 252 1946 1830 2019">
    <p class='ocr_par' dir='ltr' id='par_1_22' title="bbox 252 1946 1830 2019">
     <span class='ocr_line' id='line_1_22' title="bbox 252 1946 1830 2019; baseline -0.001 -17"><span class='ocrx_word' id='word_1_159' title='bbox 252 1950 541 2004; x_wconf 77' lang='lat' dir='ltr'><strong>mulierem</strong></span> <span class='ocrx_word' id='word_1_160' title='bbox 579 1956 970 2019; x_wconf 66' lang='lat' dir='ltr'><strong>praegnantem,</strong></span> <span class='ocrx_word' id='word_1_161' title='bbox 1009 1957 1064 2004; x_wconf 92' lang='lat' dir='ltr'><strong>et</strong></span> <span class='ocrx_word' id='word_1_162' title='bbox 1093 1948 1292 2003; x_wconf 79' lang='lat' dir='ltr'><strong>exierit</strong></span> <span class='ocrx_word' id='word_1_163' title='bbox 1318 1946 1498 2003; x_wconf 91' lang='lat' dir='ltr'><strong>infans</strong></span> <span class='ocrx_word' id='word_1_164' title='bbox 1540 1946 1657 2015; x_wconf 85' lang='lat' dir='ltr'><strong>ejus</strong></span> <span class='ocrx_word' id='word_1_165' title='bbox 1690 1962 1830 2001; x_wconf 69' lang='lat' dir='ltr'><strong>nouo</strong></span> 
     </span>
    </p>
   </div>
   <div class='ocr_carea' id='block_1_23' title="bbox 254 2041 1829 2110">
    <p class='ocr_par' dir='ltr' id='par_1_23' title="bbox 254 2041 1829 2110">
     <span class='ocr_line' id='line_1_23' title="bbox 254 2041 1829 2110; baseline -0.001 -15"><span class='ocrx_word' id='word_1_166' title='bbox 254 2044 378 2095; x_wconf 86' lang='lat' dir='ltr'><strong>dum</strong></span> <span class='ocrx_word' id='word_1_167' title='bbox 415 2041 707 2106; x_wconf 84' lang='lat' dir='ltr'><strong>formatus,</strong></span> <span class='ocrx_word' id='word_1_168' title='bbox 747 2042 1134 2099; x_wconf 90' lang='lat' dir='ltr'><strong>detrimentum</strong></span> <span class='ocrx_word' id='word_1_169' title='bbox 1170 2042 1405 2110; x_wconf 90' lang='lat' dir='ltr'><strong>patietur</strong></span> <span class='ocrx_word' id='word_1_170' title='bbox 1431 2051 1696 2110; x_wconf 86' lang='lat' dir='ltr'><strong>quantum</strong></span> <span class='ocrx_word' id='word_1_171' title='bbox 1740 2041 1829 2094; x_wconf 81' lang='lat' dir='ltr'><strong>in-</strong></span> 
     </span>
    </p>
   </div>
   <div class='ocr_carea' id='block_1_24' title="bbox 256 2131 1827 2199">
    <p class='ocr_par' dir='ltr' id='par_1_24' title="bbox 256 2131 1827 2199">
     <span class='ocr_line' id='line_1_24' title="bbox 256 2131 1827 2199; baseline -0.002 -12"><span class='ocrx_word' id='word_1_172' title='bbox 256 2134 457 2188; x_wconf 77' lang='lat' dir='ltr'><strong>dixerit</strong></span> <span class='ocrx_word' id='word_1_173' title='bbox 498 2134 585 2188; x_wconf 87' lang='lat' dir='ltr'><strong>vir</strong></span> <span class='ocrx_word' id='word_1_174' title='bbox 630 2132 897 2199; x_wconf 87' lang='lat' dir='ltr'><strong>mulieris,</strong></span> <span class='ocrx_word' id='word_1_175' title='bbox 933 2141 989 2189; x_wconf 90' lang='lat' dir='ltr'><strong>et</strong></span> <span class='ocrx_word' id='word_1_176' title='bbox 1014 2133 1165 2187; x_wconf 86' lang='lat' dir='ltr'><strong>dabit</strong></span> <span class='ocrx_word' id='word_1_177' title='bbox 1196 2148 1317 2187; x_wconf 90' lang='lat' dir='ltr'><strong>cum</strong></span> <span class='ocrx_word' id='word_1_178' title='bbox 1350 2134 1574 2189; x_wconf 90' lang='lat' dir='ltr'><strong>honore.</strong></span> <span class='ocrx_word' id='word_1_179' title='bbox 1609 2131 1761 2199; x_wconf 85' lang='lat' dir='ltr'><strong>Quod</strong></span> <span class='ocrx_word' id='word_1_180' title='bbox 1783 2132 1827 2187; x_wconf 89' lang='lat' dir='ltr'><strong>si</strong></span> 
     </span>
    </p>
   </div>
   <div class='ocr_carea' id='block_1_25' title="bbox 256 2219 1827 2294">
    <p class='ocr_par' dir='ltr' id='par_1_25' title="bbox 256 2219 1827 2294">
     <span class='ocr_line' id='line_1_25' title="bbox 256 2219 1827 2294; baseline 0 -18"><span class='ocrx_word' id='word_1_181' title='bbox 256 2226 526 2278; x_wconf 80' lang='lat' dir='ltr'><strong>tormatus</strong></span> <span class='ocrx_word' id='word_1_182' title='bbox 554 2219 738 2290; x_wconf 77' lang='lat' dir='ltr'><strong>fuerit,</strong></span> <span class='ocrx_word' id='word_1_183' title='bbox 783 2224 937 2279; x_wconf 87' lang='lat' dir='ltr'><strong>dabit</strong></span> <span class='ocrx_word' id='word_1_184' title='bbox 977 2225 1214 2279; x_wconf 81' lang='lat' dir='ltr'><strong>animam</strong></span> <span class='ocrx_word' id='word_1_185' title='bbox 1247 2240 1345 2294; x_wconf 91' lang='lat' dir='ltr'><strong>pro</strong></span> <span class='ocrx_word' id='word_1_186' title='bbox 1382 2225 1585 2290; x_wconf 89' lang='lat' dir='ltr'><strong>anima,</strong></span> <span class='ocrx_word' id='word_1_187' title='bbox 1614 2223 1827 2279; x_wconf 90' lang='lat' dir='ltr'><strong>oculum</strong></span> 
     </span>
    </p>
   </div>
   <div class='ocr_carea' id='block_1_26' title="bbox 257 2314 1827 2387">
    <p class='ocr_par' dir='ltr' id='par_1_26' title="bbox 257 2314 1827 2387">
     <span class='ocr_line' id='line_1_26' title="bbox 257 2314 1827 2387; baseline 0 -18"><span class='ocrx_word' id='word_1_188' title='bbox 257 2327 349 2381; x_wconf 80' lang='lat' dir='ltr'><strong>pro</strong></span> <span class='ocrx_word' id='word_1_189' title='bbox 388 2314 574 2380; x_wconf 87' lang='lat' dir='ltr'><strong>oculo,</strong></span> <span class='ocrx_word' id='word_1_190' title='bbox 617 2314 831 2370; x_wconf 90' lang='lat' dir='ltr'><strong>dentem</strong></span> <span class='ocrx_word' id='word_1_191' title='bbox 882 2331 981 2385; x_wconf 92' lang='lat' dir='ltr'><strong>pro</strong></span> <span class='ocrx_word' id='word_1_192' title='bbox 1030 2317 1214 2381; x_wconf 86' lang='lat' dir='ltr'><strong>dente,</strong></span> <span class='ocrx_word' id='word_1_193' title='bbox 1251 2331 1469 2371; x_wconf 88' lang='lat' dir='ltr'><strong>manum</strong></span> <span class='ocrx_word' id='word_1_194' title='bbox 1515 2330 1615 2387; x_wconf 92' lang='lat' dir='ltr'><strong>pro</strong></span> <span class='ocrx_word' id='word_1_195' title='bbox 1645 2330 1827 2380; x_wconf 92' lang='lat' dir='ltr'><strong>manu,</strong></span> 
     </span>
    </p>
   </div>
   <div class='ocr_carea' id='block_1_27' title="bbox 257 2404 1826 2477">
    <p class='ocr_par' dir='ltr' id='par_1_27' title="bbox 257 2404 1826 2477">
     <span class='ocr_line' id='line_1_27' title="bbox 257 2404 1826 2477; baseline 0.001 -19"><span class='ocrx_word' id='word_1_196' title='bbox 257 2404 449 2472; x_wconf 81' lang='lat' dir='ltr'><strong>pedem</strong></span> <span class='ocrx_word' id='word_1_197' title='bbox 494 2420 595 2476; x_wconf 90' lang='lat' dir='ltr'><strong>pro</strong></span> <span class='ocrx_word' id='word_1_198' title='bbox 641 2407 798 2475; x_wconf 88' lang='lat' dir='ltr'><strong>pede,</strong></span> <span class='ocrx_word' id='word_1_199' title='bbox 842 2406 1247 2462; x_wconf 90' lang='lat' dir='ltr'><strong>combusturam</strong></span> <span class='ocrx_word' id='word_1_200' title='bbox 1295 2422 1395 2477; x_wconf 92' lang='lat' dir='ltr'><strong>pro</strong></span> <span class='ocrx_word' id='word_1_201' title='bbox 1443 2409 1826 2474; x_wconf 85' lang='lat' dir='ltr'><strong>combustura,</strong></span> 
     </span>
    </p>
   </div>
   <div class='ocr_carea' id='block_1_28' title="bbox 257 2493 1829 2567">
    <p class='ocr_par' dir='ltr' id='par_1_28' title="bbox 257 2493 1829 2567">
     <span class='ocr_line' id='line_1_28' title="bbox 257 2493 1829 2567; baseline 0.002 -20"><span class='ocrx_word' id='word_1_202' title='bbox 257 2493 453 2551; x_wconf 79' lang='lat' dir='ltr'><strong>vulnus</strong></span> <span class='ocrx_word' id='word_1_203' title='bbox 484 2511 585 2566; x_wconf 90' lang='lat' dir='ltr'><strong>pro</strong></span> <span class='ocrx_word' id='word_1_204' title='bbox 615 2498 854 2565; x_wconf 85' lang='lat' dir='ltr'><strong>vulnere,</strong></span> <span class='ocrx_word' id='word_1_205' title='bbox 901 2497 1127 2554; x_wconf 86' lang='lat' dir='ltr'><strong>livorem</strong></span> <span class='ocrx_word' id='word_1_206' title='bbox 1161 2512 1259 2567; x_wconf 92' lang='lat' dir='ltr'><strong>pro</strong></span> <span class='ocrx_word' id='word_1_207' title='bbox 1301 2498 1471 2553; x_wconf 90' lang='lat' dir='ltr'><strong>livore</strong></span> <span class='ocrx_word' id='word_1_208' title='bbox 1485 2497 1554 2550; x_wconf 64' lang='grc'><strong>³⁸.</strong></span> <span class='ocrx_word' id='word_1_209' title='bbox 1583 2518 1600 2550; x_wconf 83' lang='grc'>›</span> <span class='ocrx_word' id='word_1_210' title='bbox 1646 2496 1829 2551; x_wconf 81' lang='lat' dir='ltr'><strong>Primo</strong></span> 
     </span>
    </p>
   </div>
   <div class='ocr_carea' id='block_1_29' title="bbox 255 2588 1830 2659">
    <p class='ocr_par' dir='ltr' id='par_1_29' title="bbox 255 2588 1830 2659">
     <span class='ocr_line' id='line_1_29' title="bbox 255 2588 1830 2659; baseline 0.002 -18"><span class='ocrx_word' id='word_1_211' title='bbox 255 2588 502 2642; x_wconf 83' lang='lat' dir='ltr'><strong>omnium</strong></span> <span class='ocrx_word' id='word_1_212' title='bbox 557 2588 614 2643; x_wconf 88' lang='lat' dir='ltr'><strong>in</strong></span> <span class='ocrx_word' id='word_1_213' title='bbox 663 2589 750 2644; x_wconf 89' lang='lat' dir='ltr'><strong>his</strong></span> <span class='ocrx_word' id='word_1_214' title='bbox 791 2590 1176 2659; x_wconf 89' lang='lat' dir='ltr'><strong>requirendum</strong></span> <span class='ocrx_word' id='word_1_215' title='bbox 1210 2604 1330 2646; x_wconf 84' lang='lat' dir='ltr'><strong>esse</strong></span> <span class='ocrx_word' id='word_1_216' title='bbox 1373 2601 1521 2659; x_wconf 90' lang='lat' dir='ltr'><strong>puto,</strong></span> <span class='ocrx_word' id='word_1_217' title='bbox 1568 2590 1668 2644; x_wconf 85' lang='lat' dir='ltr'><strong>sub</strong></span> <span class='ocrx_word' id='word_1_218' title='bbox 1720 2604 1830 2659; x_wconf 94' lang='lat' dir='ltr'><strong>quo</strong></span> 
     </span>
    </p>
   </div>
   <div class='ocr_carea' id='block_1_30' title="bbox 258 2678 1829 2752">
    <p class='ocr_par' dir='ltr' id='par_1_30' title="bbox 258 2678 1829 2752">
     <span class='ocr_line' id='line_1_30' title="bbox 258 2678 1829 2752; baseline 0.002 -22"><span class='ocrx_word' id='word_1_219' title='bbox 258 2678 394 2747; x_wconf 82' lang='lat' dir='ltr'><strong>legis</strong></span> <span class='ocrx_word' id='word_1_220' title='bbox 423 2678 584 2735; x_wconf 89' lang='lat' dir='ltr'><strong>titulo</strong></span> <span class='ocrx_word' id='word_1_221' title='bbox 612 2679 915 2747; x_wconf 77' lang='lat' dir='ltr'><strong>huiusmodi</strong></span> <span class='ocrx_word' id='word_1_222' title='bbox 951 2690 1156 2736; x_wconf 90' lang='lat' dir='ltr'><strong>statuta</strong></span> <span class='ocrx_word' id='word_1_223' title='bbox 1187 2691 1498 2737; x_wconf 88' lang='lat' dir='ltr'><strong>censentur.</strong></span> <span class='ocrx_word' id='word_1_224' title='bbox 1534 2681 1692 2752; x_wconf 71' lang='lat'><strong>106</strong></span> <span class='ocrx_word' id='word_1_225' title='bbox 1712 2679 1829 2735; x_wconf 87' lang='lat' dir='ltr'><strong>Non</strong></span> 
     </span>
    </p>
   </div>
   <div class='ocr_carea' id='block_1_31' title="bbox 259 2770 1832 2843">
    <p class='ocr_par' dir='ltr' id='par_1_31' title="bbox 259 2770 1832 2843">
     <span class='ocr_line' id='line_1_31' title="bbox 259 2770 1832 2843; baseline 0.002 -20"><span class='ocrx_word' id='word_1_226' title='bbox 259 2773 427 2839; x_wconf 83' lang='lat' dir='ltr'><strong>enim,</strong></span> <span class='ocrx_word' id='word_1_227' title='bbox 467 2781 529 2826; x_wconf 84' lang='lat' dir='ltr'><strong>ut</strong></span> <span class='ocrx_word' id='word_1_228' title='bbox 571 2770 999 2842; x_wconf 86' lang='lat' dir='ltr'><strong>simplicioribus</strong></span> <span class='ocrx_word' id='word_1_229' title='bbox 1048 2772 1282 2840; x_wconf 85' lang='lat' dir='ltr'><strong>videtur,</strong></span> <span class='ocrx_word' id='word_1_230' title='bbox 1326 2783 1523 2827; x_wconf 87' lang='lat' dir='ltr'><strong>cuncta</strong></span> <span class='ocrx_word' id='word_1_231' title='bbox 1559 2790 1680 2843; x_wconf 67' lang='lat' dir='ltr'><strong>quae</strong></span> <span class='ocrx_word' id='word_1_232' title='bbox 1719 2785 1832 2829; x_wconf 81' lang='lat' dir='ltr'><strong>sta-</strong></span> 
     </span>
    </p>
   </div>
   <div class='ocr_carea' id='block_1_32' title="bbox 264 2862 1833 2934">
    <p class='ocr_par' dir='ltr' id='par_1_32' title="bbox 264 2862 1833 2934">
     <span class='ocr_line' id='line_1_32' title="bbox 264 2862 1833 2934; baseline 0.003 -20"><span class='ocrx_word' id='word_1_233' title='bbox 264 2870 488 2916; x_wconf 85' lang='lat' dir='ltr'><strong>tuuntur</strong></span> <span class='ocrx_word' id='word_1_234' title='bbox 513 2862 604 2916; x_wconf 91' lang='lat' dir='ltr'><strong>lex</strong></span> <span class='ocrx_word' id='word_1_235' title='bbox 633 2864 849 2929; x_wconf 79' lang='lat' dir='ltr'><strong>dicitur,</strong></span> <span class='ocrx_word' id='word_1_236' title='bbox 885 2865 980 2917; x_wconf 88' lang='lat' dir='ltr'><strong>sed</strong></span> <span class='ocrx_word' id='word_1_237' title='bbox 1029 2864 1277 2934; x_wconf 78' lang='lat' dir='ltr'><strong>quaedam</strong></span> <span class='ocrx_word' id='word_1_238' title='bbox 1302 2865 1522 2933; x_wconf 84' lang='lat' dir='ltr'><strong>quidem</strong></span> <span class='ocrx_word' id='word_1_239' title='bbox 1554 2865 1661 2929; x_wconf 85' lang='lat' dir='ltr'><strong>lex,</strong></span> <span class='ocrx_word' id='word_1_240' title='bbox 1685 2880 1833 2934; x_wconf 70' lang='lat' dir='ltr'><strong>quaa-</strong></span> 
     </span>
    </p>
   </div>
   <div class='ocr_carea' id='block_1_33' title="bbox 268 2952 1830 3025">
    <p class='ocr_par' dir='ltr' id='par_1_33' title="bbox 268 2952 1830 3025">
     <span class='ocr_line' id='line_1_33' title="bbox 268 2952 1830 3025; baseline 0.004 -23"><span class='ocrx_word' id='word_1_241' title='bbox 268 2953 383 3004; x_wconf 79' lang='lat' dir='ltr'><strong>dam</strong></span> <span class='ocrx_word' id='word_1_242' title='bbox 412 2952 754 3018; x_wconf 90' lang='lat' dir='ltr'><strong>testimonia,</strong></span> <span class='ocrx_word' id='word_1_243' title='bbox 783 2954 888 3008; x_wconf 89' lang='lat' dir='ltr'><strong>alia</strong></span> <span class='ocrx_word' id='word_1_244' title='bbox 927 2956 1180 3009; x_wconf 89' lang='lat' dir='ltr'><strong>mandata</strong></span> <span class='ocrx_word' id='word_1_245' title='bbox 1211 2965 1269 3010; x_wconf 89' lang='lat' dir='ltr'><strong>et</strong></span> <span class='ocrx_word' id='word_1_246' title='bbox 1303 2954 1548 3024; x_wconf 68' lang='lat' dir='ltr'><strong>iustitiae,</strong></span> <span class='ocrx_word' id='word_1_247' title='bbox 1581 2955 1830 3025; x_wconf 70' lang='lat' dir='ltr'><strong>quaedam</strong></span> 
     </span>
    </p>
   </div>
   <div class='ocr_carea' id='block_1_34' title="bbox 264 3038 1832 3114">
    <p class='ocr_par' dir='ltr' id='par_1_34' title="bbox 264 3038 1832 3114">
     <span class='ocr_line' id='line_1_34' title="bbox 264 3038 1832 3114; baseline 0.006 -23"><span class='ocrx_word' id='word_1_248' title='bbox 264 3038 456 3108; x_wconf 81' lang='lat' dir='ltr'><strong>judicia</strong></span> <span class='ocrx_word' id='word_1_249' title='bbox 485 3044 851 3114; x_wconf 85' lang='lat' dir='ltr'><strong>appellantur.</strong></span> <span class='ocrx_word' id='word_1_250' title='bbox 882 3046 1035 3111; x_wconf 86' lang='lat' dir='ltr'><strong>Quod</strong></span> <span class='ocrx_word' id='word_1_251' title='bbox 1059 3046 1363 3101; x_wconf 81' lang='lat' dir='ltr'><strong>evidentius</strong></span> <span class='ocrx_word' id='word_1_252' title='bbox 1392 3047 1443 3101; x_wconf 92' lang='lat' dir='ltr'><strong>in</strong></span> <span class='ocrx_word' id='word_1_253' title='bbox 1479 3063 1642 3101; x_wconf 88' lang='lat' dir='ltr'><strong>unum</strong></span> <span class='ocrx_word' id='word_1_254' title='bbox 1668 3045 1832 3101; x_wconf 84' lang='lat' dir='ltr'><strong>colle-</strong></span> 
     </span>
    </p>
   </div>
   <div class='ocr_carea' id='block_1_35' title="bbox 269 3135 1823 3207">
    <p class='ocr_par' dir='ltr' id='par_1_35' title="bbox 269 3135 1823 3207">
     <span class='ocr_line' id='line_1_35' title="bbox 269 3135 1823 3207; baseline 0.003 -21"><span class='ocrx_word' id='word_1_255' title='bbox 269 3142 428 3196; x_wconf 85' lang='lat' dir='ltr'><strong>ctum.</strong></span> <span class='ocrx_word' id='word_1_256' title='bbox 446 3143 675 3190; x_wconf 88' lang='lat' dir='ltr'><strong>octavus</strong></span> <span class='ocrx_word' id='word_1_257' title='bbox 696 3135 941 3190; x_wconf 88' lang='lat' dir='ltr'><strong>decimus</strong></span> <span class='ocrx_word' id='word_1_258' title='bbox 955 3137 1149 3191; x_wconf 87' lang='lat' dir='ltr'><strong>edocet</strong></span> <span class='ocrx_word' id='word_1_259' title='bbox 1169 3135 1425 3207; x_wconf 84' lang='lat' dir='ltr'><strong>psalmus.</strong></span> <span class='ocrx_word' id='word_1_260' title='bbox 1451 3152 1573 3192; x_wconf 88' lang='lat' dir='ltr'><strong>cum</strong></span> <span class='ocrx_word' id='word_1_261' title='bbox 1600 3136 1823 3191; x_wconf 74' lang='lat' dir='ltr'><strong>dicit“:</strong></span> 
     </span>
    </p>
   </div>
   <div class='ocr_carea' id='block_1_36' title="bbox 273 3224 1825 3296">
    <p class='ocr_par' dir='ltr' id='par_1_36' title="bbox 273 3224 1825 3296">
     <span class='ocr_line' id='line_1_36' title="bbox 273 3224 1825 3296; baseline 0.005 -22"><span class='ocrx_word' id='word_1_262' title='bbox 273 3241 290 3274; x_wconf 77' lang='grc' dir='ltr'>ι</span> <span class='ocrx_word' id='word_1_263' title='bbox 319 3224 427 3279; x_wconf 78' lang='lat' dir='ltr'><strong>Lex</strong></span> <span class='ocrx_word' id='word_1_264' title='bbox 454 3224 672 3281; x_wconf 85' lang='lat' dir='ltr'><strong>Domini</strong></span> <span class='ocrx_word' id='word_1_265' title='bbox 693 3227 1207 3296; x_wconf 87' lang='lat' dir='ltr'><strong>irreprehensibilis,</strong></span> <span class='ocrx_word' id='word_1_266' title='bbox 1233 3236 1560 3282; x_wconf 90' lang='lat' dir='ltr'><strong>convertens</strong></span> <span class='ocrx_word' id='word_1_267' title='bbox 1581 3228 1825 3282; x_wconf 88' lang='lat' dir='ltr'><strong>animas:</strong></span> 
     </span>
    </p>
   </div>
   <div class='ocr_carea' id='block_1_37' title="bbox 269 3319 1830 3391">
    <p class='ocr_par' dir='ltr' id='par_1_37' title="bbox 269 3319 1830 3391">
     <span class='ocr_line' id='line_1_37' title="bbox 269 3319 1830 3391; baseline 0.004 -21"><span class='ocrx_word' id='word_1_268' title='bbox 269 3319 637 3374; x_wconf 79' lang='lat' dir='ltr'><strong>testimonium</strong></span> <span class='ocrx_word' id='word_1_269' title='bbox 690 3319 904 3375; x_wconf 87' lang='lat' dir='ltr'><strong>Domini</strong></span> <span class='ocrx_word' id='word_1_270' title='bbox 959 3321 1138 3385; x_wconf 81' lang='lat' dir='ltr'><strong>ﬁdele,</strong></span> <span class='ocrx_word' id='word_1_271' title='bbox 1193 3321 1509 3390; x_wconf 87' lang='lat' dir='ltr'><strong>sapientiam</strong></span> <span class='ocrx_word' id='word_1_272' title='bbox 1563 3332 1830 3391; x_wconf 68' lang='lat' dir='ltr'><strong>[innatans</strong></span> 
     </span>
    </p>
   </div>
   <div class='ocr_carea' id='block_1_38' title="bbox 267 3409 1825 3477">
    <p class='ocr_par' dir='ltr' id='par_1_38' title="bbox 267 3409 1825 3477">
     <span class='ocr_line' id='line_1_38' title="bbox 267 3409 1825 3477; baseline 0 -15"><span class='ocrx_word' id='word_1_273' title='bbox 267 3410 524 3477; x_wconf 82' lang='lat' dir='ltr'><strong>parvulis.</strong></span> <span class='ocrx_word' id='word_1_274' title='bbox 561 3409 792 3464; x_wconf 71' lang='lat' dir='ltr'><strong>Justitiae</strong></span> <span class='ocrx_word' id='word_1_275' title='bbox 844 3410 1055 3465; x_wconf 88' lang='lat' dir='ltr'><strong>Domini</strong></span> <span class='ocrx_word' id='word_1_276' title='bbox 1088 3421 1247 3466; x_wconf 72' lang='lat' dir='ltr'><strong>recte:</strong></span> <span class='ocrx_word' id='word_1_277' title='bbox 1275 3411 1617 3467; x_wconf 68' lang='lat' dir='ltr'><strong>laetiﬁcantes</strong></span> <span class='ocrx_word' id='word_1_278' title='bbox 1641 3412 1825 3474; x_wconf 87' lang='lat' dir='ltr'><strong>corda,</strong></span> 
     </span>
    </p>
   </div>
   <div class='ocr_carea' id='block_1_39' title="bbox 269 3502 1829 3570">
    <p class='ocr_par' dir='ltr' id='par_1_39' title="bbox 269 3502 1829 3570">
     <span class='ocr_line' id='line_1_39' title="bbox 269 3502 1829 3570; baseline 0.003 -17"><span class='ocrx_word' id='word_1_279' title='bbox 269 3510 592 3570; x_wconf 65' lang='lat' dir='ltr'><strong>praeceptum</strong></span> <span class='ocrx_word' id='word_1_280' title='bbox 625 3502 835 3556; x_wconf 88' lang='lat' dir='ltr'><strong>Domini</strong></span> <span class='ocrx_word' id='word_1_281' title='bbox 879 3503 1116 3558; x_wconf 88' lang='lat' dir='ltr'><strong>lucidum</strong></span> <span class='ocrx_word' id='word_1_282' title='bbox 1155 3504 1464 3559; x_wconf 89' lang='lat' dir='ltr'><strong>illuminaus</strong></span> <span class='ocrx_word' id='word_1_283' title='bbox 1495 3504 1703 3560; x_wconf 89' lang='lat' dir='ltr'><strong>oculos.</strong></span> <span class='ocrx_word' id='word_1_284' title='bbox 1735 3503 1829 3558; x_wconf 84' lang='lat' dir='ltr'><strong>Ti-</strong></span> 
     </span>
    </p>
   </div>
   <div class='ocr_carea' id='block_1_40' title="bbox 270 3593 1830 3663">
    <p class='ocr_par' dir='ltr' id='par_1_40' title="bbox 270 3593 1830 3663">
     <span class='ocr_line' id='line_1_40' title="bbox 270 3593 1830 3663; baseline 0.003 -19"><span class='ocrx_word' id='word_1_285' title='bbox 270 3608 381 3647; x_wconf 92' lang='lat' dir='ltr'><strong>mor</strong></span> <span class='ocrx_word' id='word_1_286' title='bbox 404 3593 621 3647; x_wconf 87' lang='lat' dir='ltr'><strong>Domini</strong></span> <span class='ocrx_word' id='word_1_287' title='bbox 650 3601 872 3648; x_wconf 88' lang='lat' dir='ltr'><strong>sanctus</strong></span> <span class='ocrx_word' id='word_1_288' title='bbox 900 3610 1224 3663; x_wconf 89' lang='lat' dir='ltr'><strong>permanens</strong></span> <span class='ocrx_word' id='word_1_289' title='bbox 1254 3596 1306 3648; x_wconf 91' lang='lat' dir='ltr'><strong>in</strong></span> <span class='ocrx_word' id='word_1_290' title='bbox 1342 3594 1599 3650; x_wconf 72' lang='lat' dir='ltr'><strong>saeculum</strong></span> <span class='ocrx_word' id='word_1_291' title='bbox 1624 3594 1830 3660; x_wconf 72' lang='lat' dir='ltr'><strong>seaculi,</strong></span> 
     </span>
    </p>
   </div>
   <div class='ocr_carea' id='block_1_41' title="bbox 265 3684 1829 3759">
    <p class='ocr_par' dir='ltr' id='par_1_41' title="bbox 265 3684 1829 3759">
     <span class='ocr_line' id='line_1_41' title="bbox 265 3684 1829 3759; baseline 0.002 -18"><span class='ocrx_word' id='word_1_292' title='bbox 265 3684 462 3753; x_wconf 81' lang='lat' dir='ltr'><strong>judicia</strong></span> <span class='ocrx_word' id='word_1_293' title='bbox 496 3686 707 3742; x_wconf 91' lang='lat' dir='ltr'><strong>Domini</strong></span> <span class='ocrx_word' id='word_1_294' title='bbox 734 3701 882 3756; x_wconf 87' lang='lat' dir='ltr'><strong>vera,</strong></span> <span class='ocrx_word' id='word_1_295' title='bbox 911 3687 1207 3758; x_wconf 84' lang='lat' dir='ltr'><strong>justilicata</strong></span> <span class='ocrx_word' id='word_1_296' title='bbox 1233 3691 1288 3743; x_wconf 93' lang='lat' dir='ltr'><strong>in</strong></span> <span class='ocrx_word' id='word_1_297' title='bbox 1313 3690 1623 3759; x_wconf 87' lang='lat' dir='ltr'><strong>semetipsa.</strong></span> <span class='ocrx_word' id='word_1_298' title='bbox 1649 3708 1667 3740; x_wconf 74' lang='grc' dir='ltr'>ι</span> <span class='ocrx_word' id='word_1_299' title='bbox 1697 3690 1829 3745; x_wconf 90' lang='lat' dir='ltr'><strong>Cum</strong></span> 
     </span>
    </p>
   </div>
   <div class='ocr_carea' id='block_1_42' title="bbox 269 3778 1831 3851">
    <p class='ocr_par' dir='ltr' id='par_1_42' title="bbox 269 3778 1831 3851">
     <span class='ocr_line' id='line_1_42' title="bbox 269 3778 1831 3851; baseline 0.001 -18"><span class='ocrx_word' id='word_1_300' title='bbox 269 3792 394 3847; x_wconf 81' lang='lat' dir='ltr'><strong>ergo</strong></span> <span class='ocrx_word' id='word_1_301' title='bbox 429 3779 553 3833; x_wconf 66' lang='lat' dir='ltr'><strong>ista</strong></span> <span class='ocrx_word' id='word_1_302' title='bbox 593 3778 934 3836; x_wconf 83' lang='lat' dir='ltr'><strong>diversitates</strong></span> <span class='ocrx_word' id='word_1_303' title='bbox 981 3795 1168 3836; x_wconf 88' lang='lat' dir='ltr'><strong>eorum</strong></span> <span class='ocrx_word' id='word_1_304' title='bbox 1219 3797 1337 3850; x_wconf 67' lang='lat' dir='ltr'><strong>quae</strong></span> <span class='ocrx_word' id='word_1_305' title='bbox 1376 3782 1427 3834; x_wconf 92' lang='lat' dir='ltr'><strong>iu</strong></span> <span class='ocrx_word' id='word_1_306' title='bbox 1459 3781 1577 3851; x_wconf 86' lang='lat' dir='ltr'><strong>lege</strong></span> <span class='ocrx_word' id='word_1_307' title='bbox 1626 3788 1831 3836; x_wconf 86' lang='lat' dir='ltr'><strong>statuta</strong></span> 
     </span>
    </p>
   </div>
   <div class='ocr_carea' id='block_1_43' title="bbox 270 3870 1833 3942">
    <p class='ocr_par' dir='ltr' id='par_1_43' title="bbox 270 3870 1833 3942">
     <span class='ocr_line' id='line_1_43' title="bbox 270 3870 1833 3942; baseline 0.001 -18"><span class='ocrx_word' id='word_1_308' title='bbox 270 3879 414 3936; x_wconf 79' lang='lat' dir='ltr'><strong>sunt,</strong></span> <span class='ocrx_word' id='word_1_309' title='bbox 449 3870 775 3937; x_wconf 85' lang='lat' dir='ltr'><strong>habeantur,</strong></span> <span class='ocrx_word' id='word_1_310' title='bbox 823 3889 967 3928; x_wconf 91' lang='lat' dir='ltr'><strong>nunc</strong></span> <span class='ocrx_word' id='word_1_311' title='bbox 1002 3887 1184 3929; x_wconf 87' lang='lat' dir='ltr'><strong>sermo</strong></span> <span class='ocrx_word' id='word_1_312' title='bbox 1225 3874 1318 3942; x_wconf 91' lang='lat' dir='ltr'><strong>qui</strong></span> <span class='ocrx_word' id='word_1_313' title='bbox 1364 3873 1595 3927; x_wconf 87' lang='lat' dir='ltr'><strong>habetur</strong></span> <span class='ocrx_word' id='word_1_314' title='bbox 1632 3873 1688 3927; x_wconf 88' lang='lat' dir='ltr'><strong>in</strong></span> <span class='ocrx_word' id='word_1_315' title='bbox 1720 3888 1833 3926; x_wconf 85' lang='lat' dir='ltr'><strong>ma-</strong></span> 
     </span>
    </p>
   </div>
   <div class='ocr_carea' id='block_1_44' title="bbox 271 3962 1831 4034">
    <p class='ocr_par' dir='ltr' id='par_1_44' title="bbox 271 3962 1831 4034">
     <span class='ocr_line' id='line_1_44' title="bbox 271 3962 1831 4034; baseline 0.001 -19"><span class='ocrx_word' id='word_1_316' title='bbox 271 3962 451 4028; x_wconf 83' lang='lat' dir='ltr'><strong>nibus,</strong></span> <span class='ocrx_word' id='word_1_317' title='bbox 499 3963 603 4018; x_wconf 84' lang='lat' dir='ltr'><strong>sub</strong></span> <span class='ocrx_word' id='word_1_318' title='bbox 658 3964 813 4019; x_wconf 90' lang='lat' dir='ltr'><strong>titulo</strong></span> <span class='ocrx_word' id='word_1_319' title='bbox 865 3964 1201 4033; x_wconf 84' lang='lat' dir='ltr'><strong>justitiarum</strong></span> <span class='ocrx_word' id='word_1_320' title='bbox 1252 3965 1338 4018; x_wconf 89' lang='lat' dir='ltr'><strong>vel</strong></span> <span class='ocrx_word' id='word_1_321' title='bbox 1383 3964 1831 4034; x_wconf 83' lang='lat' dir='ltr'><strong>justiticationum</strong></span> 
     </span>
    </p>
   </div>
   <div class='ocr_carea' id='block_1_45' title="bbox 272 4053 1835 4123">
    <p class='ocr_par' dir='ltr' id='par_1_45' title="bbox 272 4053 1835 4123">
     <span class='ocr_line' id='line_1_45' title="bbox 272 4053 1835 4123; baseline 0.001 -17"><span class='ocrx_word' id='word_1_322' title='bbox 272 4053 506 4122; x_wconf 71' lang='lat' dir='ltr'><strong>scriptus</strong></span> <span class='ocrx_word' id='word_1_323' title='bbox 553 4064 658 4109; x_wconf 86' lang='lat' dir='ltr'><strong>est.</strong></span> <span class='ocrx_word' id='word_1_324' title='bbox 711 4056 801 4109; x_wconf 88' lang='lat' dir='ltr'><strong>Sic</strong></span> <span class='ocrx_word' id='word_1_325' title='bbox 846 4055 991 4110; x_wconf 91' lang='lat' dir='ltr'><strong>enim</strong></span> <span class='ocrx_word' id='word_1_326' title='bbox 1028 4056 1159 4109; x_wconf 86' lang='lat' dir='ltr'><strong>dicit</strong></span> <span class='ocrx_word' id='word_1_327' title='bbox 1203 4053 1512 4123; x_wconf 70' lang='lat' dir='ltr'><strong>superius“o</strong></span> <span class='ocrx_word' id='word_1_328' title='bbox 1539 4073 1554 4110; x_wconf 86' lang='lat'><strong>:</strong></span> <span class='ocrx_word' id='word_1_329' title='bbox 1584 4073 1604 4106; x_wconf 76' lang='grc' dir='ltr'>ι</span> <span class='ocrx_word' id='word_1_330' title='bbox 1637 4054 1704 4108; x_wconf 83' lang='grc' dir='ltr'><strong>Ει</strong></span> <span class='ocrx_word' id='word_1_331' title='bbox 1752 4056 1835 4108; x_wconf 71' lang='lat' dir='ltr'><strong>ha:</strong></span> 
     </span>
    </p>
   </div>
   <div class='ocr_carea' id='block_1_46' title="bbox 269 4144 1831 4218">
    <p class='ocr_par' dir='ltr' id='par_1_46' title="bbox 269 4144 1831 4218">
     <span class='ocr_line' id='line_1_46' title="bbox 269 4144 1831 4218; baseline 0.004 -23"><span class='ocrx_word' id='word_1_332' title='bbox 269 4144 509 4211; x_wconf 65' lang='lat' dir='ltr'><strong>justitiaa,</strong></span> <span class='ocrx_word' id='word_1_333' title='bbox 538 4161 673 4217; x_wconf 87' lang='lat' dir='ltr'><strong>quas</strong></span> <span class='ocrx_word' id='word_1_334' title='bbox 698 4161 964 4218; x_wconf 73' lang='lat' dir='ltr'><strong>proponas</strong></span> <span class='ocrx_word' id='word_1_335' title='bbox 989 4147 1163 4216; x_wconf 84' lang='lat' dir='ltr'><strong>palam</strong></span> <span class='ocrx_word' id='word_1_336' title='bbox 1203 4147 1303 4200; x_wconf 89' lang='lat' dir='ltr'><strong>eis.</strong></span> <span class='ocrx_word' id='word_1_337' title='bbox 1330 4164 1350 4197; x_wconf 71' lang='grc' dir='ltr'><strong><em>ι</em></strong></span> <span class='ocrx_word' id='word_1_338' title='bbox 1387 4146 1502 4201; x_wconf 83' lang='lat' dir='ltr'><strong>Non</strong></span> <span class='ocrx_word' id='word_1_339' title='bbox 1535 4155 1622 4201; x_wconf 92' lang='lat' dir='ltr'><strong>est</strong></span> <span class='ocrx_word' id='word_1_340' title='bbox 1650 4157 1831 4202; x_wconf 88' lang='lat' dir='ltr'><strong>autem</strong></span> 
     </span>
    </p>
   </div>
   <div class='ocr_carea' id='block_1_47' title="bbox 277 4236 1836 4308">
    <p class='ocr_par' dir='ltr' id='par_1_47' title="bbox 277 4236 1836 4308">
     <span class='ocr_line' id='line_1_47' title="bbox 277 4236 1836 4308; baseline 0.003 -18"><span class='ocrx_word' id='word_1_341' title='bbox 277 4239 548 4306; x_wconf 66' lang='lat' dir='ltr'><strong>praesentis</strong></span> <span class='ocrx_word' id='word_1_342' title='bbox 577 4240 834 4308; x_wconf 88' lang='lat' dir='ltr'><strong>temporis</strong></span> <span class='ocrx_word' id='word_1_343' title='bbox 870 4236 1287 4306; x_wconf 87' lang='lat' dir='ltr'><strong>uniuscujusque</strong></span> <span class='ocrx_word' id='word_1_344' title='bbox 1335 4240 1525 4292; x_wconf 89' lang='lat' dir='ltr'><strong>horum</strong></span> <span class='ocrx_word' id='word_1_345' title='bbox 1560 4254 1836 4308; x_wconf 81' lang='lat' dir='ltr'><strong>exponere</strong></span> 
     </span>
    </p>
   </div>
   <div class='ocr_carea' id='block_1_48' title="bbox 276 4330 1837 4400">
    <p class='ocr_par' dir='ltr' id='par_1_48' title="bbox 276 4330 1837 4400">
     <span class='ocr_line' id='line_1_48' title="bbox 276 4330 1837 4400; baseline 0.003 -17"><span class='ocrx_word' id='word_1_346' title='bbox 276 4330 626 4393; x_wconf 85' lang='lat' dir='ltr'><strong>differentias,</strong></span> <span class='ocrx_word' id='word_1_347' title='bbox 668 4333 937 4400; x_wconf 81' lang='lat' dir='ltr'><strong>exigimur</strong></span> <span class='ocrx_word' id='word_1_348' title='bbox 968 4332 1112 4385; x_wconf 88' lang='lat' dir='ltr'><strong>enim</strong></span> <span class='ocrx_word' id='word_1_349' title='bbox 1162 4332 1230 4383; x_wconf 90' lang='lat' dir='ltr'><strong>ad</strong></span> <span class='ocrx_word' id='word_1_350' title='bbox 1260 4331 1701 4400; x_wconf 80' lang='lat' dir='ltr'><strong>explanationem</strong></span> <span class='ocrx_word' id='word_1_351' title='bbox 1736 4332 1837 4387; x_wconf 86' lang='lat' dir='ltr'><strong>ho-</strong></span> 
     </span>
    </p>
   </div>
   <div class='ocr_carea' id='block_1_49' title="bbox 280 4408 3607 4492">
    <p class='ocr_par' dir='ltr' id='par_1_49' title="bbox 280 4408 3607 4492">
     <span class='ocr_line' id='line_1_49' title="bbox 280 4408 3607 4492; baseline -0.006 -14"><span class='ocrx_word' id='word_1_352' title='bbox 280 4438 387 4476; x_wconf 84' lang='lat' dir='ltr'><strong>rum</strong></span> <span class='ocrx_word' id='word_1_353' title='bbox 416 4438 539 4492; x_wconf 77' lang='lat' dir='ltr'><strong>qua:</strong></span> <span class='ocrx_word' id='word_1_354' title='bbox 567 4423 702 4478; x_wconf 86' lang='lat' dir='ltr'><strong>lecta</strong></span> <span class='ocrx_word' id='word_1_355' title='bbox 731 4433 874 4477; x_wconf 90' lang='lat' dir='ltr'><strong>sunt.</strong></span> <span class='ocrx_word' id='word_1_356' title='bbox 910 4423 1204 4478; x_wconf 85' lang='lat' dir='ltr'><strong>Sciendum</strong></span> <span class='ocrx_word' id='word_1_357' title='bbox 1238 4438 1369 4478; x_wconf 86' lang='lat' dir='ltr'><strong>sane</strong></span> <span class='ocrx_word' id='word_1_358' title='bbox 1395 4433 1472 4478; x_wconf 78' lang='lat' dir='ltr'><strong>eat</strong></span> <span class='ocrx_word' id='word_1_359' title='bbox 1510 4423 1656 4492; x_wconf 89' lang='lat' dir='ltr'><strong>quod</strong></span> <span class='ocrx_word' id='word_1_360' title='bbox 1707 4438 1835 4492; x_wconf 90' lang='lat' dir='ltr'><strong>pars</strong></span> <span class='ocrx_word' id='word_1_361' title='bbox 1867 4435 1915 4490; x_wconf 78' lang='grc'><strong>1)</strong></span> <span class='ocrx_word' id='word_1_362' title='bbox 1950 4417 2132 4471; x_wconf 88' lang='lat' dir='ltr'><strong>tientis</strong></span> <span class='ocrx_word' id='word_1_363' title='bbox 2160 4416 2298 4471; x_wconf 90' lang='lat' dir='ltr'><strong>ictus</strong></span> <span class='ocrx_word' id='word_1_364' title='bbox 2323 4412 2638 4469; x_wconf 85' lang='lat' dir='ltr'><strong>excuteret?</strong></span> <span class='ocrx_word' id='word_1_365' title='bbox 2679 4411 2737 4465; x_wconf 93' lang='lat' dir='ltr'><strong>Si</strong></span> <span class='ocrx_word' id='word_1_366' title='bbox 2785 4424 2911 4465; x_wconf 90' lang='lat' dir='ltr'><strong>vero</strong></span> <span class='ocrx_word' id='word_1_367' title='bbox 2963 4410 3067 4465; x_wconf 91' lang='lat' dir='ltr'><strong>hoc</strong></span> <span class='ocrx_word' id='word_1_368' title='bbox 3097 4409 3404 4464; x_wconf 86' lang='lat' dir='ltr'><strong>referamus</strong></span> <span class='ocrx_word' id='word_1_369' title='bbox 3437 4408 3505 4461; x_wconf 91' lang='lat' dir='ltr'><strong>ad</strong></span> <span class='ocrx_word' id='word_1_370' title='bbox 3594 4477 3607 4485; x_wconf 38' lang='lat'><em>.</em></span> 
     </span>
    </p>
   </div>
   <div class='ocr_carea' id='block_1_50' title="bbox 277 4515 1834 4584">
    <p class='ocr_par' dir='ltr' id='par_1_50' title="bbox 277 4515 1834 4584">
     <span class='ocr_line' id='line_1_50' title="bbox 277 4515 1834 4584; baseline -0.001 -14"><span class='ocrx_word' id='word_1_371' title='bbox 277 4516 447 4583; x_wconf 70' lang='lat' dir='ltr'><strong>aliqua</strong></span> <span class='ocrx_word' id='word_1_372' title='bbox 484 4531 552 4570; x_wconf 84' lang='lat' dir='ltr'><strong>ex</strong></span> <span class='ocrx_word' id='word_1_373' title='bbox 598 4516 682 4570; x_wconf 91' lang='lat' dir='ltr'><strong>his</strong></span> <span class='ocrx_word' id='word_1_374' title='bbox 725 4516 793 4570; x_wconf 90' lang='lat' dir='ltr'><strong>de</strong></span> <span class='ocrx_word' id='word_1_375' title='bbox 829 4515 1023 4584; x_wconf 87' lang='lat' dir='ltr'><strong>quibus</strong></span> <span class='ocrx_word' id='word_1_376' title='bbox 1050 4516 1422 4569; x_wconf 86' lang='lat' dir='ltr'><strong>disserendum</strong></span> <span class='ocrx_word' id='word_1_377' title='bbox 1457 4516 1614 4571; x_wconf 88' lang='lat' dir='ltr'><strong>nobis</strong></span> <span class='ocrx_word' id='word_1_378' title='bbox 1642 4524 1747 4583; x_wconf 89' lang='lat' dir='ltr'><strong>est,</strong></span> <span class='ocrx_word' id='word_1_379' title='bbox 1779 4516 1834 4570; x_wconf 92' lang='lat' dir='ltr'><strong>in</strong></span> 
     </span>
    </p>
   </div>
   <div class='ocr_carea' id='block_1_51' title="bbox 281 4606 1839 4677">
    <p class='ocr_par' dir='ltr' id='par_1_51' title="bbox 281 4606 1839 4677">
     <span class='ocr_line' id='line_1_51' title="bbox 281 4606 1839 4677; baseline 0.001 -16"><span class='ocrx_word' id='word_1_380' title='bbox 281 4606 565 4677; x_wconf 78' lang='lat' dir='ltr'><strong>Evangelio</strong></span> <span class='ocrx_word' id='word_1_381' title='bbox 594 4613 891 4661; x_wconf 87' lang='lat' dir='ltr'><strong>secundum</strong></span> <span class='ocrx_word' id='word_1_382' title='bbox 930 4606 1238 4661; x_wconf 72' lang='lat' dir='ltr'><strong>Matthmum</strong></span> <span class='ocrx_word' id='word_1_383' title='bbox 1282 4608 1453 4676; x_wconf 89' lang='lat' dir='ltr'><strong>posita</strong></span> <span class='ocrx_word' id='word_1_384' title='bbox 1492 4614 1594 4672; x_wconf 89' lang='lat' dir='ltr'><strong>est,</strong></span> <span class='ocrx_word' id='word_1_385' title='bbox 1625 4607 1839 4662; x_wconf 90' lang='lat' dir='ltr'><strong>dicente</strong></span> 
     </span>
    </p>
   </div>
   <div class='ocr_carea' id='block_1_52' title="bbox 284 4697 1840 4768">
    <p class='ocr_par' dir='ltr' id='par_1_52' title="bbox 284 4697 1840 4768">
     <span class='ocr_line' id='line_1_52' title="bbox 284 4697 1840 4768; baseline -0.001 -15"><span class='ocrx_word' id='word_1_386' title='bbox 284 4700 505 4753; x_wconf 82' lang='lat' dir='ltr'><strong>Domino</strong></span> <span class='ocrx_word' id='word_1_387' title='bbox 534 4701 657 4768; x_wconf 36' lang='lat' dir='ltr'><strong>‘hoe</strong></span> <span class='ocrx_word' id='word_1_388' title='bbox 712 4697 929 4751; x_wconf 74' lang='lat' dir='ltr'><strong>modo“</strong></span> <span class='ocrx_word' id='word_1_389' title='bbox 955 4714 968 4750; x_wconf 88' lang='lat'>:</span> <span class='ocrx_word' id='word_1_390' title='bbox 999 4714 1017 4747; x_wconf 75' lang='grc' dir='ltr'>ι</span> <span class='ocrx_word' id='word_1_391' title='bbox 1042 4697 1283 4752; x_wconf 81' lang='lat' dir='ltr'><strong>Audistis</strong></span> <span class='ocrx_word' id='word_1_392' title='bbox 1333 4698 1458 4767; x_wconf 85' lang='lat' dir='ltr'><strong>quia</strong></span> <span class='ocrx_word' id='word_1_393' title='bbox 1507 4698 1711 4751; x_wconf 82' lang='lat' dir='ltr'><strong>dictum</strong></span> <span class='ocrx_word' id='word_1_394' title='bbox 1754 4707 1840 4753; x_wconf 85' lang='lat' dir='ltr'><strong>est</strong></span> 
     </span>
    </p>
   </div>
   <div class='ocr_carea' id='block_1_53' title="bbox 283 4790 1834 4861">
    <p class='ocr_par' dir='ltr' id='par_1_53' title="bbox 283 4790 1834 4861">
     <span class='ocr_line' id='line_1_53' title="bbox 283 4790 1834 4861; baseline -0.001 -17"><span class='ocrx_word' id='word_1_395' title='bbox 283 4791 804 4861; x_wconf 86' lang='lat' dir='ltr'><strong>antiquis:0culnm</strong></span> <span class='ocrx_word' id='word_1_396' title='bbox 855 4806 953 4861; x_wconf 83' lang='lat' dir='ltr'><strong>pro</strong></span> <span class='ocrx_word' id='word_1_397' title='bbox 1001 4791 1179 4855; x_wconf 90' lang='lat' dir='ltr'><strong>oculo,</strong></span> <span class='ocrx_word' id='word_1_398' title='bbox 1232 4792 1448 4845; x_wconf 90' lang='lat' dir='ltr'><strong>dentem</strong></span> <span class='ocrx_word' id='word_1_399' title='bbox 1504 4804 1601 4858; x_wconf 90' lang='lat' dir='ltr'><strong>pro</strong></span> <span class='ocrx_word' id='word_1_400' title='bbox 1650 4790 1834 4846; x_wconf 88' lang='lat' dir='ltr'><strong>dente.</strong></span> 
     </span>
    </p>
   </div>
   <div class='ocr_carea' id='block_1_54' title="bbox 284 4880 1839 4952">
    <p class='ocr_par' dir='ltr' id='par_1_54' title="bbox 284 4880 1839 4952">
     <span class='ocr_line' id='line_1_54' title="bbox 284 4880 1839 4952; baseline 0 -15"><span class='ocrx_word' id='word_1_401' title='bbox 284 4882 387 4952; x_wconf 83' lang='lat' dir='ltr'><strong>Ego</strong></span> <span class='ocrx_word' id='word_1_402' title='bbox 419 4892 603 4937; x_wconf 88' lang='lat' dir='ltr'><strong>autem</strong></span> <span class='ocrx_word' id='word_1_403' title='bbox 633 4883 755 4937; x_wconf 88' lang='lat' dir='ltr'><strong>dico</strong></span> <span class='ocrx_word' id='word_1_404' title='bbox 783 4883 953 4950; x_wconf 85' lang='lat' dir='ltr'><strong>vobis,</strong></span> <span class='ocrx_word' id='word_1_405' title='bbox 987 4897 1092 4937; x_wconf 92' lang='lat' dir='ltr'><strong>non</strong></span> <span class='ocrx_word' id='word_1_406' title='bbox 1147 4883 1404 4936; x_wconf 88' lang='lat' dir='ltr'><strong>resistere</strong></span> <span class='ocrx_word' id='word_1_407' title='bbox 1434 4881 1597 4935; x_wconf 82' lang='lat' dir='ltr'><strong>malo.</strong></span> <span class='ocrx_word' id='word_1_408' title='bbox 1642 4880 1749 4937; x_wconf 88' lang='lat' dir='ltr'><strong>Sed</strong></span> <span class='ocrx_word' id='word_1_409' title='bbox 1794 4883 1839 4937; x_wconf 90' lang='lat' dir='ltr'><strong>si</strong></span> 
     </span>
    </p>
   </div>
   <div class='ocr_carea' id='block_1_55' title="bbox 285 4963 1845 5044">
    <p class='ocr_par' dir='ltr' id='par_1_55' title="bbox 285 4963 1845 5044">
     <span class='ocr_line' id='line_1_55' title="bbox 285 4963 1845 5044; baseline 0.002 -17"><span class='ocrx_word' id='word_1_410' title='bbox 285 4976 398 5043; x_wconf 80' lang='lat' dir='ltr'><strong>quis</strong></span> <span class='ocrx_word' id='word_1_411' title='bbox 433 4984 486 5028; x_wconf 90' lang='lat' dir='ltr'><strong>te</strong></span> <span class='ocrx_word' id='word_1_412' title='bbox 514 4963 842 5044; x_wconf 82' lang='lat' dir='ltr'><strong>percusserit</strong></span> <span class='ocrx_word' id='word_1_413' title='bbox 890 4974 944 5027; x_wconf 89' lang='lat' dir='ltr'><strong>in</strong></span> <span class='ocrx_word' id='word_1_414' title='bbox 977 4975 1220 5028; x_wconf 87' lang='lat' dir='ltr'><strong>dextram</strong></span> <span class='ocrx_word' id='word_1_415' title='bbox 1252 4973 1550 5039; x_wconf 87' lang='lat' dir='ltr'><strong>maxillam,</strong></span> <span class='ocrx_word' id='word_1_416' title='bbox 1584 4983 1845 5031; x_wconf 80' lang='lat' dir='ltr'><strong>converte</strong></span> 
     </span>
    </p>
   </div>
   <div class='ocr_carea' id='block_1_56' title="bbox 287 5065 1846 5135">
    <p class='ocr_par' dir='ltr' id='par_1_56' title="bbox 287 5065 1846 5135">
     <span class='ocr_line' id='line_1_56' title="bbox 287 5065 1846 5135; baseline 0.001 -14"><span class='ocrx_word' id='word_1_417' title='bbox 287 5068 329 5121; x_wconf 70' lang='lat' dir='ltr'><strong>cf</strong></span> <span class='ocrx_word' id='word_1_418' title='bbox 355 5077 409 5122; x_wconf 91' lang='lat' dir='ltr'><strong>et</strong></span> <span class='ocrx_word' id='word_1_419' title='bbox 438 5067 690 5120; x_wconf 83' lang='lat' dir='ltr'><strong>alteram.</strong></span> <span class='ocrx_word' id='word_1_420' title='bbox 711 5085 731 5119; x_wconf 71' lang='grc' dir='ltr'><strong><em>ι</em></strong></span> <span class='ocrx_word' id='word_1_421' title='bbox 765 5065 871 5121; x_wconf 91' lang='lat' dir='ltr'><strong>Sed</strong></span> <span class='ocrx_word' id='word_1_422' title='bbox 918 5066 1168 5121; x_wconf 82' lang='lat' dir='ltr'><strong>fortassis</strong></span> <span class='ocrx_word' id='word_1_423' title='bbox 1195 5067 1287 5134; x_wconf 90' lang='lat' dir='ltr'><strong>qui</strong></span> <span class='ocrx_word' id='word_1_424' title='bbox 1320 5066 1635 5135; x_wconf 89' lang='lat' dir='ltr'><strong>Scripturas</strong></span> <span class='ocrx_word' id='word_1_425' title='bbox 1662 5076 1846 5123; x_wconf 86' lang='lat' dir='ltr'><strong>atten-</strong></span> 
     </span>
    </p>
   </div>
   <div class='ocr_carea' id='block_1_57' title="bbox 291 5157 1849 5230">
    <p class='ocr_par' dir='ltr' id='par_1_57' title="bbox 291 5157 1849 5230">
     <span class='ocr_line' id='line_1_57' title="bbox 291 5157 1849 5230; baseline 0.003 -18"><span class='ocrx_word' id='word_1_426' title='bbox 291 5159 383 5214; x_wconf 85' lang='lat' dir='ltr'><strong>tius</strong></span> <span class='ocrx_word' id='word_1_427' title='bbox 410 5159 561 5230; x_wconf 84' lang='lat' dir='ltr'><strong>legit,</strong></span> <span class='ocrx_word' id='word_1_428' title='bbox 588 5160 735 5215; x_wconf 89' lang='lat' dir='ltr'><strong>dicat</strong></span> <span class='ocrx_word' id='word_1_429' title='bbox 761 5174 824 5214; x_wconf 90' lang='lat' dir='ltr'><strong>ea</strong></span> <span class='ocrx_word' id='word_1_430' title='bbox 854 5174 975 5229; x_wconf 66' lang='lat' dir='ltr'><strong>quae</strong></span> <span class='ocrx_word' id='word_1_431' title='bbox 998 5159 1065 5212; x_wconf 89' lang='lat' dir='ltr'><strong>de</strong></span> <span class='ocrx_word' id='word_1_432' title='bbox 1090 5157 1384 5229; x_wconf 80' lang='lat' dir='ltr'><strong>Evangelio</strong></span> <span class='ocrx_word' id='word_1_433' title='bbox 1413 5160 1618 5229; x_wconf 86' lang='lat' dir='ltr'><strong>scripta</strong></span> <span class='ocrx_word' id='word_1_434' title='bbox 1644 5175 1849 5216; x_wconf 81' lang='lat' dir='ltr'><strong>memo-</strong></span> 
     </span>
    </p>
   </div>
   <div class='ocr_carea' id='block_1_58' title="bbox 293 5251 1851 5324">
    <p class='ocr_par' dir='ltr' id='par_1_58' title="bbox 293 5251 1851 5324">
     <span class='ocr_line' id='line_1_58' title="bbox 293 5251 1851 5324; baseline 0.004 -22"><span class='ocrx_word' id='word_1_435' title='bbox 293 5254 545 5314; x_wconf 85' lang='lat' dir='ltr'><strong>ravimus,</strong></span> <span class='ocrx_word' id='word_1_436' title='bbox 570 5266 677 5306; x_wconf 90' lang='lat' dir='ltr'><strong>non</strong></span> <span class='ocrx_word' id='word_1_437' title='bbox 704 5252 771 5307; x_wconf 89' lang='lat' dir='ltr'><strong>de</strong></span> <span class='ocrx_word' id='word_1_438' title='bbox 800 5253 903 5307; x_wconf 90' lang='lat' dir='ltr'><strong>hoc</strong></span> <span class='ocrx_word' id='word_1_439' title='bbox 932 5251 1103 5305; x_wconf 82' lang='lat' dir='ltr'><strong>Exodi</strong></span> <span class='ocrx_word' id='word_1_440' title='bbox 1135 5259 1349 5321; x_wconf 89' lang='lat' dir='ltr'><strong>sumpta</strong></span> <span class='ocrx_word' id='word_1_441' title='bbox 1384 5251 1524 5319; x_wconf 89' lang='lat' dir='ltr'><strong>loco,</strong></span> <span class='ocrx_word' id='word_1_442' title='bbox 1552 5252 1645 5308; x_wconf 89' lang='lat' dir='ltr'><strong>sed</strong></span> <span class='ocrx_word' id='word_1_443' title='bbox 1675 5255 1851 5324; x_wconf 83' lang='lat' dir='ltr'><strong>magis</strong></span> 
     </span>
    </p>
   </div>
   <div class='ocr_carea' id='block_1_59' title="bbox 296 5342 1846 5413">
    <p class='ocr_par' dir='ltr' id='par_1_59' title="bbox 296 5342 1846 5413">
     <span class='ocr_line' id='line_1_59' title="bbox 296 5342 1846 5413; baseline 0.003 -18"><span class='ocrx_word' id='word_1_444' title='bbox 296 5343 705 5408; x_wconf 85' lang='lat' dir='ltr'><strong>Deuteronomii,</strong></span> <span class='ocrx_word' id='word_1_445' title='bbox 742 5343 832 5399; x_wconf 83' lang='lat' dir='ltr'><strong>ubi</strong></span> <span class='ocrx_word' id='word_1_446' title='bbox 880 5342 1231 5399; x_wconf 87' lang='lat' dir='ltr'><strong>nihilominus</strong></span> <span class='ocrx_word' id='word_1_447' title='bbox 1276 5343 1378 5399; x_wconf 91' lang='lat' dir='ltr'><strong>hoc</strong></span> <span class='ocrx_word' id='word_1_448' title='bbox 1408 5345 1565 5399; x_wconf 87' lang='lat' dir='ltr'><strong>modo</strong></span> <span class='ocrx_word' id='word_1_449' title='bbox 1602 5347 1846 5413; x_wconf 79' lang='lat' dir='ltr'><strong>quaedam</strong></span> 
     </span>
    </p>
   </div>
   <div class='ocr_carea' id='block_1_60' title="bbox 1930 822 3495 899">
    <p class='ocr_par' dir='ltr' id='par_1_60' title="bbox 1930 822 3495 899">
     <span class='ocr_line' id='line_1_60' title="bbox 1930 822 3495 899; baseline -0.001 -13"><span class='ocrx_word' id='word_1_450' title='bbox 1930 834 1986 887; x_wconf 90' lang='lat' dir='ltr'><strong>in</strong></span> <span class='ocrx_word' id='word_1_451' title='bbox 2013 831 2202 887; x_wconf 87' lang='lat' dir='ltr'><strong>diebus</strong></span> <span class='ocrx_word' id='word_1_452' title='bbox 2252 830 2382 895; x_wconf 88' lang='lat' dir='ltr'><strong>illis,</strong></span> <span class='ocrx_word' id='word_1_453' title='bbox 2417 838 2473 885; x_wconf 91' lang='lat' dir='ltr'><strong>et</strong></span> <span class='ocrx_word' id='word_1_454' title='bbox 2522 829 2812 885; x_wconf 87' lang='lat' dir='ltr'><strong>discutient</strong></span> <span class='ocrx_word' id='word_1_455' title='bbox 2847 830 3055 898; x_wconf 77' lang='lat' dir='ltr'><strong>iudices</strong></span> <span class='ocrx_word' id='word_1_456' title='bbox 3092 822 3407 899; x_wconf 69' lang='lat' dir='ltr'><strong>diligenter,</strong></span> <span class='ocrx_word' id='word_1_457' title='bbox 3437 839 3495 884; x_wconf 91' lang='lat' dir='ltr'><strong>et</strong></span> 
     </span>
    </p>
   </div>
   <div class='ocr_carea' id='block_1_61' title="bbox 1930 920 3496 991">
    <p class='ocr_par' dir='ltr' id='par_1_61' title="bbox 1930 920 3496 991">
     <span class='ocr_line' id='line_1_61' title="bbox 1930 920 3496 991; baseline -0.002 -13"><span class='ocrx_word' id='word_1_458' title='bbox 1930 922 2343 978; x_wconf 84' lang='lat' dir='ltr'><strong>examinabunt.</strong></span> <span class='ocrx_word' id='word_1_459' title='bbox 2375 920 2443 976; x_wconf 87' lang='lat' dir='ltr'><strong>Et</strong></span> <span class='ocrx_word' id='word_1_460' title='bbox 2478 922 2523 977; x_wconf 88' lang='lat' dir='ltr'><strong>si</strong></span> <span class='ocrx_word' id='word_1_461' title='bbox 2570 922 2878 978; x_wconf 88' lang='lat' dir='ltr'><strong>invenerint</strong></span> <span class='ocrx_word' id='word_1_462' title='bbox 2907 923 3034 991; x_wconf 87' lang='lat' dir='ltr'><strong>quia</strong></span> <span class='ocrx_word' id='word_1_463' title='bbox 3076 921 3229 976; x_wconf 90' lang='lat' dir='ltr'><strong>testis</strong></span> <span class='ocrx_word' id='word_1_464' title='bbox 3276 921 3496 991; x_wconf 89' lang='lat' dir='ltr'><strong>iniquus</strong></span> 
     </span>
    </p>
   </div>
   <div class='ocr_carea' id='block_1_62' title="bbox 1932 1008 3489 1080">
    <p class='ocr_par' dir='ltr' id='par_1_62' title="bbox 1932 1008 3489 1080">
     <span class='ocr_line' id='line_1_62' title="bbox 1932 1008 3489 1080; baseline -0.001 -13"><span class='ocrx_word' id='word_1_465' title='bbox 1932 1022 2162 1069; x_wconf 90' lang='lat' dir='ltr'><strong>testatus</strong></span> <span class='ocrx_word' id='word_1_466' title='bbox 2189 1022 2273 1068; x_wconf 85' lang='lat' dir='ltr'><strong>est</strong></span> <span class='ocrx_word' id='word_1_467' title='bbox 2306 1011 2523 1080; x_wconf 82' lang='lat' dir='ltr'><strong>injuste,</strong></span> <span class='ocrx_word' id='word_1_468' title='bbox 2565 1021 2620 1067; x_wconf 91' lang='lat' dir='ltr'><strong>et</strong></span> <span class='ocrx_word' id='word_1_469' title='bbox 2658 1011 2897 1067; x_wconf 83' lang='lat' dir='ltr'><strong>surrexit</strong></span> <span class='ocrx_word' id='word_1_470' title='bbox 2945 1011 3233 1065; x_wconf 86' lang='lat' dir='ltr'><strong>adversum</strong></span> <span class='ocrx_word' id='word_1_471' title='bbox 3265 1008 3489 1065; x_wconf 79' lang='lat' dir='ltr'><strong>fratrem</strong></span> 
     </span>
    </p>
   </div>
   <div class='ocr_carea' id='block_1_63' title="bbox 1931 1102 3490 1173">
    <p class='ocr_par' dir='ltr' id='par_1_63' title="bbox 1931 1102 3490 1173">
     <span class='ocr_line' id='line_1_63' title="bbox 1931 1102 3490 1173; baseline -0.004 -12"><span class='ocrx_word' id='word_1_472' title='bbox 1931 1121 2110 1171; x_wconf 91' lang='lat' dir='ltr'><strong>suum,</strong></span> <span class='ocrx_word' id='word_1_473' title='bbox 2148 1103 2364 1160; x_wconf 88' lang='lat' dir='ltr'><strong>facietis</strong></span> <span class='ocrx_word' id='word_1_474' title='bbox 2406 1103 2455 1158; x_wconf 90' lang='lat' dir='ltr'><strong>ei</strong></span> <span class='ocrx_word' id='word_1_475' title='bbox 2498 1103 2952 1173; x_wconf 88' lang='lat' dir='ltr'><strong>quemadmodmu</strong></span> <span class='ocrx_word' id='word_1_476' title='bbox 2996 1102 3111 1171; x_wconf 90' lang='lat' dir='ltr'><strong>ipse</strong></span> <span class='ocrx_word' id='word_1_477' title='bbox 3150 1113 3377 1157; x_wconf 86' lang='lat' dir='ltr'><strong>conatus</strong></span> <span class='ocrx_word' id='word_1_478' title='bbox 3409 1112 3490 1157; x_wconf 88' lang='lat' dir='ltr'><strong>est</strong></span> 
     </span>
    </p>
   </div>
   <div class='ocr_carea' id='block_1_64' title="bbox 1929 1193 3493 1264">
    <p class='ocr_par' dir='ltr' id='par_1_64' title="bbox 1929 1193 3493 1264">
     <span class='ocr_line' id='line_1_64' title="bbox 1929 1193 3493 1264; baseline -0.003 -12"><span class='ocrx_word' id='word_1_479' title='bbox 1929 1197 2112 1253; x_wconf 83' lang='lat' dir='ltr'><strong>facere</strong></span> <span class='ocrx_word' id='word_1_480' title='bbox 2151 1195 2304 1252; x_wconf 86' lang='lat' dir='ltr'><strong>fratri</strong></span> <span class='ocrx_word' id='word_1_481' title='bbox 2331 1211 2453 1261; x_wconf 87' lang='lat' dir='ltr'><strong>suo,</strong></span> <span class='ocrx_word' id='word_1_482' title='bbox 2496 1206 2551 1250; x_wconf 89' lang='lat' dir='ltr'><strong>et</strong></span> <span class='ocrx_word' id='word_1_483' title='bbox 2577 1193 2836 1250; x_wconf 86' lang='lat' dir='ltr'><strong>auferetis</strong></span> <span class='ocrx_word' id='word_1_484' title='bbox 2883 1193 3177 1264; x_wconf 85' lang='lat' dir='ltr'><strong>malignum</strong></span> <span class='ocrx_word' id='word_1_485' title='bbox 3217 1195 3282 1250; x_wconf 90' lang='lat' dir='ltr'><strong>de</strong></span> <span class='ocrx_word' id='word_1_486' title='bbox 3316 1196 3493 1250; x_wconf 90' lang='lat' dir='ltr'><strong>medio</strong></span> 
     </span>
    </p>
   </div>
   <div class='ocr_carea' id='block_1_65' title="bbox 1931 1287 3495 1353">
    <p class='ocr_par' dir='ltr' id='par_1_65' title="bbox 1931 1287 3495 1353">
     <span class='ocr_line' id='line_1_65' title="bbox 1931 1287 3495 1353; baseline -0.002 -10"><span class='ocrx_word' id='word_1_487' title='bbox 1931 1300 2195 1353; x_wconf 88' lang='lat' dir='ltr'><strong>vestrum,</strong></span> <span class='ocrx_word' id='word_1_488' title='bbox 2243 1297 2298 1343; x_wconf 93' lang='lat' dir='ltr'><strong>ut</strong></span> <span class='ocrx_word' id='word_1_489' title='bbox 2354 1287 2535 1344; x_wconf 71' lang='lat' dir='ltr'><strong>caeteri</strong></span> <span class='ocrx_word' id='word_1_490' title='bbox 2587 1287 2871 1341; x_wconf 90' lang='lat' dir='ltr'><strong>audientes</strong></span> <span class='ocrx_word' id='word_1_491' title='bbox 2922 1296 3122 1342; x_wconf 90' lang='lat' dir='ltr'><strong>metum</strong></span> <span class='ocrx_word' id='word_1_492' title='bbox 3156 1287 3412 1352; x_wconf 88' lang='lat' dir='ltr'><strong>habeant,</strong></span> <span class='ocrx_word' id='word_1_493' title='bbox 3439 1297 3495 1341; x_wconf 91' lang='lat' dir='ltr'><strong>et</strong></span> 
     </span>
    </p>
   </div>
   <div class='ocr_carea' id='block_1_66' title="bbox 1932 1377 3493 1451">
    <p class='ocr_par' dir='ltr' id='par_1_66' title="bbox 1932 1377 3493 1451">
     <span class='ocr_line' id='line_1_66' title="bbox 1932 1377 3493 1451; baseline -0.004 -14"><span class='ocrx_word' id='word_1_494' title='bbox 1932 1397 2038 1439; x_wconf 92' lang='lat' dir='ltr'><strong>non</strong></span> <span class='ocrx_word' id='word_1_495' title='bbox 2071 1380 2331 1451; x_wconf 86' lang='lat' dir='ltr'><strong>adjiciant</strong></span> <span class='ocrx_word' id='word_1_496' title='bbox 2382 1379 2521 1434; x_wconf 91' lang='lat' dir='ltr'><strong>ultra</strong></span> <span class='ocrx_word' id='word_1_497' title='bbox 2572 1377 2754 1433; x_wconf 87' lang='lat' dir='ltr'><strong>facere</strong></span> <span class='ocrx_word' id='word_1_498' title='bbox 2804 1379 3101 1432; x_wconf 87' lang='lat' dir='ltr'><strong>secundum</strong></span> <span class='ocrx_word' id='word_1_499' title='bbox 3128 1378 3352 1434; x_wconf 88' lang='lat' dir='ltr'><strong>verbum</strong></span> <span class='ocrx_word' id='word_1_500' title='bbox 3391 1378 3493 1431; x_wconf 91' lang='lat' dir='ltr'><strong>boc</strong></span> 
     </span>
    </p>
   </div>
   <div class='ocr_carea' id='block_1_67' title="bbox 1930 1468 3494 1539">
    <p class='ocr_par' dir='ltr' id='par_1_67' title="bbox 1930 1468 3494 1539">
     <span class='ocr_line' id='line_1_67' title="bbox 1930 1468 3494 1539; baseline -0.003 -13"><span class='ocrx_word' id='word_1_501' title='bbox 1930 1473 2128 1526; x_wconf 88' lang='lat' dir='ltr'><strong>malum</strong></span> <span class='ocrx_word' id='word_1_502' title='bbox 2179 1472 2318 1526; x_wconf 89' lang='lat' dir='ltr'><strong>inter</strong></span> <span class='ocrx_word' id='word_1_503' title='bbox 2360 1484 2477 1525; x_wconf 91' lang='lat' dir='ltr'><strong>vos.</strong></span> <span class='ocrx_word' id='word_1_504' title='bbox 2527 1469 2646 1526; x_wconf 80' lang='lat' dir='ltr'><strong>Non</strong></span> <span class='ocrx_word' id='word_1_505' title='bbox 2699 1481 2888 1539; x_wconf 87' lang='lat' dir='ltr'><strong>parcet</strong></span> <span class='ocrx_word' id='word_1_506' title='bbox 2924 1468 3111 1524; x_wconf 91' lang='lat' dir='ltr'><strong>oculus</strong></span> <span class='ocrx_word' id='word_1_507' title='bbox 3159 1477 3285 1523; x_wconf 91' lang='lat' dir='ltr'><strong>tuus</strong></span> <span class='ocrx_word' id='word_1_508' title='bbox 3330 1483 3494 1538; x_wconf 89' lang='lat' dir='ltr'><strong>super</strong></span> 
     </span>
    </p>
   </div>
   <div class='ocr_carea' id='block_1_68' title="bbox 1930 1560 3494 1632">
    <p class='ocr_par' dir='ltr' id='par_1_68' title="bbox 1930 1560 3494 1632">
     <span class='ocr_line' id='line_1_68' title="bbox 1930 1560 3494 1632; baseline -0.004 -13"><span class='ocrx_word' id='word_1_509' title='bbox 1930 1579 2076 1629; x_wconf 89' lang='lat' dir='ltr'><strong>eum,</strong></span> <span class='ocrx_word' id='word_1_510' title='bbox 2105 1564 2338 1617; x_wconf 90' lang='lat' dir='ltr'><strong>animam</strong></span> <span class='ocrx_word' id='word_1_511' title='bbox 2361 1577 2458 1632; x_wconf 91' lang='lat' dir='ltr'><strong>pro</strong></span> <span class='ocrx_word' id='word_1_512' title='bbox 2480 1560 2686 1626; x_wconf 90' lang='lat' dir='ltr'><strong>anima,</strong></span> <span class='ocrx_word' id='word_1_513' title='bbox 2712 1561 2924 1615; x_wconf 84' lang='lat' dir='ltr'><strong>dentem</strong></span> <span class='ocrx_word' id='word_1_514' title='bbox 2949 1574 3047 1628; x_wconf 89' lang='lat' dir='ltr'><strong>pro</strong></span> <span class='ocrx_word' id='word_1_515' title='bbox 3069 1560 3247 1624; x_wconf 88' lang='lat' dir='ltr'><strong>dente,</strong></span> <span class='ocrx_word' id='word_1_516' title='bbox 3277 1574 3494 1614; x_wconf 89' lang='lat' dir='ltr'><strong>manum</strong></span> 
     </span>
    </p>
   </div>
   <div class='ocr_carea' id='block_1_69' title="bbox 1932 1650 3493 1725">
    <p class='ocr_par' dir='ltr' id='par_1_69' title="bbox 1932 1650 3493 1725">
     <span class='ocr_line' id='line_1_69' title="bbox 1932 1650 3493 1725; baseline -0.003 -16"><span class='ocrx_word' id='word_1_517' title='bbox 1932 1671 2033 1725; x_wconf 91' lang='lat' dir='ltr'><strong>pro</strong></span> <span class='ocrx_word' id='word_1_518' title='bbox 2063 1672 2245 1722; x_wconf 89' lang='lat' dir='ltr'><strong>manu,</strong></span> <span class='ocrx_word' id='word_1_519' title='bbox 2280 1656 2470 1724; x_wconf 83' lang='lat' dir='ltr'><strong>pedem</strong></span> <span class='ocrx_word' id='word_1_520' title='bbox 2510 1669 2610 1725; x_wconf 90' lang='lat' dir='ltr'><strong>pro</strong></span> <span class='ocrx_word' id='word_1_521' title='bbox 2662 1652 2819 1723; x_wconf 87' lang='lat' dir='ltr'><strong>pede.</strong></span> <span class='ocrx_word' id='word_1_522' title='bbox 2846 1670 2866 1706; x_wconf 75' lang='grc' dir='ltr'><strong>ι</strong></span> <span class='ocrx_word' id='word_1_523' title='bbox 2903 1651 3161 1707; x_wconf 84' lang='lat' dir='ltr'><strong>Videntur</strong></span> <span class='ocrx_word' id='word_1_524' title='bbox 3189 1650 3406 1722; x_wconf 90' lang='lat' dir='ltr'><strong>quidem</strong></span> <span class='ocrx_word' id='word_1_525' title='bbox 3441 1651 3493 1705; x_wconf 92' lang='lat' dir='ltr'><strong>in</strong></span> 
     </span>
    </p>
   </div>
   <div class='ocr_carea' id='block_1_70' title="bbox 1863 1743 3495 1821">
    <p class='ocr_par' dir='ltr' id='par_1_70' title="bbox 1863 1743 3495 1821">
     <span class='ocr_line' id='line_1_70' title="bbox 1863 1743 3495 1821; baseline -0.003 -21"><span class='ocrx_word' id='word_1_526' title='bbox 1863 1746 1903 1800; x_wconf 86' lang='grc' dir='ltr'><strong><em>Β</em></strong></span> <span class='ocrx_word' id='word_1_527' title='bbox 1933 1758 2164 1818; x_wconf 82' lang='lat' dir='ltr'><strong>utroque</strong></span> <span class='ocrx_word' id='word_1_528' title='bbox 2221 1747 2340 1803; x_wconf 90' lang='lat' dir='ltr'><strong>loco</strong></span> <span class='ocrx_word' id='word_1_529' title='bbox 2395 1747 2594 1821; x_wconf 86' lang='lat' dir='ltr'><strong>similia</strong></span> <span class='ocrx_word' id='word_1_530' title='bbox 2649 1746 2779 1811; x_wconf 90' lang='lat' dir='ltr'><strong>dici,</strong></span> <span class='ocrx_word' id='word_1_531' title='bbox 2831 1760 2936 1800; x_wconf 90' lang='lat' dir='ltr'><strong>non</strong></span> <span class='ocrx_word' id='word_1_532' title='bbox 2989 1755 3168 1799; x_wconf 89' lang='lat' dir='ltr'><strong>tamen</strong></span> <span class='ocrx_word' id='word_1_533' title='bbox 3214 1743 3495 1799; x_wconf 86' lang='lat' dir='ltr'><strong>evidenter</strong></span> 
     </span>
    </p>
   </div>
   <div class='ocr_carea' id='block_1_71' title="bbox 1931 1835 3491 1909">
    <p class='ocr_par' dir='ltr' id='par_1_71' title="bbox 1931 1835 3491 1909">
     <span class='ocr_line' id='line_1_71' title="bbox 1931 1835 3491 1909; baseline -0.006 -12"><span class='ocrx_word' id='word_1_534' title='bbox 1931 1841 2235 1897; x_wconf 88' lang='lat' dir='ltr'><strong>ostenditur</strong></span> <span class='ocrx_word' id='word_1_535' title='bbox 2274 1855 2338 1895; x_wconf 85' lang='lat' dir='ltr'><strong>ex</strong></span> <span class='ocrx_word' id='word_1_536' title='bbox 2386 1855 2494 1909; x_wconf 90' lang='lat' dir='ltr'><strong>quo</strong></span> <span class='ocrx_word' id='word_1_537' title='bbox 2546 1838 2886 1909; x_wconf 89' lang='lat' dir='ltr'><strong>potissimum</strong></span> <span class='ocrx_word' id='word_1_538' title='bbox 2936 1836 3054 1892; x_wconf 91' lang='lat' dir='ltr'><strong>loco</strong></span> <span class='ocrx_word' id='word_1_539' title='bbox 3096 1851 3276 1892; x_wconf 88' lang='lat' dir='ltr'><strong>sermo</strong></span> <span class='ocrx_word' id='word_1_540' title='bbox 3307 1835 3401 1905; x_wconf 89' lang='lat' dir='ltr'><strong>qui</strong></span> <span class='ocrx_word' id='word_1_541' title='bbox 3439 1837 3491 1890; x_wconf 90' lang='lat' dir='ltr'><strong>in</strong></span> 
     </span>
    </p>
   </div>
   <div class='ocr_carea' id='block_1_72' title="bbox 1931 1928 3495 2004">
    <p class='ocr_par' dir='ltr' id='par_1_72' title="bbox 1931 1928 3495 2004">
     <span class='ocr_line' id='line_1_72' title="bbox 1931 1928 3495 2004; baseline -0.003 -17"><span class='ocrx_word' id='word_1_542' title='bbox 1931 1933 2223 2004; x_wconf 76' lang='lat' dir='ltr'><strong>Evangelia</strong></span> <span class='ocrx_word' id='word_1_543' title='bbox 2248 1933 2456 2003; x_wconf 90' lang='lat' dir='ltr'><strong>positus</strong></span> <span class='ocrx_word' id='word_1_544' title='bbox 2484 1943 2590 1997; x_wconf 90' lang='lat' dir='ltr'><strong>est,</strong></span> <span class='ocrx_word' id='word_1_545' title='bbox 2616 1934 2866 1988; x_wconf 90' lang='lat' dir='ltr'><strong>videatur</strong></span> <span class='ocrx_word' id='word_1_546' title='bbox 2893 1938 3224 2000; x_wconf 88' lang='lat' dir='ltr'><strong>assumptus,</strong></span> <span class='ocrx_word' id='word_1_547' title='bbox 3255 1943 3379 1984; x_wconf 88' lang='lat' dir='ltr'><strong>eum</strong></span> <span class='ocrx_word' id='word_1_548' title='bbox 3411 1928 3495 1984; x_wconf 87' lang='lat' dir='ltr'><strong>di-</strong></span> 
     </span>
    </p>
   </div>
   <div class='ocr_carea' id='block_1_73' title="bbox 1931 2020 3497 2096">
    <p class='ocr_par' dir='ltr' id='par_1_73' title="bbox 1931 2020 3497 2096">
     <span class='ocr_line' id='line_1_73' title="bbox 1931 2020 3497 2096; baseline -0.004 -13"><span class='ocrx_word' id='word_1_549' title='bbox 1931 2026 2067 2083; x_wconf 75' lang='lat' dir='ltr'><strong>cit”</strong></span> <span class='ocrx_word' id='word_1_550' title='bbox 2097 2044 2111 2081; x_wconf 89' lang='lat'><strong>:</strong></span> <span class='ocrx_word' id='word_1_551' title='bbox 2143 2044 2162 2079; x_wconf 77' lang='grc' dir='ltr'>ι</span> <span class='ocrx_word' id='word_1_552' title='bbox 2191 2026 2325 2094; x_wconf 85' lang='lat' dir='ltr'><strong>Quia</strong></span> <span class='ocrx_word' id='word_1_553' title='bbox 2351 2027 2582 2081; x_wconf 87' lang='lat' dir='ltr'><strong>audistis</strong></span> <span class='ocrx_word' id='word_1_554' title='bbox 2604 2025 2752 2096; x_wconf 90' lang='lat' dir='ltr'><strong>quod</strong></span> <span class='ocrx_word' id='word_1_555' title='bbox 2785 2026 2985 2081; x_wconf 87' lang='lat' dir='ltr'><strong>dictum</strong></span> <span class='ocrx_word' id='word_1_556' title='bbox 3009 2033 3091 2079; x_wconf 88' lang='lat' dir='ltr'><strong>est</strong></span> <span class='ocrx_word' id='word_1_557' title='bbox 3116 2042 3128 2077; x_wconf 88' lang='lat'><strong>:</strong></span> <span class='ocrx_word' id='word_1_558' title='bbox 3154 2020 3380 2079; x_wconf 91' lang='lat' dir='ltr'><strong>Oculum</strong></span> <span class='ocrx_word' id='word_1_559' title='bbox 3398 2036 3497 2094; x_wconf 89' lang='lat' dir='ltr'><strong>pro</strong></span> 
     </span>
    </p>
   </div>
   <div class='ocr_carea' id='block_1_74' title="bbox 1931 2118 2732 2189">
    <p class='ocr_par' dir='ltr' id='par_1_74' title="bbox 1931 2118 2732 2189">
     <span class='ocr_line' id='line_1_74' title="bbox 1931 2118 2732 2189; baseline -0.004 -15"><span class='ocrx_word' id='word_1_560' title='bbox 1931 2119 2107 2180; x_wconf 90' lang='lat' dir='ltr'><strong>oculo.</strong></span> <span class='ocrx_word' id='word_1_561' title='bbox 2139 2118 2353 2173; x_wconf 86' lang='lat' dir='ltr'><strong>dentem</strong></span> <span class='ocrx_word' id='word_1_562' title='bbox 2388 2134 2483 2189; x_wconf 85' lang='lat' dir='ltr'><strong>pro</strong></span> <span class='ocrx_word' id='word_1_563' title='bbox 2509 2119 2688 2175; x_wconf 89' lang='lat' dir='ltr'><strong>dente.</strong></span> <span class='ocrx_word' id='word_1_564' title='bbox 2713 2137 2732 2171; x_wconf 74' lang='grc' dir='ltr'><strong>ι</strong></span> 
     </span>
    </p>
   </div>
   <div class='ocr_carea' id='block_1_75' title="bbox 2000 2207 3495 2279">
    <p class='ocr_par' dir='ltr' id='par_1_75' title="bbox 2000 2207 3495 2279">
     <span class='ocr_line' id='line_1_75' title="bbox 2000 2207 3495 2279; baseline -0.002 -15"><span class='ocrx_word' id='word_1_565' title='bbox 2000 2211 2053 2264; x_wconf 80' lang='lat'><strong>2.</strong></span> <span class='ocrx_word' id='word_1_566' title='bbox 2083 2209 2467 2266; x_wconf 82' lang='lat' dir='ltr'><strong>Verumtamen</strong></span> <span class='ocrx_word' id='word_1_567' title='bbox 2494 2225 2635 2265; x_wconf 90' lang='lat' dir='ltr'><strong>nunc</strong></span> <span class='ocrx_word' id='word_1_568' title='bbox 2663 2209 2734 2264; x_wconf 90' lang='lat' dir='ltr'><strong>ad</strong></span> <span class='ocrx_word' id='word_1_569' title='bbox 2779 2224 2842 2264; x_wconf 90' lang='lat' dir='ltr'><strong>ea</strong></span> <span class='ocrx_word' id='word_1_570' title='bbox 2873 2224 2994 2279; x_wconf 77' lang='lat' dir='ltr'><strong>qua:</strong></span> <span class='ocrx_word' id='word_1_571' title='bbox 3026 2208 3183 2263; x_wconf 91' lang='lat' dir='ltr'><strong>nobis</strong></span> <span class='ocrx_word' id='word_1_572' title='bbox 3215 2211 3266 2263; x_wconf 92' lang='lat' dir='ltr'><strong>in</strong></span> <span class='ocrx_word' id='word_1_573' title='bbox 3308 2207 3495 2262; x_wconf 81' lang='lat' dir='ltr'><strong>Exodo</strong></span> 
     </span>
    </p>
   </div>
   <div class='ocr_carea' id='block_1_76' title="bbox 1932 2298 3492 2370">
    <p class='ocr_par' dir='ltr' id='par_1_76' title="bbox 1932 2298 3492 2370">
     <span class='ocr_line' id='line_1_76' title="bbox 1932 2298 3492 2370; baseline -0.003 -14"><span class='ocrx_word' id='word_1_574' title='bbox 1932 2307 2132 2370; x_wconf 87' lang='lat' dir='ltr'><strong>scripta</strong></span> <span class='ocrx_word' id='word_1_575' title='bbox 2162 2312 2308 2367; x_wconf 92' lang='lat' dir='ltr'><strong>sunt,</strong></span> <span class='ocrx_word' id='word_1_576' title='bbox 2341 2316 2522 2356; x_wconf 86' lang='lat' dir='ltr'><strong>sermo</strong></span> <span class='ocrx_word' id='word_1_577' title='bbox 2553 2301 2841 2356; x_wconf 88' lang='lat' dir='ltr'><strong>vertendus</strong></span> <span class='ocrx_word' id='word_1_578' title='bbox 2865 2311 2968 2368; x_wconf 85' lang='lat' dir='ltr'><strong>est,</strong></span> <span class='ocrx_word' id='word_1_579' title='bbox 3002 2302 3091 2356; x_wconf 91' lang='lat' dir='ltr'><strong>ubi</strong></span> <span class='ocrx_word' id='word_1_580' title='bbox 3122 2301 3227 2356; x_wconf 90' lang='lat' dir='ltr'><strong>duo</strong></span> <span class='ocrx_word' id='word_1_581' title='bbox 3252 2299 3354 2353; x_wconf 86' lang='lat' dir='ltr'><strong>viri</strong></span> <span class='ocrx_word' id='word_1_582' title='bbox 3377 2298 3492 2353; x_wconf 87' lang='lat' dir='ltr'><strong>liti-</strong></span> 
     </span>
    </p>
   </div>
   <div class='ocr_carea' id='block_1_77' title="bbox 1932 2389 3493 2462">
    <p class='ocr_par' dir='ltr' id='par_1_77' title="bbox 1932 2389 3493 2462">
     <span class='ocr_line' id='line_1_77' title="bbox 1932 2389 3493 2462; baseline -0.003 -17"><span class='ocrx_word' id='word_1_583' title='bbox 1932 2403 2082 2462; x_wconf 85' lang='lat' dir='ltr'><strong>gant,</strong></span> <span class='ocrx_word' id='word_1_584' title='bbox 2128 2402 2184 2447; x_wconf 91' lang='lat' dir='ltr'><strong>et</strong></span> <span class='ocrx_word' id='word_1_585' title='bbox 2233 2392 2543 2461; x_wconf 89' lang='lat' dir='ltr'><strong>percutiunt</strong></span> <span class='ocrx_word' id='word_1_586' title='bbox 2571 2391 2850 2446; x_wconf 89' lang='lat' dir='ltr'><strong>mulierem</strong></span> <span class='ocrx_word' id='word_1_587' title='bbox 2890 2399 3279 2462; x_wconf 69' lang='lat' dir='ltr'><strong>praegnantem,</strong></span> <span class='ocrx_word' id='word_1_588' title='bbox 3318 2398 3374 2446; x_wconf 90' lang='lat' dir='ltr'><strong>et</strong></span> <span class='ocrx_word' id='word_1_589' title='bbox 3420 2389 3493 2443; x_wconf 82' lang='lat' dir='ltr'><strong>ite</strong></span> 
     </span>
    </p>
   </div>
   <div class='ocr_carea' id='block_1_78' title="bbox 1934 2481 3495 2554">
    <p class='ocr_par' dir='ltr' id='par_1_78' title="bbox 1934 2481 3495 2554">
     <span class='ocr_line' id='line_1_78' title="bbox 1934 2481 3495 2554; baseline -0.004 -16"><span class='ocrx_word' id='word_1_590' title='bbox 1934 2486 2260 2554; x_wconf 86' lang='lat' dir='ltr'><strong>percutiunt,</strong></span> <span class='ocrx_word' id='word_1_591' title='bbox 2291 2493 2348 2537; x_wconf 90' lang='lat' dir='ltr'><strong>ut</strong></span> <span class='ocrx_word' id='word_1_592' title='bbox 2375 2490 2535 2537; x_wconf 87' lang='lat' dir='ltr'><strong>exeat</strong></span> <span class='ocrx_word' id='word_1_593' title='bbox 2559 2481 2735 2537; x_wconf 82' lang='lat' dir='ltr'><strong>infans</strong></span> <span class='ocrx_word' id='word_1_594' title='bbox 2757 2496 2823 2537; x_wconf 88' lang='lat' dir='ltr'><strong>ex</strong></span> <span class='ocrx_word' id='word_1_595' title='bbox 2848 2497 2934 2547; x_wconf 89' lang='lat' dir='ltr'><strong>ea,</strong></span> <span class='ocrx_word' id='word_1_596' title='bbox 2961 2482 3044 2536; x_wconf 89' lang='lat' dir='ltr'><strong>vel</strong></span> <span class='ocrx_word' id='word_1_597' title='bbox 3076 2481 3338 2535; x_wconf 85' lang='lat' dir='ltr'><strong>formatus</strong></span> <span class='ocrx_word' id='word_1_598' title='bbox 3363 2481 3495 2552; x_wconf 80' lang='lat' dir='ltr'><strong>jam,</strong></span> 
     </span>
    </p>
   </div>
   <div class='ocr_carea' id='block_1_79' title="bbox 1935 2573 3498 2644">
    <p class='ocr_par' dir='ltr' id='par_1_79' title="bbox 1935 2573 3498 2644">
     <span class='ocr_line' id='line_1_79' title="bbox 1935 2573 3498 2644; baseline -0.001 -15"><span class='ocrx_word' id='word_1_599' title='bbox 1935 2575 2016 2632; x_wconf 90' lang='lat' dir='ltr'><strong>vel</strong></span> <span class='ocrx_word' id='word_1_600' title='bbox 2061 2577 2297 2632; x_wconf 89' lang='lat' dir='ltr'><strong>nondum</strong></span> <span class='ocrx_word' id='word_1_601' title='bbox 2331 2575 2616 2629; x_wconf 90' lang='lat' dir='ltr'><strong>formatus.</strong></span> <span class='ocrx_word' id='word_1_602' title='bbox 2662 2573 2905 2630; x_wconf 89' lang='lat' dir='ltr'><strong>Primum</strong></span> <span class='ocrx_word' id='word_1_603' title='bbox 2953 2574 3170 2644; x_wconf 90' lang='lat' dir='ltr'><strong>quidem</strong></span> <span class='ocrx_word' id='word_1_604' title='bbox 3212 2574 3498 2627; x_wconf 88' lang='lat' dir='ltr'><strong>videamus</strong></span> 
     </span>
    </p>
   </div>
   <div class='ocr_carea' id='block_1_80' title="bbox 1932 2662 3499 2736">
    <p class='ocr_par' dir='ltr' id='par_1_80' title="bbox 1932 2662 3499 2736">
     <span class='ocr_line' id='line_1_80' title="bbox 1932 2662 3499 2736; baseline -0.003 -16"><span class='ocrx_word' id='word_1_605' title='bbox 1932 2667 1998 2721; x_wconf 88' lang='lat' dir='ltr'><strong>de</strong></span> <span class='ocrx_word' id='word_1_606' title='bbox 2020 2683 2087 2722; x_wconf 91' lang='lat' dir='ltr'><strong>eo</strong></span> <span class='ocrx_word' id='word_1_607' title='bbox 2115 2667 2207 2736; x_wconf 90' lang='lat' dir='ltr'><strong>qui</strong></span> <span class='ocrx_word' id='word_1_608' title='bbox 2253 2668 2491 2722; x_wconf 88' lang='lat' dir='ltr'><strong>nondum</strong></span> <span class='ocrx_word' id='word_1_609' title='bbox 2542 2667 2805 2721; x_wconf 83' lang='lat' dir='ltr'><strong>formatus</strong></span> <span class='ocrx_word' id='word_1_610' title='bbox 2851 2665 3068 2731; x_wconf 81' lang='lat' dir='ltr'><strong>exierit,</strong></span> <span class='ocrx_word' id='word_1_611' title='bbox 3107 2664 3375 2735; x_wconf 90' lang='lat' dir='ltr'><strong>quomodo</strong></span> <span class='ocrx_word' id='word_1_612' title='bbox 3411 2662 3499 2730; x_wconf 79' lang='lat' dir='ltr'><strong>ju-</strong></span> 
     </span>
    </p>
   </div>
   <div class='ocr_carea' id='block_1_81' title="bbox 1931 2740 3499 2827">
    <p class='ocr_par' dir='ltr' id='par_1_81' title="bbox 1931 2740 3499 2827">
     <span class='ocr_line' id='line_1_81' title="bbox 1931 2740 3499 2827; baseline -0.001 -15"><span class='ocrx_word' id='word_1_613' title='bbox 1931 2740 2086 2812; x_wconf 81' lang='lat' dir='ltr'><strong>belur</strong></span> <span class='ocrx_word' id='word_1_614' title='bbox 2119 2759 2317 2811; x_wconf 88' lang='lat' dir='ltr'><strong>damno</strong></span> <span class='ocrx_word' id='word_1_615' title='bbox 2352 2758 2592 2827; x_wconf 83' lang='lat' dir='ltr'><strong>pecuniae</strong></span> <span class='ocrx_word' id='word_1_616' title='bbox 2632 2757 2843 2826; x_wconf 83' lang='lat' dir='ltr'><strong>percuti</strong></span> <span class='ocrx_word' id='word_1_617' title='bbox 2889 2773 3029 2811; x_wconf 87' lang='lat' dir='ltr'><strong>unus</strong></span> <span class='ocrx_word' id='word_1_618' title='bbox 3063 2771 3126 2812; x_wconf 86' lang='lat' dir='ltr'><strong>ex</strong></span> <span class='ocrx_word' id='word_1_619' title='bbox 3160 2758 3244 2812; x_wconf 88' lang='lat' dir='ltr'><strong>his</strong></span> <span class='ocrx_word' id='word_1_620' title='bbox 3272 2756 3364 2825; x_wconf 90' lang='lat' dir='ltr'><strong>qui</strong></span> <span class='ocrx_word' id='word_1_621' title='bbox 3388 2756 3499 2811; x_wconf 89' lang='lat' dir='ltr'><strong>liti-</strong></span> 
     </span>
    </p>
   </div>
   <div class='ocr_carea' id='block_1_82' title="bbox 1932 2849 3495 2922">
    <p class='ocr_par' dir='ltr' id='par_1_82' title="bbox 1932 2849 3495 2922">
     <span class='ocr_line' id='line_1_82' title="bbox 1932 2849 3495 2922; baseline -0.003 -18"><span class='ocrx_word' id='word_1_622' title='bbox 1932 2860 2078 2922; x_wconf 87' lang='lat' dir='ltr'><strong>gant,</strong></span> <span class='ocrx_word' id='word_1_623' title='bbox 2126 2866 2252 2906; x_wconf 90' lang='lat' dir='ltr'><strong>cum</strong></span> <span class='ocrx_word' id='word_1_624' title='bbox 2301 2867 2331 2907; x_wconf 84' lang='lat' dir='ltr'><strong>a</strong></span> <span class='ocrx_word' id='word_1_625' title='bbox 2380 2850 2665 2921; x_wconf 89' lang='lat' dir='ltr'><strong>Scriptura</strong></span> <span class='ocrx_word' id='word_1_626' title='bbox 2710 2850 2868 2919; x_wconf 89' lang='lat' dir='ltr'><strong>culpa</strong></span> <span class='ocrx_word' id='word_1_627' title='bbox 2901 2849 3031 2913; x_wconf 85' lang='lat' dir='ltr'><strong>litis.</strong></span> <span class='ocrx_word' id='word_1_628' title='bbox 3063 2864 3170 2906; x_wconf 88' lang='lat' dir='ltr'><strong>non</strong></span> <span class='ocrx_word' id='word_1_629' title='bbox 3206 2849 3275 2905; x_wconf 92' lang='lat' dir='ltr'><strong>ad</strong></span> <span class='ocrx_word' id='word_1_630' title='bbox 3307 2864 3495 2913; x_wconf 88' lang='lat' dir='ltr'><strong>unum,</strong></span> 
     </span>
    </p>
   </div>
   <div class='ocr_carea' id='block_1_83' title="bbox 1931 2942 3495 3015">
    <p class='ocr_par' dir='ltr' id='par_1_83' title="bbox 1931 2942 3495 3015">
     <span class='ocr_line' id='line_1_83' title="bbox 1931 2942 3495 3015; baseline 0 -16"><span class='ocrx_word' id='word_1_631' title='bbox 1931 2946 2025 2999; x_wconf 82' lang='lat' dir='ltr'><strong>sed</strong></span> <span class='ocrx_word' id='word_1_632' title='bbox 2076 2945 2146 3001; x_wconf 87' lang='lat' dir='ltr'><strong>ad</strong></span> <span class='ocrx_word' id='word_1_633' title='bbox 2196 2954 2484 3015; x_wconf 89' lang='lat' dir='ltr'><strong>utrumque</strong></span> <span class='ocrx_word' id='word_1_634' title='bbox 2530 2942 2840 2999; x_wconf 82' lang='lat' dir='ltr'><strong>referatur?</strong></span> <span class='ocrx_word' id='word_1_635' title='bbox 2876 2943 3014 3010; x_wconf 86' lang='lat' dir='ltr'><strong>Quid</strong></span> <span class='ocrx_word' id='word_1_636' title='bbox 3045 2943 3208 2999; x_wconf 88' lang='lat' dir='ltr'><strong>etiam</strong></span> <span class='ocrx_word' id='word_1_637' title='bbox 3241 2942 3386 3011; x_wconf 86' lang='lat' dir='ltr'><strong>quod</strong></span> <span class='ocrx_word' id='word_1_638' title='bbox 3414 2945 3495 2999; x_wconf 84' lang='lat' dir='ltr'><strong>vir</strong></span> 
     </span>
    </p>
   </div>
   <div class='ocr_carea' id='block_1_84' title="bbox 1935 3034 3501 3103">
    <p class='ocr_par' dir='ltr' id='par_1_84' title="bbox 1935 3034 3501 3103">
     <span class='ocr_line' id='line_1_84' title="bbox 1935 3034 3501 3103; baseline -0.003 -11"><span class='ocrx_word' id='word_1_639' title='bbox 1935 3038 2182 3094; x_wconf 89' lang='lat' dir='ltr'><strong>mulieris</strong></span> <span class='ocrx_word' id='word_1_640' title='bbox 2209 3038 2417 3103; x_wconf 83' lang='lat' dir='ltr'><strong>indicit,</strong></span> <span class='ocrx_word' id='word_1_641' title='bbox 2454 3037 2539 3092; x_wconf 89' lang='lat' dir='ltr'><strong>vel</strong></span> <span class='ocrx_word' id='word_1_642' title='bbox 2571 3036 2802 3100; x_wconf 89' lang='lat' dir='ltr'><strong>imponit</strong></span> <span class='ocrx_word' id='word_1_643' title='bbox 2833 3036 2904 3100; x_wconf 90' lang='lat' dir='ltr'><strong>ei,</strong></span> <span class='ocrx_word' id='word_1_644' title='bbox 2940 3046 2995 3089; x_wconf 92' lang='lat' dir='ltr'><strong>et</strong></span> <span class='ocrx_word' id='word_1_645' title='bbox 3031 3050 3139 3089; x_wconf 89' lang='lat' dir='ltr'><strong>non</strong></span> <span class='ocrx_word' id='word_1_646' title='bbox 3171 3034 3285 3090; x_wconf 83' lang='lat' dir='ltr'><strong>eis?</strong></span> <span class='ocrx_word' id='word_1_647' title='bbox 3313 3043 3367 3089; x_wconf 91' lang='lat' dir='ltr'><strong>et</strong></span> <span class='ocrx_word' id='word_1_648' title='bbox 3399 3036 3501 3088; x_wconf 80' lang='lat' dir='ltr'><strong>da-</strong></span> 
     </span>
    </p>
   </div>
   <div class='ocr_carea' id='block_1_85' title="bbox 1935 3126 3499 3199">
    <p class='ocr_par' dir='ltr' id='par_1_85' title="bbox 1935 3126 3499 3199">
     <span class='ocr_line' id='line_1_85' title="bbox 1935 3126 3499 3199; baseline -0.003 -14"><span class='ocrx_word' id='word_1_649' title='bbox 1935 3129 2034 3196; x_wconf 88' lang='lat' dir='ltr'><strong>bit,</strong></span> <span class='ocrx_word' id='word_1_650' title='bbox 2066 3138 2121 3186; x_wconf 92' lang='lat' dir='ltr'><strong>et</strong></span> <span class='ocrx_word' id='word_1_651' title='bbox 2148 3145 2255 3185; x_wconf 90' lang='lat' dir='ltr'><strong>non</strong></span> <span class='ocrx_word' id='word_1_652' title='bbox 2279 3129 2456 3199; x_wconf 77' lang='lat' dir='ltr'><strong>potius</strong></span> <span class='ocrx_word' id='word_1_653' title='bbox 2491 3129 2697 3184; x_wconf 86' lang='lat' dir='ltr'><strong>dabunt</strong></span> <span class='ocrx_word' id='word_1_654' title='bbox 2726 3142 2846 3183; x_wconf 88' lang='lat' dir='ltr'><strong>cum</strong></span> <span class='ocrx_word' id='word_1_655' title='bbox 2880 3128 3119 3182; x_wconf 84' lang='lat' dir='ltr'><strong>honore?</strong></span> <span class='ocrx_word' id='word_1_656' title='bbox 3151 3126 3221 3181; x_wconf 82' lang='lat' dir='ltr'><strong>Et</strong></span> <span class='ocrx_word' id='word_1_657' title='bbox 3249 3127 3372 3194; x_wconf 87' lang='lat' dir='ltr'><strong>quis</strong></span> <span class='ocrx_word' id='word_1_658' title='bbox 3399 3126 3499 3180; x_wconf 82' lang='lat' dir='ltr'><strong>iste</strong></span> 
     </span>
    </p>
   </div>
   <div class='ocr_carea' id='block_1_86' title="bbox 1935 3217 3497 3291">
    <p class='ocr_par' dir='ltr' id='par_1_86' title="bbox 1935 3217 3497 3291">
     <span class='ocr_line' id='line_1_86' title="bbox 1935 3217 3497 3291; baseline -0.004 -14"><span class='ocrx_word' id='word_1_659' title='bbox 1935 3230 2022 3278; x_wconf 87' lang='lat' dir='ltr'><strong>est</strong></span> <span class='ocrx_word' id='word_1_660' title='bbox 2066 3222 2273 3276; x_wconf 81' lang='lat' dir='ltr'><strong>honor?</strong></span> <span class='ocrx_word' id='word_1_661' title='bbox 2320 3220 2472 3288; x_wconf 87' lang='lat' dir='ltr'><strong>Quod</strong></span> <span class='ocrx_word' id='word_1_662' title='bbox 2525 3221 2570 3276; x_wconf 84' lang='lat' dir='ltr'><strong>si</strong></span> <span class='ocrx_word' id='word_1_663' title='bbox 2604 3220 2779 3275; x_wconf 84' lang='lat' dir='ltr'><strong>infans</strong></span> <span class='ocrx_word' id='word_1_664' title='bbox 2821 3221 2933 3291; x_wconf 84' lang='lat' dir='ltr'><strong>jam</strong></span> <span class='ocrx_word' id='word_1_665' title='bbox 2982 3220 3246 3274; x_wconf 83' lang='lat' dir='ltr'><strong>formatus</strong></span> <span class='ocrx_word' id='word_1_666' title='bbox 3278 3217 3497 3284; x_wconf 82' lang='lat' dir='ltr'><strong>exierit,</strong></span> 
     </span>
    </p>
   </div>
   <div class='ocr_carea' id='block_1_87' title="bbox 1936 3308 3496 3384">
    <p class='ocr_par' dir='ltr' id='par_1_87' title="bbox 1936 3308 3496 3384">
     <span class='ocr_line' id='line_1_87' title="bbox 1936 3308 3496 3384; baseline -0.006 -11"><span class='ocrx_word' id='word_1_667' title='bbox 1936 3329 2193 3384; x_wconf 77' lang='lat' dir='ltr'><strong>percussa</strong></span> <span class='ocrx_word' id='word_1_668' title='bbox 2237 3330 2268 3368; x_wconf 87' lang='lat' dir='ltr'><strong>a</strong></span> <span class='ocrx_word' id='word_1_669' title='bbox 2323 3313 2659 3384; x_wconf 84' lang='lat' dir='ltr'><strong>litigantibus</strong></span> <span class='ocrx_word' id='word_1_670' title='bbox 2699 3310 2829 3365; x_wconf 89' lang='lat' dir='ltr'><strong>viris</strong></span> <span class='ocrx_word' id='word_1_671' title='bbox 2882 3321 3197 3383; x_wconf 73' lang='lat' dir='ltr'><strong>praegnante</strong></span> <span class='ocrx_word' id='word_1_672' title='bbox 3250 3308 3496 3375; x_wconf 85' lang='lat' dir='ltr'><strong>muliere,</strong></span> 
     </span>
    </p>
   </div>
   <div class='ocr_carea' id='block_1_88' title="bbox 1937 3403 3501 3475">
    <p class='ocr_par' dir='ltr' id='par_1_88' title="bbox 1937 3403 3501 3475">
     <span class='ocr_line' id='line_1_88' title="bbox 1937 3403 3501 3475; baseline -0.003 -16"><span class='ocrx_word' id='word_1_673' title='bbox 1937 3406 2172 3460; x_wconf 86' lang='lat' dir='ltr'><strong>animam</strong></span> <span class='ocrx_word' id='word_1_674' title='bbox 2199 3404 2313 3459; x_wconf 87' lang='lat' dir='ltr'><strong>dari</strong></span> <span class='ocrx_word' id='word_1_675' title='bbox 2344 3420 2442 3475; x_wconf 89' lang='lat' dir='ltr'><strong>pro</strong></span> <span class='ocrx_word' id='word_1_676' title='bbox 2465 3405 2643 3459; x_wconf 88' lang='lat' dir='ltr'><strong>anima</strong></span> <span class='ocrx_word' id='word_1_677' title='bbox 2686 3403 2845 3459; x_wconf 85' lang='lat' dir='ltr'><strong>facile</strong></span> <span class='ocrx_word' id='word_1_678' title='bbox 2875 3403 3247 3472; x_wconf 78' lang='lat' dir='ltr'><strong>intelligimus,</strong></span> <span class='ocrx_word' id='word_1_679' title='bbox 3282 3403 3384 3461; x_wconf 91' lang='lat' dir='ltr'><strong>hoc</strong></span> <span class='ocrx_word' id='word_1_680' title='bbox 3413 3409 3501 3456; x_wconf 88' lang='lat' dir='ltr'><strong>est</strong></span> 
     </span>
    </p>
   </div>
   <div class='ocr_carea' id='block_1_89' title="bbox 1938 3492 3501 3573">
    <p class='ocr_par' dir='ltr' id='par_1_89' title="bbox 1938 3492 3501 3573">
     <span class='ocr_line' id='line_1_89' title="bbox 1938 3492 3501 3573; baseline -0.004 -24"><span class='ocrx_word' id='word_1_681' title='bbox 1938 3504 1998 3573; x_wconf 77' lang='lat' dir='ltr'><strong>ut</strong></span> <span class='ocrx_word' id='word_1_682' title='bbox 2044 3504 2218 3549; x_wconf 87' lang='lat' dir='ltr'><strong>:uorte</strong></span> <span class='ocrx_word' id='word_1_683' title='bbox 2276 3495 2581 3551; x_wconf 85' lang='lat' dir='ltr'><strong>vindicetur</strong></span> <span class='ocrx_word' id='word_1_684' title='bbox 2631 3495 2952 3550; x_wconf 85' lang='lat' dir='ltr'><strong>admissum.</strong></span> <span class='ocrx_word' id='word_1_685' title='bbox 3008 3492 3141 3559; x_wconf 81' lang='lat' dir='ltr'><strong>Qua:</strong></span> <span class='ocrx_word' id='word_1_686' title='bbox 3196 3502 3501 3561; x_wconf 85' lang='lat' dir='ltr'><strong>sequuntur</strong></span> 
     </span>
    </p>
   </div>
   <div class='ocr_carea' id='block_1_90' title="bbox 1937 3583 3503 3657">
    <p class='ocr_par' dir='ltr' id='par_1_90' title="bbox 1937 3583 3503 3657">
     <span class='ocr_line' id='line_1_90' title="bbox 1937 3583 3503 3657; baseline -0.003 -17"><span class='ocrx_word' id='word_1_687' title='bbox 1937 3596 2141 3654; x_wconf 90' lang='lat' dir='ltr'><strong>autem,</strong></span> <span class='ocrx_word' id='word_1_688' title='bbox 2173 3600 2348 3657; x_wconf 74' lang='lat' dir='ltr'><strong>opera:</strong></span> <span class='ocrx_word' id='word_1_689' title='bbox 2372 3586 2603 3657; x_wconf 88' lang='lat' dir='ltr'><strong>pretium</strong></span> <span class='ocrx_word' id='word_1_690' title='bbox 2629 3594 2712 3641; x_wconf 89' lang='lat' dir='ltr'><strong>est</strong></span> <span class='ocrx_word' id='word_1_691' title='bbox 2739 3586 3021 3655; x_wconf 87' lang='lat' dir='ltr'><strong>explicare</strong></span> <span class='ocrx_word' id='word_1_692' title='bbox 3055 3602 3070 3638; x_wconf 88' lang='lat'><strong>:</strong></span> <span class='ocrx_word' id='word_1_693' title='bbox 3107 3602 3124 3635; x_wconf 76' lang='grc' dir='ltr'>ι</span> <span class='ocrx_word' id='word_1_694' title='bbox 3146 3583 3369 3638; x_wconf 89' lang='lat' dir='ltr'><strong>Oculum</strong></span> <span class='ocrx_word' id='word_1_695' title='bbox 3402 3596 3503 3652; x_wconf 89' lang='lat' dir='ltr'><strong>pro</strong></span> 
     </span>
    </p>
   </div>
   <div class='ocr_carea' id='block_1_91' title="bbox 1938 3672 3504 3747">
    <p class='ocr_par' dir='ltr' id='par_1_91' title="bbox 1938 3672 3504 3747">
     <span class='ocr_line' id='line_1_91' title="bbox 1938 3672 3504 3747; baseline -0.004 -15"><span class='ocrx_word' id='word_1_696' title='bbox 1938 3677 2119 3744; x_wconf 91' lang='lat' dir='ltr'><strong>oculo,</strong></span> <span class='ocrx_word' id='word_1_697' title='bbox 2161 3677 2376 3732; x_wconf 89' lang='lat' dir='ltr'><strong>dentem</strong></span> <span class='ocrx_word' id='word_1_698' title='bbox 2429 3692 2526 3747; x_wconf 88' lang='lat' dir='ltr'><strong>pro</strong></span> <span class='ocrx_word' id='word_1_699' title='bbox 2575 3677 2802 3731; x_wconf 63' lang='lat' dir='ltr'><strong>dente.»</strong></span> <span class='ocrx_word' id='word_1_700' title='bbox 2861 3673 3048 3743; x_wconf 82' lang='lat' dir='ltr'><strong>Neque</strong></span> <span class='ocrx_word' id='word_1_701' title='bbox 3100 3674 3246 3729; x_wconf 85' lang='lat' dir='ltr'><strong>enim</strong></span> <span class='ocrx_word' id='word_1_702' title='bbox 3285 3672 3504 3726; x_wconf 87' lang='lat' dir='ltr'><strong>videtur</strong></span> 
     </span>
    </p>
   </div>
   <div class='ocr_carea' id='block_1_92' title="bbox 1938 3763 3504 3838">
    <p class='ocr_par' dir='ltr' id='par_1_92' title="bbox 1938 3763 3504 3838">
     <span class='ocr_line' id='line_1_92' title="bbox 1938 3763 3504 3838; baseline -0.005 -13"><span class='ocrx_word' id='word_1_703' title='bbox 1938 3784 2056 3825; x_wconf 89' lang='lat' dir='ltr'><strong>esse</strong></span> <span class='ocrx_word' id='word_1_704' title='bbox 2107 3768 2384 3838; x_wconf 88' lang='lat' dir='ltr'><strong>possibile,</strong></span> <span class='ocrx_word' id='word_1_705' title='bbox 2440 3777 2500 3821; x_wconf 91' lang='lat' dir='ltr'><strong>ut</strong></span> <span class='ocrx_word' id='word_1_706' title='bbox 2553 3766 2731 3821; x_wconf 88' lang='lat' dir='ltr'><strong>infans</strong></span> <span class='ocrx_word' id='word_1_707' title='bbox 2779 3780 2939 3835; x_wconf 89' lang='lat' dir='ltr'><strong>quem</strong></span> <span class='ocrx_word' id='word_1_708' title='bbox 2998 3780 3253 3836; x_wconf 89' lang='lat' dir='ltr'><strong>percussa</strong></span> <span class='ocrx_word' id='word_1_709' title='bbox 3308 3763 3504 3819; x_wconf 91' lang='lat' dir='ltr'><strong>mulier</strong></span> 
     </span>
    </p>
   </div>
   <div class='ocr_carea' id='block_1_93' title="bbox 1941 3855 3503 3930">
    <p class='ocr_par' dir='ltr' id='par_1_93' title="bbox 1941 3855 3503 3930">
     <span class='ocr_line' id='line_1_93' title="bbox 1941 3855 3503 3930; baseline -0.005 -14"><span class='ocrx_word' id='word_1_710' title='bbox 1941 3862 2241 3927; x_wconf 83' lang='lat' dir='ltr'><strong>abortierit,</strong></span> <span class='ocrx_word' id='word_1_711' title='bbox 2276 3860 2529 3930; x_wconf 89' lang='lat' dir='ltr'><strong>quamvis</strong></span> <span class='ocrx_word' id='word_1_712' title='bbox 2575 3860 2839 3915; x_wconf 89' lang='lat' dir='ltr'><strong>formatus</strong></span> <span class='ocrx_word' id='word_1_713' title='bbox 2885 3857 3103 3925; x_wconf 84' lang='lat' dir='ltr'><strong>exierit,</strong></span> <span class='ocrx_word' id='word_1_714' title='bbox 3137 3855 3503 3926; x_wconf 83' lang='lat' dir='ltr'><strong>intelligamus</strong></span> 
     </span>
    </p>
   </div>
   <div class='ocr_carea' id='block_1_94' title="bbox 1940 3945 3505 4024">
    <p class='ocr_par' dir='ltr' id='par_1_94' title="bbox 1940 3945 3505 4024">
     <span class='ocr_line' id='line_1_94' title="bbox 1940 3945 3505 4024; baseline -0.007 -15"><span class='ocrx_word' id='word_1_715' title='bbox 1940 3956 2081 4024; x_wconf 86' lang='lat' dir='ltr'><strong>quod</strong></span> <span class='ocrx_word' id='word_1_716' title='bbox 2103 3953 2202 4007; x_wconf 87' lang='lat' dir='ltr'><strong>viri</strong></span> <span class='ocrx_word' id='word_1_717' title='bbox 2228 3951 2489 4022; x_wconf 83' lang='lat' dir='ltr'><strong>litigantis</strong></span> <span class='ocrx_word' id='word_1_718' title='bbox 2510 3951 2662 4007; x_wconf 88' lang='lat' dir='ltr'><strong>calce</strong></span> <span class='ocrx_word' id='word_1_719' title='bbox 2686 3962 2979 4020; x_wconf 88' lang='lat' dir='ltr'><strong>percussus</strong></span> <span class='ocrx_word' id='word_1_720' title='bbox 2998 3945 3213 4002; x_wconf 89' lang='lat' dir='ltr'><strong>oculum</strong></span> <span class='ocrx_word' id='word_1_721' title='bbox 3239 3945 3291 4000; x_wconf 93' lang='lat' dir='ltr'><strong>in</strong></span> <span class='ocrx_word' id='word_1_722' title='bbox 3316 3955 3505 3999; x_wconf 88' lang='lat' dir='ltr'><strong>ventre</strong></span> 
     </span>
    </p>
   </div>
   <div class='ocr_carea' id='block_1_95' title="bbox 1941 4036 3505 4116">
    <p class='ocr_par' dir='ltr' id='par_1_95' title="bbox 1941 4036 3505 4116">
     <span class='ocr_line' id='line_1_95' title="bbox 1941 4036 3505 4116; baseline -0.006 -15"><span class='ocrx_word' id='word_1_723' title='bbox 1941 4047 2254 4116; x_wconf 86' lang='lat' dir='ltr'><strong>perdiderit,</strong></span> <span class='ocrx_word' id='word_1_724' title='bbox 2288 4060 2389 4115; x_wconf 87' lang='lat' dir='ltr'><strong>pro</strong></span> <span class='ocrx_word' id='word_1_725' title='bbox 2427 4057 2536 4113; x_wconf 90' lang='lat' dir='ltr'><strong>quo</strong></span> <span class='ocrx_word' id='word_1_726' title='bbox 2582 4048 2868 4111; x_wconf 79' lang='lat' dir='ltr'><strong>percussor</strong></span> <span class='ocrx_word' id='word_1_727' title='bbox 2890 4037 3006 4111; x_wconf 76' lang='lat'><strong>(58)</strong></span> <span class='ocrx_word' id='word_1_728' title='bbox 3046 4036 3226 4094; x_wconf 82' lang='lat' dir='ltr'><strong>orbari</strong></span> <span class='ocrx_word' id='word_1_729' title='bbox 3263 4036 3424 4092; x_wconf 91' lang='lat' dir='ltr'><strong>oculo</strong></span> <span class='ocrx_word' id='word_1_730' title='bbox 3473 4052 3505 4090; x_wconf 89' lang='lat' dir='ltr'><strong>a</strong></span> 
     </span>
    </p>
   </div>
   <div class='ocr_carea' id='block_1_96' title="bbox 1938 4130 3505 4206">
    <p class='ocr_par' dir='ltr' id='par_1_96' title="bbox 1938 4130 3505 4206">
     <span class='ocr_line' id='line_1_96' title="bbox 1938 4130 3505 4206; baseline -0.006 -14"><span class='ocrx_word' id='word_1_731' title='bbox 1938 4137 2210 4206; x_wconf 76' lang='lat' dir='ltr'><strong>iudicibus</strong></span> <span class='ocrx_word' id='word_1_732' title='bbox 2246 4138 2460 4192; x_wconf 88' lang='lat' dir='ltr'><strong>debeat.</strong></span> <span class='ocrx_word' id='word_1_733' title='bbox 2509 4133 2613 4188; x_wconf 89' lang='lat' dir='ltr'><strong>Sed</strong></span> <span class='ocrx_word' id='word_1_734' title='bbox 2668 4147 2827 4202; x_wconf 89' lang='lat' dir='ltr'><strong>pone,</strong></span> <span class='ocrx_word' id='word_1_735' title='bbox 2881 4131 2954 4188; x_wconf 83' lang='lat' dir='ltr'><strong>sit</strong></span> <span class='ocrx_word' id='word_1_736' title='bbox 2982 4139 3038 4184; x_wconf 91' lang='lat' dir='ltr'><strong>et</strong></span> <span class='ocrx_word' id='word_1_737' title='bbox 3083 4131 3209 4190; x_wconf 89' lang='lat' dir='ltr'><strong>hoc.</strong></span> <span class='ocrx_word' id='word_1_738' title='bbox 3241 4130 3365 4199; x_wconf 91' lang='lat' dir='ltr'><strong>quia</strong></span> <span class='ocrx_word' id='word_1_739' title='bbox 3394 4130 3505 4196; x_wconf 87' lang='lat' dir='ltr'><strong>jam</strong></span> 
     </span>
    </p>
   </div>
   <div class='ocr_carea' id='block_1_97' title="bbox 1944 4219 3507 4294">
    <p class='ocr_par' dir='ltr' id='par_1_97' title="bbox 1944 4219 3507 4294">
     <span class='ocr_line' id='line_1_97' title="bbox 1944 4219 3507 4294; baseline -0.008 -11"><span class='ocrx_word' id='word_1_740' title='bbox 1944 4232 2206 4283; x_wconf 88' lang='lat' dir='ltr'><strong>formatus</strong></span> <span class='ocrx_word' id='word_1_741' title='bbox 2243 4227 2498 4292; x_wconf 84' lang='lat' dir='ltr'><strong>refertur,</strong></span> <span class='ocrx_word' id='word_1_742' title='bbox 2535 4226 2663 4294; x_wconf 90' lang='lat' dir='ltr'><strong>quid</strong></span> <span class='ocrx_word' id='word_1_743' title='bbox 2691 4232 2744 4279; x_wconf 90' lang='lat' dir='ltr'><strong>et</strong></span> <span class='ocrx_word' id='word_1_744' title='bbox 2765 4224 2832 4277; x_wconf 90' lang='lat' dir='ltr'><strong>de</strong></span> <span class='ocrx_word' id='word_1_745' title='bbox 2863 4224 3022 4278; x_wconf 88' lang='lat' dir='ltr'><strong>dente</strong></span> <span class='ocrx_word' id='word_1_746' title='bbox 3048 4221 3326 4277; x_wconf 86' lang='lat' dir='ltr'><strong>dicemus?</strong></span> <span class='ocrx_word' id='word_1_747' title='bbox 3351 4219 3507 4274; x_wconf 88' lang='lat' dir='ltr'><strong>Nun-</strong></span> 
     </span>
    </p>
   </div>
   <div class='ocr_carea' id='block_1_98' title="bbox 1944 4317 3505 4393">
    <p class='ocr_par' dir='ltr' id='par_1_98' title="bbox 1944 4317 3505 4393">
     <span class='ocr_line' id='line_1_98' title="bbox 1944 4317 3505 4393; baseline -0.005 -18"><span class='ocrx_word' id='word_1_748' title='bbox 1944 4321 2075 4393; x_wconf 89' lang='lat' dir='ltr'><strong>quid</strong></span> <span class='ocrx_word' id='word_1_749' title='bbox 2109 4322 2161 4376; x_wconf 91' lang='lat' dir='ltr'><strong>iu</strong></span> <span class='ocrx_word' id='word_1_750' title='bbox 2192 4329 2381 4375; x_wconf 90' lang='lat' dir='ltr'><strong>ventre</strong></span> <span class='ocrx_word' id='word_1_751' title='bbox 2423 4319 2617 4373; x_wconf 86' lang='lat' dir='ltr'><strong>matris</strong></span> <span class='ocrx_word' id='word_1_752' title='bbox 2648 4317 2838 4372; x_wconf 86' lang='lat' dir='ltr'><strong>dentes</strong></span> <span class='ocrx_word' id='word_1_753' title='bbox 2882 4317 3094 4382; x_wconf 89' lang='lat' dir='ltr'><strong>habuit,</strong></span> <span class='ocrx_word' id='word_1_754' title='bbox 3139 4330 3278 4384; x_wconf 89' lang='lat' dir='ltr'><strong>quos</strong></span> <span class='ocrx_word' id='word_1_755' title='bbox 3307 4329 3505 4383; x_wconf 87' lang='lat' dir='ltr'><strong>percu-</strong></span> 
     </span>
    </p>
   </div>
   <div class='ocr_carea' id='block_1_99' title="bbox 1945 4501 3509 4579">
    <p class='ocr_par' dir='ltr' id='par_1_99' title="bbox 1945 4501 3509 4579">
     <span class='ocr_line' id='line_1_99' title="bbox 1945 4501 3509 4579; baseline -0.009 -12"><span class='ocrx_word' id='word_1_756' title='bbox 1945 4526 2065 4567; x_wconf 89' lang='lat' dir='ltr'><strong>eam</strong></span> <span class='ocrx_word' id='word_1_757' title='bbox 2093 4525 2213 4579; x_wconf 65' lang='lat' dir='ltr'><strong>qua:</strong></span> <span class='ocrx_word' id='word_1_758' title='bbox 2246 4507 2547 4574; x_wconf 89' lang='lat' dir='ltr'><strong>abortierit,</strong></span> <span class='ocrx_word' id='word_1_759' title='bbox 2571 4505 2839 4576; x_wconf 90' lang='lat' dir='ltr'><strong>quomodo</strong></span> <span class='ocrx_word' id='word_1_760' title='bbox 2877 4518 3066 4558; x_wconf 83' lang='lat' dir='ltr'><strong>rursus</strong></span> <span class='ocrx_word' id='word_1_761' title='bbox 3107 4501 3416 4567; x_wconf 89' lang='lat' dir='ltr'><strong>conveniet,</strong></span> <span class='ocrx_word' id='word_1_762' title='bbox 3448 4512 3509 4554; x_wconf 88' lang='lat' dir='ltr'><strong>ut</strong></span> 
     </span>
    </p>
   </div>
   <div class='ocr_carea' id='block_1_100' title="bbox 1946 4594 3509 4669">
    <p class='ocr_par' dir='ltr' id='par_1_100' title="bbox 1946 4594 3509 4669">
     <span class='ocr_line' id='line_1_100' title="bbox 1946 4594 3509 4669; baseline -0.008 -10"><span class='ocrx_word' id='word_1_763' title='bbox 1946 4604 2222 4660; x_wconf 83' lang='lat' dir='ltr'><strong>ahortiens</strong></span> <span class='ocrx_word' id='word_1_764' title='bbox 2251 4601 2441 4656; x_wconf 89' lang='lat' dir='ltr'><strong>mulier</strong></span> <span class='ocrx_word' id='word_1_765' title='bbox 2462 4601 2676 4657; x_wconf 89' lang='lat' dir='ltr'><strong>oculum</strong></span> <span class='ocrx_word' id='word_1_766' title='bbox 2708 4599 2920 4669; x_wconf 90' lang='lat' dir='ltr'><strong>perdat,</strong></span> <span class='ocrx_word' id='word_1_767' title='bbox 2945 4606 3038 4652; x_wconf 91' lang='lat' dir='ltr'><strong>aut</strong></span> <span class='ocrx_word' id='word_1_768' title='bbox 3068 4597 3261 4651; x_wconf 89' lang='lat' dir='ltr'><strong>dentes</strong></span> <span class='ocrx_word' id='word_1_769' title='bbox 3288 4594 3509 4651; x_wconf 81' lang='lat' dir='ltr'><strong>doleat?</strong></span> 
     </span>
    </p>
   </div>
   <div class='ocr_carea' id='block_1_101' title="bbox 1947 4689 3505 4765">
    <p class='ocr_par' dir='ltr' id='par_1_101' title="bbox 1947 4689 3505 4765">
     <span class='ocr_line' id='line_1_101' title="bbox 1947 4689 3505 4765; baseline -0.006 -14"><span class='ocrx_word' id='word_1_770' title='bbox 1947 4697 2051 4751; x_wconf 79' lang='lat' dir='ltr'><strong>Sed</strong></span> <span class='ocrx_word' id='word_1_771' title='bbox 2084 4709 2222 4765; x_wconf 90' lang='lat' dir='ltr'><strong>pone</strong></span> <span class='ocrx_word' id='word_1_772' title='bbox 2269 4694 2395 4763; x_wconf 90' lang='lat' dir='ltr'><strong>quia</strong></span> <span class='ocrx_word' id='word_1_773' title='bbox 2430 4708 2685 4762; x_wconf 88' lang='lat' dir='ltr'><strong>percussa</strong></span> <span class='ocrx_word' id='word_1_774' title='bbox 2735 4694 2950 4749; x_wconf 86' lang='lat' dir='ltr'><strong>dicatur</strong></span> <span class='ocrx_word' id='word_1_775' title='bbox 2998 4693 3053 4747; x_wconf 91' lang='lat' dir='ltr'><strong>in</strong></span> <span class='ocrx_word' id='word_1_776' title='bbox 3083 4689 3267 4755; x_wconf 92' lang='lat' dir='ltr'><strong>oculo,</strong></span> <span class='ocrx_word' id='word_1_777' title='bbox 3315 4699 3410 4743; x_wconf 90' lang='lat' dir='ltr'><strong>aut</strong></span> <span class='ocrx_word' id='word_1_778' title='bbox 3451 4689 3505 4742; x_wconf 91' lang='lat' dir='ltr'><strong>in</strong></span> 
     </span>
    </p>
   </div>
   <div class='ocr_carea' id='block_1_102' title="bbox 1948 4782 3508 4853">
    <p class='ocr_par' dir='ltr' id='par_1_102' title="bbox 1948 4782 3508 4853">
     <span class='ocr_line' id='line_1_102' title="bbox 1948 4782 3508 4853; baseline -0.004 -10"><span class='ocrx_word' id='word_1_779' title='bbox 1948 4789 2128 4852; x_wconf 87' lang='lat' dir='ltr'><strong>dente,</strong></span> <span class='ocrx_word' id='word_1_780' title='bbox 2156 4800 2210 4842; x_wconf 92' lang='lat' dir='ltr'><strong>et</strong></span> <span class='ocrx_word' id='word_1_781' title='bbox 2241 4787 2366 4842; x_wconf 89' lang='lat' dir='ltr'><strong>inde</strong></span> <span class='ocrx_word' id='word_1_782' title='bbox 2388 4800 2556 4842; x_wconf 85' lang='lat' dir='ltr'><strong>causa</strong></span> <span class='ocrx_word' id='word_1_783' title='bbox 2590 4788 2816 4840; x_wconf 89' lang='lat' dir='ltr'><strong>aborsus</strong></span> <span class='ocrx_word' id='word_1_784' title='bbox 2845 4797 3033 4841; x_wconf 87' lang='lat' dir='ltr'><strong>exorta</strong></span> <span class='ocrx_word' id='word_1_785' title='bbox 3066 4783 3162 4848; x_wconf 90' lang='lat' dir='ltr'><strong>sit,</strong></span> <span class='ocrx_word' id='word_1_786' title='bbox 3195 4795 3336 4853; x_wconf 91' lang='lat' dir='ltr'><strong>pone</strong></span> <span class='ocrx_word' id='word_1_787' title='bbox 3367 4782 3508 4836; x_wconf 82' lang='lat' dir='ltr'><strong>livo-</strong></span> 
     </span>
    </p>
   </div>
   <div class='ocr_carea' id='block_1_103' title="bbox 1950 4875 3511 4951">
    <p class='ocr_par' dir='ltr' id='par_1_103' title="bbox 1950 4875 3511 4951">
     <span class='ocr_line' id='line_1_103' title="bbox 1950 4875 3511 4951; baseline -0.005 -14"><span class='ocrx_word' id='word_1_788' title='bbox 1950 4896 2083 4945; x_wconf 88' lang='lat' dir='ltr'><strong>rem,</strong></span> <span class='ocrx_word' id='word_1_789' title='bbox 2119 4896 2257 4951; x_wconf 92' lang='lat' dir='ltr'><strong>pone</strong></span> <span class='ocrx_word' id='word_1_790' title='bbox 2304 4880 2499 4935; x_wconf 89' lang='lat' dir='ltr'><strong>vulnus</strong></span> <span class='ocrx_word' id='word_1_791' title='bbox 2550 4881 2842 4949; x_wconf 86' lang='lat' dir='ltr'><strong>acceperit,</strong></span> <span class='ocrx_word' id='word_1_792' title='bbox 2873 4879 3006 4949; x_wconf 90' lang='lat' dir='ltr'><strong>quid</strong></span> <span class='ocrx_word' id='word_1_793' title='bbox 3057 4877 3220 4932; x_wconf 88' lang='lat' dir='ltr'><strong>etiam</strong></span> <span class='ocrx_word' id='word_1_794' title='bbox 3268 4875 3511 4930; x_wconf 89' lang='lat' dir='ltr'><strong>dicemus</strong></span> 
     </span>
    </p>
   </div>
   <div class='ocr_carea' id='block_1_104' title="bbox 1951 4966 3513 5044">
    <p class='ocr_par' dir='ltr' id='par_1_104' title="bbox 1951 4966 3513 5044">
     <span class='ocr_line' id='line_1_104' title="bbox 1951 4966 3513 5044; baseline -0.006 -16"><span class='ocrx_word' id='word_1_795' title='bbox 1951 4975 2352 5029; x_wconf 89' lang='lat' dir='ltr'><strong>combusturam</strong></span> <span class='ocrx_word' id='word_1_796' title='bbox 2388 4988 2487 5044; x_wconf 88' lang='lat' dir='ltr'><strong>pro</strong></span> <span class='ocrx_word' id='word_1_797' title='bbox 2532 4970 2922 5027; x_wconf 87' lang='lat' dir='ltr'><strong>combustura?</strong></span> <span class='ocrx_word' id='word_1_798' title='bbox 2953 4968 3207 5039; x_wconf 85' lang='lat' dir='ltr'><strong>Nunquid</strong></span> <span class='ocrx_word' id='word_1_799' title='bbox 3252 4966 3513 5037; x_wconf 81' lang='lat' dir='ltr'><strong>litiganti-</strong></span> 
     </span>
    </p>
   </div>
   <div class='ocr_carea' id='block_1_105' title="bbox 1950 5061 3516 5131">
    <p class='ocr_par' dir='ltr' id='par_1_105' title="bbox 1950 5061 3516 5131">
     <span class='ocr_line' id='line_1_105' title="bbox 1950 5061 3516 5131; baseline -0.006 -9"><span class='ocrx_word' id='word_1_800' title='bbox 1950 5067 2051 5122; x_wconf 84' lang='lat' dir='ltr'><strong>bus</strong></span> <span class='ocrx_word' id='word_1_801' title='bbox 2082 5066 2211 5121; x_wconf 83' lang='lat' dir='ltr'><strong>viris</strong></span> <span class='ocrx_word' id='word_1_802' title='bbox 2238 5066 2500 5121; x_wconf 86' lang='lat' dir='ltr'><strong>assistens</strong></span> <span class='ocrx_word' id='word_1_803' title='bbox 2532 5064 2728 5119; x_wconf 88' lang='lat' dir='ltr'><strong>mulier</strong></span> <span class='ocrx_word' id='word_1_804' title='bbox 2757 5062 3000 5117; x_wconf 90' lang='lat' dir='ltr'><strong>comburi</strong></span> <span class='ocrx_word' id='word_1_805' title='bbox 3031 5061 3226 5131; x_wconf 81' lang='lat' dir='ltr'><strong>potuit,</strong></span> <span class='ocrx_word' id='word_1_806' title='bbox 3263 5068 3322 5114; x_wconf 93' lang='lat' dir='ltr'><strong>ut</strong></span> <span class='ocrx_word' id='word_1_807' title='bbox 3365 5074 3516 5113; x_wconf 89' lang='lat' dir='ltr'><strong>eom-</strong></span> 
     </span>
    </p>
   </div>
   <div class='ocr_carea' id='block_1_106' title="bbox 1952 5152 3517 5226">
    <p class='ocr_par' dir='ltr' id='par_1_106' title="bbox 1952 5152 3517 5226">
     <span class='ocr_line' id='line_1_106' title="bbox 1952 5152 3517 5226; baseline -0.007 -12"><span class='ocrx_word' id='word_1_808' title='bbox 1952 5158 2172 5214; x_wconf 86' lang='lat' dir='ltr'><strong>bustura</strong></span> <span class='ocrx_word' id='word_1_809' title='bbox 2203 5171 2301 5226; x_wconf 94' lang='lat' dir='ltr'><strong>pro</strong></span> <span class='ocrx_word' id='word_1_810' title='bbox 2341 5154 2692 5211; x_wconf 89' lang='lat' dir='ltr'><strong>combustura</strong></span> <span class='ocrx_word' id='word_1_811' title='bbox 2724 5154 2999 5209; x_wconf 86' lang='lat' dir='ltr'><strong>solvatur?</strong></span> <span class='ocrx_word' id='word_1_812' title='bbox 3031 5153 3162 5220; x_wconf 70' lang='lat' dir='ltr'><strong>Quae</strong></span> <span class='ocrx_word' id='word_1_813' title='bbox 3195 5161 3375 5207; x_wconf 81' lang='lat' dir='ltr'><strong>tamen</strong></span> <span class='ocrx_word' id='word_1_814' title='bbox 3400 5152 3517 5206; x_wconf 78' lang='lat' dir='ltr'><strong>sin-</strong></span> 
     </span>
    </p>
   </div>
   <div class='ocr_carea' id='block_1_107' title="bbox 1953 5244 3514 5322">
    <p class='ocr_par' dir='ltr' id='par_1_107' title="bbox 1953 5244 3514 5322">
     <span class='ocr_line' id='line_1_107' title="bbox 1953 5244 3514 5322; baseline -0.003 -17"><span class='ocrx_word' id='word_1_815' title='bbox 1953 5253 2075 5322; x_wconf 85' lang='lat' dir='ltr'><strong>gula</strong></span> <span class='ocrx_word' id='word_1_816' title='bbox 2106 5251 2361 5308; x_wconf 89' lang='lat' dir='ltr'><strong>videntur</strong></span> <span class='ocrx_word' id='word_1_817' title='bbox 2407 5249 2538 5305; x_wconf 87' lang='lat' dir='ltr'><strong>mihi</strong></span> <span class='ocrx_word' id='word_1_818' title='bbox 2589 5262 2690 5303; x_wconf 89' lang='lat' dir='ltr'><strong>nec</strong></span> <span class='ocrx_word' id='word_1_819' title='bbox 2737 5246 2791 5299; x_wconf 87' lang='lat' dir='ltr'><strong>in</strong></span> <span class='ocrx_word' id='word_1_820' title='bbox 2840 5247 3243 5302; x_wconf 87' lang='lat' dir='ltr'><strong>Deuteronomii</strong></span> <span class='ocrx_word' id='word_1_821' title='bbox 3297 5244 3514 5301; x_wconf 72' lang='lat' dir='ltr'><strong>uuiieut</strong></span> 
     </span>
    </p>
   </div>
   <div class='ocr_carea' id='block_1_108' title="bbox 1952 5334 3518 5414">
    <p class='ocr_par' dir='ltr' id='par_1_108' title="bbox 1952 5334 3518 5414">
     <span class='ocr_line' id='line_1_108' title="bbox 1952 5334 3518 5414; baseline -0.005 -15"><span class='ocrx_word' id='word_1_822' title='bbox 1952 5345 2105 5411; x_wconf 88' lang='lat' dir='ltr'><strong>locis,</strong></span> <span class='ocrx_word' id='word_1_823' title='bbox 2143 5344 2234 5414; x_wconf 84' lang='lat' dir='ltr'><strong>ubi</strong></span> <span class='ocrx_word' id='word_1_824' title='bbox 2260 5343 2511 5400; x_wconf 90' lang='lat' dir='ltr'><strong>similiter</strong></span> <span class='ocrx_word' id='word_1_825' title='bbox 2542 5343 2748 5412; x_wconf 86' lang='lat' dir='ltr'><strong>scripta</strong></span> <span class='ocrx_word' id='word_1_826' title='bbox 2792 5339 3119 5409; x_wconf 86' lang='lat' dir='ltr'><strong>referuntur,</strong></span> <span class='ocrx_word' id='word_1_827' title='bbox 3160 5337 3376 5397; x_wconf 68' lang='lat' dir='ltr'><strong>faciam</strong></span> <span class='ocrx_word' id='word_1_828' title='bbox 3419 5334 3518 5396; x_wconf 63' lang='lat' dir='ltr'><strong>litt-</strong></span> 
     </span>
    </p>
   </div>
   <div class='ocr_carea' id='block_1_109' title="bbox 354 5498 1831 5579">
    <p class='ocr_par' dir='ltr' id='par_1_109' title="bbox 354 5499 1831 5579">
     <span class='ocr_line' id='line_1_109' title="bbox 354 5499 1831 5579; baseline 0.004 -24"><span class='ocrx_word' id='word_1_829' title='bbox 354 5501 398 5579; x_wconf 59' lang='grc' dir='ltr'><strong>’ς’</strong></span> <span class='ocrx_word' id='word_1_830' title='bbox 422 5502 573 5557; x_wconf 90' lang='lat' dir='ltr'><strong>Deut.</strong></span> <span class='ocrx_word' id='word_1_831' title='bbox 601 5516 728 5579; x_wconf 51' lang='lat' dir='ltr'><strong>xvr.</strong></span> <span class='ocrx_word' id='word_1_832' title='bbox 747 5569 774 5579; x_wconf 51' lang='grc' dir='ltr'>Α</span> <span class='ocrx_word' id='word_1_833' title='bbox 791 5499 1029 5579; x_wconf 48' lang='lat' dir='ltr'><strong>“Exod:</strong></span> <span class='ocrx_word' id='word_1_834' title='bbox 1090 5514 1177 5579; x_wconf 73' lang='lat' dir='ltr'><strong>xxi</strong></span> <span class='ocrx_word' id='word_1_835' title='bbox 1202 5500 1302 5579; x_wconf 40' lang='lat' dir='ltr'><strong>A25</strong></span> <span class='ocrx_word' id='word_1_836' title='bbox 1320 5538 1350 5579; x_wconf 46' lang='grc' dir='ltr'>λ</span> <span class='ocrx_word' id='word_1_837' title='bbox 1367 5500 1462 5579; x_wconf 42' lang='grc' dir='ltr'><strong>ἐι</strong></span> <span class='ocrx_word' id='word_1_838' title='bbox 1483 5500 1631 5579; x_wconf 91' lang='lat'><strong>,_</strong></span> <span class='ocrx_word' id='word_1_839' title='bbox 1696 5503 1750 5579; x_wconf 72' lang='lat'><strong>_‘°</strong></span> <span class='ocrx_word' id='word_1_840' title='bbox 1774 5504 1831 5562; x_wconf 76' lang='lat' dir='ltr'><strong>Ps</strong></span> 
     </span>
    </p>
   </div>
   <div class='ocr_carea' id='block_1_110' title="bbox 1935 5498 3518 5579">
    <p class='ocr_par' dir='ltr' id='par_1_110' title="bbox 1935 5498 3518 5579">
     <span class='ocr_line' id='line_1_110' title="bbox 1935 5498 3518 5579; baseline -0.005 -17"><span class='ocrx_word' id='word_1_841' title='bbox 1935 5524 2042 5578; x_wconf 83' lang='lat' dir='ltr'><strong>vni,</strong></span> <span class='ocrx_word' id='word_1_842' title='bbox 2067 5509 2194 5579; x_wconf 87' lang='lat'><strong>8,9,</strong></span> <span class='ocrx_word' id='word_1_843' title='bbox 2225 5506 2310 5564; x_wconf 77' lang='lat'><strong>10.</strong></span> <span class='ocrx_word' id='word_1_844' title='bbox 2390 5508 2434 5539; x_wconf 84' lang='grc'><strong>⁶⁰</strong></span> <span class='ocrx_word' id='word_1_845' title='bbox 2462 5504 2631 5563; x_wconf 84' lang='lat' dir='ltr'><strong>Exod.</strong></span> <span class='ocrx_word' id='word_1_846' title='bbox 2655 5520 2769 5575; x_wconf 82' lang='lat' dir='ltr'><strong>xxi,</strong></span> <span class='ocrx_word' id='word_1_847' title='bbox 2799 5505 2848 5560; x_wconf 82' lang='grc'><strong>1.</strong></span> <span class='ocrx_word' id='word_1_848' title='bbox 2928 5504 2971 5536; x_wconf 84' lang='grc'>⁸¹</span> <span class='ocrx_word' id='word_1_849' title='bbox 3003 5502 3189 5558; x_wconf 83' lang='lat' dir='ltr'><strong>Matth.</strong></span> <span class='ocrx_word' id='word_1_850' title='bbox 3218 5515 3268 5569; x_wconf 66' lang='grc' dir='ltr'><strong><em>τ,</em></strong></span> <span class='ocrx_word' id='word_1_851' title='bbox 3315 5499 3392 5561; x_wconf 55' lang='grc' dir='ltr'><strong>δικ</strong></span> <span class='ocrx_word' id='word_1_852' title='bbox 3432 5498 3518 5557; x_wconf 80' lang='grc' dir='ltr'><strong>Η.</strong></span> 
     </span>
    </p>
   </div>
   <div class='ocr_carea' id='block_1_111' title="bbox 295 5569 1410 5637">
    <p class='ocr_par' dir='ltr' id='par_1_111' title="bbox 295 5569 1410 5637">
     <span class='ocr_line' id='line_1_111' title="bbox 295 5569 1410 5637; baseline -0.003 -8"><span class='ocrx_word' id='word_1_853' title='bbox 295 5570 335 5604; x_wconf 81' lang='grc'><strong>⁸³</strong></span> <span class='ocrx_word' id='word_1_854' title='bbox 359 5574 507 5628; x_wconf 88' lang='lat' dir='ltr'><strong>Deut.</strong></span> <span class='ocrx_word' id='word_1_855' title='bbox 536 5588 659 5637; x_wconf 74' lang='lat' dir='ltr'><strong>nx,</strong></span> <span class='ocrx_word' id='word_1_856' title='bbox 715 5569 797 5634; x_wconf 80' lang='lat' dir='ltr'><strong>l6,</strong></span> <span class='ocrx_word' id='word_1_857' title='bbox 836 5570 923 5636; x_wconf 80' lang='lat' dir='ltr'><strong>i7,</strong></span> <span class='ocrx_word' id='word_1_858' title='bbox 966 5569 1052 5635; x_wconf 82' lang='grc'><strong>18,</strong></span> <span class='ocrx_word' id='word_1_859' title='bbox 1086 5570 1173 5637; x_wconf 69' lang='grc' dir='ltr'><strong>Η,</strong></span> <span class='ocrx_word' id='word_1_860' title='bbox 1201 5569 1291 5635; x_wconf 78' lang='lat'><strong>‘20,</strong></span> <span class='ocrx_word' id='word_1_861' title='bbox 1318 5571 1410 5627; x_wconf 68' lang='lat' dir='ltr'><strong>2i.</strong></span> 
     </span>
    </p>
   </div>
   <div class='ocr_carea' id='block_1_112' title="bbox 1486 5570 1948 5642">
    <p class='ocr_par' dir='ltr' id='par_1_112' title="bbox 1486 5570 1948 5642">
     <span class='ocr_line' id='line_1_112' title="bbox 1486 5570 1948 5642; baseline 0.006 -17"><span class='ocrx_word' id='word_1_862' title='bbox 1486 5571 1532 5603; x_wconf 80' lang='grc'><strong>⁵³</strong></span> <span class='ocrx_word' id='word_1_863' title='bbox 1559 5570 1747 5627; x_wconf 76' lang='lat' dir='ltr'><strong>Matth.</strong></span> <span class='ocrx_word' id='word_1_864' title='bbox 1781 5592 1833 5642; x_wconf 90' lang='lat' dir='ltr'><strong>v,</strong></span> <span class='ocrx_word' id='word_1_865' title='bbox 1861 5579 1948 5635; x_wconf 82' lang='lat'><strong>58.</strong></span> 
     </span>
    </p>
   </div>
   <div class='ocr_carea' id='block_1_113' title="bbox 358 5687 2066 5763">
    <p class='ocr_par' dir='ltr' id='par_1_113' title="bbox 358 5687 2066 5763">
     <span class='ocr_line' id='line_1_113' title="bbox 358 5687 2066 5763; baseline 0.002 -18"><span class='ocrx_word' id='word_1_866' title='bbox 358 5690 466 5763; x_wconf 81' lang='lat'><strong>(58)</strong></span> <span class='ocrx_word' id='word_1_867' title='bbox 492 5690 548 5747; x_wconf 93' lang='lat' dir='ltr'><strong>ln</strong></span> <span class='ocrx_word' id='word_1_868' title='bbox 575 5687 746 5746; x_wconf 88' lang='lat' dir='ltr'><strong>editis</strong></span> <span class='ocrx_word' id='word_1_869' title='bbox 770 5687 1039 5745; x_wconf 87' lang='lat' dir='ltr'><strong>deest&#39;vox</strong></span> <span class='ocrx_word' id='word_1_870' title='bbox 1069 5702 1360 5756; x_wconf 76' lang='lat' dir='ltr'><strong>percussor,</strong></span> <span class='ocrx_word' id='word_1_871' title='bbox 1390 5703 1507 5758; x_wconf 74' lang='lat' dir='ltr'><strong>qua:</strong></span> <span class='ocrx_word' id='word_1_872' title='bbox 1554 5692 1822 5761; x_wconf 88' lang='lat' dir='ltr'><strong>reperitur</strong></span> <span class='ocrx_word' id='word_1_873' title='bbox 1852 5693 1907 5751; x_wconf 94' lang='lat' dir='ltr'><strong>in</strong></span> <span class='ocrx_word' id='word_1_874' title='bbox 1938 5711 2066 5751; x_wconf 90' lang='lat' dir='ltr'><strong>mss.</strong></span> 
     </span>
    </p>
   </div>
  </div>
