4024 6146
474 249 577 312 871

1920 253 2237 313 ORIGENIS

3610 252 3727 309 579

477 372 608 443 bore
627 349 830 427 exitum
853 367 1316 438 posse.Ponamus
1336 368 1480 423 enim
1502 369 2041 428 etibiexsnrrexisse
2069 377 2116 433 Α
2142 372 2357 434 deatur,
2409 366 2553 437 quod
2601 367 2751 422 viros
2789 381 2983 438 parere
3039 367 3302 436 diximus,
3352 367 3464 435 jam
3512 368 3721 425 dudum

473 470 670 518 testem
695 460 961 530 iniquum,
999 458 1366 522 testimonium
1401 457 1595 514 falsum
1641 461 1909 515 dicentem
1941 465 2042 517 ad-

473 566 693 606 versum
725 548 992 604 hominem
1023 549 1088 603 de
1115 548 1411 618 impietate.
1444 550 1786 605 Adhibeatur
1813 561 2041 620 uterque

469 641 695 710 judicio,
724 640 1000 708 inquirant
1023 638 1238 709 judices
1266 639 1574 710 diligenter,
1625 641 2041 710 deprehendant

471 742 846 787 accusatorem
893 732 975 785 vel
1025 739 1214 786 testem
1262 731 1412 786 illum
1461 732 1593 786 falsa
1635 733 2042 804 dixissezquo‘

471 824 635 878 modo
668 822 839 891 judex
882 824 972 890 qui
1017 836 1240 891 parcere
1271 837 1379 876 non
1425 823 1586 878 debet
1619 824 1758 878 falso
1806 824 1955 890 testi,
1986 834 2042 878 et

469 915 708 970 animam
749 915 826 968 rei
871 930 969 984 pro
1018 914 1322 968 innocentis
1366 913 1543 969 anima
1571 914 1862 982 damnare;
1908 929 2042 986 quo-

471 1008 658 1074 modo,
691 1008 945 1077 inquam,
997 1008 1196 1077 poterit
1245 1008 1409 1062 etiam
1461 1009 1679 1062 oculum
1731 1023 1832 1078 pro
1879 1009 2041 1064 oculo

469 1099 755 1154 eximere?
785 1099 950 1166 Quasi
983 1114 1116 1152 vero
1144 1097 1190 1152 is
1226 1099 1318 1166 qui
1356 1097 1551 1166 injuste
1573 1101 1952 1165 accusabatur,
1982 1103 2036 1154 in

476 1191 637 1248 oculo
666 1191 943 1245 laedendus
971 1189 1138 1246 fuerit
1159 1192 1228 1246 ab
1265 1199 1605 1258 accusatore,
1640 1201 1735 1248 aut
1769 1192 1821 1248 in
1853 1194 2037 1259 dente,

469 1284 555 1338 vel
584 1298 765 1351 manu,
793 1283 878 1339 vel
911 1283 1066 1353 pede.
1098 1283 1226 1338 Haac
1255 1291 1435 1338 autem
1476 1299 1506 1337 a
1534 1283 1689 1340 nobis
1716 1285 1856 1340 dicta
1888 1297 2036 1351 sunt,

469 1376 763 1430 ostendere
807 1375 1131 1441 volentibus,
1176 1375 1324 1446 quod
1378 1377 1432 1431 in
1478 1384 1709 1446 utroque
1755 1376 1873 1432 loco
1917 1393 2037 1447 quae

471 1467 673 1536 scripta
701 1475 850 1532 sunt,
877 1467 1103 1522 edisseri
1149 1483 1255 1523 non
1300 1467 1454 1525 facile
1482 1475 1707 1537 queant.
1739 1466 2037 1536 Oportebat

473 1560 617 1613 enim
658 1559 808 1629 prius
842 1561 1138 1614 secundum
1186 1559 1467 1615 historiam
1500 1560 1771 1614 discutere
1806 1573 1925 1628 quae
1951 1558 2036 1612 le-

468 1657 692 1717 guntur,
721 1659 782 1706 et
810 1650 908 1718 sic,
957 1652 1212 1721 quoniam
1245 1652 1331 1706 lex
1377 1650 1635 1721 spiritalis
1680 1657 1782 1717 est,
1815 1651 2037 1720 spirita-

469 1741 575 1796 lem
612 1742 666 1797 in
702 1743 788 1798 bis
815 1743 1225 1813 intelligentiam
1256 1759 1521 1813 quaerere.

537 1836 591 1889 ὅ.
621 1833 845 1899 Verum,
896 1845 1158 1905 quantum
1215 1837 1281 1889 ad
1329 1850 1567 1905 praesens
1600 1841 1836 1904 spectat,
1869 1835 2034 1889 etiam

468 1931 584 2000 ipsa
621 1927 777 1984 nobis
825 1927 1098 1998 allegoriae
1143 1944 1290 1997 pars,
1324 1943 1447 1998 qua:
1490 1943 1704 1997 semper
1737 1938 1926 1998 patere
1953 1928 2034 1982 la-

467 2022 575 2075 tius
614 2019 770 2083 solet,
797 2019 848 2073 in
881 2031 1168 2088 angustum
1201 2019 1434 2087 cogitur.
1460 2019 1686 2087 Tamen,
1719 2030 1880 2090 prout
1913 2035 2040 2089 pos-

465 2127 674 2176 sumus,
705 2111 834 2181 quid
867 2111 1102 2166 nobisin
1135 2112 1238 2164 hoc
1287 2111 1407 2164 loco
1438 2110 1712 2174 videatur,
1741 2109 2037 2175 explanare

467 2203 818 2259 tentabimus.
874 2201 1210 2272 Frequenter
1261 2202 1521 2268 diximus,
1569 2202 1714 2272 quod
1774 2203 1828 2256 in
1884 2199 2038 2257 Scri-

465 2290 641 2356 pturis
677 2291 880 2346 eisdem
925 2289 1224 2357 vocabulis,
1253 2291 1568 2361 eisdemque
1607 2289 1821 2358 officiis,
1857 2306 2034 2347 mem-

457 2383 563 2436 bra
626 2381 822 2446 animat
887 2383 1276 2446 nominentur,
1355 2383 1553 2452 quibus
1623 2393 1888 2447 utuntur,
1949 2382 2038 2438 vel

464 2472 806 2542 appellantur
865 2476 1110 2544 corporis
1168 2474 1435 2540 membra,
1506 2475 1655 2532 verbi
1715 2491 1902 2542 causa,
1977 2485 2038 2532 ut

464 2565 623 2635 167
674 2581 797 2621 cum
852 2567 1053 2622 dicitur
1083 2567 1129 2600 “
1159 2585 1174 2621 :
1210 2585 1228 2618 ε
1272 2565 1432 2623 Vides
1480 2568 1746 2624 festucam
1776 2571 1828 2623 in
1869 2570 2029 2623 oculo

459 2656 652 2712 fratris
685 2658 786 2723 tui,
814 2667 870 2713 et
914 2672 1043 2713 ecce
1069 2659 1122 2712 in
1179 2659 1339 2715 oculo
1365 2668 1456 2713 tuo
1502 2659 1692 2712 trabes
1717 2657 1978 2729 subjacet.
2011 2678 2030 2710 ι

461 2745 688 2804 Certum
711 2757 794 2804 est
826 2750 970 2804 enim
995 2751 1137 2818 quod
1170 2765 1278 2805 non
1311 2751 1377 2805 de
1403 2749 1563 2804 oculo
1594 2751 1841 2820 corporis
1867 2750 2034 2818 dicat,

462 2838 518 2892 in
546 2854 658 2910 quo
689 2843 870 2896 trabes
890 2842 1095 2912 jaceat,
1126 2844 1221 2899 sed
1254 2843 1319 2898 de
1345 2843 1505 2898 oculo
1539 2843 1754 2899 animae.
1804 2841 1870 2897 Et
1907 2858 2030 2898 cum

457 2931 595 2987 dicit
625 2932 673 2964 ⁸⁸
699 2951 711 2988 :
743 2951 762 2984 ‹
795 2933 895 3000 Qui
921 2935 1080 2990 habet
1114 2950 1274 2990 aures
1293 2935 1564 3000 audiendi,
1587 2938 1806 3003 audiat;
1828 2959 1846 2992 ι
1868 2946 1926 2991 et
1948 2936 2027 2991 uo:

462 3043 487 3078 ι
517 3024 689 3092 Quam
730 3027 962 3096 speciosi
999 3029 1163 3096 pedes
1192 3029 1686 3099 evangelizantium
1730 3031 1950 3100 pacem!
2003 3049 2022 3084 ι

458 3129 516 3174 et
541 3118 705 3174 multa
769 3120 854 3175 bis
892 3120 1112 3174 similia.
1146 3119 1273 3176 Hmc
1311 3131 1497 3178 autem
1536 3122 1741 3178 idcirco
1764 3123 2030 3193 praemisi-

461 3226 604 3272 mus.
643 3213 720 3268 uti
752 3227 819 3267 ne
848 3228 1014 3283 super
1043 3215 1409 3269 membrorum
1440 3229 1540 3270 nos
1569 3215 1847 3271 vocabulis
1874 3215 2028 3270 simi-

460 3304 632 3360 litudo
685 3307 1000 3362 conturbet.
1045 3306 1168 3361 Sint
1208 3322 1338 3379 ergo
1385 3310 1492 3364 duo
1539 3309 1640 3363 viri
1672 3309 1760 3364 isti
1799 3309 1892 3379 Qui
1921 3308 2031 3364 liti-

459 3408 617 3466 gant,
673 3398 782 3454 duo
827 3399 1188 3468 disputantes,
1220 3401 1364 3456 etde
1406 3400 1754 3470 dogmatibus
1777 3400 1865 3457 vel
1891 3415 2032 3470 qua-e-

457 3489 731 3546 stionibus
776 3490 911 3561 legis
968 3506 1155 3547 secum
1212 3491 1446 3547 invicem
1497 3491 1908 3560 conquirentes,
1954 3501 2030 3560 et,

457 3590 523 3638 ut
555 3581 798 3652 Apostoli
852 3597 1104 3638 sermone
1148 3582 1414 3649 dicamus,
1445 3581 1688 3638 rixantes
1726 3582 1874 3638 circa
1903 3598 2030 3638 ver-

459 3675 657 3731 borum
686 3689 916 3746 pugnas.
955 3674 1106 3730 Unde
1151 3685 1206 3730 et
1237 3676 1377 3732 idem
1419 3675 1712 3746 Apostolus
1742 3677 1922 3732 sciens
1949 3676 2033 3730 in-

459 3777 543 3822 ter
575 3767 774 3823 fratres
823 3768 1128 3836 hujusmodi
1171 3768 1296 3823 lites
1332 3781 1649 3839 exsurgere,
1679 3769 1948 3840 praecipit,
1979 3778 2034 3825 et

459 3861 594 3916 dicit
618 3859 663 3892 ⁸⁷
698 3878 713 3914 :
744 3877 763 3910 ι
822 3859 944 3915 Noli
993 3862 1176 3917 verbis
1205 3861 1558 3928 contendere,
1601 3861 1669 3917 ad
1707 3861 1844 3916 nihil
1883 3862 2031 3917 enim

457 3952 594 4008 utile
626 3961 732 4018 est,
767 3953 870 4008 nisi
937 3953 1006 4008 ad
1057 3954 1464 4012 subversionem
1503 3953 1875 4023 audientium;
1915 3973 1934 4008 ι
1976 3964 2033 4010 et

454 4044 585 4100 alibi
613 4046 694 4099 ἐξ
740 4062 759 4097 t
793 4045 1130 4112 Qttaastiones
1176 4057 1356 4102 autem
1406 4047 1537 4118 legis
1572 4047 1752 4102 devita
1776 4086 1792 4114 ,
1847 4047 2032 4104 sciens

457 4137 598 4207 quod
631 4145 893 4207 generant
913 4136 1053 4193 lites.
1080 4139 1310 4194 Servum
1340 4148 1522 4195 autem
1549 4138 1643 4194 Dei
1674 4156 1780 4195 non
1817 4147 2032 4210 oportet

460 4229 696 4299 litigare.
734 4248 753 4280 ι
790 4229 926 4294 Quia
956 4244 1086 4299 ergo
1139 4229 1227 4284 isti
1268 4230 1357 4299 qui
1410 4232 1462 4285 in
1497 4230 1887 4299 quaestionibus
1917 4229 2029 4283 liti-

460 4329 610 4391 gant,
637 4321 707 4374 ad
749 4321 1158 4376 subversionem
1187 4322 1522 4376 audientium
1552 4321 1793 4393 litigant,
1824 4322 2029 4376 idcirco

2147 460 2506 529 praemisimus
2544 461 2816 530 quomodo
2887 459 3251 515 membrorum
3300 461 3721 532 appellationem

2144 553 2422 620 suscipere
2444 553 2664 616 debeas,
2699 561 2756 606 ut
2790 553 3014 606 recedas
3060 565 3090 605 a
3133 553 3412 624 corporeis
3441 555 3720 621 sensibus,

2141 643 2499 699 etinteriOris
2527 645 2762 700 hominis
2809 645 2992 714 capias
3040 643 3396 702 intellectum.
3438 643 3495 701 Si
3531 656 3720 702 autem

2143 736 2224 790 vis
2255 745 2314 790 ut
2340 735 2519 792 adhuc
2547 742 2602 791 et
2627 736 2680 790 itt
2711 736 2816 791 hoc
2833 738 2899 792 de
2923 736 3221 805 Scripturis
3243 737 3337 791 tibi
3357 737 3719 803 satisfaciam,
3740 749 3750 772 ··

2143 827 2268 880 audi
2325 826 2646 898 Apostolum
2707 831 2980 885 dicentem
3011 831 3054 862 ⁶¹
3088 850 3101 886 :
3130 850 3150 885 ε
3189 831 3372 887 Filioli
3405 829 3533 897 mei,
3579 845 3722 900 quos

2142 919 2338 974 iterum
2366 921 2632 990 parturio,
2654 921 2828 976 donec
2851 921 3122 979 formetur
3141 924 3391 980 Christus
3420 924 3472 977 in
3499 923 3716 978 vobis.)

2141 1011 2372 1066 Perfecti
2401 1027 2532 1080 ergo
2563 1023 2691 1068 sunt
2711 1023 2767 1068 et
2801 1014 2905 1070 viri
2937 1015 3131 1082 fortes,
3156 1016 3249 1086 qui
3275 1015 3472 1072 statim'
3498 1023 3558 1070 ut
3584 1029 3722 1070 con-

2140 1103 2370 1170 cipiunt,
2428 1103 2670 1171 pariunt,
2700 1103 2754 1158 id
2785 1113 2890 1172 est,
2917 1107 3012 1177 qui
3063 1115 3384 1178 conceptum
3417 1107 3540 1161 fidei
3585 1121 3718 1160 ver-

2140 1187 2264 1241 bum
2304 1187 2356 1241 in
2401 1202 2566 1257 opera
2616 1190 2948 1258 producunt.
2979 1191 3173 1248 Anima
3220 1203 3402 1247 autem
3431 1208 3551 1262 qum.
3574 1208 3716 1249 con-

2141 1280 2306 1346 cepit,
2331 1281 2461 1334 etin
2493 1293 2682 1336 ventre
2710 1284 2931 1346 retinet,
2969 1293 3026 1338 et
3057 1301 3161 1340 non
3199 1285 3362 1355 parit,
3389 1285 3490 1341 ista
3519 1287 3718 1342 mulier

2140 1372 2461 1441 appellatur,
2511 1373 2656 1428 sicut
2702 1383 2758 1430 et
2815 1377 3079 1446 propheta
3127 1378 3259 1432 dicit
3289 1378 3381 1431 “z
3428 1397 3447 1428 ε
3488 1378 3709 1434 Dolores

2138 1473 2325 1533 partus
2356 1464 2693 1520 advenerunt
2724 1466 2798 1532 ei,
2826 1474 2880 1522 et
2910 1467 3080 1525 virtus
3131 1469 3382 1540 pariendi
3421 1485 3525 1525 non
3550 1473 3710 1527 estin

2139 1567 2226 1608 ea.
2275 1571 2293 1605 ›
2331 1553 2457 1609 Haec
2500 1568 2630 1626 ergo
2687 1555 2891 1622 anima,
2927 1573 3049 1628 qua:
3095 1573 3239 1614 nunc
3270 1575 3369 1629 pro
3395 1560 3716 1617 infirmitate

2141 1642 2224 1696 sui
2255 1643 2448 1697 mulier
2478 1643 2800 1714 appellatur,
2831 1647 3038 1703 duobus
3080 1649 3225 1703 inter
3255 1664 3314 1704 se
3373 1650 3719 1718 litigantibus

2073 1736 2116 1792 Β
2148 1734 2298 1801 viris,
2333 1744 2389 1788 et
2412 1736 2465 1789 itt
2496 1737 2792 1792 certamine
2824 1738 3080 1794 scandala
3116 1739 3542 1810 proferentibus,
3572 1743 3720 1811 quod

2141 1825 2346 1881 habere
2369 1841 2584 1896 semper
2614 1830 2908 1885 verborum
2965 1832 3242 1888 contentio
3271 1833 3427 1900 solet,
3474 1835 3718 1904 percuti-

2142 1927 2233 1972 tur
2254 1928 2310 1974 et
2359 1920 2789 1989 scandalizatur,
2820 1923 2892 1978 ita
2926 1932 2986 1979 ut
3022 1926 3244 1982 verbum
3278 1927 3424 1995 fidei,
3451 1929 3594 1998 quod
3630 1938 3715 1982 te-

2139 2013 2325 2066 nuiter
2379 2023 2726 2083 conceperat,
2761 2013 2987 2084 abjiciat
3034 2026 3089 2072 et
3131 2019 3342 2089 perdat,
3386 2031 3441 2075 et
3482 2021 3598 2076 haec
3627 2030 3719 2077 est

2141 2101 2211 2157 lis
2242 2111 2297 2157 et
2324 2105 2607 2159 contentio
2631 2107 2698 2161 ad
2729 2108 3070 2164 eversionem
3097 2111 3457 2168 audientium.
3489 2112 3547 2168 Si
3577 2128 3716 2184 ergo

2141 2196 2384 2248 nondum
2411 2194 2700 2251 formatum
2735 2198 2918 2252 anima
2953 2214 3074 2270 qua:
3097 2202 3461 2257 scandalizata
3487 2214 3593 2274 est,
3614 2207 3718 2260 ab-

2132 2283 2332 2353 jecerit
2369 2289 2617 2358 verbum,
2672 2289 2766 2358 qui
2820 2291 3248 2359 scandalizavit,
3288 2295 3542 2349 damnum
3584 2296 3716 2352 dici-

2139 2386 2228 2430 tur
2258 2377 2390 2446 pati.
2446 2379 2541 2434 Vis
2572 2379 2715 2434 scire
2737 2380 2864 2450 quia
2900 2389 2984 2435 est
3027 2381 3082 2435 in
3112 2382 3385 2452 aliquibus
3414 2384 3710 2439 formatum

2137 2470 2391 2537 verbum,
2425 2471 2478 2526 in
2498 2471 2766 2541 aliquibus
2792 2470 3030 2526 nondum
3062 2472 3388 2528 formatum?
3418 2474 3710 2531 Evidenter

2134 2577 2232 2618 nos
2262 2563 2422 2618 docet
2447 2564 2689 2636 Apostoli
2733 2580 2934 2630 sermo,
2970 2580 3131 2636 quem
3169 2581 3329 2638 supra
3376 2568 3702 2622 memoravi-

2139 2671 2280 2720 mus,
2337 2671 2461 2711 cum
2515 2658 2592 2712 ait
2629 2657 2674 2689 ⁸³
2710 2675 2726 2714 :
2759 2675 2778 2710 t
2814 2657 2995 2714 Donec
3051 2657 3323 2714 formetur
3349 2659 3602 2715 Christus
3648 2659 3702 2714 in

2135 2749 2311 2804 vobis.
2344 2768 2362 2802 ι
2385 2748 2638 2805 Christus
2669 2758 2850 2804 autem
2879 2759 2965 2806 est
2999 2748 3239 2806 Verbum
3274 2750 3394 2808 Dei.
3432 2750 3537 2806 Per
3560 2753 3705 2822 quod

2133 2841 2390 2907 ostendit,
2419 2842 2549 2912 quia
2588 2857 2654 2898 eo
2683 2849 2927 2914 tempore
2974 2857 3080 2913 quo
3122 2843 3418 2907 scribebat,
3449 2844 3692 2898 nondum

2131 2942 2248 2987 erat
2281 2933 2335 2987 in
2387 2933 2494 2989 illis
2553 2934 2844 2990 formatum
2893 2934 3124 2990 Verbum
3159 2936 3273 2991 Dei.
3307 2935 3364 2990 Si
3396 2950 3528 3007 ergo
3563 2951 3702 2990 non-

2135 3025 2260 3079 dutn
2304 3024 2599 3080 formatum
2623 3027 2841 3092 exierit,
2875 3027 3129 3082 damnum
3166 3026 3420 3096 patietur.
3452 3028 3528 3085 De
3553 3028 3705 3082 dam-

2135 3118 2221 3172 nis
2253 3119 2536 3174 doctorum
2565 3121 2732 3175 etiam
2761 3119 3054 3190 Apostolus
3090 3119 3267 3188 docet,
3298 3135 3422 3175 cum
3454 3120 3585 3175 dicit
3613 3119 3662 3153 “
3688 3138 3703 3174 :

2139 3228 2159 3263 t
2189 3209 2246 3266 Si
2271 3211 2426 3279 cujus
2485 3220 2665 3267 autem
2711 3227 2848 3283 opus
2881 3212 3103 3278 arserit,
3142 3212 3398 3266 damnum
3447 3211 3705 3282 patietur.

2133 3301 2252 3371 Ipse
2280 3311 2460 3356 autem
2485 3301 2668 3356 salvus
2700 3303 2824 3366 erit,
2856 3301 2936 3357 sic
2958 3309 3134 3356 tamen
3164 3302 3318 3372 quasi
3342 3317 3436 3372 per
3467 3302 3702 3372 ignem.»

2135 3392 2241 3449 Sed
2269 3402 2324 3448 et
2356 3394 2612 3449 Dominus
2644 3395 2698 3448 itt
2732 3392 3036 3464 Evangeliis
3083 3394 3217 3448 dicit
3244 3394 3289 3427 ⁸⁵
3319 3393 3510 3462 :tQuid
3554 3395 3704 3449 enim

2134 3485 2363 3557 prodest
2398 3486 2630 3552 homini,
2667 3486 2713 3540 si
2757 3487 3071 3543 universum
3123 3487 3387 3542 mundum
3442 3486 3705 3553 lucretur,

2135 3577 2372 3633 animam
2403 3586 2586 3633 autem
2618 3593 2771 3634 suam
2807 3579 3021 3650 perdat,
3053 3587 3147 3634 aut
3173 3579 3431 3634 damnum
3461 3578 3699 3634 faciat?»

2134 3671 2288 3728 Unde
2341 3671 2561 3727 videtur
2607 3672 2816 3728 ostendi
2871 3673 3016 3742 quod
3078 3673 3324 3742 quaedam
3372 3681 3598 3742 peccata
3635 3673 3706 3727 ad

2133 3761 2393 3818 damnum
2423 3763 2642 3833 quidem
2697 3764 3029 3834 pertineant,
3061 3780 3164 3820 non
3195 3772 3378 3820 tamen
3404 3764 3471 3818 ad
3524 3763 3699 3818 inter-

2133 3855 2268 3908 itum
2295 3871 2311 3920 ;
2370 3856 2495 3924 quia
2524 3855 2617 3924 qui
2647 3858 2901 3911 damnum
2935 3872 3137 3926 passus
3165 3855 3353 3924 fuerit,
3385 3856 3500 3926 ipse
3525 3863 3703 3909 tamen

2133 3944 2326 3999 salvari
2373 3945 2596 4010 dicitur,
2649 3945 2779 4002 licet
2818 3963 2915 4016 per
2964 3951 3164 4020 ignem.
3220 3947 3379 4006 Unde
3432 3950 3600 4006 credo
3649 3959 3708 4006 et

2131 4036 2374 4094 Joannes
2399 4037 2680 4108 apostolus
2734 4043 2785 4093 in
2813 4039 3056 4110 Epistola
3087 4057 3185 4096 sua
3213 4041 3258 4073 “
3289 4042 3423 4097 dicit
3455 4043 3703 4113 quaedam

2131 4145 2253 4186 esse
2301 4138 2522 4206 peccata
2570 4131 2638 4184 ad
2689 4142 2948 4197 mortem,
3007 4135 3252 4201 quaedam
3311 4150 3421 4190 non
3471 4148 3592 4190 esse
3632 4135 3700 4190 ad

2133 4234 2385 4276 mortem.
2430 4220 2564 4288 Quae
2609 4231 2794 4277 autem
2835 4225 2946 4278 sint
2993 4226 3202 4294 species
3241 4235 3588 4296 peccatorum
3633 4227 3704 4283 ad

2133 4325 2386 4380 mortem,
2412 4329 2533 4384 quae
2560 4328 2691 4370 vero
2726 4330 2833 4369 non
2848 4316 2913 4371 ad
2939 4327 3193 4382 mortem,
3212 4319 3308 4374 sed
3330 4319 3395 4374 ad
3420 4319 3702 4385 damnum,

455 4415 769 4481 percutiunt
823 4416 1104 4471 mulierem
1165 4425 1558 4486 przegnantem,
1592 4425 1649 4470 et
1687 4417 1915 4486 ejiciunt
1939 4417 2023 4470 in-
2060 4443 2106 4498 Β
2138 4421 2243 4462 non
2263 4415 2393 4476 puto
2424 4405 2586 4462 facile
2606 4421 2926 4477 aquoquam
2953 4408 3228 4463 hominum
3258 4425 3418 4480 posse
3436 4410 3700 4466 discerni.

456 4504 658 4564 fantem
682 4505 820 4575 ejus,
857 4507 937 4562 vel
967 4507 1258 4600 formatum
1287 4506 1422 4577 jam,
1445 4506 1529 4562 vel
1555 4507 1792 4562 nondum
1824 4507 2028 4562 forma-

452 4604 589 4650 tum.
646 4596 837 4652 Mulier
881 4596 1165 4668 praegnans
1203 4597 1404 4653 dicitur
1444 4599 1647 4665 anima,
1689 4613 1811 4668 qua:
1849 4614 2026 4668 nuper

454 4685 553 4740 Dei
599 4688 848 4757 concepit
889 4692 1132 4745 verbum.
1184 4689 1259 4742 De
1303 4685 1397 4740 tali
1445 4697 1627 4742 autem
1668 4689 2028 4758 conceptione

457 4779 688 4848 legimus
737 4779 790 4832 itt
843 4780 950 4835 alio
980 4782 1098 4836 loco
1128 4783 1393 4851 scripturn
1421 4781 1505 4832 l‘°:
1541 4797 1561 4832 ι
1599 4782 1646 4833 Α
1678 4780 1870 4836 timore
1906 4789 2019 4844 tuo,

455 4869 702 4935 Domine,
735 4869 788 4922 in
815 4879 966 4924 utero
989 4872 1363 4939 concepimus,
1391 4880 1443 4926 et
1484 4871 1814 4940 peperimus.
1856 4887 1875 4922 ι
1915 4868 2017 4934 Qui

453 4974 585 5028 ergo
611 4962 941 5030 concipiunt,
973 4970 1028 5016 et
1058 4962 1241 5016 statim
1265 4962 1509 5031 pariunt,
1532 4962 1620 5017 isti
1641 4976 1741 5016 nec
1765 4961 2019 5015 mulieres

450 5049 799 5104 existimandi
829 5062 975 5118 sunt,
1007 5051 1102 5107 sed
1133 5053 1255 5117 viri,
1289 5063 1343 5107 et
1366 5053 1591 5121 perfecti
1617 5053 1742 5106 viri.
1777 5051 2022 5122 Denique

453 5140 580 5195 audi
616 5149 669 5196 et
695 5145 1014 5212 prophetam
1060 5144 1326 5198 dicentem
1351 5145 1430 5200 °°:
1468 5161 1487 5196 t
1521 5143 1576 5199 Si
1627 5145 1836 5214 peperit
1875 5153 2020 5198 terra

456 5234 509 5287 in
538 5250 642 5288 una
671 5235 778 5299 die,
836 5244 891 5290 et
922 5245 1048 5292 nata
1076 5247 1158 5293 est
1201 5253 1334 5309 gens
1377 5238 1443 5293 de
1474 5237 1661 5293 semel.
1700 5255 1719 5288 ›
1755 5236 1864 5292 Ista
1893 5250 2020 5307 ergo

453 5336 541 5380 est
573 5328 856 5396 generatio
911 5329 1274 5399 perfecturum
1340 5345 1460 5400 qua:
1494 5331 1676 5386 statim
1699 5331 1798 5386 sub
1821 5331 1927 5396 die,
1961 5339 2021 5385 ut

453 5427 720 5488 concepta
744 5419 930 5487 fuerit,
959 5425 1222 5478 nascitur.
1259 5425 1456 5480 Verum
1501 5431 1567 5479 ne
1594 5423 1687 5478 tibi
1711 5438 1906 5479 novum
1937 5425 2018 5480 vi—

522 5549 569 5582 “
601 5551 791 5622 Matth.
837 5570 932 5619 vtt,
983 5555 1037 5620 5,
1071 5557 1123 5611 4.
1200 5559 1244 5590 ⁸⁵
1290 5557 1477 5613 Matth.
1509 5574 1628 5622 χιιι,
1678 5560 1730 5613 9.
1808 5560 1855 5592 ⁸⁸
1887 5561 1988 5613 lsa.
2018 5575 2113 5620 ιιι,
2140 5559 2194 5612 7.

1643 5630 1687 5660 ⁸³
1708 5629 1812 5685 lsa.
1840 5646 2046 5693 xxxvii,

2134 5631 2161 5682 ἱ.
2239 5629 2284 5660 ⁸³
2330 5627 2506 5681 Galat.
2559 5642 2628 5688 tv,
2700 5627 2784 5681 l9.
2860 5627 2906 5660 “
2938 5627 3097 5685 lCor.
3142 5645 3222 5694 ιιι,
3265 5631 3348 5684 15.
3425 5628 3470 5660 ⁸⁵
3494 5627 3684 5684 Matth.

1331 5701 1374 5732 ⁸⁷
1424 5699 1565 5756 Psal.
1618 5715 1770 5770 xvm,
1803 5702 1888 5756 l5.
1965 5701 2010 5734 ⁸⁸
2039 5700 2231 5756 Matth.
2253 5713 2382 5754 xxv.
2460 5697 2503 5728 θ’
2530 5696 2715 5751 Matth.
2745 5712 2898 5753 xrttt.

452 5619 541 5676 I8.
605 5624 665 5696 ff
693 5621 797 5679 lsa.
829 5640 974 5696 nxvt,
1002 5619 1056 5680 8.
1131 5628 1173 5659 ⁶¹
1203 5630 1320 5686 Gal.
1341 5645 1412 5696 tv,
1443 5632 1530 5686 l9.

456 5707 564 5758 xu,
599 5692 689 5748 26.
765 5696 812 5727 “
846 5694 1041 5752 lJoan.
1075 5699 1248 5765 v,'l6.

2136 4499 2409 4569 Scriptum
2443 4515 2679 4568 namque
2714 4510 2799 4554 est
2825 4501 2868 4532 ⁸⁷
2891 4517 2946 4554 τι
2981 4499 3186 4554 Delicta
3218 4501 3342 4572 quis
3366 4501 3694 4572 intelligit?)

2133 4590 2519 4645 Verumtamen
2557 4604 2626 4645 ex
2652 4590 2736 4647 his
2764 4605 2885 4658 quae
2909 4591 2959 4645 iu
2986 4591 3284 4662 Evangelio
3305 4609 3400 4663 per
3417 4592 3703 4663 parabolas

2132 4681 2467 4746 referuntur,
2501 4695 2572 4736 ex
2621 4690 2776 4749 parte
2803 4681 2982 4751 aliqua
3027 4698 3360 4755 cognoscere
3411 4699 3700 4756 possumus

2130 4772 2433 4846 cujusmodi
2477 4773 2607 4840 sint,
2643 4789 2764 4844 qua:
2796 4776 2988 4830 damna
3041 4777 3414 4845 nominantur,
3449 4792 3572 4832 cum
3621 4777 3696 4832 ibi

2131 4866 2328 4920 iterum
2350 4865 2634 4922 videamus
2663 4869 2728 4923 ad
2761 4869 2970 4924 luerunt
3003 4869 3248 4939 deputari
3286 4869 3554 4939 quaedam,
3578 4885 3700 4939 quae

2131 4947 2684 5030 per'ncgotiationem
2719 4962 2946 5030 quaesita
2982 4961 3255 5016 dicuntur.
3291 4961 3456 5017 Verbi
3499 4962 3696 5030 gratia,

2133 5068 2257 5107 cum
2286 5053 2593 5107 referuntur
2615 5068 2777 5123 super
2800 5056 3037 5123 quinque
3071 5069 3224 5109 muas
3264 5053 3544 5122 acquisita:
3577 5066 3697 5106 esse

2131 5144 2252 5200 alia:
2286 5145 2547 5215 quinque,
2573 5147 2658 5200 vel
2675 5161 2840 5216 super
2861 5147 2996 5199 duas
3027 5145 3304 5213 acquisitae
3334 5144 3452 5200 alia:
3477 5145 3593 5199 dua:
3611 5141 3692 5199 °‘:

2127 5247 2220 5293 aut
2248 5254 2370 5293 cum
2411 5240 2692 5307 drachma,
2743 5242 2825 5296 vel
2856 5233 3132 5305 denarius,
3185 5237 3271 5294 vel
3311 5238 3569 5292 talentum
3599 5251 3698 5307 po-

2128 5332 2297 5397 nitur,
2327 5341 2382 5386 et
2405 5332 2558 5400 quasi
2591 5332 2813 5400 pecunia
2853 5332 3098 5400 quaedam
3143 5331 3197 5385 in
3232 5339 3439 5400 quaestu
3466 5344 3691 5398 operum

2128 5424 2470 5481 nominatur:
2502 5422 2593 5478 sed
2618 5432 2672 5478 et
2703 5438 2824 5476 cum
2869 5423 3071 5476 dicitur
3113 5421 3158 5454 θ’
3182 5421 3571 5492 paterfamilias
3593 5435 3690 5490 po-

2273 5559 2313 5590 ⁵⁷
2347 5557 2387 5610 ll
2435 5557 2574 5611 Tim.
2604 5574 2662 5621 ll,
2699 5557 2787 5610 M.
2861 5557 2908 5590 ⁸⁸
2940 5558 3068 5613 ibid.
3128 5559 3219 5614 25.
3319 5559 3364 5590 "
3393 5559 3492 5612 lsa.
3536 5572 3686 5622 xxvt,
