4024 6146
283 213 383 272 573

1511 231 1577 284 ΙΝ
1616 229 1903 288 EXODUM
1935 230 2218 290 HOMILIA
2252 231 2346 288 XI.

3458 230 3582 301 an

283 347 409 389 nere
436 337 751 396 rationem
780 357 903 398 cum
929 345 1100 402 servis
1130 347 1264 413 suis,
1302 357 1354 404 et
1384 348 1608 406 offertur
1638 353 1686 408 ei
1727 370 1888 418 unus,
1924 361 1966 419 Α
1999 355 2113 419 Dei,
2145 354 2421 409 auferatur
2452 353 2584 408 dens
2631 355 2776 421 ejus,
2798 352 2890 423 qui
2936 367 3042 409 non
3079 357 3212 408 bene
3253 351 3562 423 Scriptura-

279 428 365 496 qui
408 428 695 489 debebat
721 435 903 490 decem
932 439 1100 494 millia
1141 442 1362 496 talenta.
1407 442 1553 499 Talis
1589 460 1722 515 ergo
1751 463 1896 516 qure-

278 521 397 574 dam
433 525 609 579 ratio
646 528 831 582 damni
859 539 985 586 est:
1012 543 1090 598 ut,
1114 534 1268 588 verbi
1293 537 1486 604 gratia,
1513 539 1602 606 qui
1629 555 1729 608 pro
1757 554 1898 594 mer-

276 612 407 666 cede
445 630 562 669 sua
602 630 944 687 accepturus
963 624 1288 680 eratdecem
1317 643 1493 694 mnas,
1519 645 1625 683 non
1663 631 1898 698 accipiat

275 705 505 772 decem,
537 711 660 773 sed
691 722 835 776 octo,
862 713 944 767 vel
973 729 1089 779 sex,
1125 723 1217 769 aut
1255 717 1416 770 etiam
1451 720 1632 774 minus
1665 736 1678 770 :
1707 731 1762 775 et
1792 722 1894 778 hoc

273 797 489 852 damno
526 804 766 870 percuti
824 804 1024 860 dicitur
1073 808 1139 872 is,
1169 808 1260 877 qui
1294 823 1514 864 causam
1541 811 1782 866 scandali
1814 813 1893 867 in-

279 887 531 944 firmiori
573 902 645 946 et
676 895 924 951 muliebri
969 900 1199 967 praebuit
1226 899 1438 954 animae.

337 980 398 1034 4.
441 981 644 1039 Dabit
703 997 905 1054 autem,
949 989 1120 1059 inquit
1159 989 1227 1056 "°,
1270 993 1569 1046 secundum
1607 994 1752 1062 quod
1811 995 1894 1049 in-

268 1071 539 1140 dixerit,
624 1078 716 1132 vel
771 1079 1089 1150 imposuerit
1121 1081 1202 1134 vir
1246 1083 1396 1150 ejus,
1460 1093 1515 1139 et
1568 1084 1718 1138 dabit
1773 1101 1894 1140 cum

273 1161 530 1216 honore.
606 1165 829 1220 Animae
890 1169 1148 1224 discentis
1182 1172 1287 1236 vir,
1339 1173 1604 1242 magister
1637 1174 1749 1244 (59)
1779 1175 1894 1246 ejus

267 1260 390 1318 est;
430 1255 775 1310 secundum
837 1258 979 1326 quod
1028 1259 1287 1315 indixerit
1318 1277 1446 1331 ergo
1503 1263 1585 1316 vir
1631 1264 1755 1329 istc,
1811 1265 1893 1320 vel

269 1338 556 1397 Christus
612 1345 711 1412 qui
755 1348 996 1400 omnium
1049 1349 1307 1418 magister
1348 1359 1450 1414 est,
1508 1351 1595 1405 vel
1648 1353 1741 1422 qui
1794 1369 1893 1418 pro

271 1431 526 1487 Christo
563 1433 843 1491 Ecclesiae
873 1448 1071 1508 praeest
1099 1439 1290 1496 doctor
1322 1441 1651 1510 animarum,
1678 1445 1764 1498 ille
1802 1446 1893 1516 qui

273 1522 341 1576 ad
375 1521 836 1580 subversionem
864 1528 1204 1584 audientium
1242 1531 1422 1586 verbis
1454 1534 1771 1600 contendit,
1800 1550 1896 1604 pa-

272 1616 452 1670 tietur
487 1617 776 1673 damnum
804 1635 901 1689 pro
927 1623 1107 1676 anima
1139 1622 1251 1690 illa,
1277 1639 1394 1693 qua:
1425 1626 1660 1679 nondum
1690 1625 1892 1680 forma-

2000 461 2117 499 rum
2171 444 2485 499 comminuit
2531 452 2586 499 et
2640 444 2848 499 attrivit
2895 443 3061 499 cibos.
3109 443 3375 498 Fortassis
3416 443 3557 498 enim

1995 547 2218 606 propter
2247 537 2348 591 hoc
2371 547 2423 591 et
2461 536 2590 590 alibi
2629 537 2826 590 dicitur
2857 551 2886 590 a
2924 536 3149 591 Domino
3183 535 3268 590 ’δε
3303 552 3321 586 t
3360 535 3558 590 Dentes

1996 637 2343 697 peccatorum
2380 625 2702 680 contrivisti.
2739 643 2757 677 ι
2789 625 2853 679 Et
2880 624 3007 678 alibi
3048 625 3394 679 nihilominus
3417 626 3549 680 scrio

1997 717 2145 771 bitur
2174 717 2221 747 ⁷⁵
2258 733 2272 769 :
2306 734 2324 767 ι
2363 715 2462 782 Qui
2514 717 2805 771 manducat
2837 730 3000 769 unam
3054 717 3327 778 acerbam,
3373 717 3558 772 obstu-

1996 815 2218 872 pescent
2259 806 2451 860 dentes
2481 803 2619 872 ejus.
2654 825 2672 857 ι
2709 805 2772 859 Ει
2814 803 2942 859 alibi
2971 805 3056 859 ’σε
3101 823 3119 856 ι
3151 805 3318 861 Melas
3343 805 3556 860 leonum

1997 894 2300 964 confringet
2347 894 2458 966 (63)
2511 895 2790 951 Dominus.
2849 915 2867 948 ι
2899 895 2990 950 Sic
3025 910 3152 964 ergo
3189 911 3286 965 per
3313 898 3554 951 membra

1998 987 2205 1041 dicitur
2263 985 2380 1041 ἰωόί
2433 990 2610 1040 anima
2637 996 2690 1042 et
2723 987 2954 1056 percuti,
2978 1002 3194 1041 manum
3218 1001 3430 1055 quoque
3460 1003 3558 1056 pro

2000 1092 2165 1131 manu
2215 1089 2269 1132 et
2321 1077 2509 1145 pedem
2557 1091 2655 1146 pro
2691 1077 2828 1147 pede
2875 1076 3207 1146 deposcitur.
3254 1076 3442 1132 Manus
3473 1089 3558 1133 cst

1997 1167 2195 1221 animae
2249 1168 2442 1232 virtus,
2498 1182 2603 1237 qua
2641 1178 2823 1223 tenere
2858 1166 3064 1237 aliquid
3091 1175 3145 1222 et
3183 1167 3560 1236 constringere

1996 1268 2199 1328 potest,
2249 1259 2394 1314 velut
2444 1260 2490 1314 si
2528 1260 2773 1314 dicamus
2824 1268 2978 1314 actus
3004 1258 3145 1329 ejus,
3171 1266 3228 1314 et
3258 1257 3556 1325 fortitudo;

1996 1360 2052 1406 et
2081 1367 2175 1421 pes
2197 1365 2306 1420 quo
2332 1352 2531 1407 incedit
2572 1351 2636 1407 ad
2697 1353 2834 1407 bona
2866 1351 2948 1406 vel
2981 1350 3142 1404 mala.
3174 1350 3308 1416 Quia
3335 1365 3467 1422 ergo
3511 1353 3556 1407 si

1996 1442 2307 1497 scandalum
2335 1443 2576 1513 patiatur
2607 1444 2810 1507 anima,
2857 1459 2962 1498 non
2998 1444 3170 1500 solum
3215 1444 3267 1497 in
3299 1443 3422 1512 fide,
3460 1445 3555 1501 sed

1997 1543 2051 1593 et
2074 1534 2126 1588 in
2143 1534 2354 1589 actibus
2379 1533 2650 1604 dejicitnr,
2677 1537 2765 1604 qui
2786 1551 2883 1604 per
2908 1551 3123 1591 manum
3146 1535 3552 1605 signiﬁcantur;

1997 1637 2050 1680 et
2083 1630 2246 1697 pedes
2286 1627 2605 1681 anferentur
2650 1627 2815 1692 illius,
2862 1628 2951 1698 qui
2999 1625 3387 1682 oﬂ'endiculum
3417 1641 3557 1697 pra:-

279 1717 400 1762 tum
440 1709 678 1780 abiecit
726 1712 1007 1771 infantem.
1058 1714 1209 1782 Quod
1239 1723 1418 1784 potest
1453 1714 1592 1770 forte
1626 1717 1692 1771 de
1732 1732 1889 1771 scan-
1924 1699 1966 1753 Β
1995 1719 2132 1785 buit,
2159 1728 2212 1772 et
2242 1732 2436 1772 manus
2481 1718 2680 1787 quibus
2710 1733 2814 1772 non
2845 1719 2978 1772 bene
3003 1725 3276 1786 operatur,
3303 1725 3358 1770 et
3391 1717 3554 1786 pedes

273 1800 407 1856 dalo
461 1805 875 1860 catechumeni
924 1807 1094 1876 accipi
1148 1808 1389 1863 nondum
1433 1805 1670 1864 formati.
1710 1811 1892 1864 Potest

275 1892 430 1946 enim
471 1892 640 1961 ﬁeri,
679 1904 736 1950 ut
781 1910 998 1951 rursum
1031 1899 1144 1968 ipse
1185 1899 1278 1968 qui
1331 1897 1487 1962 laesit,
1523 1900 1779 1964 instruat,
1807 1915 1891 1955 re-

277 1995 465 2050 paret,
509 1987 789 2042 restituat
817 1989 1011 2043 anima:
1042 2005 1103 2043 ea
1131 2004 1249 2060 quae
1276 1990 1530 2060 perdidit,
1557 2001 1611 2046 et
1637 1992 1751 2045 haec
1779 1990 1890 2059 jam

281 2075 454 2132 faciet
520 2093 666 2135 cum
697 2079 928 2147 honore,
969 2095 1090 2138 cum
1125 2081 1415 2149 modestia,
1445 2097 1564 2138 cum
1595 2083 1887 2154 patientia;

285 2171 433 2228 sicut
463 2173 786 2244 Apostolus
839 2175 998 2246 168
1050 2176 1179 2231 dicit
1212 2176 1256 2208 "
1289 2191 1304 2229 :
1345 2194 1364 2228 ε
1401 2175 1532 2231 Cum
1581 2189 1890 2235 mansuetu-

287 2266 416 2321 dine
448 2268 782 2337 corripiens
803 2283 922 2336 eos,
953 2269 1044 2339 qui
1088 2268 1348 2324 resistunt
1383 2268 1529 2340 (60);
1562 2289 1580 2320 ι
1618 2285 1724 2324 non
1768 2286 1888 2325 cum

287 2354 407 2421 lite,
439 2359 606 2411 sicut
644 2356 815 2426 prius,
842 2372 964 2412 cum
996 2357 1320 2413 scandalum
1364 2359 1566 2414 intulit.
1609 2378 1628 2412 ι
1658 2359 1811 2426 Quod
1841 2360 1887 2415 si

289 2439 588 2500 formatus
643 2443 754 2511 jam
815 2446 973 2500 fuerit
1030 2446 1230 2514 infans,
1295 2448 1447 2502 dabit
1496 2449 1733 2505 animam
1791 2465 1891 2519 pro

293 2535 514 2589 anima.
559 2555 581 2588 ι
615 2535 905 2592 Formatus
949 2536 1125 2592 infans
1163 2547 1343 2608 potest
1383 2539 1552 2594 videri
1590 2553 1768 2594 sermo
1791 2539 1889 2594 Dei

291 2624 346 2679 in
376 2627 564 2682 corde
598 2627 719 2695 ejus
750 2629 968 2694 animae,
998 2643 1119 2700 quae
1168 2631 1398 2700 gratiam
1452 2630 1708 2700 baptismi
1755 2644 1888 2684 con-

297 2730 494 2774 secuta
549 2730 662 2787 est,
713 2720 797 2775 vel
840 2737 959 2790 qua:
1007 2721 1311 2778 evidentius
1340 2731 1395 2776 et
1435 2721 1636 2776 clarius
1664 2722 1888 2777 verbum

297 2809 424 2868 fidei
478 2811 770 2882 concepit.
827 2813 953 2868 Haec
1016 2827 1146 2884 ergo
1200 2813 1245 2869 si
1310 2813 1476 2868 nimia
1535 2813 1890 2870 contentione

297 2902 608 2958 doctorum
653 2917 908 2974 percussa
947 2902 1212 2973 abiecerit
1258 2903 1507 2967 verbum,
1566 2911 1622 2958 et
1669 2903 1888 2958 inventa

301 2991 475 3049 fuerit
506 3008 640 3050 esse
666 2995 732 3048 de
758 2993 885 3058 illis,
920 2994 984 3050 de
1019 2995 1219 3064 quibus
1242 2993 1459 3048 dicebat
1491 2994 1780 3062 Apostolus
1804 2995 1884 3050 ἠε

307 3101 330 3137 ι
364 3085 488 3140 Jam
516 3087 670 3141 enim
709 3085 953 3154 quaedam
980 3099 1260 3142 conversae
1286 3095 1413 3141 sunt
1444 3095 1592 3141 retro
1622 3097 1743 3158 post
1786 3087 1891 3142 Sa-

305 3182 518 3244 tanam,
563 3195 586 3228 »
622 3176 858 3231 animam
889 3190 989 3246 pro
1021 3177 1199 3230 anima
1255 3176 1426 3231 dabit.
1472 3177 1569 3231 Vel
1604 3179 1671 3232 de
1705 3179 1790 3232 die
1813 3178 1892 3246 ju-

309 3269 434 3323 oicii
460 3268 852 3338 accipiendum
884 3275 968 3322 est
1004 3267 1144 3336 apud
1183 3268 1349 3321 Deum
1374 3265 1642 3335 judicem,
1669 3269 1761 3338 qui
1789 3284 1886 3338 po-

312 3371 421 3416 test
493 3363 744 3416 animam
783 3370 839 3416 et
888 3375 1084 3432 corpus
1141 3361 1370 3429 perdere
1425 3361 1476 3413 in
1540 3361 1886 3430 gehennam:

313 3459 436 3524 quia
468 3465 528 3511 et
564 3455 691 3511 alibi
721 3456 851 3511 dicit
871 3454 1131 3526 propheta
1167 3453 1232 3507 ad
1263 3451 1563 3507 Jerusalem
1591 3452 1638 3484 τ³
1666 3469 1678 3506 :
1713 3471 1732 3504 ς
1760 3454 1891 3508 Dedi

316 3547 811 3604 commutationem
872 3556 1024 3601 tuam
1081 3544 1394 3614 Egyptum,
1453 3541 1809 3614 IEthiopiam,
1838 3553 1890 3600 et

323 3639 545 3696 Soenen
597 3641 708 3712 (61)
747 3655 849 3711 pro
913 3648 982 3694 te.
1027 3659 1045 3692 ι
1109 3636 1206 3692 Vel
1251 3645 1399 3692 certe
1445 3646 1619 3706 potest
1645 3637 1892 3693 fortassis

319 3734 483 3790 etiam
513 3735 651 3788 illud
693 3734 886 3803 aptari,
931 3741 989 3786 ut
1017 3731 1106 3800 qui
1137 3731 1238 3785 sibi
1281 3731 1532 3785 conscius
1565 3729 1700 3784 tanti
1735 3744 1895 3784 scan-

324 3827 426 3882 dali
464 3827 660 3893 fuerit,
698 3835 862 3896 ponat
909 3824 1147 3879 animam
1197 3836 1348 3877 suam
1378 3837 1476 3892 pro
1519 3822 1698 3875 anima
1727 3820 1892 3887 illius,

333 3936 496 3991 quem
573 3919 1050 3987 scandalizaverit,
1109 3927 1165 3972 et
1222 3930 1394 3986 usque
1437 3914 1504 3969 ad
1545 3922 1775 3969 mortem
1803 3914 1894 3969 det

324 4028 548 4084 operam
581 4011 1089 4084 quomodoredeat,
1120 4014 1392 4082 quomodo
1419 4015 1722 4080 reparetnr,
1757 4021 1895 4076 quo.

325 4109 486 4163 modo
509 4106 832 4163 restituatur
857 4106 922 4159 ad
951 4103 1132 4159 fidem.
1158 4103 1329 4159 Ponat
1359 4103 1521 4158 etiam
1555 4099 1769 4158 oculum
1797 4115 1895 4170 pro

328 4199 506 4267 oculo,
558 4199 606 4254 si
651 4198 866 4254 oculum
919 4197 1058 4254 lzesit
1099 4196 1316 4261 animae,
1351 4195 1402 4249 id
1435 4202 1519 4249 est
1557 4193 1893 4249 intellectum

328 4289 443 4358 ejus
468 4291 745 4357 turbavit;
803 4287 1083 4345 auferatur
1125 4287 1319 4344 oculus
1364 4286 1534 4356 ipsius
1586 4287 1653 4340 ab
1685 4299 1772 4352 eo,
1800 4285 1893 4353 qui

1995 1809 2193 1879 quibus
2219 1824 2323 1864 non
2352 1810 2488 1863 bene
2514 1808 2733 1862 incedit.
2773 1807 3011 1877 Recipiet
3041 1807 3203 1860 etiam
3243 1805 3554 1860 combustu-

1994 1915 2110 1955 ram
2142 1916 2239 1970 pro
2295 1899 2670 1963 combustura,
2712 1916 2815 1968 qua
2851 1898 3175 1962 combussit,
3205 1908 3261 1951 et
3292 1898 3554 1966 gehennz

1996 1993 2220 2047 tradidit
2259 1994 2519 2047 animam.
2575 1991 2680 2046 Per
2716 2007 2836 2061 qua:
2878 1992 3084 2061 singula
3133 1992 3456 2058 ostenditur,
3494 1999 3552 2046 ut

1994 2084 2098 2141 iste
2146 2097 2437 2154 percussor
2489 2082 2742 2136 omnibus
2807 2081 3151 2136 detruncatis
3198 2081 3474 2149 membris,
3517 2094 3552 2136 a

1993 2191 2222 2245 corpore
2274 2173 2561 2230 excidatur
2615 2172 2899 2237 Ecclesiae;
2939 2179 2999 2225 ut
3023 2171 3227 2238 caeteri,
3265 2172 3442 2241 inquit
3483 2172 3552 2238 "',

1991 2268 2240 2321 videntes
2262 2267 2507 2320 timorem
2535 2263 2793 2328 habeant,
2831 2270 3011 2316 etnon
3042 2260 3245 2316 faciant
3281 2261 3550 2316 similiter.

1991 2357 2197 2413 Idcirco
2223 2368 2276 2413 et
2309 2356 2593 2426 Apostolus
2618 2370 2740 2410 cum
2776 2356 3050 2410 doctorem
3079 2354 3338 2409 describit
3365 2353 3552 2409 Eccle-

1990 2449 2084 2503 siae
2109 2451 2175 2515 ⁷⁸,
2206 2449 2346 2503 inter
2374 2457 2565 2502 caetera
2587 2446 2830 2516 precipit
2850 2461 2970 2500 eum
2989 2460 3097 2501 non
3124 2461 3245 2501 esse
3273 2459 3559 2515 percusso-

1993 2555 2127 2605 rem,
2148 2556 2213 2596 ne
2234 2541 2540 2610 percutiens
2568 2547 2903 2611 praegnantes
2926 2539 3195 2606 mulieres,
3210 2538 3418 2592 animas
3435 2539 3560 2591 insi-

1988 2634 2220 2705 pientes,
2237 2643 2400 2703 ponat
2417 2632 2650 2685 animam
2675 2646 2770 2700 pro
2787 2635 2989 2695 anima,
3013 2629 3226 2684 oculum
3252 2644 3350 2700 pro
3374 2631 3554 2693 oculo,

1990 2725 2206 2779 dentem
2242 2739 2338 2793 pro
2368 2724 2547 2778 dente.
2592 2720 2750 2777 Tales
2797 2729 2924 2776 sunt
2957 2730 3011 2776 et
3047 2721 3150 2776 illa:
3188 2721 3381 2776 animae
3419 2737 3554 2791 quas

1989 2819 2152 2872 etiam
2169 2815 2492 2871 Dominusin
2518 2811 2975 2884 Evangeliodeﬂet
3004 2827 3126 2868 cum
3151 2813 3340 2867 dicit"
3371 2830 3424 2866 τι
3468 2811 3556 2866 Vat

1988 2909 2392 2980 praegnantibus
2439 2915 2493 2962 et
2550 2907 2913 2961 nutrientibus
2950 2905 3001 2958 in
3053 2904 3160 2960 illis
3186 2905 3396 2973 diebus,
3431 2923 3451 2958 ι
3497 2905 3550 2959 in

1915 3031 1959 3091 ο
1992 3000 2190 3072 quibus
2245 2998 2786 3064 scandalizabuntur,
2841 3015 2860 3049 ι
2896 2997 2939 3053 si
2996 2996 3114 3052 fieri
3153 3003 3355 3066 p0test,
3384 2995 3552 3050 etiam

1991 3093 2172 3148 electi.
2209 3111 2228 3144 ι
2267 3091 2556 3146 Sciendum
2602 3098 2779 3143 tamen
2829 3097 2911 3143 est
2952 3089 3095 3158 quod
3155 3101 3260 3142 non
3304 3096 3387 3142 est
3433 3101 3556 3156 per-

1993 3182 2259 3238 fectorum
2293 3181 2683 3244 scandalizari,
2719 3180 2812 3234 sed
2835 3187 2929 3233 aut
2957 3179 3266 3245 mulierum,
3305 3188 3394 3232 aut
3429 3193 3556 3246 par-

1991 3273 2269 3337 vulorum,
2303 3273 2444 3328 sicut
2481 3281 2535 3327 et
2585 3272 2842 3326 Dominus
2890 3271 2942 3324 in
2977 3269 3266 3339 Evangelia
3307 3269 3441 3323 dicit
3460 3268 3552 3324 "3

1998 3382 2018 3416 ‹
2057 3365 2113 3420 Si
2145 3365 2264 3433 quis
2285 3363 2736 3418 scandalizaverit
2772 3376 2939 3415 unum
2971 3361 3037 3415 de
3062 3359 3272 3429 pusillis
3301 3359 3420 3415 istis
3457 3360 3558 3414 mi-

1993 3457 2176 3512 nimis.
2209 3477 2228 3510 ι
2273 3456 2510 3512 Pusillus
2539 3471 2668 3526 ergo
2709 3463 2813 3520 est,
2844 3463 2901 3509 et
2950 3452 3236 3517 minimus,
3265 3452 3356 3522 qui
3399 3467 3559 3507 scan-

1993 3549 2213 3606 dalizari
2247 3558 2467 3619 potest:
2501 3567 2520 3601 t
2569 3547 2840 3618 Spiritalis
2890 3554 3070 3599 autem
3131 3543 3384 3614 dijudicat
3434 3559 3555 3598 om-

1995 3643 2080 3697 nia
2103 3644 2170 3708 εί,
2207 3660 2224 3694 ι
2258 3643 2438 3697 omnia
2489 3641 2704 3712 probat,
2734 3640 2958 3709 etquod
3004 3639 3203 3692 bonum
3237 3645 3338 3703 est,
3379 3636 3557 3691 conti-

1995 3743 2105 3798 net,
2129 3743 2183 3788 et
2210 3733 2277 3786 ab
2297 3733 2440 3787 omni
2472 3747 2531 3787 se
2559 3733 2738 3800 specie
2764 3732 2900 3784 mala
2938 3731 3196 3784 abstinet.
3215 3725 3361 3790 Hanc,
3396 3737 3554 3796 prout

1993 3840 2280 3880 occurrere
2307 3832 2620 3894 potuerunt,
2671 3823 2722 3876 in
2752 3822 3004 3892 przesenti
3041 3820 3278 3890 capitulo
3300 3821 3555 3876 diximus.

1995 3915 2289 3972 Poscamns
2336 3929 2466 3968 vero
2505 3929 2534 3966 a
2589 3913 2858 3979 Domino,
2899 3921 2958 3968 ut
2985 3929 3105 3983 qua:
3145 3911 3383 3983 perfecta
3407 3924 3557 3978 sunt,

1995 4007 2114 4076 ipse
2156 4007 2310 4060 nobis
2373 4005 2619 4060 revelare
2665 4007 2913 4074 dignetur
2948 4019 3045 4076 per
3076 4004 3255 4060 Jesum
3281 4003 3556 4059 Christum

1997 4099 2280 4154 Dominum
2334 4109 2598 4163 nostrum,
2634 4099 2724 4152 cui
2784 4109 2868 4153 est
2897 4099 3064 4170 gloria
3103 4107 3158 4154 et
3191 4097 3476 4169 imperium
3507 4097 3560 4151 in

1997 4188 2192 4244 stecula
2229 4187 2573 4244 saeculorum.
2605 4188 2800 4242 Amen.

2577 4299 2853 4356 HOMILIA
2885 4301 2976 4356 XI.

330 4379 587 4437 Ecclesia:
611 4387 827 4451 praeest,
853 4386 908 4434 et
952 4376 1264 4433 intellectus
1295 4372 1412 4444 ejus
1439 4373 1529 4429 ille
1553 4373 1894 4430 turbulentus

2003 4393 2078 4449 De
2104 4394 2193 4449 siti
2215 4392 2396 4464 populi
2418 4393 2469 4447 in
2485 4392 2769 4462 Bap/tidin,
2803 4404 2847 4446 et
2873 4394 2951 4464 de,
2978 4391 3109 4446 bello
3127 4391 3561 4455 Amafecitarum,

331 4482 383 4527 et
411 4473 570 4528 ferox
625 4473 717 4541 qui
772 4470 1084 4527 scandalum
1131 4477 1377 4541 generat,
1436 4469 1718 4522 desecetur
1761 4465 1895 4540 (62).

334 4565 435 4623 Sed
482 4578 536 4622 et
584 4566 629 4622 si
662 4567 876 4621 dentem
919 4563 1057 4619 laesit
1107 4560 1396 4626 auditoris,
1437 4574 1547 4629 quo
1592 4559 1894 4630 suscipiens

333 4660 509 4715 cibum
572 4657 722 4712 verbi
784 4656 898 4721 Dei,
950 4655 1035 4710 vel
1086 4654 1459 4709 c'omminuere
1492 4652 1576 4707 vel
1601 4651 1896 4708 molaribus

337 4756 507 4803 terere
538 4747 730 4803 solitus
772 4757 910 4811 erat,
949 4756 1007 4800 ut
1038 4744 1300 4801 subtilem
1328 4759 1394 4800 ex
1431 4745 1515 4800 his
1549 4745 1614 4798 ad
1645 4753 1891 4797 ventrem

334 4841 526 4896 animae
561 4838 959 4894 transmitteret
984 4851 1243 4898 sensum;
1285 4836 1330 4891 si
1366 4836 1511 4891 hunc
1553 4835 1772 4890 dentem
1806 4836 1898 4892 ille

339 4933 553 4986 vexavit
598 4943 652 4985 et
690 4930 895 4996 evellit,
929 4937 988 4983 ut
1014 4927 1366 4983 contentione
1397 4925 1568 4995 ipsius
1598 4941 1702 4981 non
1727 4929 1899 4995 possit

338 5024 514 5077 anima
563 5021 835 5076 subtiliter
882 5026 939 5076 et
977 5017 1300 5089 Spiritaliter
1333 5016 1613 5087 suscipere
1673 5017 1896 5072 verbum

2442 4472 2492 4518 et
2521 4466 2583 4517 de
2604 4465 2883 4533 praesentia
2917 4463 3119 4517 Jethro.

2070 4559 2124 4613 1.
2158 4557 2422 4624 Quoniam
2469 4555 2648 4611 omnis
2700 4557 2791 4627 qui
2835 4554 2953 4609 vult
2983 4555 3070 4624 pie
3097 4555 3283 4610 vivere
3325 4554 3377 4608 in
3406 4551 3562 4608 Chri-

1998 4657 2101 4716 sto,
2143 4650 2574 4719 persecutionem
2625 4651 2833 4717 patitur
2860 4647 2928 4715 δ’,
2972 4659 3028 4700 et.
3079 4649 3147 4702 ab
3179 4646 3423 4701 hostibus
3450 4644 3556 4698 im-

2001 4754 2292 4814 pugnatur,
2325 4757 2486 4814 agens
2520 4741 2624 4796 iter
2668 4742 2787 4797 vita:
2819 4743 2979 4813 hujus
3015 4755 3230 4810 semper
3257 4739 3417 4794 debet
3440 4752 3562 4791 esse

2002 4842 2268 4898 armatus,
2294 4843 2344 4888 et
2377 4845 2525 4889 stare
2557 4849 2776 4904 semper
2804 4834 2858 4888 in
2891 4833 3110 4888 castris.
3138 4833 3262 4887 ldee
3283 4839 3348 4884 et-
3368 4833 3435 4884 de
3461 4844 3562 4897 po-

2001 4926 2130 4996 pulo
2166 4924 2260 4979 Dei
2291 4927 2558 4981 refertur:
2589 4945 2608 4979 ι
2646 4926 2899 4983 Profecta
2937 4935 3040 4993 est,
3085 4925 3260 4996 inquit
3287 4924 3356 4988 ⁸³,
3386 4922 3568 4977 omnis

2008 5034 2275 5091 synagoga
2308 5020 2538 5076 filiorum
2570 5019 2735 5076 Israel
2769 5020 2834 5075 de
2861 5019 3073 5075 deserto
3117 5018 3238 5082 Sin,
3265 5013 3564 5071 secundum

403 5167 450 5198 "°
472 5164 645 5220 Exod.
666 5180 782 5227 xxi,
802 5163 889 5218 22.
967 5163 1012 5195 “
1038 5162 1080 5217 ll
1104 5161 1250 5220 Tim.
1279 5176 1340 5228 ll,
1529 5162 1576 5194 ⁷³
1605 5163 1626 5214 Ι
1653 5161 1802 5232 Tim.
1835 5178 1886 5227 v,
1921 5165 2006 5219 l5.
2030 5166 2076 5197 ⁷³
2101 5165 2205 5220 lsa.
2235 5182 2388 5232 xun,
2409 5169 2467 5222 5.
2538 5167 2586 5201 ’⁸
2617 5166 2758 5222 Psal.
2786 5181 2866 5228 Ill,
2897 5166 2950 5221 8.
2982 5167 3028 5199 ⁷³
3057 5165 3253 5221 Jerem.
3289 5176 3438 5224 xxxi.
3473 5155 3564 5232 5‘}-

341 5237 384 5266 ⁷⁸
408 5235 548 5290 Psal.
586 5251 713 5294 Lvtt,
749 5236 801 5290 7.
875 5236 921 5267 ⁷⁷
947 5234 1165 5288 Denter.
1243 5249 1358 5296 xux,
1404 5229 1494 5288 20.
1569 5233 1615 5264 ⁷⁸
1652 5231 1670 5284 l
1709 5233 1850 5286 Tim.
1901 5250 1982 5299 Ill,

344 5307 384 5339 ⁸¹
409 5305 429 5360 l
455 5307 580 5377 Cor.
605 5322 670 5370 ιι,
701 5307 787 5360 l5.
860 5306 905 5340 δ’
923 5304 967 5360 ll
999 5303 1140 5359 Tim.
1215 5318 1304 5370 tn,
1333 5302 1421 5357 η.
1494 5302 1539 5333 ⁸³
1563 5302 1731 5356 Exod.
1752 5317 1884 5371 xvn,
1910 5308 1961 5361 1.

429 5421 520 5489 59)
552 5421 726 5487 Alias,
779 5438 800 5474 ι
834 5421 1030 5476 anima:
1075 5417 1328 5482 discenti,
1369 5417 1427 5489 si_
1445 5416 1529 5471 vir
1554 5417 1837 5489 magister.
1875 5436 1893 5470 ι

429 5421 520 5489 59)
552 5421 726 5487 Alias,
779 5438 800 5474 ι
834 5421 1030 5476 anima:
1075 5420 1328 5482 discenti,
1369 5420 1415 5470 si
1445 5420 1529 5471 vir
1555 5420 1837 5485 magister.
1875 5436 1893 5470 ι

407 5420 524 5575 ξϐο)
550 5492 720 5558 Alias,
768 5509 789 5544 ι
825 5491 1185 5560 corripientes
1222 5501 1316 5544 eos
1341 5487 1432 5555 qui
1461 5485 1725 5543 resistunt
1759 5489 1898 5543 veri-

347 5568 522 5704 m('til’)
577 5630 752 5700 Alias,
815 5650 836 5686 ε
885 5628 1180 5699 Sidonem,
1221 5647 1240 5685 ι
1290 5629 1448 5688 male.
1495 5627 1695 5687 Omnes
1731 5642 1896 5695 mss,

2023 5235 2077 5290 5.
2173 5238 2218 5269 ⁷⁸
2270 5226 2457 5294 Matth.
2505 5252 2653 5304 xxiv,
2692 5237 2755 5292 l9
2786 5226 2960 5293 eti-1.
3033 5238 3079 5269 ⁸⁸
3102 5237 3290 5291 Matth.
3331 5226 3559 5295 υιιιιῦι

2014 5441 2031 5474 ι
2067 5423 2300 5477 Soenen.
2334 5442 2354 5476 ι

2077 5493 2186 5560 (62)
2216 5492 2386 5559 Alias,
2430 5509 2448 5543 ι
2482 5492 2779 5548 deseretur.
2819 5513 2836 5542 ι

2075 5559 2187 5634 (65)
2215 5562 2384 5631 Alias,
2427 5581 2446 5617 ι
2480 5562 2767 5633 confregit.
2814 5581 2842 5612 ι
