4024 6146
426 278 534 335 375
545 273 550 276 ’

1877 269 2200 327 ORIGENIS

3553 269 3678 324 576

425 407 608 456 castra
651 411 770 462 sua,
822 407 916 464 per
949 393 1173 448 verbum
1230 392 1464 447 Domini.
1504 412 1522 444 ο
1571 393 1665 446 Est
1714 404 1842 460 ergo
1887 403 1990 443 una
2023 389 2068 445 Α
2096 389 2239 443 sitim
2282 402 2457 444 suam.
2495 388 2599 444 Sed
2630 390 2743 444 haec
2781 398 2930 459 petra
2959 429 2974 453 ,
3010 387 3110 442 nisi
3152 385 3315 441 fuerit
3367 402 3620 457 percussa
3647 429 3670 457 ,

347 491 356 508 '
426 490 643 561 quidem
671 499 941 558 synagoga
997 485 1230 548 Domini,
1273 484 1363 539 sed
1409 485 1524 539 haec
1560 484 1611 537 in
1645 492 1880 553 quatuor
1900 496 1991 536 ca-

427 596 538 636 stra
571 579 848 636 dividitur.
909 577 1152 643 Quatuor
1194 592 1426 646 namque
1460 589 1643 630 castra
1675 576 1992 630 describun-

427 686 513 728 tur
542 675 690 728 circa
725 668 1129 724 tabernaculum
1161 667 1372 722 Domini
1416 669 1611 738 posita,
1655 669 1796 722 sicut
1825 665 1990 721 refer-

429 777 518 820 tur
549 764 602 817 in
632 762 881 816 Numeris
907 760 976 815 ⁸⁸.
1002 761 1069 816 Ει
1102 769 1153 815 ιιι
1178 777 1307 831 ergo
1333 762 1377 816 si
1421 776 1636 830 semper
1680 760 1892 831 vigiles,
1937 771 1992 815 et

425 870 638 926 semper
674 865 916 909 armatus
957 855 1054 918 sis,
1079 865 1134 909 et
1173 855 1316 909 scias
1354 863 1403 908 te
1436 854 1487 907 in
1554 854 1746 908 castris
1775 852 1989 906 Domini

418 949 685 1012 militare,
713 948 940 1002 observa
965 946 1096 1001 illud
1125 947 1457 1011 mandatum,
1492 946 1617 1015 quia
1657 963 1675 996 ι
1706 960 1863 1000 nemo
1891 945 1990 998 mi-

419 1037 589 1094 litans
616 1040 747 1098 Deo,
772 1038 1018 1106 implicat
1067 1053 1126 1092 se
1155 1038 1384 1106 negotiis
1433 1037 1806 1098 saecularibus,
1850 1047 1908 1090 ut
1939 1037 1988 1090 ei

416 1130 636 1200 placeat
660 1128 745 1183 cui
789 1143 850 1182 se
890 1126 1146 1196 probavit
1179 1124 1445 1195 “pquia
1470 1125 1510 1179 si
1553 1125 1627 1178 ita
1669 1124 1888 1187 milites,
1932 1134 1990 1178 ut

421 1235 448 1274 a
490 1221 650 1276 rebus
697 1220 1047 1275 saecularibus
1105 1218 1242 1272 liber
1269 1219 1346 1272 sis
1379 1228 1434 1272 et
1473 1218 1524 1271 in
1551 1216 1749 1272 castris
1776 1217 1988 1271 Domini

423 1327 550 1381 agas
614 1326 830 1380 semper
882 1309 1160 1375 excubias,
1186 1319 1247 1362 et
1287 1309 1352 1362 de
1397 1317 1448 1361 te
1477 1307 1699 1368 dicitur,
1736 1306 1860 1376 quia
1896 1324 1992 1377 per

421 1402 647 1456 verbum
671 1399 884 1455 Domini
926 1415 1090 1455 exeas
1129 1400 1195 1453 de
1242 1397 1458 1452 deserto
1497 1396 1592 1450 Sin
1626 1406 1680 1451 et
1719 1397 1910 1452 venias
1937 1398 1990 1451 in

421 1493 717 1564 IIaphidin.
752 1493 847 1546 Sin
877 1493 1018 1546 enim
1055 1492 1277 1546 tentatio
1328 1491 1744 1557 interpretatur;
1789 1489 1992 1558 Raphi-

422 1588 512 1641 din
547 1602 676 1642 vero
701 1586 898 1640 sanitas
923 1585 1117 1654 judicii
1163 1582 1298 1655 (64).
1334 1582 1435 1648 Qui
1483 1582 1618 1637 bene
1649 1581 1762 1637 exit
1784 1582 1849 1636 de
1875 1591 1991 1635 ten-o

425 1680 648 1744 talione,
695 1690 750 1732 et
785 1694 944 1748 quem
1001 1677 1229 1731 tentatio
1271 1675 1604 1746 probabilem
1649 1675 1854 1735 reddit,
1884 1673 1989 1728 iste

422 1771 569 1826 venit
599 1770 664 1823 ad
698 1770 980 1823 sanitatem
1009 1767 1220 1835 judtcii.
1263 1765 1318 1818 In
1352 1765 1438 1820 die
1488 1767 1631 1820 enim
1666 1765 1858 1834 judicii
1903 1780 1989 1819 sa-

423 1879 524 1917 nus
553 1864 680 1924 erit,
714 1860 874 1931 169
917 1871 973 1914 et
1016 1862 1225 1914 sanitas
1257 1873 1472 1928 cum_eo
1503 1859 1630 1922 erit,
1661 1857 1751 1926 qui
1788 1858 1840 1910 in
1874 1863 1988 1911 ten-

423 1956 628 2008 talione
663 1967 766 2008 non
799 1952 962 2006 fuerit
1006 1950 1328 2004 vulneratus
1361 1965 1375 2000 :
1405 1949 1546 2002 sicut
1588 1958 1642 2001 et
1685 1948 1736 2001 iu
1769 1945 1981 2016 Apoca-

421 2047 558 2118 lypsi
591 2048 849 2115 scriptum
874 2055 955 2102 est
980 2045 1027 2076 ⁸⁸
1056 2063 1070 2099 :
1106 2063 1125 2097 t
1164 2044 1266 2112 Qui
1296 2052 1480 2098 autem
1515 2042 1734 2106 vicerit,
1767 2041 1912 2096 dabo
1935 2044 1987 2097 ei

421 2142 492 2195 de
517 2140 660 2210 ligno
702 2141 844 2203 vitae,
875 2137 1016 2209 quod
1042 2147 1125 2193 est
1171 2138 1223 2191 in
1263 2138 1516 2208 paradiso
1542 2135 1638 2191 Dei
1670 2135 1795 2189 mei.
1831 2155 1850 2189 ›
1884 2135 1989 2190 Ve-

423 2235 505 2289 nit
530 2250 658 2303 ergo
687 2234 754 2288 ad
784 2235 1072 2288 sanitatem
1097 2232 1312 2303 judicii,
1335 2233 1426 2302 qui
1452 2233 1589 2288 bene
1615 2232 1854 2303 disponit
1873 2246 1989 2287 ser-

420 2341 610 2380 mones
640 2340 766 2380 suos
811 2326 863 2379 in
885 2325 1112 2393 judicio.

488 2417 544 2470 2.
586 2413 697 2472 Sed
728 2417 857 2487 quid
890 2425 973 2471 est
1011 2416 1155 2487 quod
1189 2416 1472 2484 sequitur?
1513 2435 1531 2468 ‹
1572 2415 1719 2470 Sitiit
1769 2417 1868 2484 ibi,
1907 2417 1989 2471 in-

419 2510 536 2580 quit
561 2510 630 2576 ⁸⁷,
664 2509 893 2580 populus
921 2524 1140 2578 aquam,
1165 2519 1218 2564 et
1251 2508 1668 2563 murmurabant
1698 2507 1985 2563 adversum

417 2601 663 2671 Moysen.
709 2618 756 2680 »ἦ
780 2599 1032 2654 Videatur
1059 2597 1290 2652 fortasse
1319 2613 1383 2650 ex
1421 2595 1697 2666 superﬂuo
1740 2595 1940 2649 dictum
1972 2635 1986 2659 ,

418 2691 561 2758 quod
586 2689 742 2755 dixit,
794 2688 922 2760 quia
950 2703 1144 2754 aquam
1173 2688 1376 2742 sitierit
1403 2687 1653 2757 pepulus.
1689 2685 1990 2742 Sull'ecerat

418 2785 564 2840 enim
593 2785 796 2845 dicere,
832 2783 961 2851 quia
993 2781 1152 2846 sitiit,
1205 2779 1334 2850 quid
1375 2795 1508 2850 opus
1552 2778 1719 2834 fuerit
1748 2780 1987 2845 addere,

418 2891 614 2947 aquam
642 2875 817 2932 sitiit?
842 2873 956 2929 Non
987 2884 1072 2930 est
1100 2873 1370 2944 superflua
1395 2873 1648 2941 adjectio.
1675 2871 1812 2926 Sunt
1845 2874 1986 2927 enim

417 2970 646 3025 diversae
669 2968 823 3032 siles,
855 2977 908 3021 et
942 2967 1309 3036 unusquisque
1334 2965 1496 3020 habet
1520 2967 1790 3036 propriam
1818 2969 1983 3023 sitim.

2095 497 2262 549 aquas
2301 495 2406 534 non
2460 480 2652 535 dabit:
2709 495 2967 550 percussa
3003 494 3132 535 vero
3185 479 3359 534 fontes
3387 481 3668 549 producit.

2095 575 2394 627 Percussus
2417 573 2560 626 enim
2587 572 2859 634 Christus,
2887 579 2944 626 et
2967 571 3020 625 in
3057 583 3273 626 crucem
3326 581 3503 634 actus,
3526 569 3670 624 Novi

2093 661 2429 717 Testamenti
2463 661 2638 717 fontes
2671 663 2930 732 produxit
2960 681 2974 716 :
3031 669 3086 715 et
3119 671 3402 732 propterea
3455 663 3667 715 dictum

2092 763 2174 806 est
2205 755 2269 806 de
2295 767 2359 806 eo
2389 753 2456 818 “,
2488 753 2612 822 quia
2649 771 2667 803 ι
2719 753 3019 820 percutiam
3055 761 3330 821 pastorem
3364 760 3420 806 et
3453 752 3670 821 disper-

2093 855 2288 915 gentur
2313 861 2462 899 oves.
2498 865 2515 896 ι
2551 843 2787 900 Necesse
2807 859 2935 913 ergo
2964 854 3078 899 erat
3108 845 3254 898 illum
3289 844 3521 914 percuti.
3546 841 3665 896 Nisi

2091 940 2234 993 enim
2253 938 2356 1005 .ille
2389 938 2580 992 fuisset
2607 953 2916 1008 percussus,
2945 947 2999 993 et
3033 939 3234 993 exisset
3263 939 3328 990 de
3357 937 3524 991 latere
3545 934 3667 1003 ejus

2093 1046 2235 1100 aqua
2268 1040 2322 1087 et
2355 1031 2600 1101 sanguis,
2631 1046 2820 1085 omnes
2849 1046 2949 1085 nos
2976 1031 3121 1084 sitim
3151 1030 3297 1088 verbi
3326 1029 3416 1085 Dei
3443 1034 3668 1098 patere-

2093 1122 2369 1192 κιαι-,υἷος
2389 1138 2517 1193 ergo
2537 1132 2622 1178 est
2638 1123 2704 1189 θ’,
2727 1123 2868 1192 quod
2893 1132 2946 1178 et
2967 1121 3259 1191 Apostolus
3278 1122 3668 1188 interpretatus

2091 1225 2194 1280 est,
2216 1216 2340 1285 quia
2364 1235 2381 1266 ε
2411 1228 2600 1271 omnes
2616 1213 2863 1269 eumdem
2881 1217 3340 1268 manducaverunt
3358 1213 3535 1266 cibum
3551 1212 3667 1280 spi-

2093 1309 2325 1377 ritalem,
2343 1315 2594 1362 etomues
2615 1309 2857 1362 eumdem
2875 1307 3170 1375 Spiritalem
3190 1305 3439 1360 biberunt
3455 1315 3663 1374 potum.

2091 1402 2360 1456 Bibebaut
2391 1411 2572 1456 autem
2605 1401 2670 1455 de
2695 1401 2950 1468 spiritali,
2993 1407 3252 1468 sequente
3284 1408 3461 1468 petra,
3511 1409 3666 1466 petra

2091 1512 2222 1552 vero
2244 1505 2363 1551 erat
2380 1496 2649 1551 Christus.
2679 1512 2697 1546 ι
2724 1493 2963 1549 Observa
2987 1503 3161 1546 tamen
3176 1492 3317 1563 quod
3341 1492 3585 1545 dixitlaoc
3606 1491 3664 1544 in

2091 1588 2209 1644 loco
2228 1588 2369 1644 Deus
2397 1589 2462 1642 ad
2484 1587 2702 1659 Moysen
2733 1588 2778 1619 9³
2808 1604 2818 1638 :
2851 1606 2870 1638 ‹
2898 1585 3168 1640 Antecede
3189 1583 3464 1654 populum,
3487 1592 3541 1637 et
3563 1585 3670 1638 duc

2093 1690 2267 1737 tecum
2291 1679 2523 1748 majores
2552 1687 2705 1746 natu,
2728 1680 2779 1734 id
2803 1681 3245 1748 estpresbyteros
3274 1675 3472 1744 pepuli.
3503 1695 3520 1726 ι
3549 1673 3667 1730 Non

2092 1774 2242 1831 solus
2262 1775 2478 1847 Moyses
2505 1774 2655 1828 ducit
2679 1777 2930 1842 populum
2958 1773 3020 1825 ad
3054 1786 3224 1839 aquas
3255 1780 3418 1839 petrae
3444 1811 3461 1836 ,
3492 1771 3586 1824 sed
3612 1776 3670 1824 et

2090 1867 2334 1923 seniores
2356 1867 2540 1937 populi
2565 1881 2685 1920 cum
2716 1866 2855 1934 ipso.
2883 1863 3000 1918 Non
3033 1863 3174 1918 cnim
3201 1861 3312 1916 sola
3339 1862 3424 1915 lex
3457 1877 3670 1915 annun-

2091 1960 2190 2014 tiat
2216 1959 2528 2022 Christum,
2577 1958 2670 2010 sed
2708 1967 2763 2011 et
2814 1955 3092 2026 propheta:
3122 1996 3136 2022 ,
3174 1964 3226 2008 et
3258 1953 3670 2024 patriarcbm,et

2094 2066 2286 2107 omnes
2313 2051 2550 2119 majores
2611 2059 2764 2105 natu.

2195 2147 2250 2201 5.
2301 2145 2432 2200 Post
2485 2147 2600 2201 haec
2656 2142 2857 2198 bellum
2912 2141 3239 2196 describitur
3284 2149 3492 2211 gestum
3538 2153 3662 2192 cum

2089 2237 2433 2305 Amalecitis,
2470 2247 2742 2307 pugnasse
2791 2232 3027 2288 refertur
3081 2230 3308 2301 populus
3355 2240 3410 2285 et
3444 2229 3663 2283 vicisse.

2091 2331 2399 2397 Antequam
2434 2327 2790 2382 manducaret
2823 2339 3014 2394 panem
3056 2325 3120 2378 de
3155 2323 3313 2386 caelo,
3360 2330 3414 2374 et
3450 2321 3664 2374 biberet

2093 2436 2290 2490 aquam
2323 2422 2390 2476 de
2420 2428 2594 2491 petra,
2652 2431 2757 2472 non
2800 2415 3036 2471 refertur
3090 2415 3318 2485 populus
3367 2427 3666 2483 pugnasse,

2090 2513 2186 2568 sed
2217 2512 2419 2568 dicitur
2452 2512 2518 2566 ad
2553 2526 2677 2565 eum
2715 2509 2794 2561 θδε
2861 2527 2879 2558 ‹
2939 2507 3194 2561 Dominus
3249 2505 3508 2574 pugnabit
3567 2517 3669 2572 pro

2091 2608 2265 2670 vobis,
2307 2615 2362 2661 et
2394 2620 2489 2660 vos
2527 2602 2800 2659 tacebilis.
2831 2619 2850 2653 ι
2890 2602 2983 2656 Est
3037 2615 3164 2669 ergo
3210 2608 3421 2667 tempus
3451 2596 3669 2666 quando

2095 2701 2354 2755 Dominus
2384 2706 2591 2768 pugnat
2620 2709 2719 2763 pro
2748 2693 2926 2757 nobis,
2981 2707 3080 2745 nec
3117 2691 3379 2760 permittit
3413 2705 3512 2744 nos
3548 2698 3667 2742 ten-

2096 2791 2196 2845 tari
2237 2804 2399 2859 supra
2433 2789 2487 2843 id
2522 2788 2664 2857 quod
2699 2799 3010 2855 possumus,
3045 2800 3142 2838 nec
3175 2784 3408 2852 impares
3458 2782 3669 2835 viribus

2092 2884 2224 2938 sinit
2261 2883 2328 2936 ad
2373 2881 2533 2937 fortis
2571 2881 2756 2935 venire
2787 2892 3160 2946 congressum.
3195 2875 3436 2944 Denique
3477 2883 3531 2928 et
3565 2871 3668 2927 Job

2093 2991 2255 3031 omne
2284 2975 2412 3030 illud
2445 2973 2762 3028 tentationis
2790 2985 2902 3026 sua:
2934 2969 3362 3024 famosissimum
3387 2976 3666 3021 certamen

415 3063 521 3128 Qui
555 3062 694 3115 beati
725 3069 850 3114 sunt
878 3060 1176 3113 secundum
1225 3059 1453 3112 verbum
1505 3057 1719 3113 Domini
1753 3061 1821 3126 ⁸⁸,
1857 3077 1983 3116 esu-
2015 3065 2060 3124 C
2089 3069 2202 3136 jam
2241 3068 2520 3136 perfectus
2583 3065 2848 3134 implevit.
2884 3063 2950 3116 Et
2995 3073 3050 3116 tu
3102 3075 3231 3128 ergo
3275 3075 3400 3114 cum
3433 3058 3666 3128 cceperis

419 3154 590 3218 riunt,
625 3162 680 3207 et
721 3152 988 3220 justitiam
1019 3151 1249 3211 sitiunt;
1304 3159 1359 3202 et
1397 3149 1484 3203 alii
1523 3150 1876 3208 nihilominus
1908 3155 1988 3208 di-

417 3253 544 3300 cunt
590 3242 678 3295 '9:
721 3260 739 3292 ι
781 3241 962 3294 Sitivit
995 3241 1174 3294 anima
1228 3254 1345 3294 mea
1379 3240 1446 3294 ad
1489 3250 1565 3305 te,
1601 3242 1765 3298 Deus.
1805 3265 1823 3297 ι
1881 3246 1983 3311 Qui

418 3352 553 3392 vero
585 3345 899 3406 peccatores
940 3343 1087 3399 sunt,
1125 3336 1409 3404 patiuntur
1453 3351 1558 3389 non
1607 3336 1754 3390 sitim
1799 3353 1986 3405 aquae,

421 3441 601 3499 neque
636 3427 834 3481 famem
877 3426 1028 3496 panis
1060 3465 1076 3489 ,
1129 3427 1223 3480 sed
1273 3427 1420 3482 sitim
1457 3429 1710 3482 audiendi
1766 3428 1986 3483 verbum

422 3520 517 3574 Dei
545 3520 614 3572 9°.
644 3518 852 3573 Idcirco
891 3517 1056 3588 igitur
1080 3527 1131 3572 et
1154 3517 1244 3571 hic
1275 3518 1447 3582 addit,
1484 3521 1612 3588 quia
1661 3519 1891 3590 populus
1916 3522 1990 3575 si-

423 3611 508 3664 tiit
536 3625 754 3680 aquam,
788 3609 881 3678 qui
911 3608 1099 3664 debuit
1148 3609 1315 3664 Deum
1359 3608 1534 3679 sitire,
1568 3612 1660 3681 qui
1697 3613 1883 3668 debuit
1914 3614 1990 3668 si-

421 3701 525 3754 tire
551 3699 842 3766 justitiam.
872 3700 1071 3756 Verum
1107 3699 1230 3770 quia
1257 3699 1403 3756 Deus
1452 3717 1581 3757 vere
1612 3704 1858 3758 eruditor
1907 3713 1990 3758 est

419 3791 816 3856 infantium,et
862 3792 1119 3861 magister
1151 3790 1550 3861 insipientium,
1601 3794 1831 3864 corrigit
1874 3796 1987 3848 cul-

419 3901 538 3956 pas,
569 3894 623 3940 et
648 3885 899 3940 emendat
933 3901 1173 3951 errores,
1202 3894 1257 3942 et
1286 3886 1418 3940 dicit
1444 3887 1512 3942 ad
1541 3886 1759 3958 Moysen
1817 3896 1873 3942 ut
1901 3903 1988 3942 su-

427 3987 540 4033 mat
581 3979 833 4048 virgam,
889 3987 944 4032 et
993 3978 1306 4047 percutiens
1355 3988 1605 4047 petram,
1656 3980 1855 4036 educat
1909 3981 1990 4035 eis

422 4085 642 4138 aquam.
671 4067 796 4124 Vult
824 4068 971 4121 enim
999 4083 1091 4122 eos
1110 4068 1222 4137 jam
1254 4068 1321 4122 de
1349 4079 1498 4137 petra
1526 4070 1730 4137 bibere,
1761 4071 1871 4126 vult
1895 4087 1988 4128 eos

418 4161 711 4233 proﬁcere,
738 4167 788 4215 et
816 4159 881 4212 ad
913 4159 1170 4214 interiora
1203 4163 1391 4233 venire
1432 4163 1710 4234 mysteria.
1747 4163 1989 4219 Murmu-

422 4261 688 4309 raverunt
711 4251 856 4306 enim
883 4251 1140 4306 adversus
1182 4251 1400 4322 Moysen
1419 4294 1434 4319 ,
1459 4265 1512 4309 et
1535 4265 1817 4324 propterea
1837 4257 1990 4327 jubet

419 4346 681 4403 Dominus
707 4350 767 4397 ut
801 4342 1054 4397 ostendat
1081 4343 1161 4397 eis
1195 4356 1424 4412 petram,
1459 4361 1526 4400 ex
1551 4362 1654 4416 qua
1687 4349 1895 4404 bibant.
1930 4350 1986 4405 Si

2093 3160 2424 3212 manducare
2453 3171 2674 3223 manna,
2718 3171 2912 3226 panem
2967 3154 3243 3209 coeleSIem
3279 3152 3430 3207 verbi
3465 3152 3581 3216 Dei,
3609 3159 3666 3205 et

2091 3251 2278 3304 bibere
2330 3262 2525 3316 aquam
2586 3249 2654 3301 de
2681 3256 2861 3316 petra,
2893 3259 3124 3314 cumque
3166 3246 3232 3299 ad
3259 3244 3521 3299 interiora
3569 3242 3667 3297 doc

2091 3344 2284 3396 ctrina:
2322 3341 2584 3410 spiritalis
2630 3338 2936 3393 accesseris
2963 3376 2978 3400 ,
3016 3348 3239 3408 sperato
3291 3352 3562 3407 pugnam;
3610 3343 3669 3390 et

2089 3445 2334 3500 praepara
2368 3441 2419 3483 te
2449 3429 2514 3483 ad
2543 3429 2770 3483 bellum.
2802 3426 2950 3481 Bello
3009 3427 3174 3498 igitur
3203 3427 3544 3491 imminente,
3585 3425 3668 3478 vi-

2091 3525 2316 3578 deamus
2351 3522 2481 3591 quid
2533 3522 2818 3591 prmcipiat
2846 3521 3058 3592 Moyses
3089 3541 3100 3575 :
3140 3537 3159 3571 ‹
3193 3520 3358 3584 Dixit,
3392 3520 3567 3588 inquit
3591 3519 3662 3583 ⁸³,

2097 3617 2161 3671 ad
2186 3614 2368 3670 Jcsum
2398 3633 2412 3669 :
2443 3615 2597 3684 Elige
2627 3615 2720 3668 tibi
2755 3615 2857 3684 ipsi
2895 3615 3064 3676 viros,
3104 3622 3158 3667 et
3182 3614 3286 3676 exi,
3347 3621 3401 3666 et
3431 3611 3664 3682 conflige

2091 3726 2214 3764 cum
2257 3709 2482 3763 Amalec
2539 3709 2800 3763 crastino.
2858 3727 2878 3760 ›
2946 3705 3128 3777 Usque
3180 3708 3246 3761 ad
3305 3705 3449 3760 hunc
3488 3705 3665 3759 locum

2093 3802 2236 3857 beati
2275 3801 2387 3871 (65)
2409 3801 2645 3856 nominis
2673 3798 2798 3854 Jesu
2834 3813 3098 3868 nusquam
3144 3797 3284 3851 facta
3325 3807 3407 3851 est
3439 3796 3660 3850 mentio.

2091 3892 2189 3948 Hic
2209 3894 2442 3962 primum
2462 3891 2707 3946 vocabuli
2728 3890 2885 3958 hujus
2909 3889 3159 3958 splendor
3175 3887 3396 3941 elI'ulsit.
3432 3883 3533 3942 llic
3551 3887 3666 3955 pri-

2093 4001 2242 4040 mum
2274 3981 2724 4053 vocavitMoyses
2758 3980 2959 4043 Jesum,
2989 3989 3043 4033 et
3087 3981 3222 4033 dixit
3250 3981 3298 4032 ei
3336 3978 3422 4032 ’δε
3463 3997 3482 4030 ι
3519 3978 3667 4047 Elige

2095 4078 2192 4132 tibi
2229 4076 2330 4147 ipsi
2364 4075 2530 4130 viros.
2571 4093 2590 4126 ι
2633 4073 2842 4143 Moyses
2897 4081 3052 4126 vocat
3084 4070 3268 4125 Jesum
3303 4111 3318 4136 ,
3374 4070 3462 4126 lex
3512 4078 3668 4126 vocat

2095 4169 2396 4233 Christum,
2432 4176 2490 4221 ut
2523 4165 2689 4237 eligat
2737 4166 2951 4236 sibiipsi
3007 4165 3158 4218 viros
3196 4174 3439 4233 potentes
3468 4165 3536 4218 de
3567 4179 3665 4234 po-

2093 4263 2240 4333 pulo.
2271 4260 2384 4316 Non
2436 4269 2654 4330 poterat
2711 4259 2922 4329 Moyses
2950 4257 3169 4328 eligere,
3202 4260 3292 4312 sed
3326 4256 3483 4313 Jcsus
3517 4257 3665 4313 solus

2093 4366 2179 4411 est
2211 4357 2304 4425 qui
2347 4353 2515 4423 possit
2545 4360 2796 4422 potentes
2837 4353 2986 4407 viros
3039 4351 3260 4423 eligere,
3292 4353 3381 4420 qui
3417 4351 3551 4406 dixit
3573 4350 3662 4405 9’:

417 4441 540 4510 quis
562 4447 645 4495 est
669 4439 758 4507 qui
784 4437 968 4505 legens
990 4433 1209 4506 Moysen
1234 4447 1534 4491 murmurat
1558 4443 1817 4496 adversus
1837 4456 1982 4508 eum,
2021 4417 2068 4474 D
2099 4465 2117 4496 σ
2157 4417 2272 4499 Νοή
2308 4417 2402 4499 vos
2444 4417 2820 4512 uie—elegistis
2845 4485 2859 4508 ,
2896 4442 2993 4497 sed
3025 4417 3138 4512 ego
3173 4457 3267 4498 vos
3299 4417 3454 4513 elegi.
3489 4460 3507 4493 ι
3547 4440 3665 4511 Ipse

418 4543 474 4587 et
505 4531 752 4600 displicet
776 4529 856 4582 eis
883 4527 993 4594 lex,
1027 4541 1147 4597 qua:
1173 4528 1470 4582 secundum
1500 4528 1734 4585 litteram
1783 4534 1986 4602 scripta

419 4634 526 4690 est,
555 4624 699 4693 quod
728 4623 782 4676 in
815 4621 999 4676 multis
1026 4620 1379 4676 non‘videtur
1407 4635 1629 4678 servare
1662 4640 1993 4696 consequen-

420 4718 574 4779 tiam,
599 4714 835 4771 ostendit
873 4713 924 4769 ei
953 4711 1166 4784 Moyses
1207 4721 1437 4795 petram,
1462 4729 1581 4784 qua:
1607 4727 1690 4772 est
1715 4717 1986 4786 Christus,

418 4818 474 4866 et
502 4807 722 4864 adducit
749 4821 872 4864 eum
914 4807 982 4861 ad
1018 4806 1213 4876 ipsam,
1262 4813 1320 4862 ut
1355 4805 1480 4860 inde
1509 4805 1660 4862 bibat
1693 4821 1748 4864 et
1780 4813 1988 4869 reficiat

490 4997 540 5032 ⁸⁸
562 4996 720 5052 Num.
755 5013 818 5054 ll.
894 4996 999 5051 "Il
1038 4996 1178 5050 Tim.
1207 5013 1270 5062 ιι,
1294 4997 1349 5052 4.

415 5070 466 5105 ὀ
498 5069 662 5123 Alnos
711 5082 811 5121 vm
837 5107 853 5130 ,
901 5069 988 5123 II.

415 5156 530 5196 xvu
557 5181 573 5207 ,
613 5136 668 5194 9.
741 5138 787 5169 9°
818 5138 950 5194 ibid.

1063 5068 1105 5099 9‘
1139 5067 1305 5123 Zach.
1339 5085 1460 5129 xm.
1493 5069 1545 5124 7.

1061 5138 1105 5168 ⁸⁷
1136 5137 1290 5193 Joan.
1322 5154 1409 5204 xv,
1438 5138 1524 5196 16.

487 5280 598 5355 (64)
618 5279 717 5355 Sin
739 5281 877 5355 enirn
902 5283 1122 5355 {enimio
1151 5284 1548 5354 interpretatur,
1576 5288 1836 5355 Raphidin
1868 5305 1988 5344 vero

419 5349 624 5429 sanitas
646 5351 870 5429 ,ᾔριιίξιςξὶἶ
905 5349 1061 5429 pride
1083 5352 1182 5429 βίη
1221 5349 1450 5409 tentatio
1477 5349 1832 5429 interpretari
1868 5377 1988 5429 pos-

419 5419 736 5500 sit‘igno’ro,
768 5419 1046 5500 nisifoqte
1063 5425 1293 5477 ducatur
1322 5442 1349 5479 a
1379 5427 1544 5500 verbo
1571 5419 1988 5500 deiicientem:

416 5490 622 5572 toliere,
679 5494 825 5558 quod
880 5490 930 5572 in
969 5491 1090 5546 Pib.
1119 5503 1295 5572 sonat,
1323 5499 1556 5572 tentavit,
1583 5499 1845 5572 probavit.
1882 5501 1987 5572 lia—

416 5561 603 5638 phidi_n
635 5575 764 5614 vero
814 5562 1018 5638 optime
1054 5564 1316 5638 _retlditur
1353 5567 1550 5621 sanitas
1567 5561 1759 5638 iudicii
1789 5587 1815 5622 a
1853 5571 1982 5625 Ver-

417 5630 847 5718 bislgtiJj's‘anqvit
869 5638 948 5718 ΤΠ
964 5632 1242 5718 iudica-uit.

489 5698 601 5768 (65)
624 5700 794 5756 Exod.
826 5698 957 5769 Mill,
987 5702 1045 5766 9,
1078 5705 1312 5773 primum
1363 5705 1504 5761 LXX
1536 5708 1862 5780 Interprctes
1890 5709 1979 5768 Jo-

1475 4999 1520 5070 ⁸ί⁶
1561 4999 1731 5070 Apoc.
1765 5017 1826 5062 Il.
1862 5005 1916 5062 7.
1988 5008 2032 5040 ⁸⁷
2065 5004 2233 5062 Exod.
2265 5001 2516 5065 xvn,12.

1658 5072 1703 5104 ⁸³
1734 5071 1908 5132 lCor.
1940 5094 1988 5144 x,

2101 5080 2156 5131 4.
2231 5074 2436 5130 “Gen.
2487 5073 2704 5138 xvu,5.
2779 5070 2824 5104 9"
2861 5073 3030 5126 Exod.
3079 5088 3189 5138 xiv,
3239 5070 3327 5126 14.
3405 5073 3451 5104 ⁰⁸
3485 5072 3655 5130 Exod.

2094 4539 2242 4593 enim
2273 4536 2573 4590 electorum
2609 4537 2739 4602 dux,
2772 4535 2886 4604 ipse
2912 4534 3215 4604 potentium
3240 4534 3512 4603 princeps,
3549 4533 3664 4602 ipse

2089 4632 2181 4701 qui
2221 4628 2459 4699 confligit
2487 4643 2612 4683 cum
2644 4627 2890 4680 Amalec.
2929 4624 3046 4694 Ipse
3087 4636 3170 4681 est
3197 4626 3341 4681 enim
3369 4627 3460 4696 qui
3496 4627 3662 4681 intrat

2090 4726 2142 4778 in
2173 4724 2392 4778 domum
2426 4721 2586 4776 fortis
2635 4730 2687 4777 et
2714 4721 2900 4791 alligat
2934 4721 3152 4786 fortem,
3186 4731 3241 4776 et
3269 4736 3394 4777 vasa
3433 4723 3548 4792 ejus
3580 4723 3664 4777 di-

2086 4817 2234 4886 ripit.

2629 5002 2675 5035 ⁸⁸
2697 5000 2889 5055 Matth.
2931 5017 2982 5064 v,
3020 4999 3070 5055 6.
3182 4999 3228 5033 °°
3257 4998 3404 5054 Psal.
3437 5017 3568 5066 xui,
3598 5005 3656 5058 2.

2094 5304 2188 5345 sue
2220 5287 2564 5358 appellarunt
2593 5283 2796 5340 Jesum.
2832 5282 2971 5336 Hinc
3000 5281 3314 5358 allegoriam
3362 5294 3463 5334 suo
3489 5293 3659 5358 _more

2090 5351 2550 5426 ducit-Origenes
2581 5397 2595 5420 ,
2631 5370 2794 5422 quam
2846 5368 2913 5407 ne
2969 5351 3127 5421 putes
3152 5351 3652 5426 omnino__ol.i_osam

2088 5443 2228 5493 esse,
2260 5421 2481 5483 adnotat
2507 5421 2888 5480 Gene’brardus
2915 5439 3038 5477 eum
3073 5425 3163 5491 qui
3207 5421 3337 5493 olim
3369 5421 3653 5493 dicebatur

2089 5491 2276 5563 Iosue,
2306 5507 2430 5568 post
2462 5497 2837 5568 captivitatem
2866 5493 3255 5568 Babylonicam
3282 5491 3516 5568 brevius
3555 5505 3654 5558 ap-

2088 5559 2348 5638 pellatum
2391 5559 2577 5638 Jesuin
2613 5567 2860 5637 Syriace.
2898 5559 3046 5638 [inde
3101 5575 3154 5618 et
3199 5563 3447 5638 Christus
3489 5559 3654 5614 Iosue

2084 5633 2279 5693 nomen
2311 5637 2500 5693 habuit
2517 5633 2670 5706 juxta
2698 5645 2870 5705 vetus,
2915 5637 3070 5690 Jesus
3103 5648 3230 5689 vero
3263 5633 3418 5703 juxta
3462 5641 3653 5687 recent

2067 5708 2386 5776 Judaeorutu
2417 5709 2636 5763 idioma.
