4024 6146
289 275 387 335 577

1490 283 1559 337 IN
1598 248 1887 342 exouiuu
1923 284 2206 342 HOMILIA
2238 285 2331 343 XI.

3456 284 3562 343 378

358 398 1614 472 4.Sed~interimvideamusquidnunchistoria
1638 424 1875 478 praesens
1906 415 1948 471 Α
1980 420 2116 473 tuos,
2152 412 2326 464 clama
2353 407 2420 463 ad
2453 407 2620 462 Deum
2643 446 2658 471 ,
2691 412 2749 460 ttt
2777 402 2910 460 dicit
2945 402 3236 473 Apostolus
3268 403 3292 436 ⁸
3321 422 3335 459 :
3371 423 3389 456 ι
3416 403 3557 459 Ora-

293 502 525 547 retexat:
553 512 574 544 ε
602 493 889 560 Ascendit,
911 495 1168 564 inquit”,
1189 494 1469 565 Moysesin
1492 500 1752 555 verticem
1770 500 1874 556 col.

290 586 369 640 tis.
390 601 413 634 ι
437 582 684 637 Nondum
700 585 953 639 ascendit
970 587 1022 639 in
1041 588 1299 641 verticem
1322 590 1541 655 montis,
1566 593 1659 646 sed
1682 593 1873 662 inver-

289 677 444 730 ticem
462 674 636 730 collis.
652 673 990 729 Servabatur
1004 676 1146 730 enim
1163 678 1212 731 ei
1238 688 1363 732 tunc
1377 682 1669 735 ascendere
1687 682 1736 735 in
1759 698 1874 736 ver-

288 776 445 827 ticem
472 771 691 831 montis,
712 787 838 827 cum
854 788 1180 829 ascensurus
1194 773 1503 840 eratJesus,
1520 786 1575 830 et
1607 792 1726 831 cum
1753 779 1870 846 ipso

285 865 520 937 Moyses,
554 874 608 920 et
633 865 802 932 Elias,
836 877 891 923 et
930 868 1003 921 ibi
1042 867 1521 923 transformandus
1554 870 1605 923 in
1659 872 1864 941 gloria.

284 956 437 1011 Nunc
462 973 594 1029 ergo
630 959 779 1015 velut
831 961 1069 1015 nondum
1120 960 1458 1039 glorilicatus
1498 977 1561 1015 ex
1598 963 1866 1017 transfor-

288 1051 530 1105 matione
556 1050 706 1117 Iesu,
750 1053 989 1106 nondum
1026 1053 1270 1107 ascendit
1300 1053 1351 1107 in
1392 1054 1646 1107 verticem
1708 1071 1865 1109 mon-

289 1143 377 1206 lis,
412 1145 507 1198 sed
542 1145 788 1199 ascendit
812 1144 866 1198 in
896 1147 1154 1199 verticem
1185 1145 1374 1200 collis:
1405 1168 1423 1199 ‹
1454 1147 1520 1202 Ει
1547 1147 1744 1204 factum
1760 1157 1863 1212 est,

284 1237 458 1305 inquit
507 1237 579 1304 θ’,
617 1252 742 1292 cum
785 1236 1026 1292 elevaret
1079 1236 1295 1308 Moyses
1339 1253 1531 1291 manus
1560 1277 1575 1302 ,
1614 1241 1867 1308 superior

285 1328 444 1383 ﬁebat
477 1326 670 1384 Israel.
712 1347 731 1381 ι
766 1329 980 1399 Moyses
1007 1330 1222 1398 quidem
1250 1330 1429 1385 elevat
1465 1347 1658 1385 manus
1687 1372 1701 1395 ,
1756 1348 1862 1387 non

286 1420 568 1484 extendit;
603 1417 761 1473 Jesus
789 1429 970 1472 autem
1002 1419 1091 1487 qui
1129 1419 1443 1474 universum
1484 1423 1669 1473 orbem
1706 1430 1865 1475 terrae

287 1512 554 1566 exaltatus
595 1511 649 1565 in
673 1525 835 1565 cruce
874 1513 1262 1581 complexurus
1293 1519 1412 1566 erat
1452 1512 1689 1566 brachiis
1725 1513 1862 1578 suis,

290 1603 418 1657 dicit
451 1602 464 1632 ¹
497 1601 789 1656 :«Extendi
815 1617 1008 1657 manus
1039 1617 1186 1657 meas
1221 1603 1286 1657 ad
1320 1600 1574 1673 populum
1605 1619 1712 1658 non
1741 1619 1862 1659 cre-

288 1696 499 1749 dentem
525 1735 540 1759 ,
580 1704 638 1748 et
701 1695 1164 1749 contradicentem
1205 1695 1360 1749 mihi.
1401 1714 1420 1748 ι
1465 1693 1676 1766 Moyses
1733 1711 1862 1767 ergo

1982 502 2113 557 tioni
2147 503 2440 564 instantes,
2474 508 2531 555 et
2561 498 2848 569 vigilantes
2877 499 2930 552 in
2958 512 3047 552 ea.
3079 518 3098 548 ι
3128 497 3255 553 Haec
3280 497 3425 552 enim
3470 508 3556 552 est.

1977 593 2271 648 Christiani
2313 606 2514 660 pugna,
2539 604 2648 661 qua
2686 599 2907 660 superat
2938 589 3238 644 inimicum.
3288 589 3426 644 Puto
3458 605 3557 642 au-

1980 692 2083 736 tem
2112 682 2253 750 quod
2306 696 2402 750 per
2432 682 2572 736 hanc
2630 680 2859 746 ﬁgurant
2893 680 3059 734 etiam
3101 679 3331 733 duorum
3387 693 3557 749 pepu-

1975 760 2144 827 lorum
2176 771 2385 841 Moyses
2419 770 2647 824 formam
2682 770 2954 841 designet,
3011 781 3067 827 et
3094 772 3353 826 ostendat
3386 787 3552 825 unum

1972 881 2092 919 esse
2118 864 2376 935 populum
2407 879 2473 918 ex
2510 864 2767 933 gentibus
2800 863 2893 932 qui
2916 865 3092 917 elevet
3126 879 3320 918 manus
3352 861 3549 934 Moysi,

1972 968 2027 1010 et
2053 959 2230 1025 erigat
2256 971 2348 1010 eas
2369 996 2383 1019 ,
2412 956 2465 1009 id
2495 966 2580 1010 est
2605 957 2695 1024 qui
2731 956 2783 1010 in
2813 957 3043 1011 sublime
3071 956 3300 1011 estolla't
3334 973 3398 1013 ea
3427 972 3550 1028 qua:

1972 1048 2191 1116 scripsit
2222 1046 2455 1119 Moyses,
2489 1060 2543 1103 et
2572 1049 2625 1102 in
2654 1049 2870 1104 excelso
2923 1064 3112 1103 eorum
3142 1049 3553 1121 intelligentiam

1971 1147 2211 1204 statuat,
2249 1149 2305 1194 et
2338 1156 2434 1208 per
2462 1142 2563 1195 hoc
2602 1143 2818 1206 vincat;
2852 1140 3016 1195 alium
3052 1149 3234 1195 autem
3274 1156 3394 1196 esse
3429 1140 3550 1211 qui,

1973 1232 2233 1301 quoniam
2264 1249 2366 1286 non
2391 1232 2566 1287 elevat
2591 1249 2784 1287 manus
2808 1233 2999 1304 Moysi,
3027 1248 3128 1287 nec
3159 1233 3374 1288 extollit
3396 1247 3490 1288 eas
3519 1247 3552 1289 ι

1980 1335 2146 1390 terra,
2197 1340 2296 1379 nec
2331 1326 2500 1379 altum
2536 1327 2586 1380 in
2625 1341 2690 1380 eo
2721 1326 2923 1396 aliquid
2954 1335 3010 1380 et
3061 1327 3265 1381 subtile
3295 1327 3553 1382 conside-

1970 1427 2076 1479 rat,
2128 1417 2365 1470 vincitur
2394 1419 2463 1473 ab
2501 1417 2853 1480 adversariis,
2892 1426 2945 1473 et
2980 1418 3372 1486 prosternitur.

2040 1507 2094 1562 5.
2129 1510 2254 1562 Post
2285 1511 2397 1563 lucc
2431 1511 2580 1564 venit
2620 1510 2686 1562 ad
2717 1519 2952 1563 montem
2990 1511 3081 1563 Dei
3109 1510 3339 1581 Moyses,
3370 1518 3425 1565 et
3458 1526 3553 1566 oc-

1968 1602 2140 1654 currit
2167 1600 2214 1654 ei
2237 1598 2430 1656 Jethro
2464 1616 2621 1657 socer
2655 1617 2787 1657 suus
2817 1602 2883 1654 ¹⁶.
2908 1601 2980 1655 At
3012 1602 3101 1657 ille
3131 1603 3244 1656 exit
3263 1603 3311 1656 ei
3333 1602 3549 1657 obviam

1969 1691 2037 1746 de
2071 1693 2290 1755 castris,
2324 1702 2380 1746 et
2412 1709 2518 1749 non
2545 1708 2669 1748 eum
2703 1694 2850 1748 ducit
2882 1694 2951 1747 ad
2996 1704 3235 1749 montem
3291 1694 3405 1762 Dei,
3447 1695 3549 1749 sed

289 1793 460 1846 elevat
494 1806 690 1846 manus
726 1805 878 1853 suas,
912 1797 966 1844 et
996 1805 1117 1846 cum
1146 1789 1390 1845 elevaret
1422 1804 1643 1855 manus,
1678 1788 1862 1845 vince-
1896 1789 1937 1845 Β
1968 1784 2114 1838 ducit
2141 1799 2263 1838 cum
2290 1785 2356 1838 ad
2382 1785 2802 1857 tabernaculum
2839 1801 3019 1841 suum.
3055 1786 3171 1840 Non
3217 1786 3360 1841 enim
3394 1795 3551 1857 pote-

289 1885 446 1939 hatur
491 1882 737 1938 Amalec.
771 1883 1000 1937 Elevare
1054 1896 1270 1948 manus,
1307 1883 1411 1937 hoc
1464 1890 1549 1936 est
1584 1896 1750 1953 Opera
1805 1891 1862 1936 et

290 1985 438 2031 actas
464 1974 681 2030 elevare
708 1975 776 2029 ad
829 1974 1021 2038 Deum,
1046 1982 1101 2028 et
1134 1989 1240 2029 non
1283 1974 1485 2030 habere
1516 1984 1670 2030 actus
1698 1976 1861 2029 deor-

294 2084 406 2121 sum
456 2067 724 2136 dejectos,
754 2074 808 2120 et
837 2065 989 2120 ltumi
1017 2066 1265 2133 jacentes
1293 2107 1306 2133 ,
1339 2067 1431 2120 sed
1466 2065 1575 2120 Deo
1606 2065 1857 2136 placitos,

292 2172 345 2213 et
371 2159 434 2213 ad
463 2158 659 2215 ccelum
694 2170 950 2217 erectos.-
972 2160 1161 2215 Elevat
1191 2174 1318 2228 ergo
1365 2174 1575 2225 manus,
1617 2158 1707 2227 qui
1741 2158 1859 2212 the-

294 2251 523 2305 saurizat
555 2251 609 2305 in
634 2252 856 2316 ctelum,
893 2252 986 2307 ubi
1017 2253 1161 2306 enim
1190 2253 1483 2306 thesaurus
1509 2252 1646 2319 ejus,
1695 2251 1767 2305 ibi
1803 2258 1859 2305 et

294 2343 471 2398 oculus
496 2344 642 2413 ejus,
675 2343 749 2398 ibi
777 2353 832 2399 et
868 2359 1057 2399 manus
1084 2344 1218 2414 ejus.
1248 2343 1432 2397 Elevat
1460 2358 1660 2396 manus
1687 2351 1742 2396 et
1768 2342 1859 2398 ille

295 2435 375 2503 qui
394 2433 524 2488 dicit
552 2433 603 2485 ’:
637 2452 656 2485 ι
695 2433 936 2488 Elevatio
968 2449 1231 2487 manuum
1277 2432 1437 2502 170
1485 2447 1729 2486 mearum
1768 2447 1858 2486 sa-

294 2525 542 2581 criﬁcium
577 2526 974 2595 vespertinum.
1007 2543 1027 2577 ι
1084 2525 1143 2580 Si
1181 2540 1312 2596 ergo
1365 2525 1648 2579 eleventur
1699 2535 1858 2580 actus

293 2617 472 2686 nostri,
512 2627 569 2672 et
599 2632 705 2672 non
743 2618 852 2671 sint
884 2617 936 2671 in
967 2627 1134 2680 terra,
1178 2617 1417 2671 vincitur
1449 2616 1691 2671 Amalec.
1748 2617 1858 2673 Sed

292 2720 342 2765 et
369 2709 658 2780 Apostolus
703 2710 724 2741 ³
755 2710 1005 2780 praecipit
1035 2709 1219 2764 levare
1253 2720 1471 2765 sanctas
1514 2725 1708 2765 manus
1738 2712 1857 2766 sine

291 2802 366 2856 ira
415 2811 470 2857 et
500 2802 946 2872 disceptatione;
1000 2811 1054 2855 et
1106 2801 1172 2854 ad
1225 2804 1490 2871 quosdam
1528 2804 1746 2859 dicebat
1792 2804 1853 2858 δε

303 2913 322 2945 ι
355 2894 626 2950 Demissas
674 2909 868 2949 manus
892 2935 907 2960 ,
944 2902 998 2947 et
1030 2893 1288 2946 dissoluta
1336 2909 1508 2963 genua
1541 2893 1734 2963 erigite
1759 2938 1773 2961 ,
1804 2903 1858 2950 et

285 2995 451 3043 rectos
502 3000 726 3056 gressus
766 2985 931 3041 facite
977 2985 1203 3054 pedibus
1262 2986 1480 3039 vestris.
1528 3004 1546 3037 ι
1606 2987 1663 3040 Si
1719 3002 1856 3056 ergo

283 3087 454 3132 servat
510 3078 745 3147 pepulus
780 3077 956 3148 legem
987 3117 1002 3142 ,
1050 3078 1227 3133 elevat
1260 3076 1476 3146 Moyses
1512 3092 1700 3131 manus
1734 3118 1748 3142 ,
1800 3086 1855 3133 et

280 3169 619 3225 adversarius
646 3170 898 3224 vincitur.
920 3170 974 3224 Si
1009 3185 1112 3224 non
1145 3180 1328 3224 servat
1356 3170 1850 3237 legem,invalescit
1880 3145 1921 3202 (δ

275 3264 515 3319 Amalec.
555 3264 694 3331 Quia
736 3263 901 3332 igitur
934 3272 987 3317 et
1023 3263 1181 3317 nobis
1234 3278 1414 3332 pugna
1448 3273 1532 3317 est
1586 3265 1849 3320 adversus

272 3357 568 3426 principes,
599 3364 651 3409 et
671 3361 995 3423 potestates,
1025 3362 1080 3407 et
1106 3355 1287 3407 mundi
1322 3353 1479 3421 hujus
1503 3365 1739 3409 rectores
1769 3363 1848 3409 te-

270 3450 567 3504 nebrarum
594 3489 610 3514 ,
651 3448 695 3502 si
725 3447 807 3501 vis
833 3445 1052 3501 vincere
1075 3486 1090 3511 ,
1134 3448 1179 3501 si
1234 3448 1318 3500 vis
1377 3449 1624 3503 ohtinere
1648 3489 1663 3514 ,
1693 3448 1844 3504 eleva

268 3558 484 3607 manus,
523 3549 576 3595 et
599 3540 752 3595 eleva
790 3548 947 3594 actus
979 3547 1119 3602 tuos,
1156 3546 1212 3592 et
1244 3539 1588 3593 conversatio
1622 3549 1709 3594 tua
1739 3554 1845 3595 non

267 3636 339 3689 sit
372 3636 426 3690 iu
455 3635 645 3698 terris,
690 3634 786 3688 sed
822 3633 961 3688 sicut
993 3631 1136 3686 dixit
1166 3631 1455 3700 Apostolus
1486 3632 1549 3686 δε
1611 3650 1629 3684 ι
1668 3632 1846 3703 Super

266 3738 467 3783 terram
524 3726 866 3782 ambulantes
896 3764 910 3789 ,
945 3721 1420 3779 conversationem
1468 3723 1732 3781 habemus
1789 3726 1842 3779 in

262 3822 421 3877 cado.
461 3840 482 3874 ι
523 3820 592 3874 Et
623 3819 698 3874 ita
735 3818 936 3888 poteris
967 3829 1229 3885 superare
1253 3815 1511 3884 populum
1537 3817 1841 3872 adversan-

260 3926 371 3971 tem
406 3914 503 3969 tibi
552 3912 819 3976 Amalec,
869 3910 945 3964 ita
976 3920 1036 3963 ut
1086 3908 1300 3962 dicatur
1354 3910 1421 3965 de
1478 3920 1528 3966 te
1585 3912 1750 3966 etiam
1780 3912 1840 3965 °:

262 4026 282 4058 ι
314 4007 454 4074 Quia
488 4007 542 4060 in
573 4020 734 4059 manu
772 4003 988 4058 occulta
1018 4004 1366 4072 expugnabat
1393 4003 1655 4057 Dominus
1677 4003 1844 4058 Ama-

257 4097 359 4154 lec.
397 4118 419 4151 ι
455 4096 619 4151 Eleva
659 4104 715 4150 et
742 4104 797 4147 tu
833 4109 1024 4147 manus
1056 4094 1121 4146 ad
1158 4095 1346 4158 Deum,
1375 4103 1430 4148 et
1488 4094 1651 4163 imple
1687 4109 1844 4147 man-

257 4194 471 4254 datum,
497 4203 608 4259 quo
631 4185 926 4257 Apostolus
958 4185 1091 4240 dicit
1114 4186 1134 4217 ⁷
1163 4202 1175 4237 :
1217 4205 1236 4238 ι
1272 4185 1401 4240 Sine
1429 4186 1838 4243 intermissione

258 4295 412 4339 orate
441 4279 555 4353 (66)
577 4297 595 4334 :
623 4298 642 4331 ι
676 4288 731 4334 et
757 4286 887 4332 tunc
918 4276 1009 4332 (let
1039 4277 1182 4348 quod
1221 4279 1486 4347 scriptum
1516 4287 1602 4333 est
1632 4279 1676 4344 ⁸,
1707 4280 1837 4349 quia

262 4392 281 4427 ι
309 4373 452 4429 sicut
497 4370 703 4425 vitulus
731 4369 958 4437 ablingit
980 4370 1034 4423 in
1067 4369 1274 4440 campis
1306 4369 1528 4423 herbam
1565 4370 1795 4425 viridem
1819 4416 1833 4440 ,

1966 1887 2053 1931 rat
2078 1876 2331 1931 sacerdos
2358 1878 2568 1933 Madian
2598 1880 2898 1935 ascendere
2928 1879 2993 1934 ad
3030 1891 3264 1934 montem
3298 1879 3416 1946 Dei,
3450 1878 3549 1935 sed

1963 1983 2063 2022 nec
2097 1968 2152 2022 in
2203 1967 2500 2040 [Egyptum
2531 1971 2866 2025 descendere
2915 1971 3091 2040 potuit
3127 1970 3209 2025 vel
3255 1971 3373 2040 ipse
3400 2011 3415 2035 ,
3463 1971 3547 2026 vel

1965 2074 2104 2113 uxor
2135 2059 2326 2132 Moysi,
2381 2062 2473 2115 sed
2508 2078 2653 2116 nunc
2678 2063 2743 2116 ad
2771 2077 2894 2116 eum
2926 2064 3075 2116 venit
3099 2079 3223 2117 cum
3258 2063 3384 2118 liliis
3408 2064 3546 2133 ejus.

1962 2150 2077 2206 Non
2113 2153 2257 2206 enim
2287 2163 2466 2222 potest
2488 2154 2822 2221 descendere
2848 2154 2903 2208 in
2929 2152 3248 2226 Egyptum,
3275 2165 3331 2209 et
3357 2158 3549 2212 subire

1963 2261 2164 2315 agones
2189 2244 2497 2317 Egyptios,
2531 2247 2636 2302 nisi
2666 2248 2759 2317 qui
2793 2247 2958 2302 fuerit
2988 2249 3198 2303 athleta
3227 2249 3544 2319 probabilis,

1961 2346 2018 2391 et
2048 2338 2168 2394 talis
2202 2341 2415 2408 qualem
2445 2338 2576 2393 dicit
2621 2340 2912 2410 Apostolus
2938 2342 3001 2410 ⁸⁸,
3032 2343 3159 2412 quia
3192 2362 3210 2394 ι
3244 2344 3426 2398 omnis
3452 2345 3545 2414 qui

1961 2432 2014 2484 in
2046 2446 2219 2500 agone
2242 2433 2545 2497 contendit,
2578 2432 2645 2487 ab
2675 2435 2933 2490 omnibus
2960 2438 3247 2491 continens
3273 2445 3358 2491 est
3386 2436 3499 2509 (67)
3526 2454 3541 2500 ;

1961 2532 2015 2578 et
2043 2523 2117 2577 illi
2152 2524 2373 2593 quidem
2404 2532 2462 2577 ut
2494 2525 2907 2593 corruptibilem
2941 2542 3204 2581 coronam
3248 2529 3543 2596 accipiant,

1958 2631 2058 2669 nos
2091 2624 2274 2669 autem
2310 2616 2706 2684 incorruptam.
2742 2617 2855 2689 Ego
2889 2618 3057 2688 igitur
3090 2619 3170 2673 sic
3217 2633 3403 2685 curro,
3434 2634 3543 2674 non

1959 2708 2115 2777 quasi
2148 2708 2200 2761 in
2231 2709 2498 2762 incertum
2521 2726 2537 2775 ;
2561 2710 2641 2764 sic
2666 2724 2866 2779 pugno,
2895 2725 3000 2764 non
3032 2712 3188 2781 quasi
3215 2725 3396 2766 aerem
3421 2725 3545 2765 ver-

1957 2799 2180 2852 berans.
2218 2817 2238 2851 ι
2275 2799 2489 2870 Moyses
2519 2815 2647 2872 ergo
2674 2803 2799 2870 quia
2835 2817 3061 2872 magnus
3103 2813 3223 2857 erat
3258 2811 3313 2856 et
3348 2811 3542 2870 potens

1959 2889 2183 2956 athleta,
2219 2891 2498 2946 descendit
2522 2894 2590 2947 ad
2626 2908 2828 2963 agones
2878 2901 2934 2948 et
2962 2896 3220 2950 exercitia
3251 2895 3557 2960 virtutum._

1960 2981 2065 3036 Sed
2098 2993 2153 3037 et
2185 2983 2463 3039 Abraham
2503 2985 2785 3043 descendit
2815 2987 2865 3041 in
2902 2988 3217 3058 IEgyptum,
3259 2988 3384 3057 quia
3415 2994 3533 3041 erat

1961 3075 2075 3142 ipse
2100 3074 2338 3146 ‘magnus
2370 3088 2424 3132 et
2456 3088 2650 3146 potens
2690 3079 2916 3133 athleta.
2948 3079 3083 3133 Nam
3120 3079 3185 3133 de
3211 3078 3380 3133 Jacob
3405 3080 3535 3149 quid

1957 3169 2169 3233 dicam,
2205 3170 2296 3238 qui
2335 3170 2450 3239 ipso
2501 3171 2720 3225 nomine
2758 3173 2957 3227 athleta
2999 3183 3083 3227 est
3137 3172 3219 3226 "?
3279 3169 3539 3226 Luctator

1951 3262 2096 3315 enim
2156 3273 2210 3317 et
2269 3266 2642 3333 supplantator
2684 3264 2797 3336 (68)
2854 3268 3267 3336 interpretatur.
3306 3266 3371 3320 Et
3418 3266 3539 3321 ideo

1951 3370 2072 3408 cum
2106 3355 2481 3411 descendisset
2515 3358 2567 3412 in
2598 3359 2943 3429 septuaginta
2978 3359 3224 3428 quinque
3247 3358 3536 3411 animabus

1957 3445 2009 3500 in
2040 3445 2335 3518 Egyptian
2365 3446 2558 3517 Jacob,
2604 3450 2785 3505 factus
2815 3460 2898 3505 est
2929 3451 3074 3504 sicut
3120 3449 3291 3505 stellae
3322 3449 3448 3504 coeli
3483 3449 3534 3502 in

1952 3538 2377 3595 multitudinem.
2435 3542 2541 3598 Sed
2575 3561 2767 3600 omnes
2790 3546 2881 3621 qui
2914 3543 3250 3599 descendunt
3277 3543 3328 3596 in
3361 3539 3533 3613 [Egy-

1947 3639 2124 3700 ptum,
2182 3633 2257 3686 ita
2287 3645 2535 3705 pugnant
2585 3645 2640 3690 et
2674 3636 2747 3689 ita
2784 3636 3081 3704 expediunt
3113 3648 3338 3704 agones,
3372 3644 3430 3685 ut
3479 3632 3532 3684 in

1948 3723 2351 3780 multitudinem
2384 3727 2534 3792 liant,
2563 3738 2616 3781 et
2642 3742 2699 3782 ut
2727 3729 2899 3783 stella:
2926 3727 3051 3783 θαιΙί
3077 3726 3525 3794 multiplicentur.

1946 3815 2081 3869 Aliis
2117 3816 2168 3869 in
2197 3820 2537 3873 contrarium
2576 3821 2723 3875 cedit
2757 3821 3102 3875 descendisse
3128 3821 3182 3874 in
3209 3815 3528 3888 Egyptum.

1951 3907 2078 3962 Scio
2111 3926 2213 3980 ego
2245 3907 2531 3967 Jerohoam
2565 3912 2859 3983 fugientem
2895 3929 2924 3969 a
2960 3913 3250 3969 Salomone
3299 3916 3529 3968 descen-

1945 4000 2089 4054 disse
2121 4003 2174 4054 in
2220 4001 2531 4073 IEgypIum,
2568 4013 2622 4059 et
2654 4022 2760 4060 nou
2819 4006 2994 4061 solum
3055 4023 3159 4061 non
3194 4006 3436 4062 crevisse
3471 4005 3528 4061 in

1943 4095 2370 4164 multitudinem,
2403 4099 2497 4151 sed
2537 4107 2592 4151 et
2637 4100 2867 4153 scidisse
2905 4109 2961 4154 ct
3004 4100 3311 4171 corrupisse
3357 4114 3529 4170 popu-

1950 4187 2059 4241 lum
2093 4188 2208 4254 Dei,
2241 4189 2367 4257 quia
2407 4190 2750 4245 descendens
2807 4193 2857 4245 in
2885 4191 3180 4263 Aigyptum
3224 4195 3443 4263 accepit
3495 4213 3524 4250 a

1953 4279 2240 4336 Susachim
2275 4296 2400 4354 rege
2434 4298 2658 4339 uxorem
2696 4285 3043 4339 Thecimeuae
3073 4287 3257 4341 uxoris
3289 4287 3405 4355 ejus
3431 4303 3522 4343 so.

1943 4388 2123 4428 rorem
2153 4374 2197 4405 ‘3
2226 4374 2358 4444 (69).
2388 4374 2492 4430 Sed
2525 4375 2745 4431 interim
2780 4379 2923 4432 venit
2951 4375 3143 4434 Jethro
3177 4381 3244 4433 ad
3272 4377 3521 4450 Moysen,

258 4468 330 4523 ita
367 4466 610 4535 ablinget
641 4463 870 4534 populus
901 4462 991 4517 hic
1019 4462 1274 4533 populum
1308 4462 1400 4532 qui
1430 4477 1593 4531 super
1632 4474 1833 4518 terram
1869 4488 1914 4544 ι)
1943 4466 2221 4522 adducens
2250 4483 2436 4523 secum
2469 4467 2632 4523 ﬁliam
2675 4486 2827 4524 suam
2860 4486 3086 4526 uxorem
3137 4470 3329 4543 Moysi,
3363 4481 3418 4527 et
3454 4472 3522 4525 li-

259 4568 360 4616 est.
399 4578 419 4612 ι
457 4556 564 4612 Per
593 4555 758 4627 quod,
794 4564 855 4611 ut
891 4570 922 4610 a
958 4555 1257 4623 majoribus
1299 4554 1636 4625 accepimus,
1691 4556 1835 4611 indi-

260 4652 365 4707 cari
403 4650 609 4706 dicitur
635 4689 651 4718 ,
685 4648 813 4719 quia
848 4647 1077 4718 populus
1110 4647 1206 4702 Dei
1262 4662 1370 4702 non
1408 4658 1517 4701 tam
1553 4662 1718 4702 manu
1775 4656 1833 4704 et
1882 4656 1891 4666 '

263 4742 443 4807 armis,
475 4756 637 4812 quam
674 4755 806 4795 voce
827 4749 882 4795 et
912 4739 1095 4809 lingua
1148 4740 1460 4811 pugnabat,
1493 4740 1543 4796 id
1578 4750 1661 4797 est
1694 4757 1827 4798 ora-

265 4836 456 4888 tionem
508 4829 741 4885 fundens
788 4830 855 4884 ad
891 4829 1080 4895 Deum,
1129 4832 1512 4900 prosternebat
1560 4832 1830 4891 inimicos.

264 4927 331 4981 Ita
363 4940 495 4996 ergo
528 4932 585 4981 et
617 4933 691 4991 tu,
728 4923 774 4979 si
807 4924 890 4978 vis
940 4922 1157 4980 vincere
1188 4924 1463 4994 inimicos,
1502 4925 1649 4983 eleva
1674 4938 1829 4984 actus

324 5121 365 5156 ⁸⁸
400 5117 574 5175 Exod.
604 5134 752 5178 xvu,
788 5118 875 5173 10.
973 5120 1019 5153 θ’
1049 5117 1179 5175 ibid.
1213 5122 1300 5176 11.

270 5207 353 5258 ιιι,
382 5188 591 5255 12,15.
668 5188 848 5242 'Pbil.
885 5203 968 5258 tu,
1002 5189 1088 5243 10.
1204 5193 1224 5223 ⁸
1251 5192 1416 5246 Exod.
1449 5208 1580 5257 χιιι,
1614 5198 1698 5249 16.

271 5257 493 5318 “Exod.
524 5274 683 5317 xvm.
797 5260 839 5290 “
884 5257 908 5313 Ι
937 5262 1063 5317 Cor.
1089 5276 1143 5314 ιι
1166 5301 1182 5328 ,
1211 5262 1301 5316 25.
1416 5264 1457 5295 ¹²
1487 5270 1623 5321 Gen.
1653 5282 1797 5325 xxvi.

328 5376 439 5448 (66)
468 5376 640 5448 Alias,
680 5400 699 5432 ι
736 5391 975 5437 orantes.
1018 5400 1038 5436 ι

328 5449 439 5530 (67)
476 5452 651 5513 Alias.
685 5468 705 5500 ι
734 5455 803 5507 ab
831 5453 1088 5508 omnibus
1117 5466 1177 5508 se
1210 5452 1465 5508 abstinet.
1499 5468 1519 5504 ι
1554 5450 1660 5509 Sed
1693 5470 1823 5511 mss.

279 5529 321 5575 ill
344 5529 396 5572 tu
426 5530 616 5576 nostro
645 5531 817 5576 textu.

331 5587 877 5680 iiiléectatsrsnie
908 5591 1378 5680 “tremeat”,
1432 5602 1541 5650 etc.
1581 5592 1664 5650 Ab
1712 5604 1829 5680 spy

282 5661 564 5732 calcaneum
599 5663 765 5715 tenuit
792 5672 839 5716 et
879 5662 1258 5732 supplantavit.

335 5729 440 5802 (69)
468 5732 685 5802 Accepit
741 5749 772 5786 a
816 5729 1097 5790 Susachim
1149 5749 1320 5806 regem
1377 5750 1592 5792 uxorem
1633 5732 1818 5791 Tlteci-

1377 5122 1395 5154 ¹
1431 5122 1535 5177 lsa.
1569 5140 1693 5186 va,
1728 5127 1785 5194 2,
1818 5138 1867 5181 et
1899 5129 2055 5183 Rom.
2085 5147 2138 5193 χ,
2170 5130 2259 5183 9.1.

1816 5199 1836 5229 ⁷
1868 5200 1888 5254 1
1927 5200 2119 5255 Thess.
2182 5218 2244 5264 ν,
2296 5204 2380 5257 16.

1925 5272 1965 5303 ¹³
1990 5272 2052 5325 ill
2086 5273 2221 5326 Rea.
2249 5288 2335 5326 ιι..

2135 5291 2221 5345 eg.
2249 5288 2335 5326 ιι..

1942 4560 2213 4633 Ιίοεβὶιις.
2252 4580 2271 4613 ι
2304 4562 2366 4617 Et
2404 4565 2598 4632 venit,
2632 4566 2810 4637 inquit
2860 4565 2903 4597 η
2934 4605 2949 4632 ,
3000 4567 3183 4619 Aaron
3239 4576 3295 4622 et
3327 4581 3520 4621 omnes

1939 4651 2246 4722 presbyteri
2280 4654 2343 4708 de
2369 4652 2531 4708 Israel
2586 4657 2917 4709 manducare
2950 4670 3143 4724 panem
3176 4671 3296 4710 cum
3326 4670 3521 4710 socero

1939 4743 2107 4816 Moysi
2148 4745 2202 4799 in
2238 4757 2530 4817 conspectu
2564 4748 2679 4802 Dei.
2713 4769 2732 4802 ι
2771 4748 2885 4803 Non
2919 4764 3109 4803 omnes
3142 4763 3332 4815 panem
3363 4763 3517 4802 man-

1939 4840 2140 4894 ducant
2168 4842 2218 4894 in
2256 4852 2553 4912 conspectu
2583 4840 2721 4910 Dei,
2756 4844 2849 4897 sed
2893 4843 2984 4913 qui
3011 4841 3320 4913 presbyteri
3355 4848 3514 4905 sunt,

1937 4934 2029 5004 qui
2064 4935 2327 5003 seniores,
2359 4938 2450 5006 qui
2487 4935 2713 5006 perfecti
2750 4945 2916 5004 sunt,
2948 4946 3003 4991 et
3034 4935 3246 4989 meritis
3276 4934 3514 5007 probati,

2337 5133 2358 5160 ³
2395 5129 2535 5183 Psal.
2578 5146 2702 5196 (ιιι,
2734 5128 2788 5182 2.
2865 5128 2887 5163 ³
2923 5086 3209 5183 ΙΤὶιηίιι.
3287 5127 3310 5158 ⁸
3341 5124 3508 5181 llebr.

2494 5202 2516 5233 ⁸
2547 5200 2707 5254 Νιιιιι.
2731 5214 2869 5261 xxtt,
2904 5201 2958 5253 αἱ.
3067 5201 3088 5232 ⁹
3110 5199 3323 5255 Coloss.
3349 5213 3423 5266 tv,
3448 5198 3507 5252 2.

2421 5273 2468 5306 ιδ
2493 5272 2664 5328 Exod.
2698 5285 2822 5337 xm,
2853 5270 2941 5328 12.

1936 5408 2102 5446 mente
2130 5391 2311 5446 uxoris
2343 5389 2456 5460 ejus
2496 5406 2749 5445 sororem.
2800 5391 2908 5445 Aut
2960 5388 3248 5459 Origenes,
3279 5395 3371 5442 aut
3421 5386 3506 5442 in-

1935 5472 2147 5532 terpres
2173 5462 2289 5532 ejus
2324 5462 2554 5515 Ruﬁnus
2586 5462 2689 5516 hoc
2717 5461 2836 5516 loco
2892 5462 3151 5517 memoria
3187 5460 3373 5532 lapsus
3400 5470 3507 5532 est.

1929 5527 2048 5588 Non
2079 5527 2227 5587 enim
2258 5531 2566 5598 Jeroboam,
2606 5533 2700 5587 sed
2747 5533 2893 5586 Ader
2927 5531 3138 5598 accepit
3185 5527 3253 5598 ab
3286 5527 3509 5598 A‘ngpti

1928 5618 2060 5728 ἔδει)
2093 5617 2324 5661 uxorem

2362 5588 2705 5661 Thecimeuzc
2731 5618 2994 5675 sororem.
3029 5588 3164 5657 Vide
3191 5597 3254 5654 Ill
3282 5588 3505 5669 Regi'u,
