4024 6146
497 247 607 304 379

1944 243 2263 300 ORIGENIS

3641 249 3757 306 380

502 369 604 439 ipsi
646 368 973 424 manducant
1002 380 1196 438 panem
1236 367 1288 421 in
1316 373 1610 437 conspectu
1649 364 1745 420 Dei
1771 403 1788 430 ,
1840 361 1931 432 qui
1975 361 2075 416 ob-
2104 364 2146 420 Α
2177 361 2406 430 genarii,
2432 362 2655 432 praesint
2685 363 2984 419 minoribus
3003 363 3244 434 iudiciis,
3275 378 3394 435 quae
3420 365 3484 419 ad
3508 365 3756 437 singulos

501 470 725 517 servant
757 459 887 514 illud
918 459 1062 528 quod
1090 457 1386 527 Apostolus
1416 458 1548 513 dicit
1579 457 1620 489 ¹⁸
1653 474 1669 519 ;
1708 475 1728 508 ι
1771 455 1900 510 Sive
1930 470 2078 508 man-

501 553 738 616 ducatis,
769 553 886 606 sive
912 551 1115 617 bibitis,
1141 552 1257 606 sive
1307 551 1454 606 aliud
1486 552 1620 621 quid
1661 550 1864 618 facitis,
1892 548 2075 602 omnia

500 644 570 700 ad
616 643 844 714 gloriam
883 643 976 698 Dei
1029 643 1216 698 facite.
1251 663 1269 694 ι
1307 643 1500 699 Omnia
1553 658 1682 712 ergo
1715 657 1834 712 quae
1867 641 2077 696 faciunt

501 736 706 803 sancti,
741 736 796 790 in
846 744 1139 806 conspectu
1185 736 1279 791 Dei
1316 736 1538 791 faciunt.
1587 735 1848 791 Peccator
1893 744 2074 789 autem

499 840 532 880 a
586 833 885 895 conspectu
933 826 1026 881 Dei
1082 826 1238 896 fugit.
1299 828 1542 897 Denique
1610 826 1872 896 scriptum
1937 835 2022 882 est
2058 865 2073 887 ,

498 915 625 984 quia
657 915 853 980 Adam,
883 926 1172 986 postquam
1207 917 1493 985 peccavit,
1527 915 1662 986 fugit
1693 931 1723 970 a
1777 924 2074 984 conspectu

498 1005 620 1070 Dei,
651 1014 707 1060 et
753 1005 1126 1075 interrogatus
1169 1005 1444 1076 reSpondit
1479 1006 1556 1061 ":
1614 1027 1632 1059 ι
1669 1007 1858 1062 Audivi
1889 1021 2073 1062 vocem

500 1104 670 1162 tuam,
695 1106 750 1152 et
784 1098 1040 1153 abscondi
1073 1113 1160 1154 me
1191 1099 1317 1167 quia
1353 1115 1503 1154 eram
1559 1100 1757 1155 nudus.
1814 1119 1833 1152 ι
1889 1099 1993 1155 Sed
2019 1108 2074 1155 et

497 1189 634 1243 Cain
661 1197 947 1260 postquam
986 1207 1085 1260 pro
1135 1191 1444 1246 fratricidio
1475 1191 1588 1261 (70)
1623 1191 2011 1246 condemnatus
2040 1205 2071 1245 a

499 1277 611 1333 Deo
637 1288 741 1344 est,
785 1297 804 1330 ι
837 1280 993 1344 exiit,
1021 1280 1198 1348 inquit
1225 1281 1292 1344 ιτ,
1328 1296 1356 1335 a
1395 1279 1532 1335 facie
1570 1279 1690 1344 Dei,
1723 1290 1776 1334 et
1807 1280 2072 1334 habitavit

498 1371 553 1424 in
583 1380 724 1426 terra
749 1370 905 1426 Naid.
943 1391 961 1424 ι
999 1373 1146 1426 Exiit
1175 1389 1302 1443 ergo
1329 1390 1358 1426 a
1388 1373 1526 1428 facie
1558 1373 1672 1434 Dei.
1701 1374 1790 1442 qui
1819 1373 2072 1442 indignus

495 1475 579 1518 est
602 1475 895 1534 conspectu
927 1464 1043 1520 Dei.
1079 1467 1271 1520 Sancti
1300 1478 1481 1520 autem
1521 1467 1848 1521 manducant
1901 1475 1954 1520 et
1988 1467 2070 1521 bi-

494 1555 631 1609 bunt
658 1556 710 1608 in
745 1566 1040 1625 conspectu
1091 1557 1228 1622 Dei,
1279 1566 1335 1612 et
1384 1559 1565 1613 omnia
1594 1575 1714 1629 quae
1759 1568 1968 1628 agunt,
2015 1559 2068 1612 in

491 1657 784 1716 conspectu
845 1647 962 1715 ejus
1019 1657 1208 1718 agunt.
1260 1649 1375 1720 Ego
1415 1649 1646 1719 amplius
1687 1650 1863 1704 adhuc
1891 1651 2065 1704 locum

2178 469 2419 525 quosque
2465 456 2741 526 pertinent
2794 457 3131 512 dirimentes.
3190 456 3327 511 Puto
3371 467 3548 511 autem
3609 461 3758 512 hanc

2178 545 2350 614 ipsam
2377 547 2604 616 figuram
2637 561 2742 600 non
2773 546 2946 600 solum
2977 546 3031 600 in
3060 548 3312 616 praesenti
3345 548 3541 602 sseculo
3566 547 3758 603 Eccle-

2176 638 2272 692 sia:
2301 639 2504 703 datam,
2532 653 2721 692 verum
2757 639 2920 692 etiam
2952 639 3003 692 in
3032 638 3217 692 futuro
3239 640 3577 693 servandam.
3608 642 3749 696 Audi

2177 728 2408 798 denique
2448 727 2577 798 quid
2624 727 2888 783 Dominus
2922 730 3063 784 dicat
3093 731 3144 783 in
3188 728 3478 800 Evangelio
3509 747 3524 784 :
3567 747 3587 782 ι
3614 731 3751 786 Cum

2175 823 2403 889 sederit,
2458 822 2634 892 inquit
2685 824 2754 887 ³⁸,
2786 822 2961 877 Filius
3015 822 3252 878 hominis
3298 836 3459 891 super
3497 823 3744 878 thronum

2177 915 2363 985 gloriae
2393 930 2539 981 suae,
2573 914 2836 970 sedebitis
2863 922 2914 969 et
2940 929 3039 970 vos
3072 929 3232 984 super
3275 913 3554 968 duodecim
3599 914 3748 968 thro-

2176 1021 2294 1070 nos,
2347 1007 2657 1078 iudicantes
2710 1007 2999 1062 duodecim
3051 1006 3227 1062 tribus
3289 1005 3472 1060 Israel.
3511 1023 3530 1058 ι
3585 1003 3754 1060 Vides

2175 1113 2307 1168 ergo
2342 1098 2469 1168 quia
2517 1113 2623 1152 non
2672 1098 2850 1153 solum
2884 1096 3145 1151 Dominus
3193 1093 3438 1164 judicat,
3472 1095 3556 1148 cui
3587 1109 3753 1150 omne

2169 1188 2430 1257 judicium
2465 1187 2629 1242 Pater
2661 1187 2830 1251 dedit,
2855 1186 2952 1241 sed
2986 1194 3042 1240 et
3071 1184 3358 1240 constituit
3392 1183 3491 1237 sibi
3517 1191 3572 1238 et
3610 1181 3752 1237 alios

2173 1279 2448 1350 principes
2481 1279 2571 1348 qui
2600 1278 2846 1348 judicent
2885 1277 3140 1348 populum
3186 1275 3251 1331 de
3279 1275 3576 1330 minoribus
3615 1290 3754 1331 cau-

2173 1374 2249 1428 sis
2270 1373 2407 1444 (72),
2440 1373 2660 1427 verbum
2693 1381 2876 1426 autem
2903 1371 3045 1440 quod
3074 1370 3293 1441 gravius
3320 1368 3482 1422 fuerit
3509 1369 3753 1422 referant

2174 1466 2242 1522 ad
2275 1468 2473 1536 ipsum.
2519 1465 2734 1519 Idcirco
2775 1464 2988 1518 dicebat
3021 1473 3075 1518 et
3123 1463 3385 1517 Dominus
3414 1461 3480 1517 de
3511 1463 3748 1531 quodam

2173 1561 2413 1629 quidem,
2456 1557 2581 1628 quia
2641 1577 2659 1608 ‹
2689 1572 2814 1612 reus
2850 1557 2956 1611 erit
2984 1554 3262 1616 consilio»
3287 1556 3353 1610 de
3395 1555 3501 1610 alio
3538 1566 3745 1622 autem,

2178 1672 2196 1704 ι
2238 1668 2362 1707 reus
2396 1652 2503 1706 erit
2536 1649 2779 1721 judicio,
2806 1669 2824 1700 ι
2861 1658 2917 1704 et
2946 1649 3011 1703 de
3048 1647 3177 1712 alio,
3217 1665 3235 1697 ι
3262 1661 3384 1701 reus
3411 1647 3517 1701 erit
3540 1646 3746 1717 gehen-

491 1751 813 1807 praesentem
848 1741 1146 1796 discutiens
1175 1783 1191 1810 ,
1243 1742 1402 1798 video
1450 1743 1578 1812 quia
1629 1743 1718 1810 qui
1773 1741 2068 1811 pleniorem
2099 1731 2141 1786 Β
2173 1764 2254 1802 nre
2290 1747 2428 1818 ignis
2450 1747 2515 1802 ²².
2552 1763 2570 1796 ι
2609 1743 2715 1800 Sed
2745 1743 2888 1798 etde
2927 1741 3073 1794 omni
3105 1740 3269 1795 verbo
3300 1739 3474 1794 otioso
3517 1740 3750 1794 dicimur

492 1831 781 1887 scientiam
825 1834 919 1888 Dei
973 1835 1253 1905 accipiunt
1300 1844 1356 1891 et
1397 1834 1610 1904 plenius
1643 1836 1839 1889 divinis
1874 1835 2065 1890 imbuti

491 1933 622 1978 sunt
651 1924 977 1995 disciplinis,
1009 1926 1097 1979 isti
1129 1926 1292 1980 etiam
1325 1927 1369 1981 si
1403 1925 1603 1980 malum
1630 1927 1855 1991 faciunt,
1881 1943 2066 1982 curam

493 2014 602 2070 Deo
633 2014 866 2081 faciunt,
896 2027 950 2070 et
986 2019 1036 2070 in
1071 2027 1370 2087 conspectu
1403 2017 1520 2086 ejus
1553 2019 1775 2084 faciunt,
1809 2020 1947 2074 sicut
1977 2019 2068 2074 ille

491 2105 632 2160 dixit
657 2106 698 2138 ¹⁸
731 2125 745 2161 :
783 2123 803 2158 ‹
855 2106 975 2161 Tibi
1022 2107 1120 2162 soli
1172 2109 1420 2178 peccavi,
1453 2117 1508 2164 et
1562 2110 1762 2164 malum
1793 2125 1978 2165 coram
2016 2120 2068 2164 te

490 2194 616 2251 feci.
659 2215 678 2248 ι
711 2196 852 2264 Quid
881 2213 1012 2268 ergo
1056 2198 1179 2268 plus
1202 2199 1366 2254 habet
1390 2201 1483 2270 qui
1514 2201 1713 2255 malum
1743 2217 1926 2256 coram
1960 2203 2067 2257 Deo

489 2287 656 2344 facit?
686 2288 818 2342 Illud
851 2288 1094 2359 profecto
1129 2291 1271 2359 quod
1318 2292 1577 2346 continuo
1619 2293 1864 2362 poenitet,
1898 2305 1951 2346 et
1984 2294 2066 2347 di-

489 2383 567 2436 cit
595 2383 677 2433 ":
718 2401 737 2434 ι
773 2381 1023 2439 Peccavi.
1058 2403 1076 2434 ι
1116 2383 1218 2450 Qui
1248 2393 1426 2438 autem
1457 2385 1687 2439 discedit
1713 2401 1742 2438 a
1774 2395 2066 2455 conspcctu

490 2473 613 2540 Dei,
661 2475 840 2529 nescit
889 2476 1156 2542 converti,
1193 2484 1246 2530 et
1280 2485 1561 2546 peccatum
1597 2477 1910 2546 paenitendo
1941 2495 2069 2548 pur-

490 2580 637 2634 gare.
665 2566 776 2622 lloc
805 2581 934 2638 ergo
968 2568 1228 2635 interest,
1270 2567 1467 2621 malum
1496 2583 1680 2622 coram
1720 2567 1830 2622 Deo
1862 2569 2062 2635 facere,

490 2667 544 2713 et
573 2673 603 2713 a
641 2658 737 2714 Dei
775 2671 1064 2730 conspectu
1096 2678 1202 2716 non
1232 2663 1552 2718 discessisse
1578 2673 1920 2733 peccantem.

558 2751 611 2806 ti.
655 2751 762 2807 Sed
793 2761 850 2808 ut
879 2753 1034 2808 video
1078 2752 1266 2809 Jcthro
1313 2771 1418 2810 non
1462 2755 1665 2810 frustra
1697 2757 1847 2812 venit
1905 2757 2059 2827 171

487 2844 556 2899 ad
611 2842 851 2916 Moysen,
904 2861 1005 2902 nec
1052 2847 1253 2902 frustra
1305 2851 1658 2906 manducavit
1704 2867 1899 2920 panem
1941 2865 2065 2904 cum

452 2938 800 2995 'seniorihus
829 2939 1010 3009 populi
1057 2941 1108 2994 in
1149 2953 1467 3012 conspectu
1500 2945 1738 2999 Domini.
1786 2945 1888 2998 Dat
1917 2944 2063 2998 enim

489 3028 778 3082 consilium
827 3029 994 3099 Moysi
1035 3031 1315 3098 probabile
1346 3032 1481 3086 satis
1513 3042 1567 3087 et
1598 3035 1762 3100 utile,
1815 3043 1874 3088 ut
1896 3035 2064 3102 eligat

487 3115 658 3183 viros,
699 3128 753 3173 et
797 3122 1091 3176 constituat
1122 3122 1398 3193 principes
1429 3123 1610 3193 populi
1637 3163 1652 3187 .
1701 3124 1851 3179 viros
1897 3125 2062 3178 Deum

487 3205 727 3262 colentes
753 3247 769 3272 ,
820 3208 967 3264 viros
998 3220 1249 3279 potentes
1275 3253 1290 3278 ,
1327 3223 1382 3268 et
1426 3213 1678 3269 odientes
1721 3213 2060 3282 superbiam.

489 3297 651 3354 Tales
681 3300 824 3354 enim
855 3311 1073 3370 oportet
1102 3318 1225 3359 esse
1261 3305 1536 3374 principes
1567 3304 1774 3372 populi,
1817 3306 1909 3375 qui
1957 3321 2063 3360 non

489 3387 662 3441 solum
695 3390 914 3459 superbi
955 3405 1058 3446 n0n
1102 3393 1245 3460 sint,
1279 3393 1372 3448 sed
1417 3403 1467 3448 et
1501 3395 1592 3463 qui
1623 3395 1840 3448 oderint
1867 3410 2063 3464 super-

488 3481 660 3545 biam,
701 3482 756 3538 id
802 3493 886 3538 est
951 3494 1008 3538 ut
1049 3500 1156 3539 non
1190 3485 1364 3541 solum
1398 3485 1498 3556 ipsi
1532 3487 1737 3552 absque
1766 3488 1898 3543 vitio
1931 3489 2062 3554 sint,

491 3575 586 3629 sed
625 3585 679 3630 et
719 3578 772 3631 in
823 3579 945 3632 aliis
1003 3580 1220 3633 oderint
1271 3580 1423 3635 vitia.
1477 3577 1592 3634 Non
1643 3580 1892 3636 homines
1942 3581 2065 3638 dico

489 3667 689 3732 odisse,
743 3671 838 3724 sed
899 3670 1069 3724 vitia:
1105 3671 1214 3726 «Et
1259 3671 1563 3736 ordinabis,
1619 3672 1797 3742 inquit
1849 3672 1916 3741 ’°,
1967 3690 2062 3729 eos

490 3758 776 3823 tribunos,
809 3771 862 3814 et
896 3763 1250 3826 centuriones
1277 3802 1292 3828 ,
1342 3771 1398 3816 et
1443 3764 1961 3835 quinquagenarios,
2011 3774 2064 3822 et

490 3852 748 3917 decanos,
779 3861 833 3908 et
858 3853 1181 3924 judicabunt
1220 3855 1478 3927 populum
1524 3857 1669 3911 omni
1714 3858 1866 3912 hora.
1923 3858 2061 3914 Ver-

493 3945 618 3998 bqu
663 3955 845 3999 autem
895 3947 1038 4015 quod
1075 3949 1300 4018 gravius
1343 3947 1506 4002 fuerit
1547 3949 1782 4006 referent
1832 3952 1899 4004 ad
1930 3960 1998 4005 te.
2038 3969 2057 4004 ι

491 4039 727 4092 Audiant
754 4039 1026 4108 principes
1055 4040 1234 4109 populi
1268 4050 1324 4094 et
1373 4041 1676 4112 presbyteri
1717 4041 1906 4111 plebis,
1935 4044 2062 4112 quia

490 4129 692 4184 debent
750 4130 896 4185 omni
949 4131 1079 4184 hora
1131 4131 1387 4201 populum
1422 4132 1704 4202 judicare,
1753 4149 1970 4204 semper
2009 4143 2065 4189 et

489 4220 610 4275 sine
639 4220 1044 4276 intermissione
1073 4223 1263 4278 sedere
1289 4224 1342 4277 in
1363 4224 1592 4294 judicio,
1633 4224 1891 4280 dirimere
1921 4225 2059 4293 lites,

491 4312 847 4367 reconciliare
870 4313 1215 4379 dissidentes,
1244 4316 1296 4369 in
1324 4316 1553 4386 gratiam
1580 4333 1833 4373 revocare
1857 4319 2063 4374 discor-

2169 1840 2472 1912 przestaturi
2501 1839 2765 1894 rationem
2791 1877 2805 1902 ,
2835 1844 2891 1892 et
2923 1850 3031 1890 non
3062 1833 3200 1888 dixit
3226 1833 3352 1902 quia
3385 1832 3492 1886 Deo
3521 1839 3750 1902 prasta-

2169 1931 2346 1986 bimus
2381 1930 2674 1995 rationem,
2704 1927 2849 1982 sicut
2894 1925 2959 1980 de
2991 1922 3232 1995 perjurio
3266 1922 3397 1977 dicit
3425 1922 3470 1954 ”
3500 1940 3512 1975 :
3555 1941 3573 1974 ι
3602 1921 3747 1978 Red»

2169 2025 2266 2079 des
2325 2032 2507 2076 autem
2558 2019 2786 2074 Domino
2837 2015 3152 2086 iuramenta
3213 2023 3376 2068 tua.»
3439 2011 3633 2067 Verum
3689 2022 3750 2068 et

2175 2134 2192 2167 ι
2223 2114 2407 2184 regina
2449 2111 2626 2167 austri
2662 2120 2848 2180 surget
2883 2108 2936 2162 in
2967 2106 3174 2175 judicio
3199 2120 3324 2159 cum
3352 2105 3481 2160 viris
3515 2118 3748 2174 genera-

2173 2209 2335 2262 tionis
2367 2206 2550 2278 bujus,
2581 2213 2634 2259 et
2663 2200 3052 2258 condemnabit
3091 2215 3186 2255 eos
3208 2199 3274 2252 “.
3303 2218 3320 2252 ι
3349 2199 3483 2254 Ecce
3516 2208 3571 2252 et
3595 2197 3746 2252 aliud

2161 2299 2350 2366 judicii
2377 2311 2571 2368 genus.
2595 2295 2726 2362 «Qui
2755 2294 2918 2347 habet
2945 2306 3104 2345 aures
3131 2289 3381 2344 audiendi
3405 2288 3591 2343 audiat
3635 2287 3740 2344 ³⁵.»

2169 2391 2296 2445 llaec
2333 2391 2477 2444 enim
2501 2389 2688 2442 omnia
2719 2396 2878 2456 typus
2926 2393 2981 2439 et
3020 2383 3209 2437 umbra
3249 2390 3373 2436 sunt
3414 2379 3745 2447 ccelestium,

2167 2494 2219 2538 et
2260 2482 2439 2550 imago
2477 2479 2802 2533 futurorum.
2862 2474 3060 2530 Verum
3103 2475 3246 2529 sicut
3297 2473 3559 2544 scriptum
3611 2473 3748 2542 legi—

2171 2595 2288 2632 mus
2344 2577 2411 2642 ",
2469 2576 2598 2646 quia
2649 2593 2667 2626 ι
2701 2590 2808 2628 non
2859 2572 3095 2626 satiatur
3139 2569 3328 2625 oculus
3359 2570 3587 2625 videndo
3640 2584 3744 2623 nec

2169 2671 2316 2725 auris
2363 2669 2633 2723 audiendo
2665 2665 2799 2738 (75),
2831 2685 2850 2718 ι
2908 2680 3006 2720 nec
3063 2681 3162 2719 nos
3218 2663 3406 2717 satiari
3453 2677 3744 2731 possumus

2168 2763 2426 2818 intuendo
2474 2770 2530 2815 et
2571 2757 2965 2814 considerando
3005 2771 3126 2827 qua;
3169 2755 3372 2824 scripta
3415 2762 3576 2816 sunt,
3610 2762 3746 2821 quot

2167 2873 2232 2911 ex
2263 2855 2510 2926 partibus
2555 2867 2655 2908 nos
2701 2851 3007 2916 aedificent,
3061 2849 3280 2920 quantis
3329 2863 3427 2902 nos
3465 2847 3746 2902 instruant

2167 2947 2362 3002 modis.
2411 2943 2623 2998 Etenim
2665 2957 2788 2998 cum
2831 2941 3097 3011 perspicio
3151 2939 3294 3009 quod
3339 2938 3552 3009 Moyses
3609 2952 3740 3008 pro-

2091 3077 2134 3133 Ο
2169 3041 2329 3108 pheta
2372 3037 2485 3091 Deo
2528 3035 2742 3106 plenus,
2775 3034 2860 3088 cui
2896 3034 3036 3086 Deus
3061 3031 3202 3087 facie
3232 3033 3296 3086 ad
3323 3030 3518 3085 faciem
3551 3029 3742 3098 loque-

2169 3130 2348 3196 batur,
2378 3128 2664 3183 consilium
2699 3125 2907 3193 accepit
2927 3139 2954 3176 a
2978 3121 3170 3177 Jethro
3196 3123 3479 3177 sacerdote
3502 3121 3742 3186 Madian,

2166 3217 2526 3272 admiratione
2560 3215 2726 3269 nimia
2754 3224 3029 3282 stuporem
3061 3213 3261 3266 mentis
3308 3212 3546 3266 incurro.
3595 3210 3744 3265 Dicit

2165 3309 2309 3363 enim
2359 3307 2640 3375 Scriptura
2697 3305 2785 3358 ‘7:
2837 3322 2855 3355 ι
2887 3303 2954 3357 Et
3013 3303 3218 3357 audivit
3277 3302 3486 3374 Moyses
3552 3317 3742 3357 vocem

2167 3399 2342 3456 soceri
2370 3399 2478 3463 sui,
2511 3408 2565 3453 et
2595 3397 2729 3452 fecit
2758 3411 3095 3466 quaecunque
3126 3396 3259 3451 dixit
3285 3397 3356 3452 ei.
3394 3415 3412 3447 ι
3460 3393 3575 3452 Non
3605 3397 3745 3452 dixit

2168 3493 2290 3563 quia
2325 3492 2456 3546 mihi
2491 3491 2634 3546 Deus
2680 3491 2951 3558 loquitur,
3004 3499 3059 3542 et
3091 3489 3221 3557 quid
3267 3503 3427 3557 agere
3471 3489 3694 3544 debeam
3718 3528 3735 3553 ,

2166 3585 2376 3642 cmlesti
2409 3586 2475 3638 ad
2505 3597 2589 3637 me
2617 3597 2869 3637 sermone
2897 3581 3158 3649 defertur,
3185 3588 3241 3636 et
3270 3583 3537 3650 quomodo
3561 3584 3746 3638 consi-

2167 3680 2297 3733 lium
2347 3677 2415 3731 ab
2460 3675 2682 3730 homine
2713 3674 2998 3742 accipiam,
3055 3683 3108 3728 et
3158 3672 3226 3728 ab
3273 3673 3488 3729 homine
3529 3674 3741 3746 gentili,

2167 3766 2344 3822 alieno
2369 3781 2398 3820 a
2425 3765 2622 3835 populo
2653 3764 2746 3817 Dei
2771 3763 2794 3816 ?
2828 3763 2934 3816 Sed
2963 3763 3114 3817 audit
3140 3778 3327 3818 vocem
3359 3761 3495 3830 ejus,
3525 3773 3579 3819 et
3609 3763 3744 3820 facit

2164 3859 2348 3916 omnia
2379 3875 2500 3930 qua:
2530 3858 2686 3921 dicit,
2721 3867 2775 3911 et
2798 3872 2904 3910 non
2943 3856 3064 3924 quis
3086 3855 3272 3920 dicat,
3300 3856 3394 3910 sed
3423 3855 3548 3924 quid
3573 3856 3740 3920 dicat,

2165 3950 2458 4007 auscultat.
2489 3949 2645 4006 Unde
2673 3957 2732 4003 et
2760 3963 2859 4002 nos
2882 3949 2925 4001 si
2959 3947 3100 4002 forte
3125 3947 3414 4016 aliquando
3439 3948 3744 4003 invenimus

2166 4043 2370 4113 aliquid
2402 4042 2682 4112 sapienter
2712 4057 2742 4094 a
2768 4039 3062 4111 gentilibus
3090 4040 3317 4105 dictum,
3340 4055 3448 4094 non
3479 4041 3742 4096 continuo

2165 4151 2290 4190 cum
2333 4131 2574 4188 auctoris
2622 4133 2840 4186 nomine
2895 4144 3154 4200 spernere
3184 4130 3445 4186 debemus
3484 4140 3539 4186 et
3573 4131 3740 4198 dicta,

2165 4243 2266 4282 nec
2293 4241 2390 4295 pro
2415 4240 2479 4280 eo
2510 4225 2654 4294 quod
2683 4223 2855 4292 legem
2892 4237 2922 4276 a
2968 4219 3078 4277 Deo
3107 4222 3285 4276 datam
3311 4230 3580 4290 tenemus,
3605 4237 3742 4278 cou-

2165 4319 2315 4375 venit
2343 4333 2442 4372 nos
2472 4327 2678 4372 tumere
2704 4314 2980 4385 superbia,
3027 4324 3082 4369 et
3105 4329 3365 4384 spernere
3397 4314 3562 4370 verba
3612 4330 3742 4384 pru-

488 4405 584 4458 des
616 4402 749 4475 (7t).
781 4404 966 4459 Discat
1009 4409 1381 4476 unusquisque
1419 4424 1487 4463 ex
1517 4409 1814 4479 Scripturis
1854 4413 2061 4468 sanctis
2091 4427 2139 4486 ι)
2167 4411 2445 4476 dentium,
2502 4410 2596 4465 sed
2644 4410 2786 4464 sicut
2832 4406 3122 4479 Apostolus
3179 4406 3311 4461 dicit
3367 4407 3411 4437 ³⁸
3440 4424 3456 4462 :
3490 4424 3509 4458 ι
3543 4404 3740 4461 Omnia

489 4493 722 4550 alliciunt
753 4510 936 4551 suum.
974 4497 1210 4568 Moyses,
1242 4499 1440 4569 inquit,
1467 4510 1524 4554 ut
1551 4502 1620 4556 sit
1651 4501 1703 4555 in
1731 4503 1814 4557 his
1845 4518 1967 4573 qua:
1991 4505 2059 4560 ad

493 4587 657 4640 Deum
691 4597 839 4653 sunt,
871 4598 924 4644 et
955 4592 1181 4645 verbum
1214 4591 1306 4646 Dei
1348 4592 1623 4647 edisserat
1671 4595 1886 4663 populo.
1930 4595 2061 4653 Ca:—

491 4677 588 4728 teri
619 4687 799 4730 autent
848 4678 1126 4749 principes
1155 4694 1292 4749 quos
1339 4680 1612 4750 appellant
1647 4683 1892 4738 tribunos
1926 4684 2057 4758 (ιι-ἰοο

489 4768 615 4820 buni
661 4768 805 4823 enim
837 4783 903 4823 ex
953 4784 1020 4825 eo
1054 4769 1333 4834 dicuntur,
1379 4771 1522 4840 quod
1570 4773 1731 4828 tribui
1778 4776 2057 4849 przcsint),

489 4861 670 4916 caeteri
708 4876 840 4934 ergo
883 4861 1106 4932 tribuni,
1136 4862 1224 4919 vel
1254 4863 1630 4933 centuriones,
1664 4865 1747 4921 vel
1795 4871 2061 4942 quinqua-

565 5052 654 5106 ⁸⁵1
689 5053 812 5108 Cor.
860 5072 916 5120 ιι,
957 5057 1048 5110 51.
1165 5055 1208 5088 ’⁸
1242 5054 1376 5110 Gen.
1416 5072 1498 5122 ιιι,
1536 5057 1626 5112 10.

488 5141 634 5188 xrin,
670 5124 735 5178 21
811 5126 855 5159 ³³
887 5127 1076 5180 Matth.
1117 5143 1232 5190 xxx,
1264 5126 1355 5182 28.
1455 5131 1498 5159 ²²
1527 5127 1717 5182 Matth.
1753 5146 1802 5184 ν.
1849 5133 1939 5186 Ἡ.

1741 5061 1783 5091 ¹⁷
1817 5060 2014 5119 Genes.
2054 5083 2129 5130 iv,
2165 5063 2252 5117 16.

2043 5137 2087 5167 ”'
2130 5135 2260 5192 ibid.
2301 5135 2389 5189 55.

2170 4505 2477 4574 probantes,
2506 4501 2650 4572 quod
2683 4501 2884 4556 bonum
2925 4507 3006 4555 est
3035 4507 3299 4557 tenentes.
3330 4522 3349 4556 ι
3385 4500 3521 4567 Quis
3557 4507 3742 4554 autem

2166 4597 2330 4652 hodie
2353 4612 2541 4652 eorum
2579 4597 2670 4666 qui
2709 4597 2926 4667 populis
2964 4607 3243 4668 praesunt,
3273 4612 3378 4652 non
3403 4597 3524 4651 dico
3551 4593 3598 4649 si
3623 4593 3737 4664 jam

2167 4692 2345 4762 aliqua
2374 4692 2425 4748 ei
2463 4709 2494 4747 a
2521 4692 2634 4748 Deo
2665 4691 2906 4748 revelata
2931 4699 3090 4757 sunt,
3135 4690 3229 4745 sed
3261 4690 3313 4744 in
3346 4689 3478 4759 legis
3508 4689 3738 4745 scientia

2172 4788 2375 4857 aliquid
2419 4787 2601 4842 meriti
2633 4788 2832 4851 habet,
2861 4786 3150 4840 consilium
3177 4786 3432 4856 dignatur
3465 4781 3736 4837 inferioris

2171 4881 2362 4936 saltem
2394 4879 2693 4937 sacerdotis
2725 4881 3020 4951 accipere?
3060 4881 3257 4937 nedum
3300 4877 3533 4934 dixerim
3570 4875 3736 4942 laici,

2364 5063 2406 5094 ⁸⁸
2436 5061 2580 5116 Psal.
2610 5077 2662 5124 ιι,
2700 5061 2755 5116 4.

2497 5135 2542 5165 ³³
2595 5130 2788 5190 Matth.
2830 5147 2930 5198 xu,
2964 5131 3052 5186 42.

2870 5061 2912 5092 ¹⁹
2940 5059 2980 5115 ll
3010 5060 3143 5124 Reg.
3171 5075 3269 5124 χιι,
3302 5057 3390 5113 15.
3489 5059 3537 5092 ⁸⁸
3561 5057 3734 5114 Exod.

3090 5077 3143 5130 g.
3171 5077 3269 5124 χιι,
3302 5077 3390 5113 ιο.
3491 5077 3537 5092 -ν
3564 5077 3713 5113 uxor:

3153 5131 3196 5162 ³⁸
3227 5129 3418 5186 Matth.
3455 5145 3590 5194 xm,
3642 5129 3715 5184 45

485 5197 531 5227 ²⁶
582 5195 761 5251 Eccle.
806 5196 950 5263 1,8.
1022 5197 1067 5229 ³⁷
1121 5197 1291 5253 Exod.
1347 5211 1514 5264 xvm,
1569 5200 1660 5255 24.
1734 5199 1782 5232 ³⁸
1820 5201 1838 5256 ι
1871 5201 2064 5262 Thess.
2095 5206 2260 5274 v,21.

519 5344 670 5429 μθ)
722 5345 896 5412 Alias,
929 5363 948 5397 ι
1004 5345 1321 5416 parricidio.
1384 5365 1403 5399 ι
1441 5346 1547 5404 Sed
1595 5362 1750 5412 mss.,
1808 5367 1828 5402 ι
1878 5349 2064 5408 fratri-

483 5419 656 5554 cui(Egi
680 5435 704 5557 Ξ
731 5487 900 5568 alias,
941 5507 958 5539 ι
985 5487 1039 5543 in
1067 5488 1242 5559 gratia
1275 5488 1564 5546 recordare
1595 5487 1900 5548 discordes.
1930 5509 1951 5540 ι
1991 5491 2063 5547 At

486 5571 618 5612 mss.
650 5567 707 5611 tit
734 5567 787 5611 in
817 5568 1005 5613 nostro
1042 5567 1211 5614 textu.

560 5627 674 5695 (72)
719 5647 738 5679 ι
780 5629 930 5684 Alios
971 5629 1242 5700 principes
1293 5629 1397 5700 qui,
1428 5629 1673 5699 judicent
1708 5631 1964 5700 populum
1998 5633 2064 5686 de

493 5699 794 5756 minoribus
856 5698 1056 5756 causis.
1093 5719 1111 5752 ι
1150 5698 1439 5759 Όεινριιὰιι
1493 5700 1609 5758 ιιωο
1665 5698 1813 5759 recte
1879 5711 2064 5770 monet

2163 5354 2569 5423 Genebrardus,
2599 5369 2720 5409 nam
2751 5351 2926 5410 sancti
2957 5349 3024 5405 de
3057 5349 3161 5423 hoc
3187 5345 3390 5403 mundo
3413 5339 3738 5417 iudicabunt

2162 5426 2514 5498 approbando
2541 5422 2596 5481 et
2617 5424 2786 5498 juidici
2812 5422 3138 5498 assistendo.
3300 5486 3312 5498 θ
3572 5481 3606 5498 Α.

2234 5489 2347 5568 (75)
2373 5496 2546 5568 Alias,
2594 5489 2784 5551 (sicut
2809 5493 3068 5568 scriptum
3095 5497 3197 5553 est,
3221 5489 3350 5568 quia
3374 5499 3479 5540 non
3505 5489 3739 5568 satiatur

2162 5552 2353 5620 oculos
2399 5552 2546 5627 visu,
2603 5580 2703 5624 nec
2753 5552 3199 5628 auris'auditu,i
3238 5552 3348 5615 'sed
3391 5570 3538 5631 mss.
3577 5561 3639 5609 ut
3678 5552 3737 5610 in

2162 5645 2348 5694 llOSll'O
2377 5643 2524 5694 textu
