4024 6146
308 217 391 294 ssi
1515 237 1584 293 IN
1615 231 1903 293 EXODUM
1938 222 2225 292 uotum
2254 235 2372 293 xu.

3462 235 3570 294 582

304 351 380 408 vel
403 350 674 422 gentilis.
702 350 806 408 Sed
846 349 1058 424 Moyses
1085 351 1177 422 qui
1209 359 1330 409 erat
1363 354 1526 411 homo
1562 361 1884 410 mansuetus
1911 347 1961 407 Α
1992 365 2011 401 ‹
2041 348 2178 416 Quia
2211 359 2426 422 tempus
2463 350 2632 406 breve
2657 355 2764 416 est,
2796 355 3048 421 superest
3081 356 3214 406 utet
3241 349 3334 422 qui
3361 349 3569 410 habent

301 457 457 512 super
492 457 708 499 omnes
749 443 816 507 ”,
854 443 1062 512 accepit
1095 443 1378 499 consilium
1413 443 1710 510 inferioris,
1742 453 1801 498 ut
1833 452 1888 499 ει

296 536 530 592 formam
579 535 917 591 humilitatis
960 535 1281 606 populorum
1324 537 1660 608 principibus
1715 537 1885 600 daret,

293 639 339 684 et
372 627 559 682 futuri
603 629 939 683 sacramenti
971 628 1285 698 designaret
1319 628 1633 698 imaginem.
1667 627 1889 684 Sciebat

289 719 432 777 enim
463 718 730 772 futurum
761 718 1110 787 quandoque,
1150 727 1211 774 ut
1247 719 1479 789 gentiles
1511 720 1712 774 bonum
1757 735 1889 776 con-

285 811 464 868 silium
498 809 829 878 proferrent
861 811 1003 879 apud
1031 810 1274 882 Moysen,
1309 820 1367 866 ut
1395 812 1593 866 bonum
1624 821 1679 866 et
1719 812 1886 882 spiri-

285 900 448 957 talem
489 900 849 956 intellectum
897 900 1160 956 all’errent
1186 902 1253 956 ad
1287 902 1456 974 legem
1491 902 1626 970 Dei;
1659 910 1714 957 et
1743 904 1886 958 scie—

282 991 372 1050 bat
434 993 587 1062 quia
647 994 828 1049 audiet
862 1008 955 1050 eos
1010 993 1119 1058 lex,
1185 1003 1241 1050 et
1290 993 1457 1050 faciet
1511 997 1695 1051 omnia
1745 995 1888 1051 sicut

283 1082 502 1138 dicunt.
566 1082 696 1140 Non
743 1083 888 1138 enim
932 1091 1113 1153 potest
1154 1083 1334 1140 facere
1390 1083 1472 1139 lex
1521 1085 1662 1140 sicut
1714 1084 1884 1141 Judaei

282 1171 505 1238 dicunt,
569 1173 705 1242 quia
756 1173 1174 1228 infirmaturlex
1228 1175 1280 1229 in
1310 1191 1477 1230 carne
1499 1175 1570 1241 ³⁸,
1623 1177 1675 1232 id
1707 1186 1791 1232 est
1833 1176 1888 1231 in

279 1262 497 1328 littera,
535 1272 604 1320 et
633 1262 766 1318 nihil
806 1273 988 1334 potest
1040 1266 1339 1320 secundum
1385 1267 1616 1322 litteram
1656 1267 1884 1324 facere:

277 1353 416 1408 nihil
463 1353 636 1408 enim
682 1353 749 1408 ad
786 1353 1086 1423 perfectum
1117 1358 1335 1413 adducit
1361 1359 1450 1413 lex
1479 1359 1546 1413 ³¹.
1573 1359 1886 1416 Secundum

277 1454 467 1500 autem
527 1446 836 1502 consilium
890 1449 1032 1517 quod
1089 1463 1192 1505 nos
1237 1448 1515 1506 afferimus
1565 1451 1632 1506 ad
1689 1451 1884 1522 legem,

277 1544 526 1609 possunt
566 1539 760 1594 omnia
791 1539 1112 1610 spiritaliter
1140 1539 1279 1597 fieri.
1321 1541 1556 1598 Possunt
1585 1553 1641 1600 et
1673 1545 1886 1600 sacrifi-

279 1631 360 1685 cia
413 1631 767 1701 spiritaliter
805 1631 1014 1701 oﬂ'erri,
1057 1637 1384 1705 quaeﬁmodo
1435 1637 1728 1694 carnaliter
1779 1655 1884 1693 non

280 1730 548 1790 possunt.
621 1722 806 1778 Potest
848 1732 901 1779 et
939 1725 1025 1780 lex
1070 1726 1231 1798 lepra:
1278 1727 1606 1798 spiritaliter
1652 1732 1882 1796 servari,

280 1827 404 1881 qua:
439 1815 764 1869 secundum
813 1815 1049 1872 litteram
1081 1834 1188 1874 non
1224 1828 1419 1890 potest.
1457 1820 1549 1877 Sic
1579 1836 1709 1893 ergo
1751 1837 1888 1892 quo-

281 1907 446 1962 modo
492 1923 611 1962 nos
665 1908 1042 1981 intelligimus,
1085 1913 1356 1980 quomodo
1387 1929 1484 1969 nos
1513 1916 1798 1977 sentimus,
1834 1925 1889 1970 et

283 2002 599 2058 consilium
629 2004 844 2072 damus,
877 2003 1058 2058 omnia
1095 2003 1224 2059 facit
1253 2005 1373 2072 lex;
1410 2007 1707 2062 secundum
1745 2009 1890 2066 litte-

285 2107 402 2147 ram
427 2104 634 2152 autem
665 2113 772 2152 non
811 2097 1011 2159 omnia,
1046 2098 1140 2153 sed
1173 2098 1462 2153 admodum
1492 2115 1687 2170 pauca.

350 2184 408 2238 7.
454 2185 606 2243 Post
639 2188 756 2242 hazc
804 2197 984 2242 autem
1019 2203 1142 2243 cum
1177 2189 1455 2259 profectus
1493 2205 1638 2248 esset
1671 2193 1883 2261 Jethro,

287 2283 341 2330 et
359 2277 628 2333 venisset
665 2277 881 2349 Moyses
912 2293 977 2334 ex
1017 2277 1306 2349 Raphidim
1337 2282 1388 2335 in
1421 2283 1698 2338 desertum
1731 2286 1886 2354 Sina,

287 2369 481 2439 ibique
527 2372 591 2426 in
637 2372 888 2428 columna
929 2375 1090 2429 nubis
1134 2377 1501 2433 descendisset
1531 2379 1789 2436 Dominus
1819 2383 1888 2438 ad

287 2459 554 2533 Moysen,
592 2472 654 2517 ut
688 2464 881 2520 videns
926 2466 1156 2535 populus
1201 2471 1450 2525 crederet
1490 2470 1562 2535 ei,
1614 2481 1670 2526 et
1721 2475 1886 2530 verba

285 2551 407 2622 ejus
437 2554 692 2621 audiret,
724 2555 798 2610 ait
820 2555 1078 2613 Dominus
1108 2559 1174 2613 ad
1199 2559 1415 2631 Moysen
1440 2561 1485 2592 “
1513 2579 1526 2614 :
1552 2563 1884 2631 «Descende,

287 2653 627 2713 protestare
652 2647 851 2716 populo
873 2689 888 2714 ,
917 2658 972 2704 et
999 2651 1225 2720 purifiea
1261 2651 1378 2707 illos
1406 2653 1601 2721 hodie,
1651 2666 1704 2709 et
1739 2671 1886 2723 cras,

289 2745 343 2789 et
394 2737 598 2794 lavent
646 2741 970 2798 vestimenta
1015 2759 1147 2809 sua,
1189 2747 1396 2812 et,sinl
1432 2749 1606 2814 parati
1644 2749 1698 2803 in
1747 2751 1886 2805 diem

293 2830 556 2884 tertium.
582 2849 604 2884 ι
664 2831 721 2886 Si
773 2835 895 2903 quis
939 2843 1023 2892 est
1065 2837 1158 2906 qui
1192 2838 1260 2892 ad
1301 2840 1628 2894 audiendum
1659 2844 1885 2897 verbum

294 2915 392 2973 Dei
439 2923 778 2989 conveniat,
840 2926 1026 2981 audiat
1073 2926 1202 2997 quid
1256 2931 1516 2998 praecepit
1575 2931 1884 2990 Dominus:

1989 453 2209 508 uxores,
2243 449 2498 511 tauquam
2537 455 2646 496 non
2676 440 2940 496 habentes
2980 439 3121 509 sint,
3151 449 3205 496 et
3227 440 3318 510 qui
3349 451 3559 506 emunt,

1989 539 2250 602 tanquam
2313 547 2424 586 non
2477 533 2858 602 possidentes,
2919 543 2974 588 et
3025 532 3119 603 qui
3183 541 3411 588 utuntur
3461 534 3568 590 hoc

1990 623 2214 688 mundo,
2242 632 2498 692 tanquam
2533 638 2642 678 non
2676 631 2917 678 utantur.
2950 623 3198 678 Praeterit
3230 624 3375 679 enim
3411 625 3566 680 habi-

1991 721 2077 768 tus
2102 713 2264 783 hujus
2289 714 2509 780 mundi,
2536 733 2556 767 ι
2593 713 2838 783 praeterit
2879 712 3174 782 temporale
3215 727 3462 784 regnum,
3506 722 3570 770 ut

1990 817 2310 876 perpetuum
2344 805 2527 860 veniat
2548 813 2602 858 et
2628 815 2889 859 aeternum
2921 821 2936 858 :
2970 805 3109 859 sicut
3132 813 3186 858 et
3220 803 3274 859 in
3314 805 3568 859 oratione

1991 896 2170 950 dicere
2216 895 2512 964 iubemur:
2545 914 2562 947 ‹
2591 896 2859 950 Adveniat
2927 909 3155 965 regnum
3207 901 3359 949 tuum
3413 895 3460 927 ³⁸
3499 909 3558 949 :I

1992 988 2044 1044 in
2075 988 2294 1044 Christo
2335 988 2462 1044 Jesu
2511 989 2736 1044 Domino
2776 997 2998 1051 nostro,
3037 987 3122 1042 cui
3163 997 3248 1042 est
3289 987 3463 1058 gloria
3508 993 3570 1045 et

1992 1079 2278 1151 imperium
2321 1079 2375 1135 in
2413 1079 2609 1134 sarcula
2658 1079 3000 1135 saeculorum.
3039 1080 3236 1134 Amen.

2555 1169 2840 1226 HOMILIA
2879 1169 2997 1224 XII.

1992 1264 2068 1319 De
2096 1263 2243 1319 vultu
2273 1262 2448 1334 Moysi
2470 1262 2791 1333 glori/irato,
2812 1271 2860 1316 et
2893 1261 3150 1318 velamine
3182 1263 3322 1334 quod
3343 1263 3564 1332 ponebat

2594 1355 2648 1406 in
2674 1354 2809 1422 facie
2833 1371 2952 1407 sua.

2062 1451 2116 1505 l.
2143 1449 2327 1504 Lectio
2359 1448 2516 1503 nobis
2546 1447 2715 1502 Exodi
2751 1447 2977 1502 recitata
3022 1455 3125 1512 est,
3171 1463 3292 1517 qua:
3341 1462 3443 1504 nos
3497 1447 3566 1504 ad

1989 1543 2362 1612 intelligentiae
2385 1540 2816 1613 inquisitionem,
2849 1540 2934 1595 vel
2965 1541 3173 1608 incitet,
3202 1540 3287 1596 vel
3317 1540 3564 1610 repellat.

1989 1633 2184 1690 Incitat
2217 1644 2426 1688 mentes
2477 1635 2747 1688 studiosas
2795 1641 2850 1687 et
2912 1631 3149 1697 liberas;
3230 1632 3448 1688 desides
3509 1642 3566 1687 et

1989 1737 2280 1796 occupatas
2333 1725 2567 1796 repellit,
2598 1726 2877 1795 jscriptum
2927 1736 3010 1782 est
3067 1725 3214 1780 enim
3245 1725 3289 1756 ³⁹
3323 1743 3337 1780 :
3377 1743 3395 1777 ι
3423 1723 3563 1792 Quia

1987 1821 2320 1875 viditAaron
2358 1828 2413 1876 et
2463 1835 2651 1875 omnes
2681 1821 2775 1875 filii
2809 1820 2975 1876 Israel
3038 1819 3280 1888 Moysen,
3329 1829 3386 1876 et
3443 1829 3566 1874 erat

1989 1911 2285 1982 glorificata
2313 1911 2483 1966 facies
2509 1913 2648 1980 ejus,
2675 1920 2730 1966 et
2753 1909 2902 1966 color
2929 1909 3112 1964 vultus
3133 1910 3270 1980 ejus,
3294 1918 3348 1964 et
3371 1908 3567 1962 timue-

1987 2015 2114 2060 runt
2141 2005 2400 2060 accedere
2435 2004 2504 2059 ad
2533 2004 2704 2059 illum.
2732 2023 2752 2057 ι
2800 2004 2864 2058 Ει
2891 2011 3013 2074 post
3038 2017 3247 2073 pauca:
3273 2003 3563 2066 «Ponebat,

1988 2098 2164 2167 inquit
2193 2097 2261 2163 ‘°,
2299 2095 2512 2167 Moyses
2534 2097 2778 2152 velamen
2808 2111 2969 2166 super
2995 2095 3191 2151 faciem
3222 2109 3400 2150 suam.
3428 2093 3564 2150 Cum

1990 2202 2173 2244 autem
2223 2191 2475 2245 introiret
2536 2189 2649 2263 (74)
2705 2191 2755 2243 in
2813 2197 3169 2260 conspectum
3228 2187 3459 2251 Domini,
3505 2195 3567 2240 ut

1989 2283 2302 2352 loqueretur
2343 2283 2450 2348 illi,
2503 2283 2808 2352 deponebat
2838 2282 3154 2337 velamen.)
3202 2279 3330 2334 Haec
3382 2290 3562 2333 autem

1989 2371 2278 2440 Apostolus
2306 2372 2582 2429 disserens
2617 2376 2906 2445 magnifico
2943 2377 3036 2434 illo
3057 2391 3220 2432 sensu
3247 2392 3352 2448 quo
3375 2376 3429 2431 in
3459 2391 3565 2432 cae-

1986 2462 2120 2518 teris
2155 2463 2357 2531 utitur,
2395 2465 2464 2522 de
2503 2481 2612 2536 quo
2654 2466 2852 2521 dixit“
2887 2487 2902 2522 :
2941 2486 2961 2521 ι
2986 2467 3097 2524 Nos
3125 2478 3307 2525 autem
3342 2484 3564 2526 sensum

1987 2553 2189 2611 Christi
2228 2555 2513 2622 habemus,
2542 2557 2618 2611 ait
2649 2575 2663 2612 :
2701 2558 2856 2625 Quod
2892 2560 2940 2616 si
2976 2562 3338 2617 ministerium
3371 2562 3565 2619 mortis

1989 2645 2043 2699 in
2090 2645 2290 2702 litteris
2347 2646 2710 2704 deformatum
2749 2648 2859 2723 (75)
2902 2651 2957 2707 in
3012 2652 3284 2723 lapidibus
3338 2651 3438 2706 fuit
3492 2651 3566 2709 ad

1990 2738 2239 2808 gloriam,
2269 2739 2344 2794 ita
2369 2751 2557 2796 utnon
2589 2756 2817 2814 possent
2855 2745 3138 2802 intendere
3162 2746 3258 2802 filii
3298 2745 3468 2801 Israel
3507 2745 3563 2800 in

1991 2828 2188 2886 faciem
2219 2829 2388 2903 Moysi
2421 2842 2646 2905 propter
2671 2837 2896 2906 gloriam
2923 2837 3103 2892 vultus
3129 2839 3266 2907 ejus,
3293 2853 3411 2906 quae
3433 2837 3566 2892 abo-

1991 2920 2151 2986 letur,
2173 2923 2446 2991 quomodo
2474 2939 2579 2980 non
2615 2927 2784 2996 magis
2813 2926 3170 2982 ministerium
3192 2927 3430 2996 Spiritus
3459 2927 3567 2982 erit

297 3013 682 3070 sanctificatus
724 3010 915 3071 venire
955 3018 1115 3074 debet
1146 3020 1215 3075 ad
1263 3021 1592 3076 audiendum
1638 3024 1882 3094 verbum,
1914 3039 1962 3102 ο
1994 3015 2047 3068 ίη
2088 3013 2296 3084 gloria?
2326 3035 2344 3068 ³
2380 3016 2449 3070 Et
2492 3017 2692 3073 iterum
2735 3021 2896 3088 ΡειυΙο
2947 3021 3218 3091 [losumit
3247 3036 3263 3076 ³
3297 3037 3316 3073 ⁸
3349 3021 3414 3077 El
3453 3036 3561 3078 ηοη

297 3099 489 3157 lavare
517 3105 680 3160 debet
709 3108 1029 3164 vestimenta
1060 3125 1179 3165 sua.
1230 3111 1286 3166 Si
1334 3113 1477 3167 enim
1526 3117 1745 3170 sordida
1779 3117 1887 3172 huc

300 3192 572 3250 detuleris
618 3201 977 3265 vestimenta,
1033 3203 1223 3258 audies
1273 3215 1326 3258 et
1379 3215 1432 3260 tu
1475 3205 1520 3237 ³³
1563 3225 1576 3261 :
1623 3226 1641 3258 ‹
1675 3209 1884 3274 Amice,

299 3289 585 3354 quomodo
631 3288 736 3344 huc
782 3290 1018 3346 introisti
1062 3308 1167 3347 non
1220 3295 1377 3364 172
1430 3297 1634 3351 habens
1683 3310 1885 3354 vestem

302 3379 656 3448 nuptialem?
696 3399 715 3433 ι
775 3380 943 3436 Nemo
993 3399 1123 3452 ergo
1176 3397 1352 3454 potest
1412 3388 1604 3442 audire
1662 3392 1885 3446 verbum

302 3468 419 3539 Dei,
453 3473 564 3528 nisi
596 3474 748 3542 prius
777 3475 942 3530 fuerit
964 3479 1368 3544 sanctificatus,
1400 3479 1449 3533 id
1478 3490 1558 3533 est
1593 3483 1696 3536 nisi
1724 3483 1888 3540 fuerit

304 3574 534 3620 sanctus
580 3579 812 3635 corpore
861 3574 916 3622 et
966 3568 1198 3638 spiritu,
1247 3570 1350 3623 nisi
1405 3571 1730 3627 vestimenta
1791 3591 1888 3630 sua

304 3655 518 3714 laverit.
553 3655 901 3728 lngressurus
929 3671 1012 3713 est
1035 3661 1176 3715 enim
1212 3662 1373 3730 paulo
1422 3672 1539 3732 post
1573 3665 1638 3718 ad
1675 3680 1888 3722 caenam

306 3749 644 3820 nuptialem,
705 3751 1128 3806 manducaturus
1174 3762 1255 3808 est
1306 3755 1372 3809 de
1425 3754 1682 3810 carnibus
1727 3758 1885 3827 Agni,

303 3852 597 3909 potaturus
631 3851 716 3897 est
763 3843 1016 3913 poculum
1059 3844 1335 3899 salutaris.
1391 3844 1560 3901 Nemo
1605 3849 1769 3902 intret
1821 3847 1888 3902 ad

307 3931 448 3990 banc
487 3950 704 3990 coenam
758 3937 994 3992 sordidis
1047 3936 1405 3992 vestimentis.
1471 3937 1584 3994 Hoc
1631 3940 1777 3994 enim
1832 3949 1890 3995 et

306 4027 432 4083 alibi
469 4028 753 4097 Sapientia
784 4030 1038 4099 praecepit
1068 4031 1252 4084 dicens
1281 4029 1368 4084 “:
1413 4049 1430 4081 ι
1457 4030 1513 4086 lu
1552 4033 1698 4087 omni
1747 4045 1885 4087 tem-

307 4134 437 4190 pure
462 4122 574 4176 sint
614 4123 944 4176 vestimenta
989 4133 1074 4176 tua
1114 4123 1337 4178 munda.
1363 4143 1382 4176 ›
1423 4123 1552 4179 Lota
1589 4135 1717 4180 sunt
1743 4127 1888 4180 enim

309 4213 475 4269 semel
540 4215 862 4269 vestimenta
913 4225 1004 4267 tua
1060 4230 1181 4269 cum
1255 4217 1454 4270 venisti
1516 4218 1582 4272 ad
1654 4219 1887 4287 gratiam

306 4304 588 4373 baptismi,
624 4306 942 4374 purificatus
989 4321 1047 4359 es
1097 4320 1347 4375 corpore,
1391 4307 1684 4362 mundatus
1726 4322 1784 4362 es
1821 4309 1889 4363 ab

1991 3105 2367 3179 sicutMoyses
2405 3109 2641 3177 ponebat
2673 3112 2918 3168 velamen
2955 3128 3119 3184 super
3151 3114 3348 3169 faciem
3386 3129 3563 3182 suam,

1990 3209 2049 3251 ut
2077 3213 2181 3252 non
2210 3198 2552 3255 intenderent
2581 3201 2675 3256 filii
2719 3202 2881 3258 Israel
2910 3205 2964 3259 in
2995 3203 3188 3260 faciem
3216 3204 3396 3261 vultus
3423 3205 3562 3276 ejus.

1989 3289 2180 3346 Obtusi
2200 3295 2484 3348 suntenim
2505 3311 2696 3352 sensus
2715 3311 2926 3364 eorum,
2952 3313 3122 3367 usque
3152 3299 3206 3352 in
3235 3300 3562 3356 hodiernum

1990 3385 2154 3439 diem.
2174 3385 2305 3440 Cum
2327 3389 2470 3443 enim
2491 3389 2683 3459 legitur
2705 3389 2936 3460 Moyses,
2961 3391 3203 3446 velamen
3223 3401 3309 3447 est
3332 3393 3564 3462 positum

1989 3490 2153 3546 cuper
2185 3492 2281 3532 cor
2330 3494 2541 3535 eorum.
2573 3497 2596 3532 ι
2661 3478 2793 3546 Quis
2849 3496 2956 3535 non
3009 3482 3312 3536 admiretur
3358 3490 3564 3552 myste-

1992 3570 2196 3624 riorum
2219 3571 2688 3640 magnitudinem?
2720 3573 2841 3641 quis
2867 3587 2976 3626 non
3003 3574 3351 3643 pertimescat
3383 3583 3563 3627 notam

1991 3661 2171 3716 cordis
2221 3663 2401 3716 obtusi
2439 3661 2600 3732 (76)?
2655 3662 2969 3718 Gloriflcata
3007 3674 3092 3719 est
3146 3662 3317 3720 facies
3368 3664 3564 3735 Moysi,

1995 3755 2090 3808 sed
2124 3769 2228 3808 non
2259 3762 2510 3822 poterant
2548 3754 2833 3810 intendere
2877 3755 2930 3809 in
2975 3753 3170 3810 faciem
3212 3758 3390 3814 vultus
3446 3760 3566 3828 ejus

1991 3841 2085 3896 filii
2126 3842 2317 3906 Israel,
2355 3859 2463 3898 non
2501 3853 2718 3914 poterat
2758 3844 3039 3901 intendere
3080 3847 3309 3916 populus
3337 3847 3569 3920 Synago-

1991 3947 2090 4002 gae.
2134 3932 2192 3988 Si
2216 3935 2338 4002 quis
2365 3944 2547 3987 autem
2580 3933 3082 4002 conversationem,
3108 3945 3161 3990 et
3189 3936 3353 3989 vitam
3387 3944 3568 4005 potest

1992 4025 2193 4080 habere
2221 4025 2640 4080 eminentiorem
2687 4042 2851 4095 quam
2885 4027 3152 4095 reliquum
3193 4027 3419 4098 vulgus,
3462 4029 3566 4082 iste

1991 4125 2169 4186 p0test
2195 4117 2393 4172 intueri
2421 4117 2649 4184 gloriam
2677 4119 2863 4174 vultus
2896 4118 3033 4188 ejus.
3068 4137 3087 4172 ι
3120 4119 3186 4174 Ει
3223 4135 3368 4175 nunc
3390 4120 3571 4186 enim,

1992 4209 2134 4263 sicut
2171 4209 2301 4263 dicit
2333 4209 2632 4280 Apostolus
2678 4210 2745 4276 ",
2799 4210 3049 4266 velamen
3088 4219 3171 4267 est
3224 4213 3456 4283 positum
3509 4212 3567 4268 in

1993 4302 2224 4358 lectione
2249 4302 2463 4357 Veteris
2495 4301 2957 4361 Testamentiziet
2982 4320 3125 4361 nunc
3156 4305 3371 4369 Moyses
3400 4305 3568 4376 glori-

307 4397 453 4452 omni
506 4397 920 4465 inquinamento
965 4397 1150 4451 carnis
1192 4407 1246 4450 et
1287 4399 1528 4467 spiritus.
1583 4399 1713 4466 Quae
1751 4416 1882 4470 ergo
1920 4390 1964 4444 D
1995 4394 2156 4449 licato
2177 4393 2326 4448 vultu
2359 4393 2622 4466 loquitur,
2660 4396 2755 4451 sed
2789 4396 3019 4466 gloriam
3055 4411 3177 4467 quae
3209 4405 3294 4452 est
3331 4395 3383 4450 iu
3415 4395 3567 4450 vultu

309 4486 450 4543 Deus
475 4488 782 4554 mundavit,
815 4497 870 4541 tu
906 4487 1182 4541 immunda
1209 4503 1274 4541 ne
1305 4489 1520 4545 feceris.
1550 4489 1686 4544 Audi
1717 4489 1886 4560 igitur

306 4593 454 4632 nunc
503 4587 558 4632 et
597 4578 1048 4633 sanctiﬁcationis
1103 4593 1274 4646 genus
1315 4596 1376 4632 ει
1407 4579 1482 4634 Ne
1517 4583 1885 4647 accesseritis,

307 4665 485 4736 inquit
519 4665 587 4733 ³⁵,
646 4668 710 4721 ad
763 4667 1043 4720 mulierem
1087 4667 1267 4730 hodie,
1305 4678 1358 4722 ει
1381 4671 1646 4734 crastina,
1690 4680 1749 4725 ut
1796 4674 1885 4728 die

314 4763 475 4816 tertia
525 4762 762 4816 audiatis
810 4764 1035 4816 verbum
1098 4761 1214 4815 Dei.
1258 4780 1276 4814 ι
1330 4761 1445 4818 Hoc
1505 4773 1587 4818 est
1630 4766 1774 4834 quod
1830 4776 1886 4822 et

308 4854 606 4924 Apostolus
639 4853 776 4908 dicit
809 4854 892 4909 ’σε
935 4871 954 4904 ι
981 4853 1188 4908 Bonum
1235 4863 1319 4909 est
1357 4855 1566 4910 homini
1601 4857 1883 4913 mulierem

312 4962 418 5001 non
464 4955 728 5016 tangere;
762 4964 781 4997 ι
808 4946 959 5000 salvo
998 4955 1180 5001 tamen
1237 4947 1477 5001 remedio
1515 4948 1600 5002 his
1645 4950 1736 5019 qui
1787 4966 1885 5021 pro

310 5039 630 5096 infirmitate
658 5053 752 5094 sua
798 5041 1038 5095 remedio
1071 5041 1317 5110 indigent
1345 5041 1594 5108 nuptiali.
1652 5042 1888 5098 Verum-

313 5146 494 5190 tamen
547 5132 833 5187 consilium
887 5134 1177 5190 audiamus
1226 5133 1469 5204 Apostoli
1518 5133 1750 5190 dicentis
1793 5135 1884 5193 ’7:

1995 4487 2112 4558 ejus
2150 4501 2259 4542 non
2284 4502 2571 4557 possumus
2607 4487 2833 4543 intueri.
2867 4487 3078 4544 Idcirco
3112 4497 3291 4544 autem
3317 4504 3424 4544 non
3452 4503 3571 4559 pce.

1995 4594 2206 4645 sumus,
2241 4580 2366 4649 quia
2398 4580 2577 4634 adhuc
2626 4579 2856 4650 populus
2901 4595 3109 4644 sumus,
3143 4589 3196 4635 et
3221 4581 3355 4635 nihil
3379 4581 3566 4644 studii,

1997 4671 2133 4726 nihil
2159 4671 2358 4736 meriti,
2393 4670 2678 4740 plusquam
2708 4670 2917 4739 reliqua
2944 4671 3119 4740 plebs,
3148 4671 3430 4726 habemus.
3463 4669 3569 4724 Ve-

1993 4782 2114 4822 rum
2140 4765 2265 4834 quia
2296 4765 2426 4818 dicit
2449 4773 2669 4818 sanctus
2697 4764 2986 4832 Apostolus
3018 4781 3034 4819 :
3067 4782 3087 4816 (
3114 4763 3348 4835 ldipsum
3386 4774 3566 4819 autem

1986 4856 2232 4910 velamen
2282 4856 2335 4909 in
2380 4855 2614 4910 lectione
2662 4851 2872 4908 Veteris
2909 4853 3242 4910 Testameuti
3286 4863 3504 4920 manet,
3540 4872 3562 4908 ι

1992 4957 2301 5018 amputaret
2336 4949 2494 5002 nobis
2517 4963 2732 5003 onmem
2759 4948 3131 5018 intelligentia:
3156 4962 3306 5017 spem
3335 4945 3473 5002 tanti
3508 4955 3568 5002 et

1991 5044 2115 5100 talis
2147 5041 2388 5111 Apostoli
2428 5040 2641 5110 prolata
2672 5040 2946 5095 sententia
2970 5081 2986 5106 ,
3015 5040 3118 5096 nisi
3144 5040 3441 5096 addidisset
3471 5039 3518 5072 “
3551 5055 3568 5094 :

1996 5138 2170 5193 «Cum
2210 5146 2390 5192 autem
2447 5135 2568 5206 quis
2601 5149 2898 5191 conversus
2925 5133 3088 5189 fuerit
3113 5133 3199 5206 .ad
3250 5133 3567 5198 Dominum,

379 5274 620 5352 '1Num.
648 5276 831 5352 Xll,§=_
892 5273 1122 5352 “unum.
1145 5292 1242 5332 vn.
1313 5274 1546 5352 “fleor:
1573 5277 1776 5352 p.119;
1831 5281 1876 5312 aa

1990 5283 2068 5340 od.
2091 5298 2152 5352 'x,
2185 5281 2274 5345 ιθ,
2303 5280 2393 5352 ηε
2431 5279 2514 5352 __”
2540 5275 2731 5352 Matth.
2761 5276 3015 5352 xxnglg.
3041 5275 3138 5352 _"
3162 5274 3341 5352 Eccle.
3369 5287 3442 5336 Ix,
3471 5269 3566 5352 19.

306 5343 350 5380 ³⁵
395 5346 567 5400 Exod.
613 5361 727 5409 xix,
770 5346 854 5402 15.
932 5347 976 5377 ³⁸
1016 5345 1188 5402 lCor.
1231 5361 1329 5412 vn,
1365 5347 1417 5400 l.

308 5413 354 5450 "
393 5417 527 5473 ibid.
568 5416 659 5472 54.
759 5418 802 5447 ⁴¹
843 5416 889 5470 ιι
933 5415 1058 5473 Cor.
1103 5433 1183 5485 tu,
1220 5417 1272 5472 7.

405 5534 499 5600 74)
540 5533 703 5600 Mss.,
739 5553 757 5587 ι
784 5534 1086 5590 introiret.)
1122 5535 1265 5591 Editi
1295 5535 1452 5599 libb.,
1486 5551 1506 5586 ι
1537 5535 1828 5592 introierit.
1855 5557 1876 5592 ι

405 5534 474 5588 74
540 5533 703 5600 Mss.,
739 5553 757 5587 ι
784 5534 1086 5590 introiret.)
1122 5535 1265 5591 Editi
1295 5535 1452 5599 libb.,
1486 5551 1506 5586 ι
1537 5535 1828 5592 introierit.
1855 5557 1876 5592 ι

313 5533 499 5732 ψὲἶξέ
527 5604 682 5670 Mss.,
723 5624 741 5658 ι
768 5603 1148 5663 deformatum.
1172 5625 1192 5662 ›
1228 5606 1386 5664 Libb.
1415 5605 1582 5688 editi,
1613 5624 1652 5685 _«
1681 5607 1884 5664 forma-

1494 5345 1592 5418 "_|
1627 5348 1752 5402 Cor.
1780 5365 1877 5415 vn,
1919 5354 2012 5418 29,
2051 5345 2152 5417 50,
2183 5352 2271 5406 51.

1353 5415 1398 5447 ⁸⁸
1449 5414 1495 5470 ll
1551 5416 1678 5473 Cor.
1715 5433 1796 5486 Ill,
1842 5414 1930 5481 id.
1998 5414 2052 5458 νυ
2099 5414 2232 5480 ibid.
2275 5421 2363 5476 16.

2350 5349 2396 5382 ³⁸
2430 5349 2622 5405 Matth.
2664 5364 2739 5415 vi,
2789 5341 2924 5404 i0."
2954 5347 2997 5380 ³³
3037 5344 3211 5404 Exod.
3247 5341 3567 5413 xxnv,_50.

2063 5539 2176 5614 (76)
2217 5538 2413 5614 Notam
2437 5538 2620 5614 cordis
2652 5535 2876 5614 obtusi]
2911 5535 2991 5614 sic
3019 5548 3177 5611 mss,
3199 5530 3351 5591 Libri
3383 5535 3565 5589 autem

1991 5606 2198 5674 edi'riﬁ
2221 5611 2466 5667 velamen
2505 5611 2687 5667 obtusi
2722 5606 2946 5665 cordis?
2971 5624 2990 5660 ι
