4024 6146
477 260 588 318 383

1924 253 2249 314 ORIGENIS

3616 247 3738 303 584

476 378 756 433 “rem”,
828 377 1099 433 velamen.
1129 396 1149 429 ι
1228 378 1396 449 Isim.-
1465 393 1689 434 causam
1761 377 2043 432 auferendi
2075 375 2119 432 Α
2151 371 2206 425 Si
2235 370 2375 426 enim
2408 367 2604 437 ille'qui
2643 367 2815 431 adest,
2846 365 2934 436 qui
2967 364 3136 426 audit,
3165 371 3223 419 et
3270 363 3509 420 intentus
3535 371 3646 429 est,
3670 372 3739 417 et.

477 468 783 533 velaminis,
844 469 1262 525 conversionem
1326 480 1572 525 nostram
1635 484 1758 526 esse
1810 470 1939 525 dicit
1983 468 2048 523 ad

476 555 786 612 Dominum.
842 558 920 612 Ex
963 573 1071 627 quo
1111 560 1417 629 colligenda
1450 573 1579 615 sunt
1621 561 1778 616 nobis
1819 561 2047 626 indicia,

474 648 619 716 quod
665 648 839 703 donec
883 649 1125 720 legentes
1180 651 1494 722 Scripturas
1531 653 1745 709 divinas
1781 653 1909 707 latet
1951 668 2051 708 nos

476 736 804 806 intellectus,
837 740 1006 796 donec
1033 742 1265 797 obscura
1293 753 1418 798 sunt
1445 745 1603 800 nobis
1633 753 1688 800 et
1719 745 1902 799 clausa
1932 759 2050 813 quae

474 827 679 896 scripta
703 837 851 896 sunt,
886 833 1124 886 nondum
1156 834 1406 889 conversi
1433 837 1498 890 ad
1523 838 1810 892 Dominum
1839 852 2045 892 smnus.

473 915 531 973 Si
564 918 707 972 enim
737 923 984 977 conversi
1008 938 1252 980 essemus
1291 927 1357 980 ad
1386 928 1702 995 Dominum,
1731 930 1852 984 sine
1885 929 2048 984 dubio

472 1007 787 1064 auferretur
822 1011 1091 1067 velamen.

541 1098 595 1151 2.
629 1100 735 1155 Sed
766 1110 822 1175 et
858 1101 958 1156 hoc
992 1104 1165 1173 ipsum
1203 1109 1450 1163 converti
1478 1110 1544 1164 ad
1577 1110 1860 1166 Dominum
1887 1112 2046 1183 quale

473 1191 545 1247 sit
569 1191 869 1247 videamus.
905 1195 972 1249 Et
1007 1206 1066 1248 ut
1098 1197 1407 1254 evidentius
1437 1200 1578 1255 scire
1608 1205 1884 1270 possimus
1913 1204 2042 1272 quid

470 1281 542 1334 sit
573 1297 882 1347 conversus,
929 1286 1222 1341 dicendum
1261 1290 1417 1345 nobis
1447 1289 1561 1362 (77)
1609 1293 1761 1362 prius
1800 1303 1883 1348 est
1913 1296 2040 1364 quid

469 1370 541 1424 sit
570 1386 815 1427 aversus.
850 1374 1039 1430 Omnis
1070 1379 1185 1446 qui,
1211 1393 1334 1433 cum
1370 1382 1668 1435 recitantur
1694 1384 1853 1437 verba
1886 1384 2037 1454 legis,

468 1463 846 1518 communibus
872 1464 1070 1519 fabulis
1100 1479 1424 1538 occupatur,
1461 1486 1684 1526 aversus
1706 1482 1808 1527 est.
1851 1475 2041 1530 Omnis

469 1553 582 1620 qui,
607 1567 728 1606 cum
758 1552 952 1623 legitur
976 1555 1211 1626 Moyses,
1250 1558 1318 1613 de
1346 1561 1578 1629 negotiis
1607 1564 1814 1629 saeculi,
1842 1568 1909 1619 de
1947 1581 2041 1634 pe-

468 1644 650 1710 cunia,
693 1645 761 1699 de
800 1645 967 1701 lucris
1010 1648 1424 1703 sollicitudinem
1458 1652 1634 1720 gerit,
1682 1669 1903 1709 aversus
1932 1669 2033 1710 est.

2155 479 2274 533 qua:
2306 462 2455 516 audit
2484 469 2766 526 retractat,
2801 470 2853 514 et
2875 459 3114 523 discutit,
3143 466 3198 511 et
3217 470 3338 525 quae
3364 455 3580 525 assequi
3611 469 3735 510 nou

2153 561 2351 622 potest,
2392 561 2760 620 percontatur,
2792 558 2847 603 et
2883 549 3061 614 discit,
3091 548 3179 601 vix
3213 547 3476 615 potestad
3501 547 3733 601 liberta-

2154 651 2259 695 tem
2308 642 2550 695 scientiae
2595 640 2916 709 pervenire;
2972 639 3060 692 ille
3108 639 3202 708 qui
3245 638 3529 692 abscondit
3562 652 3733 692 aures

2149 749 2275 789 suas
2306 750 2373 787 ne
2398 732 2605 796 audiat,
2635 742 2688 787 et
2720 744 2869 800 terga
2899 732 2950 786 in
2985 732 3174 787 faciem
3206 731 3429 800 legentis
3463 729 3729 792 obvertit,

2149 825 2420 894 quomodo
2462 824 2722 878 dicendus
2763 830 2848 877 est
2880 823 3126 877 velamen
3173 822 3376 877 habere
3407 821 3732 890 superposi-

2149 923 2260 970 tum
2294 914 2541 982 cordi,ad
2570 929 2728 984 quem
2770 927 2836 969 ne
2884 913 3058 982 ipsum
3092 914 3308 983 quidem
3349 913 3591 967 velamen
3625 912 3729 966 lit—

2147 1015 2277 1061 terae
2300 1021 2408 1075 quo
2434 1021 2626 1062 sensus
2650 1005 2878 1074 velatur,
2905 1007 2996 1077 qui
3030 1015 3107 1061 est
3135 1020 3300 1059 sonus
3331 1005 3500 1070 vocis,
3528 1018 3729 1059 acces-

2146 1097 2262 1152 sit?
2298 1097 2532 1152 Evidens
2589 1097 2752 1168 igitur
2796 1098 2966 1169 figura
3012 1107 3114 1163 est,
3164 1098 3434 1166 quomodo
3479 1097 3726 1167 gloriosa

2145 1189 2373 1243 efﬁcitur
2411 1189 2581 1245 facies
2609 1189 2777 1261 Moysi
2813 1207 2827 1244 :
2852 1190 3054 1245 habent
3079 1191 3223 1245 enim
3249 1191 3473 1261 gloriam
3502 1205 3564 1245 ea
3595 1205 3728 1260 quas

2146 1280 2387 1349 loquitur
2412 1298 2424 1333 :
2452 1283 2544 1335 sed
2571 1282 2686 1336 haec
2714 1283 2935 1351 tegitur,
2960 1291 3013 1337 et
3039 1282 3363 1349 occultatur,
3393 1293 3447 1338 et
3484 1292 3568 1337 est
3592 1296 3724 1337 om—

2148 1372 2235 1425 nis
2260 1371 2428 1440 gloria
2472 1371 2590 1440 ejus
2622 1373 2968 1428 intrinsecus.

2215 1464 2266 1516 5.
2302 1463 2436 1517 illud
2475 1480 2692 1534 quoque
2744 1467 2957 1521 intuere
3005 1468 3165 1535 quale
3223 1466 3315 1532 sit,
3339 1467 3480 1535 quod
3514 1467 3566 1520 in
3596 1466 3724 1537 lege

2143 1555 2322 1608 vultus
2355 1558 2576 1626 quidem
2615 1556 2783 1626 Moysi
2812 1558 3147 1627 glorificatus
3176 1559 3432 1623 refertur,
3467 1557 3593 1613 licet.
3616 1572 3721 1612 ve-

2145 1648 2350 1702 lamine
2382 1658 2736 1716 contegatur;
2773 1664 2963 1703 manus
2991 1659 3169 1702 autem
3204 1649 3324 1716 ejus
3362 1651 3503 1705 intra
3533 1652 3719 1705 sinum

463 1733 654 1788 Omnis
703 1739 796 1805 qui
838 1743 1235 1807 possessionum
1267 1745 1414 1799 curis
1450 1746 1755 1815 stringitur,
1796 1758 1850 1802 et
1896 1751 2034 1804 divi-
2068 1718 2112 1775 Β
2145 1743 2332 1808 Missa.
2373 1740 2586 1810 ίερτοθ³
2629 1740 2775 1795 fama
2812 1750 3150 1794 memoratu"
3187 1741 3328 1796 δίευί
3363 1743 3478 1795 "in
3514 1741 3569 1796 ¹¹¹
3602 1758 3724 1812 quo

462 1825 664 1879 tiarum
699 1829 993 1898 cupiditate
1027 1832 1369 1902 distenditur,
1406 1837 1499 1906 qui
1544 1836 1731 1907 gloriae
1770 1842 1951 1894 saeculi
1984 1852 2037 1899 et

469 1918 656 1971 mundi
689 1918 988 1979 honoribus
1016 1925 1219 1990 studet,
1252 1940 1478 1983 aversus
1507 1939 1610 1983 est.
1640 1929 1744 1984 Sed
1772 1942 1825 1985 ct
1853 1934 1940 2001 qui
1970 1935 2038 1989 ab

462 2003 547 2060 his
582 2007 797 2074 quidem
825 2010 1036 2065 videtur
1067 2013 1298 2079 alienus,
1347 2016 1557 2071 assistit
1585 2027 1767 2072 autem
1803 2031 1859 2075 et
1885 2024 2037 2078 audit

462 2098 628 2150 verba
670 2098 803 2169 legis
828 2141 843 2167 ,
898 2112 950 2156 et
975 2104 1124 2158 vultu
1158 2114 1321 2175 atque
1358 2108 1531 2164 oculis
1561 2110 1822 2177 intentus,
1874 2117 2038 2170 corde

466 2194 642 2241 tamen
672 2199 725 2243 et
756 2192 1173 2261 cogitationibus
1193 2207 1454 2267 evagatur
1500 2216 1727 2257 aversus
1758 2213 1863 2260 est.
1896 2205 2033 2272 Quid

461 2292 590 2348 ergo
619 2290 708 2335 est
730 2286 970 2337 converti
997 2283 1019 2337 ἶ)
1051 2286 1106 2341 Si
1137 2289 1221 2343 his
1259 2291 1509 2346 omnibus
1541 2302 1690 2364 terga
1737 2307 2031 2362 vertamus,

460 2377 513 2420 et
547 2370 749 2439 studio,
784 2372 1024 2441 actibus,
1065 2387 1278 2445 mente,
1313 2378 1707 2447 sollicitudine,
1741 2386 1906 2439 Verbo
1941 2388 2030 2441 Dei

461 2474 685 2530 operam
716 2461 937 2531 demus,
971 2475 1024 2520 et
1061 2467 1111 2519 in
1144 2466 1259 2537 lege
1293 2467 1406 2538 ejus
1432 2470 1520 2526 die
1560 2488 1623 2526 ac
1656 2485 1813 2530 nocte
1861 2479 2029 2532 medi-

462 2559 656 2619 temur,
684 2556 898 2610 omissis
930 2559 1181 2613 omnibus
1222 2560 1334 2616 Deo
1370 2578 1645 2629 vacemus,
1680 2582 2034 2625 exerceamur

457 2643 512 2698 in
575 2646 899 2702 testimoniis
949 2647 1088 2718 ejus,
1148 2649 1250 2707 hoc
1310 2662 1393 2707 est
1437 2668 1752 2710 conversum
1797 2673 1918 2713 esse
1963 2661 2030 2715 ad

457 2734 765 2792 Dominum.
802 2739 879 2793 Tu
930 2756 1079 2811 ergo,
1137 2741 1181 2796 si
1219 2743 1454 2798 volueris
1503 2746 1669 2801 filium
1702 2757 1846 2803 tuum
1890 2754 2032 2806 scire

454 2827 665 2882 litteras
686 2845 822 2898 quas
863 2831 1116 2888 liberales
1155 2845 1370 2901 vocant,
1401 2841 1544 2898 scire
1577 2849 2028 2914 grammaticam,

448 2919 614 2990 173
645 2923 729 2976 vel
773 2924 1097 2982 rhetoricam
1142 2927 1505 3001 disciplinam,
1540 2939 1780 3007 nunquid
1809 2955 1914 2996 non
1960 2942 2029 2996 ab

2142 1833 2272 1887 mihi
2298 1833 2510 1888 videtur
2534 1832 2704 1887 forma
2736 1832 2898 1886 totius
2921 1830 3054 1901 legis
3082 1832 3391 1899 plenissime
3412 1833 3717 1902 designari.

2141 1923 2195 1976 In
2232 1922 2381 1978 vultu
2412 1923 2554 1978 enim
2577 1924 2697 1994 ejus
2730 1938 2912 1978 sermo
2942 1923 3094 1993 legis,
3133 1924 3185 1977 in
3219 1940 3381 1978 manu
3412 1940 3578 1996 opera
3611 1927 3721 1982 de-

2137 2016 2446 2086 signantur.
2484 2016 2619 2082 Quia
2651 2032 2778 2086 ergo
2806 2032 2871 2071 ex
2900 2017 3156 2085 operibus
3187 2016 3321 2086 legis
3362 2018 3540 2075 nullus
3586 2030 3720 2075 erat

2132 2108 2535 2179 justificaudus,
2565 2123 2665 2163 nec
2704 2109 2940 2177 aliquem
2969 2108 3037 2162 ad
3090 2108 3389 2178 perfectum
3437 2112 3717 2167 adducere

2137 2207 2354 2268 poterat
2387 2198 2498 2267 lex,
2523 2199 2730 2255 idcirco
2761 2215 2957 2256 manus
3002 2199 3171 2272 Moysi
3208 2201 3418 2269 lrprosa
3465 2202 3543 2268 fit,
3573 2216 3626 2259 et
3653 2205 3714 2257 in

2137 2291 2313 2344 sinum
2370 2291 2705 2357 reconditur,
2759 2302 3015 2363 tanquam
3070 2294 3202 2347 nihil
3255 2294 3477 2364 perfecti
3524 2298 3717 2366 operis

2140 2381 2388 2435 habitura
2416 2398 2430 2435 :
2460 2380 2628 2437 facies
2662 2398 2788 2437 vero
2815 2383 2930 2451 ejus
2957 2383 3258 2453 glorificata
3296 2395 3401 2449 est,
3433 2388 3528 2442 sed
3563 2388 3717 2442 vela-

2137 2474 2281 2526 mine
2354 2475 2601 2545 tegitur;
2645 2476 2771 2545 quia
2826 2491 3006 2529 sermo
3057 2476 3173 2545 ejus
3240 2478 3401 2534 habet
3463 2480 3714 2535 scientiae

2136 2558 2384 2630 gloriam,
2432 2564 2524 2617 sed
2558 2567 2854 2620 occultam.
2890 2567 3044 2624 Unde
3077 2580 3130 2624 et
3162 2575 3420 2640 propheta
3450 2573 3580 2626 dicit
3610 2573 3656 2604 “
3686 2591 3707 2629 :

2139 2670 2157 2703 ι
2197 2650 2311 2706 Nisi
2344 2656 2651 2723 audieritis,
2683 2660 2897 2714 occulte
2947 2661 3181 2728 plorabit
3224 2662 3336 2734 (80)
3391 2665 3569 2718 anima
3610 2680 3711 2720 ve-

2133 2752 2266 2808 stra,
2296 2762 2314 2794 ι
2344 2757 2397 2798 et
2429 2746 2592 2799 David
2622 2747 2749 2800 dicit
2776 2747 2857 2801 ‘6:
2889 2768 2906 2800 ι
2940 2748 3148 2805 Incerta
3172 2761 3227 2806 ct
3250 2752 3461 2807 occulta
3487 2755 3711 2823 sapien»

2137 2835 2220 2890 tiae
2250 2846 2351 2890 tua:
2386 2838 2747 2895 manifestasti
2802 2842 2954 2896 mihi.
2994 2861 3014 2895 ι
3047 2844 3102 2898 In
3132 2846 3272 2915 .lege
3310 2861 3441 2917 ergo
3489 2847 3706 2918 Moyses

2133 2928 2301 2981 solam
2327 2930 2521 2985 faciem
2554 2932 2712 2986 habet
2743 2933 3126 3002 glorificatam,
3159 2953 3334 3006 neque
3371 2955 3561 2995 manus
3583 2941 3710 3010 ejus

453 3014 703 3069 Omnibus
734 3031 855 3070 eum
886 3034 1111 3074 vacuum
1142 3032 1197 3077 et
1227 3025 1456 3081 liberum
1501 3031 1718 3086 reddis?
1748 3032 2025 3103 Nunquid,
2053 3051 2098 3110 ς
2132 3019 2334 3076 “abem
2363 3024 2592 3092 gloriam
2617 3064 2632 3090 ι
2677 3028 2785 3080 ίιιιο
2832 3028 3014 3097 Ροιίυε
3044 3038 3099 3083 εί
3138 3032 3513 3086 contumeliam
3556 3052 3570 3089 ί
3603 3035 3703 3090 Sed

455 3115 562 3154 non
588 3104 803 3161 omissis
828 3111 1059 3177 caeteris,
1096 3113 1222 3168 huic
1273 3118 1362 3181 uni
1419 3119 1597 3175 studio
1623 3123 1754 3177 dare
1796 3140 2020 3193 operam

448 3190 621 3248 facis?
648 3193 999 3271 Pmdagogos,
1033 3206 1339 3275 magistros,
1387 3207 1575 3276 libros,
1607 3190 1898 3283 impensas,
1935 3220 2020 3272 ni-

452 3281 530 3337 hil
589 3301 809 3353 prorsus
863 3293 1052 3347 deesse
1104 3295 1279 3363 facis,
1333 3301 1683 3370 quoadusque
1723 3281 2020 3372 perfectum

454 3379 719 3445 propositi
748 3384 909 3436 studii
936 3399 1071 3454 opus
1104 3396 1359 3455 reportet.
1407 3389 1538 3457 Quis
1578 3403 1821 3448 nOstrtun
1859 3397 1931 3473 ita
1961 3412 2021 3452 se

452 3470 520 3521 ad
552 3471 744 3527 divinae
773 3473 906 3542 legis
939 3478 1115 3538 studia
1149 3482 1468 3535 convertit?
1505 3484 1634 3551 Quis
1670 3470 1916 3540 nostrum
1947 3487 2018 3544 ita

451 3575 671 3624 operam
708 3564 896 3620 dedit?
943 3567 1075 3635 Quis
1108 3579 1256 3627 tanto
1296 3575 1476 3629 studio
1520 3591 1585 3632 ac
1631 3576 1816 3633 labore
1839 3580 2017 3635 divina

452 3655 647 3722 qua-rit
692 3658 894 3725 studia,
943 3672 1146 3730 quanto
1192 3667 1441 3735 quaesivit
1476 3668 1753 3725 humana?
1800 3674 2017 3745 thuid

450 3747 835 3814 Conquerimur
884 3751 930 3807 si
967 3754 1111 3821 quod
1162 3772 1271 3810 non
1319 3758 1623 3828 didicimus,
1662 3764 2016 3829 ignoramus?

445 3834 625 3905 Aliqui
663 3847 897 3896 vestrum
932 3843 1040 3918 (78)
1071 3855 1128 3901 ut
1151 3849 1367 3902 recitari
1394 3851 1664 3906 audierint
1685 3872 1804 3925 quae
1834 3858 2016 3928 legun-

447 3937 555 3993 tur,
590 3933 768 3985 statim
796 3934 1100 3992 discedunt.
1134 3936 1286 3992 Nulla
1324 3955 1387 3993 ex
1429 3942 1509 3997 his
1550 3959 1672 4013 qua:
1716 3947 1860 4001 dicta
1886 3959 2015 4003 sunt

445 4021 723 4088 inquisitio
757 4028 823 4079 ad
855 4026 1104 4094 invicem,
1129 4031 1272 4084 nulla
1316 4032 1558 4101 collatio,
1594 4052 1856 4105 nusquam
1903 4056 2016 4095 me-

444 4116 617 4168 moria
648 4118 885 4171 mandati
922 4119 1087 4184 illius,
1115 4138 1222 4191 quo
1265 4133 1317 4179 te
1342 4126 1520 4180 divina
1550 4128 1634 4181 lcx
1663 4142 2009 4187 commonet:

450 4222 470 4255 'r
498 4204 774 4279 Interroga
812 4219 992 4278 patres
1025 4222 1163 4278 tuos,
1185 4224 1238 4268 et
1277 4216 1460 4272 dicent
1493 4220 1626 4282 tibi;
1669 4221 2012 4291 presbyteros

445 4305 586 4363 tuos,
611 4308 665 4353 et
692 4301 1090 4359 annuntiabunt
1112 4306 1207 4361 tibi
1226 4306 1456 4375 “.«Alii,
1478 4325 1548 4364 ne
1568 4311 1860 4382 hocipsum
1888 4317 2013 4383 qui-

2130 3128 2307 3182 neque
2343 3115 2509 3184 pedes
2542 3117 2674 3187 (81).
2715 3119 2956 3189 Denique
2992 3122 3204 3177 solvere
3242 3124 3459 3193 jubetur
3482 3124 3701 3180 calcea-

2130 3217 2367 3260 mentum
2407 3223 2584 3274 suum,
2637 3211 2715 3264 sic
2766 3212 2908 3266 nulla
2960 3224 3078 3267 erat
3141 3215 3314 3284 gloria
3368 3217 3421 3271 in
3473 3217 3703 3286 pedibus

2127 3299 2263 3367 ejus,
2291 3299 2417 3354 licet
2443 3310 2498 3354 et
2528 3302 2630 3355 hoc
2662 3301 2817 3356 ﬁeret
2846 3319 2948 3357 non
2982 3305 3100 3360 sine
3125 3307 3355 3375 alicujus
3380 3307 3552 3363 forma
3576 3325 3697 3380 my-

2127 3390 2302 3443 sterii.
2332 3390 2635 3445 Novissima
2671 3409 2903 3462 namque
2933 3411 3059 3463 pars
3090 3398 3327 3451 hominis
3356 3400 3522 3467 pedes
3546 3410 3693 3455 suat.

2126 3478 2525 3535 Ostendebatur
2559 3497 2689 3552 ergo
2728 3484 2871 3553 quod
2911 3486 2963 3539 in
3013 3489 3321 3544 novissimis
3362 3492 3696 3561 temporibus

2125 3571 2362 3627 solveret
2400 3571 2610 3644 Moyses
2656 3575 3082 3632 caleeameutum
3119 3596 3277 3635 suum
3331 3594 3386 3637 ut
3422 3583 3697 3653 acciperet

2125 3665 2266 3719 alius
2295 3680 2569 3735 sponsam,
2596 3675 2652 3722 et
2697 3668 2783 3721 illa
2816 3681 3106 3726 vocaretur
3137 3674 3326 3729 domus
3377 3676 3690 3733 discalceati

2127 3770 2298 3825 usque
2335 3757 2387 3810 in
2425 3756 2749 3813 hodiernum
2779 3760 2942 3815 diem.
2969 3762 3112 3817 Nihil
3156 3781 3285 3834 ergo
3310 3766 3453 3821 aliud
3487 3769 3539 3822 in
3572 3769 3693 3840 lege

2122 3846 2415 3917 gloriosum
2477 3851 2640 3905 habet
2692 3853 2921 3924 Moyses,
2983 3856 3084 3909 nisi
3141 3857 3308 3910 Solam
3362 3858 3578 3913 faciem.
3631 3860 3689 3916 in

2123 3939 2433 4012 Evangeliis
2499 3955 2680 3999 autem
2741 3954 2882 4000 totus
2941 3947 3280 4017 glorificatur
3330 3968 3394 4005 ex
3457 3954 3688 4023 integro.

2119 4034 2261 4088 Audi
2297 4035 2440 4089 enim
2475 4037 2603 4105 quid
2659 4038 2871 4092 dicatur
2905 4040 2955 4092 in
2986 4039 3292 4109 Evangeliis
3340 4043 3381 4074 ⁸⁵⁷
3431 4062 3443 4098 :
3490 4063 3509 4095 ι
3553 4044 3689 4099 Cum

2121 4129 2459 4183 ascendisset
2497 4128 2654 4185 Jesus
2708 4132 2759 4184 in
2794 4143 3029 4186 montem
3071 4133 3366 4199 excelsum,
3407 4150 3690 4191 assumens

2121 4237 2302 4276 secum
2324 4220 2561 4288 Petrum,
2581 4230 2633 4276 et
2651 4220 2915 4278 Joannem
2960 4234 3014 4278 et
3029 4223 3311 4294 Jacobum,
3338 4227 3691 4284 transforma.

2123 4324 2208 4369 tus
2230 4325 2313 4370 est
2336 4316 2408 4370 ibi
2436 4331 2618 4370 coram
2646 4317 2777 4387 ipsis
2806 4333 2819 4369 :
2850 4327 2903 4370 et
2927 4331 3053 4372 ecce
3076 4332 3464 4387 apparuerunt,
3486 4321 3686 4391 inquit,

445 4392 564 4445 dem
590 4393 856 4460 patienter
880 4406 1217 4464 exspectant,
1244 4415 1521 4470 usquequo
1544 4404 1804 4461 lectiones
1823 4407 2006 4478 (79)in
2042 4401 2086 4456 D
2114 4406 2321 4476 Moyses
2355 4415 2410 4458 et
2447 4406 2593 4460 Elias
2624 4407 2674 4460 in
2727 4406 2918 4476 gloria,
2963 4406 3329 4476 colloquentes
3373 4425 3497 4464 cum
3535 4426 3619 4466 eo.
3662 4433 3681 4464 ι

443 4483 681 4537 Ecclesia
702 4486 1014 4541 recitentur.
1039 4489 1141 4542 Alii
1165 4506 1291 4545 vero
1310 4508 1407 4548 nec
1421 4495 1467 4548 si
1486 4497 1786 4553 recitantur
1800 4502 2002 4567 sciunt,

440 4576 536 4626 Sed
560 4574 610 4625 in
639 4576 1016 4631 remotioribus
1049 4580 1333 4635 Dominica:
1352 4583 1543 4639 domus
1567 4588 1716 4653 locis,
1742 4593 2013 4648 szrculari-

443 4663 544 4719 bus
566 4664 760 4721 fabulis
773 4681 1122 4737 occupantur.
1152 4672 1222 4727 De
1247 4675 1442 4743 quibus
1463 4692 1592 4746 ergo
1607 4695 1768 4736 ausus
1790 4699 1906 4737 sum
1933 4686 2013 4743 di-

443 4770 588 4819 cere,
602 4758 745 4825 quia,
762 4776 881 4814 cum
899 4761 1453 4836 legiturMoyses,jam
1474 4786 1577 4823 non
1596 4772 1833 4828 velamen
1850 4792 2010 4845 super

444 4861 538 4901 cor
565 4864 773 4916 eorum,
805 4854 893 4905 sed
925 4856 1104 4923 paries
1132 4858 1350 4925 quidam
1377 4870 1431 4913 et
1459 4877 1642 4917 murus
1670 4877 1751 4918 est
1779 4871 2003 4935 positus.

514 4963 559 4994 ⁸⁵
590 4964 740 5017 Deut.
770 4981 937 5026 xxxii.
967 4969 1018 5023 7.
1097 4971 1143 5003 ⁸³
1196 4970 1399 5028 Jerem.
1430 4992 1550 5043 xm,
1584 4977 1670 5032 l7.

515 5077 629 5154 (7'7)
675 5078 960 5154 Dicendum
990 5082 1154 5154 nobis,
1206 5095 1311 5142 etc.
1345 5088 1488 5142 Citat
1528 5090 1673 5146 hunc.
1702 5093 1878 5148 locum
1912 5098 2003 5154 Jo—

442 5150 843 5231 naiﬁnr‘el’ian.
885 5153 975 5204 lib.
1016 5169 1056 5215 ι,
1088 5153 1163 5208 De
1208 5155 1387 5231 Instil.
1429 5160 1625 5221 laicali,
1657 5179 1778 5231 cap.
1812 5167 1893 5219 15.

514 5217 623 5294 (78)
654 5219 835 5294 Aliqui
854 5232 1096 5294 oestrum,
1128 5235 1233 5281 etc.
1267 5228 1478 5283 (litatur
1501 5231 1592 5285 hic
1616 5217 1771 5288 locus
1912 5253 2003 5294 eo-

2118 4499 2216 4554 Hic
2252 4515 2357 4555 non
2399 4499 2634 4552 refertur
2664 4501 2788 4567 quia
2840 4500 3174 4569 glut'tlicalus
3206 4509 3290 4555 est
3333 4502 3514 4558 vultus
3541 4504 3682 4572 ejus,

2115 4594 2209 4646 sed
2245 4592 2372 4660 quia
2406 4603 2550 4644 totus
2578 4592 2828 4660 apparuit
2876 4591 2926 4644 in
2981 4591 3174 4660 gloria,
3209 4592 3518 4663 colloquens
3558 4612 3681 4651 cum

2114 4685 2262 4749 Jesu,
2295 4695 2348 4739 et
2377 4687 2448 4739 ibi
2480 4685 2533 4739 ei
2556 4683 2857 4753 completur
2887 4684 2973 4737 illa
3002 4686 3311 4754 promissio,
3338 4703 3497 4754 quam
3523 4705 3683 4744 acce-

2115 4782 2191 4849 pit
2218 4781 2270 4833 in
2319 4789 2501 4833 monte
2531 4778 2685 4843 Sina,
2721 4791 2841 4831 cum
2875 4778 3071 4832 dictum
3103 4788 3189 4833 est
3207 4780 3256 4833 ei
3302 4780 3346 4811 ³⁸
3380 4798 3393 4834 :
3438 4799 3456 4833 α
3503 4781 3685 4837 Poste-

2114 4876 2256 4929 riora
2282 4886 2409 4926 mea
2459 4870 2684 4925 videbis.
2731 4888 2750 4921 ι
2797 4870 2944 4925 Vidit
3003 4885 3135 4941 ergo
3187 4875 3488 4940 posteriora
3538 4877 3675 4943 ejus.

1749 4981 1794 5012 “
1829 4983 1970 5041 Psal.
2011 5010 2056 5057 L,
2097 4993 2162 5057 8,.
2238 4991 2282 5023 ¹⁵⁷
2314 4987 2503 5043 Matth.
2532 5003 2660 5053 xvu,
2690 4988 2741 5051 l,
2769 4988 2824 5054 9.,
2859 4989 2912 5043 5.
2988 4988 3033 5020 ’⁵⁸
3063 4990 3235 5044 Exod.
3261 5006 3451 5058 xxxui,
3480 4994 3567 5049 23.

2100 5107 2231 5160 litur
2270 5118 2334 5156 ex
2367 5101 2618 5179 Origenis
2658 5101 2817 5157 libris
2875 5114 2985 5157 tum
3043 5104 3203 5158 editis
3250 5116 3360 5158 tum
3415 5122 3544 5163 mss.
3581 5111 3673 5179 qui

2103 5190 2370 5243 usquequo
2403 5173 2680 5243 exhibent.

2178 5246 2288 5313 (80)
2317 5243 2487 5303 Alias,
2512 5260 2537 5314 t
2561 5242 2670 5295 Nisi
2698 5243 2976 5299 audieritis
2997 5243 3209 5298 occulta
3234 5244 3487 5314 plorabit.
3515 5266 3534 5297 ι
3562 5257 3667 5302 etc.

2103 5314 2208 5367 Sed
2244 5328 2369 5384 mss.
2412 5321 2476 5384 ut
2528 5312 2579 5363 in
2617 5323 2828 5384 _t_tostro
2878 5324 3059 5384 textu,
3092 5328 3190 5367 nec
3236 5312 3411 5368 aliter
3448 5315 3669 5384 Vulgata

2102 5384 2288 5466 Graeca
2338 5382 2537 5466 habent
2568 5400 2581 5434 :
2612 5380 2706 5435 ἐὰν
2738 5382 2795 5434 δὲ
2831 5383 2905 5453 μὴ
2928 5383 3197 5455 ἀκούσητε
3220 5424 3235 5449 ,
3271 5380 3668 5456 κεκρυμμένως

2105 5453 2420 5514 κλαύσεται,
2451 5462 2557 5505 etc.
3122 5453 3130 5455 ⁷
3377 5453 3386 5456 ⁷
3450 5453 3458 5456 ’
3493 5453 3502 5456 ’

2176 5524 2284 5596 (δι)
2320 5521 2473 5596 Mss_.,
2510 5539 2527 5571 ι
2571 5520 2751 5596 pedes,
2788 5541 2806 5572 ι
2858 5524 3053 5582 rectius
3082 5538 3244 5596 quam
3275 5524 3403 5581 editi
3440 5522 3560 5581 libri
3607 5526 3665 5579 in

2104 5594 2299 5664 quibus
2330 5592 2524 5662 legitur
2557 5611 2575 5643 ε
2607 5591 2851 5661 pedibus.
2888 5611 2908 5645 ι

424 5289 561 5343 dem
597 5286 730 5339 .lona
753 5286 986 5344 ibidem.

495 5354 626 5442 (79)
658 5357 763 5411 Alii
797 5376 859 5412 ne
902 5363 999 5442 hoc
1041 5362 1211 5442 ipsum
1266 5366 1472 5442 quidem
1519 5371 1777 5437 patienter
1825 5390 2004 5442 exspe-

423 5436 507 5479 cta
532 5437 907 5510 ηιρνιιεείιιεςιιο
939 5432 1204 5510 lectiones,
1235 5432 1346 5510 etc.
1395 5432 1604 5492 Citatur
1636 5442 1721 5495 hic
1755 5432 1996 5500 locns'in

427 5497 676 5551 concilio
705 5497 1015 5583 Parisiensii
1050 5497 1203 5583 sexto
1226 5505 1326 5583 lib.
1379 5524 1441 5583 tt,
1478 5525 1596 5583 cap.
1636 5511 1721 5565 12.
1766 5512 1862 5567 Ubi
1903 5497 1998 5583 pro

429 5581 521 5655 φη
536 5581 728 5655 usque,
744 5569 1399 5655 male.VIt_l‘gata-Scriptur:i
1426 5569 1608 5655 habet,
1634 5586 1793 5651 quod,
1817 5569 1995 5655 legen-

432 5636 557 5691 dum
594 5636 710 5692 erat
731 5640 924 5711 quoad.
952 5636 1084 5698 Nam
1114 5636 1272 5701 lectio
1302 5649 1438 5715 quod
1480 5636 1799 5721 pro'q'uoad
1840 5636 1994 5712 i‘éiéi.
