4024 6146
222 235 311 291 383

1503 241 1569 296 IN
1610 240 1896 299 EXODUM
1936 241 2217 299 HOMILIA
2254 247 2372 303 XII.

3462 231 3571 314 ass

237 354 365 411 Vidit
392 352 564 411 enim
605 371 766 429 quae
806 361 859 416 in
887 360 1283 431 posterioribus
1323 369 1377 417 et
1409 363 1724 418 novissimis
1772 363 1886 417 die—
1915 367 1959 423 Α
1988 366 2256 433 parvitate
2306 365 2680 436 intelligentiae
2731 384 2863 426 mea:
2912 346 3118 426 sentire
3150 387 3391 441 possum,
3437 389 3564 445 puto

231 456 316 507 lens
354 450 521 506 facta
582 465 788 521 sunt,
824 468 870 511 et
909 457 1125 524 gavisus
1170 464 1274 510 est.
1334 454 1491 510 Sicut
1534 455 1680 509 enim
1713 455 1885 510 Abra-

228 545 340 599 ham
372 546 776 615 coneltpivit
796 548 980 603 videre
1009 548 1150 603 diem
1190 547 1425 615 Domini,
1454 556 1506 602 et
1531 548 1686 612 vidit,
1725 556 1779 601 ct
1801 562 1887 617 ga-

224 639 365 693 visus
401 648 504 691 est
543 638 605 673 ⁸⁹
651 656 673 693 :
713 642 801 696 ita
832 652 884 695 et
915 640 1125 712 Moyses
1168 641 1485 710 concupivit
1531 640 1715 696 vide're
1741 642 1881 696 diem

224 730 462 795 Domini,
512 743 582 786 et
620 734 817 800 vidit,
853 744 908 787 et
929 736 1145 803 gavisus
1193 743 1275 788 est
1310 754 1323 788 :
1366 745 1415 788 et
1451 735 1766 789 necessario
1792 751 1885 806 ga—

223 823 364 875 visus
408 831 541 886 est,
610 826 777 893 quia
816 824 927 891 jam
983 839 1087 878 non
1140 823 1320 878 solum
1365 823 1515 879 vultu
1551 825 1884 895 glorificatus

216 912 525 967 descendit
564 913 653 967 de
699 924 916 980 monte,
950 913 1045 968 sed
1076 922 1221 968 totus
1266 914 1604 983 gloriﬁcatus
1637 915 1884 971 ascendit

216 1006 263 1059 in
299 1016 618 1059 montem.
667 1007 919 1063 Gavisus
963 1016 1047 1063 est
1105 1008 1223 1062 sine
1269 1008 1435 1062 dubio
1477 1008 1706 1079 Moyses,
1736 1010 1882 1079 quod

213 1113 331 1153 eum
369 1097 450 1152 de
488 1114 631 1167 quo
672 1102 901 1155 dixerat
939 1102 986 1134 ”
1016 1121 1030 1158 :
1066 1121 1086 1155 ι
1126 1103 1457 1171 Prophetam
1508 1103 1661 1157 vobis
1709 1101 1884 1156 susci-

215 1191 350 1244 tabit
386 1191 731 1248 Dominus
773 1194 913 1248 Deus
937 1204 1116 1249 vester
1147 1208 1212 1249 ex
1239 1193 1496 1249 fratribus
1527 1193 1745 1253 vestris,
1778 1193 1882 1248 sic-

209 1275 273 1336 ut
311 1282 644 1350 meipsum
718 1285 953 1340 audietis
1014 1301 1113 1355 per
1164 1287 1386 1351 omnia;
1440 1305 1458 1337 ι
1506 1302 1651 1341 nunc
1694 1288 1881 1340 adesse

212 1378 531 1440 cernebat,
573 1387 650 1432 et
694 1378 858 1433 (idem
897 1379 1075 1435 facere
1124 1380 1468 1434 sermonibus
1524 1381 1656 1434 suis.
1697 1380 1759 1433 Et
1807 1393 1873 1433 ne

214 1478 630 1525 cunctaretur
662 1472 727 1526 in
756 1471 961 1540 aliquo,
997 1473 1147 1527 audit
1171 1480 1448 1540 paternam
1478 1487 1664 1526 vet-em
1692 1472 1881 1526 dicen-

217 1570 324 1616 tem
357 1562 412 1593 ⁸¹
455 1580 475 1617 :
519 1581 543 1614 ς
586 1562 714 1618 Hic
744 1576 826 1618 est
854 1563 1025 1618 Filius
1056 1579 1210 1618 meus
1248 1563 1499 1627 dilectus,
1529 1565 1581 1617 in
1615 1579 1722 1634 quo
1748 1565 1876 1619 mihi

216 1653 361 1710 bene
413 1657 838 1727 complacui:
882 1658 1054 1728 ipsum
1105 1657 1305 1712 audite.
1340 1676 1359 1709 ι
1409 1656 1620 1727 Moyses
1672 1658 1873 1711 dudum

220 1747 384 1810 dixit,
420 1765 447 1800 ι
482 1748 682 1802 illum
724 1749 1001 1814 audietis;
1039 1767 1058 1800 ι
1101 1763 1247 1803 nunc
1281 1747 1438 1802 Pater
1471 1749 1602 1803 dicit
1648 1766 1662 1802 :
1716 1766 1734 1800 ι
1783 1748 1881 1803 Hic

222 1847 306 1894 est
331 1838 543 1894 Filius
582 1856 783 1904 meus,
826 1844 1000 1910 ipsum
1047 1841 1263 1902 audite;
1302 1857 1321 1890 ι
1375 1849 1426 1894 et
1461 1851 1780 1908 praesentem
1814 1841 1880 1894 de

226 1948 337 2002 quo
378 1934 568 1999 dicit,
643 1933 914 1990 ostendit.
958 1933 1207 1988 Gaudere
1237 1934 1399 1988 etiam
1454 1933 1583 1986 mihi
1621 1947 1720 2001 pro
1778 1934 1880 1986 hoc

228 2027 462 2082 videtur
498 2028 772 2100 Moyses,
802 2028 927 2097 quia
960 2035 1015 2081 et
1038 2027 1150 2095 ipse
1186 2026 1590 2094 quodammodo
1617 2041 1760 2080 nunc
1785 2026 1879 2080 de-

233 2121 385 2188 ponit
419 2122 722 2177 velamen
752 2136 1049 2177 conversus
1072 2120 1139 2173 ad
1171 2119 1480 2185 Dominum,
1510 2135 1630 2172 cum
1655 2118 1878 2173 eviden-

234 2220 314 2265 ter
341 2227 480 2282 qua:
518 2214 803 2283 praedixit
854 2213 1178 2283 implentur;
1232 2211 1317 2265 vel
1351 2226 1474 2266 cum
1538 2220 1752 2281 tempus
1781 2210 1877 2264 ad-

239 2305 412 2370 venit,
444 2314 517 2360 ut
562 2322 682 2376 per
711 2304 974 2376 Spiritum
1020 2313 1266 2359 sanctum
1311 2318 1434 2373 qua:
1466 2302 1752 2357 obtexcrat
1784 2316 1870 2356 re-

240 2395 536 2450 velentur.

312 2485 370 2538 4.
400 2484 848 2541 Retractandus
868 2493 1054 2539 tamen
1079 2491 1164 2538 est
1189 2482 1361 2537 sancti
1391 2481 1629 2552 Apostoli
1660 2495 1872 2547 sensus,

245 2586 300 2631 et
321 2576 826 2632 considerandum
846 2576 971 2644 quid
990 2576 1038 2630 ei
1066 2575 1239 2629 visum
1270 2574 1363 2636 sit,
1394 2588 1515 2626 cum
1543 2573 1771 2627 dixisset
1790 2572 1872 2626 l":

256 2688 275 2719 ι
316 2670 378 2723 Si
419 2680 638 2724 autem
672 2681 969 2723 conversus
999 2668 1119 2735 quis
1150 2666 1312 2720 tuerit
1344 2667 1409 2719 ad
1437 2665 1745 2731 Dominum,
1778 2680 1874 2718 au-

253 2761 470 2815 leretur
511 2761 809 2823 velamen,
850 2779 868 2812 ι
903 2766 960 2813 ιιι
1003 2759 1225 2813 adderet
1259 2776 1273 2812 :
1311 2776 1328 2809 ι
1372 2757 1638 2811 Dominus
1688 2767 1872 2811 autem

258 2855 497 2924 spiritus
529 2865 666 2921 est;
709 2874 729 2907 ι
774 2869 872 2923 per
899 2853 1046 2921 quod
1078 2851 1234 2922 quasi
1274 2852 1617 2920 interpretari
1651 2851 1872 2905 videtur

261 2950 397 3018 quid
429 2959 529 3006 est
566 2949 852 3003 Dominus.
880 2947 1013 3014 Quis
1057 2947 1200 3000 enim
1235 2945 1407 2999 nescit
1434 2945 1578 3015 quod
1612 2944 1871 2999 Dominus

263 3042 497 3111 spiritus
516 3042 649 3097 est?
668 3040 774 3096 Sed
795 3038 954 3111 174
970 3039 1208 3106 nunquid
1233 3039 1286 3091 in
1314 3037 1415 3091 hoc
1432 3036 1551 3091 loco
1569 3037 1635 3090 de
1655 3034 1870 3091 Domini
1899 3059 1941 3115 ο

266 3137 345 3191 vel
382 3146 626 3202 natura,
670 3135 756 3189 vel
801 3133 1101 3188 substantia
1147 3131 1505 3194 tractabatur,
1558 3139 1614 3182 ut
1660 3128 1873 3183 diceret

270 3230 392 3300 quia
428 3229 713 3285 Dominus
748 3216 974 3296 spiritus
1008 3224 1135 3279 est?
1169 3223 1466 3279 Videamus
1497 3236 1627 3291 ergo
1659 3235 1728 3275 ne
1756 3235 1866 3275 non

271 3324 444 3378 solum
477 3339 619 3379 cum
649 3319 861 3387 Moyses
893 3321 1108 3388 legitur,
1139 3318 1233 3371 sed
1266 3326 1320 3370 et
1349 3310 1472 3370 cum
1508 3313 1707 3368 Paulus
1735 3313 1871 3383 legi-

277 3423 379 3481 tur,
433 3416 703 3469 velamen
752 3413 822 3468 sit
871 3412 1105 3482 positum
1157 3423 1319 3478 super
1365 3422 1460 3461 cor
1503 3416 1771 3460 nostrum.
1804 3403 1872 3458 Et

281 3508 600 3571 manifeste,
641 3506 686 3560 si
736 3505 1074 3575 negligenter
1104 3502 1374 3567 audimus,
1420 3500 1463 3554 si
1514 3498 1650 3553 nihil
1696 3496 1869 3552 studii

283 3599 345 3651 ad
383 3600 760 3653 eruditionem
808 3606 863 3651 et
911 3594 1333 3664 intelligentiam
1365 3591 1725 3659 conferimus,
1763 3607 1868 3646 non

283 3693 449 3746 solum
485 3692 628 3762 legis
663 3698 717 3743 et
748 3689 1136 3760 pr0phetarum
1166 3687 1470 3756 Scriptura,
1508 3687 1601 3739 sed
1647 3695 1701 3739 et
1742 3699 1872 3754 apo—

285 3784 549 3839 stolorum
598 3792 655 3838 et
683 3781 1104 3849 Evangeliorum
1153 3778 1348 3848 grandi
1406 3777 1563 3831 nobis
1599 3776 1871 3829 velamine

288 3879 509 3947 tegitur.
539 3878 652 3945 ligo
674 3882 851 3928 autem
880 3887 1091 3937 vereor,
1124 3886 1190 3925 ne
1220 3886 1317 3939 per
1347 3869 1568 3923 nimiam
1599 3868 1872 3937 negligen-

292 3974 412 4028 tiam
450 3984 508 4028 et
531 3968 887 4025 stoliditatem
923 3967 1131 4032 cordis,
1166 3979 1273 4018 non
1330 3963 1502 4017 solum
1539 3962 1713 4017 velata
1765 3961 1873 4015 sint

290 4067 447 4123 nobis
472 4067 658 4122 divina
697 4062 991 4127 volumina,
1026 4058 1119 4113 sed
1150 4066 1205 4111 et
1247 4057 1497 4126 signata;
1552 4064 1609 4107 ut
1637 4054 1681 4108 si
1716 4054 1870 4107 detur

293 4160 344 4217 in
378 4176 578 4217 manus
606 4157 843 4214 hominis
868 4153 1169 4211 nescientis
1192 4152 1403 4206 litteras
1429 4147 1563 4202 liber
1588 4146 1868 4217 legendus,

295 4257 437 4313 dicat
464 4256 597 4328 quia
657 4252 841 4309 nescio
886 4250 1101 4305 litteras
1138 4264 1152 4301 :
1187 4246 1231 4302 si
1271 4246 1428 4301 detur
1462 4243 1516 4297 in
1551 4254 1743 4295 manus
1771 4239 1869 4292 ho-

298 4354 451 4413 minis
487 4350 712 4409 scientis
762 4349 994 4409 litteras,
1048 4345 1195 4398 dicat
1249 4341 1373 4411 quia
1440 4338 1685 4406 signatus
1762 4341 1864 4388 est.

1914 1714 1956 1770 B

1987 459 2129 527 quod
2163 460 2399 514 Verbum
2433 458 2525 513 Dei
2558 475 2655 530 pro
2677 475 2743 517 eo
2772 463 2914 532 quod
2939 464 3278 518 auditoribus
3310 466 3561 531 interest,

1986 561 2044 605 ut
2074 568 2214 622 strpe
2244 553 2354 620 jam
2384 553 2642 619 diximus,
2678 569 2820 609 nunc
2843 556 2950 621 via,
2986 542 3127 611 nunc
3159 559 3385 621 veritas,
3417 574 3563 612 nunc

1985 645 2117 709 vita,
2149 659 2290 698 nunc
2314 647 2644 701 resurrectio
2678 647 3013 715 nominatur,
3043 663 3188 701 nunc
3221 648 3384 702 etiam
3410 664 3561 715 caro,

1986 752 2128 791 nunc
2157 753 2284 791 vero
2310 739 2534 808 spiritus
2572 738 2795 794 dicitur.
2832 740 3092 807 Quamvis
3133 742 3278 795 enim
3324 757 3452 797 vere
3496 758 3565 797 ex

1984 826 2204 899 Virgine
2230 831 2588 885 substantiam
2619 830 2799 885 carnis
2834 832 3104 902 acceperit
3137 833 3188 886 in
3229 848 3334 901 qua
3357 843 3411 887 et
3440 849 3566 888 cru-

1984 936 2103 976 cem
2154 922 2393 992 pertulit,
2442 931 2497 976 et
2536 925 2994 977 resurrectionem
3034 925 3307 991 initiavit;
3372 934 3555 981 tamen

1983 1023 2068 1069 est
2093 1013 2182 1067 ubi
2217 1013 2511 1084 Apostolus
2533 1013 2663 1067 dicit
2693 1015 2739 1045 ⁸⁵
2774 1032 2787 1068 :
2826 1033 2843 1064 ι
2872 1014 2983 1068 Etsi
3017 1016 3370 1083 cognovimus
3401 1017 3566 1071 Chri--

1984 1117 2130 1160 Stum
2165 1105 2464 1159 secundum
2496 1118 2739 1169 carnem,
2780 1103 2874 1158 sed
2904 1119 3048 1157 nunc
3097 1104 3208 1172 jam
3257 1120 3363 1159 non
3405 1106 3563 1160 novi-

1983 1213 2124 1254 mus.
2165 1216 2183 1250 ι
2227 1196 2363 1263 Quia
2392 1213 2523 1268 ergo
2559 1206 2614 1251 et
2650 1212 2795 1251 nunc
2824 1210 3004 1249 sermo
3049 1196 3166 1262 ejus
3209 1199 3275 1251 ad
3309 1198 3565 1254 subtilio-

1985 1307 2096 1344 rem
2123 1299 2177 1345 et
2206 1289 2504 1358 spiritalem
2534 1289 2946 1359 intelligentiam
2976 1301 3237 1360 provocat
3262 1291 3564 1361 auditores,

1981 1392 2036 1436 et
2076 1382 2191 1436 vult
2228 1397 2322 1441 eos
2364 1381 2498 1434 nihil
2548 1382 2766 1436 carnale
2816 1383 2869 1435 in
2904 1382 3018 1451 lege
3049 1383 3279 1451 sentire,
3320 1384 3560 1440 dicitur:

1983 1474 2083 1541 Qui
2123 1475 2237 1528 vult
2271 1474 2474 1528 auferri
2507 1477 2754 1527 velamen
2793 1474 2860 1530 de
2913 1475 3067 1528 corde
3116 1490 3236 1542 suo,
3271 1487 3563 1531 converta-

1986 1574 2072 1619 tur
2097 1566 2164 1619 ad
2200 1567 2514 1634 Dominum,
2550 1582 2656 1621 non
2691 1566 2846 1634 quasi
2889 1566 2957 1620 ad
2983 1581 3203 1621 carnem
3252 1566 3562 1634 Dominum,

1982 1666 2068 1709 est
2088 1657 2230 1710 enim
2254 1669 2308 1710 et
2335 1657 2462 1725 hoc,
2484 1658 2609 1726 quia
2634 1678 2653 1710 ι
2673 1656 2913 1712 Verbum
2943 1674 3069 1712 caro
3086 1658 3284 1712 factum
3312 1669 3393 1714 est
3422 1660 3499 1727 '5;
3539 1678 3560 1714 ι

1985 1749 2079 1802 sed
2112 1750 2263 1818 quasi
2295 1750 2363 1805 ad
2402 1752 2656 1820 spiritum
2688 1752 2997 1805 Dominum.
3032 1752 3087 1807 Si
3130 1751 3275 1805 enim
3311 1752 3471 1820 quasi
3496 1753 3563 1807 ad

1983 1840 2232 1908 spiritum
2285 1841 2575 1895 Dominum
2613 1852 2988 1909 convertatur,
3032 1843 3097 1897 de
3145 1843 3456 1897 carnalibus
3495 1844 3563 1899 ad

1980 1929 2247 1998 spiritalia
2269 1931 2469 1997 veniet,
2496 1941 2550 1985 et
2578 1934 2646 1986 ad
2673 1933 2975 1987 libertatem
3002 1934 3067 1987 de
3095 1935 3357 1988 servitute
3386 1944 3564 1988 trans-

1982 2021 2082 2075 ibit
2113 2039 2127 2076 :
2169 2040 2188 2074 ι
2228 2021 2315 2076 ubi
2358 2041 2378 2073 ι
2413 2024 2555 2077 enim
2595 2042 2614 2074 ‹
2645 2025 2869 2092 spiritus
2918 2024 3163 2091 Domini,
3201 2025 3269 2078 ibi
3305 2034 3359 2080 et
3393 2025 3560 2079 liber-

1983 2120 2063 2164 tas
2095 2111 2160 2166 ⁸⁷.
2197 2131 2217 2164 ι
2250 2111 2316 2165 Ει
2363 2124 2422 2166 ιιι
2459 2114 2635 2168 adhuc
2681 2114 2985 2169 evidentius
3021 2114 3110 2168 liat
3159 2116 3302 2185 quod
3338 2116 3560 2180 dicitur,

1980 2212 2199 2257 utamur
2221 2212 2276 2258 et
2299 2204 2419 2259 aliis
2450 2205 2691 2274 Apostoli
2723 2205 2993 2261 sensibus.
3024 2206 3107 2261 Ad
3141 2208 3400 2275 quosdam
3432 2209 3562 2263 dicit

1978 2309 2116 2364 quos
2154 2305 2399 2349 senserat
2444 2296 2751 2366 incapaces,
2797 2299 2922 2368 quia
2986 2317 3003 2350 ι
3046 2300 3179 2353 nihil
3213 2300 3558 2369 mejudicavi

1977 2386 2123 2439 aliud
2157 2388 2300 2441 scire
2337 2387 2481 2441 inter
2511 2404 2626 2452 vos,
2661 2390 2767 2443 nisi
2794 2390 3068 2444 Christum
3095 2389 3301 2455 Jesum,
3334 2400 3389 2445 et
3417 2391 3561 2445 hunc

1978 2479 2298 2535 cruciﬁxum
2330 2480 2396 2533 ⁸⁸.
2440 2499 2458 2531 ι
2508 2481 2634 2535 Istis
2672 2481 2866 2536 talibus
2899 2499 3001 2535 non
3041 2483 3252 2536 diccbat
3286 2484 3410 2552 quia
3450 2484 3558 2538 Do—

1978 2574 2158 2629 minus
2188 2573 2413 2643 spiritus
2448 2582 2553 2638 est,
2605 2589 2704 2629 nec
2755 2576 2970 2629 dicebat
3014 2575 3094 2631 eis
3126 2576 3251 2644 quia
3304 2577 3560 2635 ChriStus

1979 2664 2072 2719 Dei
2103 2665 2489 2734 sapientia'est
2521 2665 2589 2719 ".
2627 2665 2742 2720 Non
2783 2668 3208 2736 enimpoterant
3253 2682 3554 2737 agnoscere

1977 2757 2256 2813 Christum
2282 2759 2581 2812 secundum
2607 2758 2709 2813 hoc
2746 2761 2890 2829 quod
2915 2760 3184 2829 sapientia
3217 2760 3309 2816 Dei
3333 2771 3437 2830 est,
3461 2762 3558 2819 sed

1977 2850 2273 2904 secundum
2308 2849 2413 2902 hoc
2443 2849 2585 2919 quod
2627 2850 2923 2904 cruciﬁxus
2971 2862 3075 2905 est.
3110 2851 3188 2905 ΙΙΙί
3228 2862 3406 2908 autem
3437 2856 3559 2924 qui-

1975 2942 2076 2996 bus
2112 2940 2328 2995 dicebat
2358 2938 2402 2970 '°
2427 2957 2440 2992 :
2484 2958 2502 2990 ι
2534 2938 2869 3008 Sapientiam
2894 2940 3173 3008 loquimur
3200 2940 3345 2995 inter
3373 2940 3555 3011 perfe-

1976 3040 2113 3095 ctos,
2147 3030 2474 3100 sapientiam
2523 3039 2705 3085 autem
2754 3046 2860 3084 non
2908 3031 3069 3098 hujus
3114 3031 3327 3098 saeculi,
3381 3049 3558 3103 neque

1975 3123 2281 3193 principum
2325 3121 2484 3190 hujus
2532 3121 2746 3187 mundi,
2785 3122 2877 3191 qui
2921 3123 3295 3190 destruuntur,
3333 3124 3426 3179 sed
3473 3125 3558 3180 lo-

1973 3214 2198 3284 quimur
2234 3213 2325 3268 Dei
2358 3213 2678 3282 sapientiam
2716 3212 2770 3266 in
2804 3216 3067 3285 mysterio
3097 3215 3507 3284 absconditam;
3531 3234 3552 3269 ι

1972 3319 2079 3361 non
2116 3305 2429 3374 indigebant
2451 3316 2508 3360 ut
2541 3304 2775 3360 Verbum
2804 3307 2895 3361 Dei
2922 3308 3217 3362 secundum
3250 3308 3350 3363 hoc
3376 3309 3553 3364 susci-

1972 3408 2182 3468 perent,
2216 3399 2356 3469 quod
2386 3414 2514 3454 caro
2561 3397 2762 3453 factum
2805 3408 2911 3464 eSt,
2945 3398 3038 3454 sed
3081 3397 3377 3454 secundum
3427 3400 3554 3468 hoc,

1971 3493 2113 3562 quod
2150 3495 2419 3560 sapientia
2451 3494 2504 3547 in
2537 3494 2801 3564 mysterio
2830 3494 3141 3548 abscondita
3167 3502 3271 3548 est.
3307 3492 3398 3548 Sic
3424 3509 3555 3564 ergo

1971 3596 2025 3640 et
2060 3587 2112 3640 in
2145 3588 2246 3640 hoc
2274 3587 2413 3654 loco,
2447 3587 2515 3642 iis
2547 3588 2636 3656 qui
2667 3588 2733 3642 de
2782 3586 2986 3641 carnali
3029 3588 3096 3641 ad
3139 3588 3440 3656 spiritalem
3474 3589 3556 3642 in-

1974 3680 2320 3750 telligentiam
2373 3678 2758 3749 provocamur,
2809 3680 3010 3733 dicitur
3044 3696 3058 3731 :
3096 3700 3118 3731 ‹
3152 3681 3415 3735 Dominus
3452 3695 3551 3733 au-

1974 3779 2079 3824 tem
2124 3770 2344 3839 spiritus
2376 3778 2498 3835 est;
2533 3770 2623 3825 ubi
2663 3780 2841 3823 autem
2875 3770 3097 3839 spiritus
3129 3770 3364 3836 Domini,
3401 3770 3472 3824 ibi
3498 3778 3553 3825 et

1971 3861 2213 3917 libertas.
2252 3881 2271 3915 ι
2304 3861 2375 3917 Ut
2400 3872 2581 3916 autem
2613 3864 2950 3926 ostenderet,
2981 3863 3105 3931 quia
3149 3862 3262 3931 ipse
3293 3864 3403 3932 jam
3432 3878 3555 3933 per-

1973 3955 2119 4009 venit
2151 3955 2219 4008 ad
2256 3954 2501 4007 scientiae
2534 3951 2870 4015 libertatem,
2901 3960 2956 4004 et
2985 3962 3181 4005 exutus
3209 3964 3287 4005 est
3318 3952 3383 4006 de
3410 3955 3556 4004 vela-

1971 4049 2133 4102 minis
2156 4047 2442 4111 servitute,
2472 4045 2623 4100 addit
2654 4045 2758 4112 his,
2788 4053 2844 4099 et
2871 4043 3006 4099 dicit
3033 4044 3075 4075 ⁶¹
3116 4062 3130 4099 :
3165 4061 3185 4094 ι
3232 4045 3337 4098 Nos
3373 4053 3552 4098 autem

1970 4154 2178 4203 omnes,
2204 4138 2440 4193 revelata
2466 4136 2625 4202 facie,
2647 4137 2872 4208 gloriam
2897 4135 3108 4190 Domini
3136 4135 3494 4205 speculantes.
3528 4151 3551 4188 ι

1972 4231 2028 4288 Si
2060 4245 2187 4301 ergo
2224 4239 2279 4286 et
2307 4245 2407 4285 nos
2440 4229 2731 4284 Dominum
2782 4229 3160 4298 deprecemur,
3208 4239 3266 4282 ut
3303 4227 3552 4281 velamen

1971 4325 2037 4379 de
2068 4324 2232 4379 corde
2268 4332 2462 4377 nostro
2492 4321 2741 4390 dignetur
2769 4320 3007 4386 auferre,
3040 4334 3234 4389 capere
3266 4332 3553 4386 possumus

298 4406 445 4498 lin—de
473 4406 784 4498 ostenditur
809 4452 914 4490 non
940 4406 1114 4489 solum
1150 4406 1388 4487 stud—ium
1420 4427 1575 4482 nobis
1607 4424 1869 4479 adhiben-
1900 4406 1944 4460 Ῑ)
1975 4418 2389 4489 intelligentiam
2421 4415 2747 4487 spiritalem,
2780 4415 2827 4469 si
2863 4423 3040 4469 tamen
3072 4421 3453 4467 convertamur
3484 4411 3552 4466 ad

297 4536 413 4591 dum
461 4548 587 4590 esse
634 4532 701 4587 ad
742 4528 1029 4585 discendas
1066 4526 1279 4580 litteras
1326 4533 1534 4584 sacras,
1576 4532 1763 4572 verum
1813 4525 1868 4570 et

296 4627 699 4700 supplicandum
739 4622 987 4689 Domino,
1023 4629 1080 4673 et
1108 4616 1298 4673 diebus
1329 4628 1394 4669 ac
1422 4610 1670 4667 noctibus
1702 4608 1869 4663 obse-

298 4722 581 4778 crantium,
619 4730 676 4771 ut
704 4716 887 4770 veniat
938 4715 1121 4781 Agnus
1178 4725 1246 4764 ex
1291 4708 1437 4761 tribu
1470 4702 1629 4770 Juda,
1658 4708 1712 4756 et
1752 4701 1867 4768 ipse

299 4816 571 4886 accipiens
604 4812 798 4866 librum
831 4809 1101 4878 signatum
1156 4802 1412 4872 dignetur
1462 4795 1693 4866 aperire.
1749 4790 1867 4862 Ipse

297 4919 374 4966 est
402 4885 551 4963 enim
578 4905 669 4974 qui
696 4903 1012 4972 Scriptores
1052 4894 1393 4963 adaperiens,
1428 4888 1676 4945 accendit
1701 4885 1864 4940 corda

298 5001 707 5073 discipulorum,
736 4996 809 5050 ita
836 5004 893 5047 ut
915 4992 1096 5047 dicant
1119 4988 1165 5020 ⁵³
1193 5008 1205 5042 :
1237 5004 1257 5038 ι
1288 4984 1475 5039 Nonne
1499 4997 1593 5036 cor
1622 4990 1865 5034 nostrum

298 5106 409 5153 erat
440 5095 643 5150 ardens
671 5093 811 5146 intra
842 5102 963 5149 nos,
997 5097 1119 5138 cum
1153 5079 1390 5150 aperiret
1423 5075 1581 5130 nobis
1618 5073 1865 5142 Scriptun

301 5193 421 5249 ras?
449 5211 469 5243 ι
509 5189 632 5260 lpse
661 5201 792 5256 ergo
817 5183 979 5237 etiam
1010 5191 1158 5233 nunc
1190 5173 1348 5229 nobis
1374 5170 1588 5241 aperire
1619 5169 1869 5260 dignetur

298 5285 422 5355 quid
447 5258 701 5351 estquod
730 5274 991 5346 Apostolo
1016 5286 1114 5328 suo
1142 5265 1430 5336 inspiravit
1460 5272 1516 5315 ut
1544 5258 1864 5355 diceret“:

304 5351 329 5429 ζ
358 5377 624 5432 Dominus
650 5380 834 5426 autem
871 5368 1096 5438 spiritus
1130 5371 1236 5425 est,
1286 5358 1378 5413 ubi
1413 5366 1593 5410 autem
1646 5351 1869 5421 spiritus

305 5469 538 5533 Domini,
577 5465 653 5521 ibi
699 5464 945 5519 libertas.
980 5477 1000 5511 ι
1046 5457 1160 5528 Ego
1205 5452 1423 5524 quidem
1467 5455 1727 5517 quantum
1771 5458 1870 5514 pro

361 5585 410 5617 ις
440 5584 600 5639 ιοδη,
633 5595 748 5644 νιιι,
798 5576 889 5631 56.
963 5574 1010 5605 ”
1040 5571 1196 5644 Deut.
1251 5562 1572 5644 xvnt,_15.__
1605 5561 1660 5644 ξι
1692 5558 1887 5644 Μειιιὶιἒ
1911 5558 2150 5644 .xvn,"5.

963 5645 1009 5676 ⁸⁸
1042 5642 1084 5695 ll
1108 5642 1236 5696 Cor.
1261 5654 1313 5700 v,
1365 5637 1453 5691 16.
1527 5634 1573 5667 ⁸⁸
1598 5631 1756 5689 Joan.
1793 5645 1830 5698 t,
1866 5629 1952 5686 ll.

303 5655 417 5711 “ll
462 5657 591 5710 Cor.
653 5667 738 5715 ιιι.
798 5649 884 5702 l7.

301 5706 417 5784 24."
460 5706 675 5780 “Vibid.
702 5706 779 5789 vi,
812 5720 866 5773 7.
946 5718 989 5749 ει
1021 5712 1064 5768 ιι
1093 5713 1216 5768 Cor.
1246 5725 1326 5776 nt,
1356 5706 1441 5763 l8.

1975 4512 2285 4575 Dominum,
2331 4518 2385 4565 et
2422 4509 2728 4563 libertatem
2770 4505 3015 4561 scientia:
3047 4504 3409 4574 requiramus.
3445 4500 3553 4556 Sed

1974 4604 2246 4675 quomodo
2271 4602 2518 4657 invenire
2547 4614 2836 4671 possumus
2876 4598 3208 4662 libertatem,
3246 4595 3334 4666 qui
3374 4595 3553 4651 servi-

1975 4714 2095 4753 mus
2133 4695 2353 4761 satculo,
2401 4694 2494 4763 qui
2537 4694 2807 4747 servimus
2842 4689 3112 4760 pecunias,
3160 4689 3252 4757 qui
3282 4688 3552 4742 servimus

1968 4789 2251 4845 desideriis
2273 4786 2488 4842 carnis?
2527 4786 2639 4856 Ego
2671 4785 2934 4854 meipsum
2979 4782 3235 4850 corripio,
3282 4780 3549 4850 meipsum

1962 4881 2169 4949 judico,
2197 4892 2296 4948 ego
2318 4892 2466 4933 meas
2491 4876 2674 4948 culpas
2699 4890 2891 4945 arguo,
2923 4872 3154 4928 viderint
3176 4872 3268 4942 qui
3295 4872 3551 4939 audiunt,

1970 4974 2099 5043 quid
2154 4972 2220 5028 de
2272 4971 2576 5040 semetipsis
2638 4968 2901 5023 sentiant.
2979 4966 3093 5037 Ego
3147 4964 3369 5020 interim
3428 4963 3552 5019 dico

1969 5065 2136 5137 quod,
2174 5065 2345 5120 donec
2376 5062 2533 5117 alicui
2567 5063 2760 5115 horum
2791 5059 3065 5125 deservio,
3114 5071 3219 5113 non
3252 5071 3374 5112 sum
3413 5071 3518 5112 con

1970 5175 2161 5214 versus
2210 5161 2276 5213 ad
2309 5157 2618 5219 Dominum,
2678 5169 2778 5209 nec
2833 5154 3000 5210 ullam
3047 5160 3377 5207 consecutus
3427 5164 3548 5205 sum

1973 5253 2277 5309 libertatem
2314 5252 2487 5306 donec
2521 5247 2649 5302 talia
2681 5263 2769 5304 me
2799 5248 3013 5318 negotia
3048 5253 3106 5299 et
3153 5242 3553 5299 sollicitudines

1971 5347 2268 5417 stringunt.
2301 5345 2448 5399 Illius
2473 5359 2502 5397 a
2532 5359 2638 5414 quo
2666 5343 3011 5411 constringor
3039 5338 3236 5410 negatii
3273 5345 3330 5390 et
3355 5335 3528 5389 sollici

1974 5440 2181 5496 tudinis
2209 5452 2398 5495 servus
2429 5451 2570 5491 sum.
2611 5435 2737 5490 Scio
2776 5434 2920 5488 enim
2953 5432 3214 5498 scriptum
3243 5443 3386 5494 esse,
3418 5426 3547 5495 quia

2242 5551 2356 5605 "ll
2389 5551 2515 5607 Cor.
2578 5566 2658 5617 ιιι,
2712 5549 2797 5607 l6.
2850 5548 2935 5601 l7.
3008 5544 3055 5577 ⁵³
3084 5542 3421 5617 lfuc._‘x_va,
3455 5535 3545 5593 32.

2062 5609 2177 5681 ⁸⁷⁷11
2223 5625 2352 5680 Cor.
2403 5637 2485 5689 ιιι,
2530 5609 2656 5676 Π.’
2697 5619 2785 5676 ⁵⁸1
2814 5619 2939 5675 Cor.
2981 5632 3043 5685 ll,
3096 5614 3150 5670 2.
3223 5609 3474 5668 ’θιεοα
3511 5636 3554 5688 ι,
