4024 6146
269 249 357 307 εει

1464 241 1533 298 ΙΝ
1557 235 1853 296 ΈΧΟΒΠΜ
1887 233 2169 291 HOMILIA
2206 232 2341 289 XIII.

3405 231 3544 290 59οη

271 391 290 424 ι
319 368 494 440 prope
534 375 622 423 est
653 367 880 423 verbum
917 361 974 420 in
1018 378 1114 420 ore
1145 372 1263 428 tuo,
1290 363 1439 434 quia,
1473 362 1518 418 si
1563 359 1847 416 confessus
1874 361 1918 417 Α
1951 369 2069 423 quae
2114 355 2223 408 sint
2255 351 2408 407 initia
2459 351 2577 406 auri
2607 389 2624 415 ,
2659 349 2744 406 vel
2794 364 2916 419 qum
2959 350 3211 421 primitiae
3259 343 3515 422 argenti?

265 463 427 520 fueris
453 462 509 516 in
545 476 645 516 ore
677 469 770 516 tuo
808 461 1092 520 Dominum
1121 457 1305 515 Jesum
1330 499 1345 522 ,
1377 463 1435 510 et
1464 453 1760 510 credideris
1786 450 1840 507 in

264 555 421 610 corde
449 562 550 608 tuo
577 595 594 620 ,
625 553 771 623 quod
815 554 958 608 Deus
996 552 1143 605 ilium
1179 549 1463 605 suscitavit
1508 563 1536 600 a
1569 545 1802 600 mortuis
1825 582 1841 608 ,

261 647 442 701 salvus
482 646 620 702 eris.
651 664 668 697 ι
725 644 782 700 Si
817 660 948 714 ergo
978 643 1278 700 credideris
1312 641 1366 694 in
1401 640 1569 694 corde
1603 649 1715 702 tuo,
1749 651 1844 690 cor

263 751 414 791 tuum
443 779 460 802 ,
495 747 554 792 et
607 752 802 792 sensus
838 748 962 791 tuus
1004 751 1196 790 aurum
1231 741 1334 788 est.
1367 730 1620 789 Obtulisti
1678 728 1846 798 igitur

259 845 457 884 aurum
491 830 559 883 ad
591 830 1025 895 tabernaculum,
1063 828 1114 882 id
1145 835 1229 882 est
1255 825 1412 880 fidem
1444 823 1624 878 cordis
1654 821 1752 874 tui.
1784 817 1842 872 Si

261 933 400 972 vero
431 917 724 974 confessus
755 918 947 982 fueris,
983 931 1286 971 sermonem
1324 912 1596 976 obtulisti,
1630 925 1842 965 sermo-

260 1028 392 1066 nem
423 1012 790 1068 confessionis
818 1020 1122 1081 argentum.
1150 1009 1358 1063 Idcirco
1384 1022 1514 1076 ergo
1542 1007 1672 1060 dicit
1702 1005 1844 1074 Moy-

259 1120 350 1160 ses
391 1108 482 1174 qui
519 1116 608 1161 est
651 1105 736 1158 lex
765 1104 1064 1175 spiritalis,
1106 1121 1125 1155 ι
1158 1103 1355 1157 sumite
1390 1116 1419 1154 a
1451 1099 1605 1154 vobis
1632 1099 1782 1168 ipsis.
1819 1115 1839 1149 ι

259 1197 398 1253 Haec
427 1213 456 1253 a
483 1206 536 1252 te
567 1197 685 1267 ipso
706 1198 896 1264 sumis,
928 1197 1044 1251 haec
1071 1197 1213 1249 intra
1243 1204 1293 1249 te
1317 1203 1466 1257 sunt,
1490 1191 1604 1246 hate
1629 1188 1844 1244 etiamsi

259 1291 448 1344 nudus
474 1292 570 1355 sis,
602 1291 802 1344 habere
825 1297 1001 1358 potes.
1029 1288 1137 1343 Sed
1162 1297 1217 1342 et
1236 1288 1379 1357 quod
1405 1285 1632 1346 addidit,
1652 1297 1850 1337 umus—

258 1383 504 1452 qnisque
535 1381 682 1437 sicut
723 1381 976 1451 concepit
1015 1379 1200 1444 corde,
1248 1399 1266 1432 ι
1307 1381 1409 1434 huc
1444 1378 1684 1447 reSpicit.
1731 1375 1844 1430 Non

258 1475 416 1528 enim
445 1476 654 1544 poteris
686 1473 891 1543 aliquid
941 1475 1007 1528 de
1040 1488 1200 1529 sensu
1239 1480 1330 1526 tuo
1364 1470 1561 1526 offerre
1595 1469 1732 1534 Deo,
1761 1467 1849 1522 vel

260 1565 336 1619 de
368 1565 537 1620 verbo
575 1573 709 1631 tuo,
759 1564 862 1618 nisi
898 1564 1050 1632 prius
1094 1578 1216 1632 quae
1250 1562 1449 1629 scripta
1505 1569 1635 1614 sunt
1683 1563 1848 1613 corde

263 1656 616 1724 conceperis,
652 1655 753 1710 nisi
789 1656 1033 1710 intentus
1057 1654 1244 1719 fueris,
1277 1663 1331 1708 et
1353 1653 1637 1722 diligenter
1664 1651 1847 1704 audie-

265 1749 372 1815 ris,
394 1763 504 1801 non
531 1755 714 1817 potest
753 1762 944 1800 aurum
974 1755 1124 1800 tuum
1154 1745 1436 1814 probatum
1464 1757 1601 1806 esse,
1633 1757 1734 1796 nec
1761 1756 1848 1795 ar-

264 1847 532 1908 gentum:
586 1838 882 1905 requiritur
931 1838 1074 1892 enim
1128 1846 1190 1890 ut
1242 1838 1532 1906 probatum
1567 1835 1656 1892 sit.
1709 1835 1848 1889 Audi

269 1928 610 1997 Scripturam
641 1927 913 1982 dicentem
943 1927 1024 1980 τοι
1065 1946 1082 1978 ι
1106 1927 1332 1996 Eloquia
1367 1925 1605 1989 Domini,
1633 1925 1849 1994 eloquia

270 2029 446 2084 casta,
481 2027 765 2086 argentum
813 2018 935 2088 igne
967 2019 1296 2088 probatum,
1331 2025 1618 2088 purgatum
1660 2026 1850 2086 septu-

271 2111 440 2182 plum.
475 2129 493 2162 ι
532 2110 592 2164 Si
627 2125 756 2179 ergo
786 2125 905 2180 qua:
935 2111 1138 2180 scripta
1169 2118 1294 2164 sunt
1321 2112 1482 2166 corde
1511 2111 1848 2178 conceperis,

276 2204 378 2258 erit
403 2218 601 2257 aurum
635 2213 809 2265 tuum.
838 2202 890 2256 id
919 2210 1004 2256 est
1054 2217 1246 2258 sensus
1276 2213 1398 2258 tuus
1419 2205 1642 2274 probus,
1674 2211 1730 2258 et
1759 2218 1852 2256 ar-

275 2306 492 2366 gentum
525 2305 700 2362 tuum,
729 2295 820 2364 qui
849 2304 930 2350 est
958 2310 1136 2350 sermo
1172 2305 1311 2362 tuus,
1355 2297 1516 2368 176
1544 2296 1850 2366 probatum.

276 2389 414 2455 Quid
445 2389 610 2444 etiam
644 2389 710 2442 de
734 2403 844 2443 aere
875 2387 1152 2442 dicemus?
1179 2403 1317 2456 opus
1345 2399 1425 2443 est
1453 2397 1508 2442 et
1531 2403 1637 2444 tere
1665 2389 1730 2443 ad
1765 2397 1850 2442 ta-

278 2477 552 2533 bernaculi
587 2478 1074 2533 constructionem.
1118 2478 1345 2533 Videtur
1377 2479 1592 2549 quidem
1629 2495 1703 2533 res
1752 2493 1851 2548 pro

276 2570 597 2625 fortitudine
643 2570 886 2638 suscipi,
915 2581 970 2626 et
1003 2569 1125 2624 loco
1159 2569 1284 2639 poni
1317 2585 1482 2640 posse
1521 2569 1853 2624 fortitudinis

275 2672 328 2716 et
361 2664 720 2718 constantiae:
750 2663 842 2718 sed
877 2678 945 2717 ne
975 2662 1098 2728 quis
1127 2662 1293 2725 dicat,
1325 2661 1438 2716 Hoc
1461 2662 1707 2716 divinare
1739 2675 1854 2714 ma-

277 2753 359 2822 gis
397 2763 482 2808 est
509 2767 680 2822 quam
707 2752 1003 2823 explanare
1023 2793 1036 2816 ,
1070 2751 1158 2806 ubi
1199 2753 1340 2822 quod
1382 2752 1579 2808 dicitur
1600 2792 1615 2817 ,
1653 2729 1766 2806 non
1787 2750 1854 2806 de

278 2843 682 2914 Scripturarum
708 2845 1030 2900 auctoritate
1055 2847 1316 2910 munitur,
1349 2855 1478 2914 puto
1501 2858 1631 2914 ergo
1659 2858 1731 2898 tes
1760 2858 1852 2898 ac-

279 2933 381 3002 cipi
414 2948 577 3004 posse
618 2948 720 3004 pro
749 2947 904 2988 voce.
937 2934 1096 2988 Aliud
1151 2935 1296 2988 enim
1327 2943 1411 2988 est
1441 2948 1622 2988 sermo
1646 2973 1662 2998 ,
1705 2932 1853 2988 aliud

281 3040 402 3080 vox.
457 3024 654 3080 Sermo
707 3025 907 3080 dicitur
941 3025 1155 3094 loquela
1199 3025 1395 3080 rationi
1432 3024 1684 3080 subnixa.
1737 3025 1852 3080 Vox
1881 3033 1924 3092 ο

281 3131 408 3172 vero
435 3127 543 3178 est,
566 3117 720 3171 verbi
749 3131 936 3181 causa,
957 3118 1000 3172 si
1018 3116 1229 3182 Latine,
1263 3119 1305 3172 si
1340 3117 1526 3172 Greece
1543 3119 1779 3182 dicatur,
1807 3118 1854 3172 si

280 3208 540 3263 elevatius
575 3248 590 3272 ,
641 3208 686 3262 si
739 3209 1002 3277 pressius.
1046 3209 1152 3264 Sed
1209 3211 1322 3264 haec
1355 3211 1668 3265 necessario
1700 3219 1757 3264 ut
1789 3211 1855 3265 de

283 3299 583 3371 Scripturis
637 3300 973 3371 probemus,
1029 3301 1284 3370 exigitis.
1319 3303 1472 3357 “Audi
1528 3302 1658 3372 quid
1709 3303 1857 3356 dicat

283 3388 568 3457 Apostolus
600 3389 681 3441 “z
723 3405 742 3439 ι
780 3385 835 3441 Si
871 3387 1068 3458 linguis
1117 3391 1398 3445 hominum
1432 3391 1626 3459 loquar
1671 3401 1726 3445 et
1756 3407 1855 3444 an-

282 3479 545 3545 gelorum,
569 3479 890 3534 charitatem
916 3488 1093 3533 autem
1120 3496 1226 3536 non
1249 3483 1504 3547 habeam,
1535 3482 1715 3537 factus
1739 3497 1854 3537 sum

282 3580 340 3624 ut
368 3580 728 3625 atramentum
763 3586 964 3627 sonans
991 3613 1007 3639 ,
1057 3583 1152 3627 aut
1201 3574 1506 3645 cymbalum
1543 3575 1796 3629 tinniens.
1835 3591 1853 3626 ι

282 3662 358 3718 Ita
379 3677 512 3732 ergo
538 3665 682 3733 loqui
709 3664 926 3735 linguis,
950 3677 1004 3721 et
1029 3668 1369 3736 interpretari
1391 3682 1457 3721 ex
1485 3666 1590 3721 alia
1618 3667 1669 3721 in
1695 3667 1856 3721 aliam

283 3753 520 3826 linguam
543 3796 558 3820 ,
586 3756 712 3810 aeris
743 3756 945 3812 oblatio
974 3766 1078 3816 est.
1111 3757 1342 3812 Necesse
1374 3768 1460 3812 est
1496 3761 1642 3812 enim
1673 3757 1858 3812 omnia

285 3845 488 3901 habere
519 3848 930 3902 tabernaculum
962 3848 1055 3904 Dei
1085 3888 1101 3914 ,
1145 3859 1198 3905 et
1229 3849 1366 3904 nihil
1396 3852 1583 3904 deesse
1613 3851 1666 3904 in
1699 3849 1860 3904 domo

283 3936 521 3991 Domini.
563 3939 659 3993 Est
690 3941 891 4010 igitur,
943 3948 1004 3994 ut
1030 3941 1290 4006 diximus,
1329 3941 1454 3996 aeris
1500 3941 1703 3996 oblatio
1731 3956 1857 3996 vox.

284 4025 399 4084 Vox
433 4041 619 4085 autem
646 4043 732 4087 est
757 4049 878 4102 qua:
910 4033 1134 4088 alterius
1179 4049 1400 4090 sensum
1429 4035 1481 4088 in
1507 4035 1732 4089 alteram
1760 4036 1862 4088 liu-

286 4137 446 4190 guam
480 4124 663 4178 vertit.
697 4123 888 4180 Sermo
920 4140 1052 4180 vero
1081 4135 1184 4190 est,
1220 4127 1311 4195 qui
1341 4141 1557 4180 sensum
1583 4129 1860 4196 proprium

287 4212 502 4283 profert
528 4214 663 4288 (86).
696 4215 890 4274 Omnia
918 4233 1049 4288 ergo
1073 4217 1373 4274 offerantur
1403 4218 1535 4285 Deo,
1565 4229 1622 4274 et
1646 4234 1860 4287 sensus,

286 4319 342 4364 et
369 4320 577 4374 sermo,
604 4317 661 4363 et
687 4323 812 4363 vox.

355 4397 411 4456 3.
441 4398 586 4465 Quid
617 4398 685 4452 de
712 4400 922 4455 caeteris
962 4399 1238 4456 dicemus?
1268 4400 1428 4455 Multa
1457 4411 1584 4457 sunt
1608 4403 1775 4466 enim,
1806 4411 1859 4457 et
1891 4409 1934 4462 D

290 4489 503 4560 singula
527 4491 797 4546 discutere
820 4509 956 4562 opus
979 4505 1064 4548 est
1092 4493 1304 4564 ingens.
1324 4493 1666 4564 Verum'quid
1693 4497 1860 4564 prod-

290 4583 417 4647 erit,
457 4593 519 4636 ut
552 4593 741 4639 nostro
771 4585 986 4653 quidem
1019 4587 1221 4657 ingenti
1249 4586 1431 4640 labore
1476 4587 1762 4651 dicantur,
1794 4589 1862 4643 ab

290 4675 573 4741 occupatis
601 4689 732 4728 vero
760 4676 1118 4742 auditoribus,
1147 4686 1202 4730 et
1235 4677 1319 4732 vix
1355 4677 1516 4732 unius
1548 4681 1698 4732 hora:
1725 4694 1865 4748 puu-

291 4770 379 4816 cto
416 4765 590 4819 verbo
617 4763 710 4818 Dei
743 4766 1122 4820 assistentibus
1153 4775 1505 4834 Spernantur,
1529 4775 1583 4820 et
1613 4769 1866 4836 pereant?

297 4869 319 4906 ι
340 4853 452 4910 Nisi
481 4855 625 4909 enim
655 4857 909 4911 Dominus
933 4857 1281 4910 aedificaverit
1308 4859 1548 4919 domum.
1583 4860 1637 4914 in
1667 4875 1864 4914 vanum

292 4953 676 5009 laboraverunt
709 4955 802 5024 qui
820 4951 1110 5009 ‘azdiﬁcant
1151 4967 1270 5007 eam
1308 4954 1373 5008 τ’.
1423 4971 1443 5005 ι
1493 4955 1873 5010 Verumtamen

294 5062 417 5107 nos.
443 5056 503 5100 ut
525 5061 689 5116 supra
710 5047 912 5101 dictum
935 5054 1040 5109 est,
1064 5045 1327 5100 tradimus
1350 5047 1417 5101 ad
1436 5062 1678 5102 mensam
1706 5063 1873 5118 pecu-

295 5138 442 5192 niam
480 5137 715 5200 Domini,
740 5137 920 5192 videat
955 5135 1099 5190 enim
1140 5136 1508 5206 unusquisque
1544 5138 1872 5204 auditorum,

297 5229 570 5301 quomodo
607 5229 862 5297 suscipiat
909 5242 1029 5296 quat
1077 5226 1382 5281 traduntur.
1444 5245 1462 5277 ι
1495 5225 1875 5296 Unusquisque

299 5330 476 5374 autem
509 5361 524 5384 ,
577 5318 752 5400 inquit
802 5319 849 5350 ⁷³
877 5359 892 5384 ,
941 5327 1185 5372 nostrum
1214 5359 1227 5380 ,
1272 5317 1412 5372 sicut
1465 5318 1626 5372 corde
1676 5333 1874 5373 conce-

295 5413 393 5484 pit,
417 5413 610 5469 oﬂ'erat
637 5413 785 5468 initia
812 5413 1056 5468 Domino.
1078 5431 1098 5466 ι
1133 5411 1288 5480 Quod
1311 5409 1448 5464 dixit
1471 5407 1650 5471 initia,
1680 5421 1864 5474 quaero

399 5551 445 5583 "°
479 5550 620 5606 Psal.
657 5564 760 5616 xu,
790 5549 846 5609 6.
917 5549 963 5581 ⁷¹
996 5547 1168 5606 ICor.
1197 5563 1318 5615 xm,
1350 5546 1404 5602 1.

372 5686 486 5759 (86)
519 5687 677 5756 Mss.,
711 5706 729 5740 ι
758 5688 984 5759 profert,
1022 5686 1235 5760 ﬁaliss,
1273 5704 1292 5738 ι
1324 5683 1512 5742 refert.
1545 5701 1564 5736 ι

1476 5547 1523 5578 ⁷³
1545 5543 1692 5600 Psal.
1723 5557 1906 5614 cxxvt,
1943 5547 1994 5601 l.

1940 445 2220 513 Quomodo
2251 453 2431 497 autem
2463 442 2530 496 de
2563 456 2748 506 cocco,
2787 452 2837 496 et
2874 459 3130 511 purpura,
3165 451 3217 495 et
3249 442 3407 514 bysso
3435 444 3516 498 vi-

1945 540 2139 592 dentur
2171 535 2404 590 conferri
2439 533 2723 602 primitiae?
2748 535 2852 587 Aut
2879 534 3152 599 quomodo
3179 535 3322 588 sicut
3352 536 3516 589 corde
3571 527 3580 537 ’

1944 629 2253 697 conceperit
2284 629 2405 696 quis
2453 625 2655 681 oll'ert?
2692 624 2803 678 Hoc
2847 624 2958 691 jam
3001 626 3241 694 singulos
3274 636 3511 680 nostrum

1945 718 2146 788 pulsat,
2183 719 2459 771 videamus
2489 718 2646 771 simul
2685 730 2740 772 et
2770 718 3038 786 quomodo
3069 719 3230 773 corde
3261 718 3514 786 concepi-

1946 825 2086 864 mus.
2129 809 2323 875 Quanti
2365 810 2524 862 modo
2555 810 2644 863 hic
2678 820 2971 877 praesentes
3004 825 3217 872 sumus,
3251 819 3301 864 et
3339 822 3519 863 sermo

1946 904 2040 958 Dei
2072 901 2374 957 tractatur?
2403 900 2542 956 Sunt
2571 902 2661 970 qui
2691 902 3008 971 concipiunt
3035 902 3200 956 corde
3229 916 3349 970 quae
3381 901 3516 954 lecta

1945 1004 2090 1060 sunt,
2129 1001 2254 1048 sunt
2284 990 2375 1059 qui
2408 992 2635 1046 omnino
2671 1005 2777 1043 non
2815 991 3152 1059 concipiunt,
3177 1005 3294 1059 quae
3325 991 3518 1044 dicun-

1949 1094 2058 1152 tur,
2102 1091 2196 1141 sed
2231 1095 2314 1143 est
2345 1101 2496 1140 mens
2529 1099 2716 1138 eorum
2745 1093 2799 1137 et
2830 1098 2922 1137 cor
2956 1090 3050 1135 aut
3085 1083 3134 1134 in
3166 1082 3398 1151 negotiis
3427 1090 3519 1136 aut

1948 1179 2001 1233 in
2051 1179 2263 1233 actibus
2317 1177 2541 1239 saeculi,
2579 1184 2671 1228 aut
2731 1173 3204 1244 supputationibus
3248 1173 3424 1226 lucri:
3464 1183 3519 1228 et

1947 1271 2220 1339 praecipue
2243 1267 2519 1329 mulieres,
2542 1265 2809 1335 quomodo
2831 1271 2988 1332 putas
3011 1264 3172 1317 corde
3187 1264 3519 1331 concipiunt,

1949 1377 2070 1432 quae
2103 1369 2307 1417 tantum
2345 1361 2624 1430 garriunt,
2658 1372 2777 1427 qum
2812 1365 3019 1409 tantum
3069 1355 3263 1409 fabulis
3307 1355 3521 1410 obstre-

1949 1461 2082 1518 punt
2106 1491 2120 1515 ,
2156 1461 2214 1505 ut
2247 1467 2352 1505 non
2398 1452 2582 1505 sinant
2623 1463 2742 1502 esse
2785 1447 3106 1501 silentium?
3140 1446 3257 1500 Jant
3293 1448 3420 1516 quid
3456 1449 3522 1501 de

1950 1546 2128 1593 mente
2158 1554 2370 1600 earum,
2401 1538 2527 1606 quid
2553 1539 2617 1591 de
2647 1536 2808 1590 c’orde
2836 1537 3144 1595 discutiam.
3173 1535 3218 1589 si
3250 1537 3316 1590 de
3347 1535 3524 1589 infau-

1951 1632 2095 1686 tibus
2128 1631 2260 1695 suis,
2299 1641 2391 1684 aut
2421 1629 2486 1683 de
2521 1629 2642 1682 lana
2677 1627 2939 1695 cogitent,
2978 1636 3074 1680 aut
3104 1627 3171 1682 de
3200 1627 3523 1682 necessariis

1877 1699 1920 1753 B
1951 1723 2188 1778 domus?
2225 1721 2426 1776 Vereor
2457 1721 2632 1788 magis
2669 1733 2736 1774 ne
2780 1729 3082 1787 sequantur
3115 1716 3263 1781 illas,
3300 1717 3366 1771 de
3400 1718 3522 1786 qui-

1948 1816 2051 1873 bus
2079 1815 2211 1870 dicit
2239 1812 2527 1882 Apostolus
2553 1812 2638 1866 ":
2686 1829 2704 1860 ι
2729 1811 2858 1876 Quae
2881 1809 3096 1863 discunt
3122 1808 3405 1863 circumire
3430 1809 3526 1863 do-

1950 1923 2087 1971 mos,
2118 1924 2222 1961 non
2255 1907 2428 1960 solum
2458 1905 2720 1966 verbosae,
2753 1903 2846 1956 sed
2877 1911 2931 1955 et
2960 1901 3212 1963 curiosae,
3244 1900 3522 1969 loquente:

1951 2013 2072 2068 quae
2105 2014 2210 2052 non
2241 2006 2479 2066 oportet.
2510 2014 2528 2047 ι
2566 1995 2848 2061 Quomodo
2878 2009 3010 2063 ergo
3046 1993 3161 2047 ista:
3191 1993 3326 2048 tales
3361 1992 3526 2047 corde

1951 2091 2309 2161 concipiunt?
2357 2089 2472 2142 Non
2521 2089 2800 2156 concipiet
2848 2088 3011 2141 corde
3046 2085 3169 2154 quis
3219 2084 3322 2139 nisi
3370 2094 3527 2138 vacet

1953 2185 2116 2238 corde
2143 2223 2157 2246 ,
2189 2181 2289 2235 nisi
2329 2181 2398 2235 sit
2432 2189 2610 2233 mente
2645 2179 2780 2234 liber
2818 2189 2872 2232 ct
2911 2186 3055 2230 totus
3101 2178 3343 2230 intentus
3366 2215 3381 2241 ,
3419 2176 3524 2228 nisi

1953 2273 2115 2330 corde
2144 2272 2349 2342 vigilet,
2389 2287 2493 2326 non
2522 2279 2699 2339 potest
2721 2269 2887 2324 corde
2917 2268 3225 2336 concipere,
3250 2274 3303 2322 et
3333 2265 3528 2322 offerre

1953 2371 2093 2421 dona
2131 2363 2259 2418 Deo.
2295 2363 2448 2430 Quod
2494 2362 2540 2418 si
2592 2362 2857 2416 hactenus
2907 2359 3247 2429 negleximus
3272 2400 3286 2425 ,
3327 2373 3392 2412 ex
3424 2359 3527 2412 hoe

1954 2455 2147 2512 saltem
2184 2455 2505 2508 attentiores
2544 2453 2736 2520 simus,
2780 2463 2835 2506 et
2880 2451 3108 2506 sollicite
3139 2449 3479 2504 intendamus
3507 2487 3526 2513 ,

1954 2557 2012 2602 ut
2041 2545 2310 2616 possimus
2338 2553 2517 2598 mente
2557 2543 2871 2610 concipere.
2895 2539 3107 2594 Justum
3135 2546 3220 2592 est
3262 2536 3430 2600 enim,
3470 2547 3529 2588 ut

1954 2639 2006 2692 in
2047 2634 2398 2690 tabernaculo
2429 2633 2642 2688 Domini
2686 2633 2994 2688 inveniatur
3025 2627 3396 2697 unusquisque
3431 2628 3531 2681 ha-

1954 2727 2086 2781 bere
2120 2727 2420 2795 portionem
2451 2739 2628 2778 suam.
2669 2722 2785 2777 Non
2819 2723 2962 2776 enim
2993 2719 3125 2774 latet
3161 2717 3328 2773 Deum
3361 2732 3531 2772 unus-

1954 2817 2181 2886 quisque
2226 2817 2354 2885 quid
2389 2816 2437 2870 ei
2475 2812 2684 2869 oﬂ'erat.
2717 2813 2888 2879 Quam
2929 2811 3224 2880 gloriosum
3280 2809 3375 2865 tibi
3405 2819 3530 2874 est,

1954 2908 1999 2962 si
2047 2908 2259 2962 dicatur
2314 2908 2367 2962 in
2429 2906 2777 2962 tabernaculo
2811 2905 3066 2959 Domini:
3102 2900 3305 2957 Aurum
3360 2903 3530 2970 istud,

1957 2997 2108 3054 verbi
2142 3012 2308 3052 causa
2334 3036 2349 3062 ,
2383 3011 2491 3065 quo
2523 3009 2650 3049 arca
2704 2994 3011 3049 testamenti
3046 2991 3349 3060 obtegitur,
3387 2992 3532 3046 illius

1957 3098 2078 3153 est;
2107 3096 2388 3157 argentum
2411 3100 2477 3139 ex
2504 3100 2613 3155 quo
2640 3083 2800 3140 bases
2846 3093 2899 3139 et
2919 3084 3182 3140 columnat
3201 3092 3348 3147 sunt,
3380 3083 3524 3136 illius

1955 3189 2064 3246 est;
2097 3194 2170 3233 aes
2196 3178 2263 3232 de
2284 3192 2391 3247 quo
2420 3176 2627 3242 annuli,
2661 3185 2717 3230 et
2746 3176 3152 3240 candelabrum,
3179 3185 3231 3228 et
3259 3174 3532 3230 nonnullae

1956 3272 2330 3328 columnarum
2364 3270 2525 3324 bases
2555 3268 2712 3322 facta:
2746 3277 2890 3333 sunt,
2921 3267 3063 3322 illius
3091 3276 3209 3332 est;
3239 3271 3332 3321 sed
3367 3277 3420 3322 et
3456 3267 3533 3321 la—

1956 3363 2112 3433 pides
2151 3362 2234 3417 isti
2265 3361 2583 3426 humeralis,
2619 3368 2673 3413 et
2702 3358 2850 3428 logii,
2885 3357 3028 3412 illius
3051 3368 3212 3424 sunt;
3243 3367 3297 3412 et
3331 3373 3534 3427 purpu-

1958 3471 2014 3509 ra
2048 3470 2152 3524 qua
2186 3463 2418 3509 ornatur
2453 3451 2696 3520 pontifex
2723 3491 2737 3514 ,
2777 3451 2921 3504 illius
2951 3458 3055 3514 est,
3083 3459 3137 3504 et
3163 3464 3358 3504 coccus
3389 3449 3534 3503 illius

1957 3558 2062 3615 est,
2089 3558 2142 3602 et
2166 3557 2366 3603 caetera
2394 3559 2623 3616 qumque
2655 3559 2752 3614 per
2776 3542 3012 3613 singula.
3043 3542 3109 3596 Et
3132 3556 3348 3595 rursum
3369 3555 3532 3610 quant

1960 3641 2265 3694 indecorum
2297 3679 2312 3703 ,
2353 3653 2514 3708 quam
2550 3636 2810 3690 miserum
2859 3635 3003 3699 erit,
3051 3633 3096 3687 si
3145 3632 3406 3686 Dominus
3438 3647 3531 3684 ve-

1960 3733 2116 3787 niens
2144 3731 2421 3800 requirere
2442 3728 2730 3783 aedificium
2757 3725 3112 3789 tabernaculi,
3139 3724 3271 3778 nihil
3295 3724 3535 3778 muneris

1961 3825 2036 3879 tui
2069 3823 2306 3878 inveniat
2336 3823 2389 3876 in
2417 3837 2503 3883 eo,
2529 3819 2669 3874 nihil
2697 3836 2726 3872 a
2765 3828 2814 3872 te
2843 3825 3132 3885 cognoscat
3157 3815 3418 3870 oblatum.
3445 3815 3536 3869 Sic

1961 3917 2247 3971 indevotus
2270 3957 2284 3983 ,
2318 3913 2399 3970 sic
2451 3912 2686 3968 infidelis
2739 3908 2956 3973 vixisti,
2986 3917 3047 3962 ut
3080 3908 3215 3961 nihil
3261 3908 3537 3962 memoria:

1964 4017 2068 4063 tua:
2116 4009 2168 4062 in
2203 4006 2551 4061 tabernaculo
2597 4005 2687 4058 Dei
2723 4017 2842 4058 esse
2871 4000 3167 4072 gestieris?
3202 3999 3357 4055 Sicut
3387 4001 3534 4056 enim

1963 4103 2212 4171 princeps
2245 4098 2404 4168 hujus
2451 4096 2638 4160 mundi
2673 4095 2824 4149 venit
2871 4095 2934 4149 ad
2969 4108 3409 4163 unumquemque
3440 4108 3532 4147 no-

1963 4204 2160 4256 strum,
2192 4199 2252 4246 et
2274 4189 2466 4260 quaerit
2494 4188 2539 4243 si
2571 4187 2699 4257 quid
2731 4187 2796 4240 de
2823 4186 2936 4241 suis
2969 4185 3182 4240 actibus
3215 4183 3452 4237 inveniat
3481 4184 3534 4237 in

1965 4284 2142 4348 nobis,
2173 4291 2228 4338 et
2257 4282 2301 4337 si
2329 4280 2548 4352 quidem
2584 4277 2874 4343 invenerit,
2900 4278 3003 4332 sibi
3035 4290 3135 4331 nos
3160 4275 3432 4330 vindicat:
3464 4276 3537 4328 ita

1964 4385 2017 4430 et
2049 4374 2359 4430 econtrario
2405 4371 2454 4426 si
2501 4373 2724 4426 veniens
2758 4370 3018 4425 Dominus
3057 4368 3298 4423 inveniat
3329 4366 3536 4436 aliquid

1965 4477 2114 4521 tuum
2148 4467 2200 4520 in
2235 4461 2587 4521 tabernaculo
2619 4478 2718 4518 suo
2744 4501 2760 4527 ,
2804 4461 2875 4516 ibi
2914 4470 2965 4516 te
2993 4460 3268 4527 defendit,
3295 4470 3351 4516 et
3378 4475 3536 4514 suum

1967 4571 2019 4617 te
2053 4561 2204 4615 dicit.
2239 4558 2467 4614 Domine
2499 4556 2651 4622 Jesu,
2683 4564 2876 4625 prtesta
2908 4554 3060 4619 mihi,
3089 4562 3146 4608 ut
3177 4552 3384 4624 aliquid
3415 4567 3536 4606 mo-

1964 4652 2204 4708 numenti
2252 4651 2452 4707 habere
2499 4662 2712 4704 merear
2764 4647 2819 4702 in
2870 4645 3218 4703 tabernaculo
3270 4657 3378 4700 tuo.
3425 4645 3539 4714 Ego

1965 4753 2230 4814 optarem,
2266 4746 2308 4799 si
2346 4743 2460 4799 ﬁeri
2496 4750 2713 4812 posset,
2748 4755 2870 4796 esse
2899 4741 3104 4808 aliquid
3147 4755 3324 4793 meum
3354 4739 3405 4792 in
3446 4739 3536 4794 illo

1969 4851 2122 4902 auro,
2151 4851 2220 4891 ex
2253 4849 2359 4905 quo
2389 4833 2823 4904 propitiatorium
2861 4830 3177 4893 fabricatur,
3211 4827 3296 4884 vel
3328 4843 3396 4883 ex
3425 4844 3532 4898 quo

1971 4967 2096 5006 arca
2127 4950 2463 5020 contegitur,
2501 4948 2584 5003 vel
2616 4963 2682 5002 ex
2724 4960 2830 5014 quo
2866 4944 3253 4998 candelabrum
3289 4943 3348 4996 fit
3382 4943 3538 4997 lumi-

1971 5045 2056 5098 nis
2085 5053 2139 5099 et
2167 5043 2422 5097 lucernae.
2457 5040 2565 5096 Aut
2594 5040 2638 5096 si
2676 5054 2865 5092 aurum
2892 5053 2998 5092 non
3025 5037 3220 5098 habeo.
3251 5044 3535 5104 argenturm

1969 5136 2157 5190 saltem
2185 5135 2386 5204 aliquid
2413 5131 2658 5188 inveniar
2691 5129 2890 5186 oll‘erre
2919 5131 3062 5198 quod
3094 5127 3341 5198 proficiat
3369 5128 3424 5180 in
3447 5141 3539 5181 co-

1967 5226 2212 5290 lumnas,
2247 5222 2330 5276 vel
2379 5221 2430 5275 in
2478 5221 2638 5276 bases
2687 5235 2896 5276 earum.
2946 5221 3059 5273 Aut
3103 5228 3251 5273 certe
3281 5215 3365 5270 vel
3411 5218 3539 5270 aeris

1968 5317 2169 5386 aliquid
2198 5315 2397 5368 habere
2431 5327 2640 5368 merear
2677 5313 2729 5367 in
2769 5311 3143 5380 tabernaculo,
3173 5310 3314 5365 unde
3344 5308 3537 5365 circuli

1969 5410 2137 5475 fiant,
2177 5415 2232 5460 et
2269 5411 2463 5459 caetera
2498 5417 2618 5473 quae
2647 5418 2828 5459 sermo
2863 5402 3080 5460 divinus
3113 5400 3387 5458 describit.
3421 5399 3540 5456 Uti—7

2015 5603 2030 5618 λ
2069 5542 2116 5577 ⁷³
2151 5541 2322 5599 Exod.
2353 5552 2516 5609 x-xxv,
2548 5537 2604 5598 5.
2681 5537 2727 5571 τι
2759 5537 2923 5594 [Tim
2953 5553 3009 5605 γ,
3042 5536 3126 5592 13,
