4024 6146
469 194 575 253 59!

1949 186 2273 246 ORIGENIS
2341 249 2344 252 ,

3613 178 3724 235 ’5⁸9

470 326 600 371 nam
642 313 771 368 mihi
807 325 951 370 esset
980 313 1238 382 possibile
1270 326 1431 366 unum
1462 325 1581 366 esse
1610 325 1673 365 cx
1711 311 2040 381 principibus
2068 317 2112 370 Α
2143 309 2420 377 plicatam.
2479 304 2720 361 Diliicilia
2769 306 2885 360 haec
2932 305 3000 359 ad
3048 303 3489 373 intelligendum,
3540 314 3595 360 ct
3645 322 3709 361 av

472 413 529 461 et
557 403 754 459 oﬂ'erre
780 419 1022 471 gemmas
1050 405 1115 456 ad
1149 411 1523 457 Ornamentnm
1557 403 1827 471 pontiﬁcis
1856 404 2041 457 hume-

474 495 624 559 ralis,
657 503 711 548 et
742 494 889 561 logiil
931 494 1035 548 Sed
1070 494 1194 563 quia
1228 494 1342 548 haec
1374 508 1534 562 supra
1568 508 1653 547 ine
1689 502 1816 547 sunt
1846 534 1859 558 ,
1896 503 2043 548 certe

474 587 560 640 vel
587 586 723 654 pilos
767 599 1054 651 caprarum
1104 584 1303 639 habere
1352 597 1566 637 merear
1600 585 1652 638 in
1694 583 2043 638 tabernaculo

481 672 613 737 Dei,
642 681 846 726 tantum
875 687 943 725 ne
992 671 1044 725 in
1077 672 1329 725 omnilms
1356 673 1572 741 jejunus
1609 685 1664 727 et
1721 673 2042 728 infecundus

477 765 741 819 inveniar.
778 784 795 814 ι
822 763 1201 834 Unusquisque
1221 779 1349 833 ergo
1378 766 1517 819 sicut
1539 766 1785 834 concepit
1812 766 1991 819 corde.
2019 784 2038 816 ι

474 854 666 911 Videte
695 855 739 909 si
773 856 1053 923 concipitis
1077 894 1093 918 ,
1122 855 1303 909 videte
1349 858 1391 908 si
1431 857 1627 912 tenetis
1653 899 1667 921 ,
1700 873 1766 911 ne
1800 857 1942 912 forte
1966 856 2045 911 ef-

472 942 642 999 ﬂuant
667 959 785 1013 qua:
816 943 1089 1006 dicuntur,
1113 952 1169 997 et
1194 951 1434 1010 pereant.
1467 941 1601 998 Volo
1627 960 1722 997 vos
1753 946 2044 998 admonere

475 1036 753 1104 religionis
799 1043 987 1088 vestrae
1012 1033 1315 1103 exemplis:
1352 1034 1524 1089 nostis
1556 1035 1647 1104 qui
1685 1034 1880 1089 divinis
1922 1050 2042 1105 my-

476 1128 659 1185 steriis
691 1128 951 1181 interesse
985 1125 1291 1180 consuestis
1315 1167 1329 1191 ,
1363 1127 1633 1193 quomodo
1661 1141 1782 1179 cum
1810 1127 2042 1193 suscipi-

479 1219 551 1273 tis
571 1232 766 1285 corpus
797 1216 1031 1279 Domini,
1054 1231 1177 1271 cum
1207 1216 1351 1271 omni
1376 1215 1586 1271 cautela
1618 1226 1673 1271 et
1698 1219 2045 1272 veneratione

476 1307 727 1372 servatis,
755 1320 823 1360 ne
847 1320 913 1359 ex
934 1319 998 1359 eo
1019 1321 1207 1373 parum
1232 1307 1359 1376 quid
1390 1307 1622 1375 decidat,
1645 1324 1715 1363 ne
1738 1310 2042 1364 consecrati

474 1396 716 1453 muneris
743 1395 946 1465 aliquid
979 1395 1250 1450 dilabatur
1276 1394 1410 1468 (87).
1443 1397 1587 1453 Reos
1620 1399 1761 1453 enim
1801 1413 1895 1453 vos
1923 1414 2046 1453 cre-

475 1487 629 1551 ditis,
653 1494 709 1541 et
736 1495 881 1540 recte
903 1485 1143 1550 creditis,
1166 1484 1211 1539 si
1239 1487 1367 1555 quid
1392 1486 1517 1543 inde
1543 1504 1640 1557 per
1662 1488 2044 1558 negligentiam

475 1578 706 1633 decidat.
753 1576 904 1643 Quod
952 1577 994 1629 si
1019 1577 1163 1631 circa
1213 1592 1406 1644 corpus
1461 1578 1576 1646 ejus
1619 1579 2042 1633 conservandum

477 1680 627 1727 tanta
663 1670 877 1724 utimini
914 1667 1144 1732 cautela,
1174 1679 1231 1721 et
1262 1668 1455 1723 merito
1488 1669 1702 1724 utimini
1728 1686 1744 1735 ;
1775 1671 2042 1738 quomodo
2074 1658 2117 1713 Β

475 1761 674 1831 putatis
710 1761 936 1817 minoris
961 1774 1082 1815 esse
1106 1759 1301 1828 piaculi
1337 1762 1563 1815 verbum
1592 1761 1685 1815 Dei
1720 1762 2041 1832 neglexisse,

480 1853 637 1927 177
671 1868 828 1921 quam
861 1866 1057 1920 corpus
1092 1849 1242 1917 ejus?
1285 1849 1439 1905 Initia
1487 1868 1619 1922 ergo
1647 1854 1907 1921 jubentnr
1956 1853 2043 1908 of-

475 1945 640 2010 ferre,
674 1945 777 1998 hoc
821 1955 907 1998 est
937 1944 1224 2012 primitias.
1267 1943 1365 2010 Qui
1410 1942 1574 1998 oIIert
1616 1946 1758 2013 quod
1809 1946 2042 2014 primum

475 2047 592 2100 est,
647 2037 956 2091 necessario
1013 2036 1211 2089 haheat
1266 2038 1380 2103 ipse
1420 2037 1564 2104 quod
1627 2035 1893 2105 reliquum
1940 2047 2041 2091 est.

479 2124 611 2179 Vide
651 2136 911 2196 quantum
963 2140 1060 2180 nos
1108 2133 1322 2193 oportet
1365 2126 1641 2180 abundare
1678 2142 1831 2187 auro,
1872 2141 2046 2194 quan-

480 2223 589 2266 tum
642 2226 888 2284 argento,
938 2229 1002 2268 ac
1057 2214 1281 2282 reliquis
1331 2216 1585 2271 omnibus
1628 2232 1747 2284 qua:
1789 2215 2048 2284 jubentur

476 2305 681 2372 olTerri,
711 2314 770 2360 ut
797 2317 849 2361 et
899 2308 1125 2361 Domino
1157 2305 1471 2373 olfcramus,
1512 2316 1568 2362 et
1596 2310 1758 2364 nobis
1787 2309 2044 2377 supersit.

475 2395 660 2451 Primo
688 2396 831 2451 enim
859 2396 1100 2452 omnium
1128 2398 1289 2452 debet
1315 2412 1510 2453 sensus
1543 2413 1696 2454 meus
1742 2400 2047 2470 intelligere

477 2487 667 2555 Deum,
709 2497 762 2544 et
802 2489 903 2558 ipsi
939 2487 1135 2543 oIIerre
1183 2490 1449 2557 primitias
1497 2490 1811 2547 intellectus
1844 2493 1950 2558 sui,
1990 2502 2048 2547 ut

476 2597 600 2637 cum
632 2583 796 2637 Deum
847 2582 982 2638 bene
1019 2582 1362 2648 intellexerit,
1396 2583 1606 2652 reliqua
1651 2596 2049 2654 consequenter

476 2683 757 2742 agnoscat.
800 2673 914 2728 IIoc
943 2674 1109 2727 etiam
1163 2688 1347 2730 sermo
1392 2673 1589 2740 faciat,
1631 2674 1736 2729 hoc
1771 2683 1827 2728 et
1867 2675 2048 2729 omnia

477 2780 598 2834 qum
637 2766 689 2820 in
723 2766 881 2820 nobis
908 2775 1055 2829 sunt,
1083 2775 1264 2833 agant.
1296 2765 1401 2821 Sed
1437 2766 1717 2822 videamus
1745 2778 1798 2821 et
1830 2779 2046 2835 caetera,

479 2859 832 2928 hyacinthum
865 2868 919 2912 et
952 2873 1267 2928 purpuram,
1313 2868 1370 2914 et
1415 2874 1645 2916 coccum
1680 2860 2047 2930 duplicatum,

477 2961 536 3004 et
585 2951 804 3021 hyssum
842 2959 1063 3004 tortam.
1110 2948 1357 3015 Quatuor
1402 2950 1505 3004 ista
1558 2960 1684 3006 sunt
1734 2966 1803 3005 ex
1850 2952 2048 3020 quibus

480 3041 845 3095 conﬁciuntur
900 3041 983 3094 vel
1024 3041 1292 3108 pontiﬁcis
1351 3042 1667 3098 indumenta
1717 3044 1806 3098 vel
1853 3055 2047 3100 caztera

478 3146 603 3203 quae
630 3133 693 3185 ad
720 3146 933 3186 sacrum
967 3141 1223 3199 parantur
1246 3143 1519 3188 ornatum.
1556 3134 1632 3189 De
1666 3134 1754 3189 his
1794 3135 2052 3190 dixerunt

478 3223 700 3293 quidam
737 3232 861 3278 ante
894 3238 991 3277 nos
1037 3223 1193 3295 (88):
1223 3235 1277 3279 et
1324 3225 1466 3279 sicut
1515 3240 1623 3280 non
1674 3227 1833 3282 decet
1877 3227 2050 3282 aliena

476 3315 689 3382 furari,
738 3316 810 3369 ita
863 3317 1195 3371 conveniens
1244 3327 1373 3386 puto
1411 3316 1552 3373 bene
1604 3316 1767 3372 dictis
1828 3317 2052 3373 alterius

430 3482 433 3487 Α
480 3424 588 3471 non
622 3409 770 3463 abuti
811 3406 1094 3463 fatentem.
1146 3407 1250 3464 Ista
1291 3423 1441 3478 ergo,
1476 3418 1617 3465 utet
1657 3410 1931 3479 prioribus
1976 3411 2054 3464 vi-

479 3517 601 3563 sum
652 3515 772 3570 est,
821 3512 1055 3572 quatuor
1121 3503 1553 3568 elementorum,
1609 3516 1675 3557 ex
1751 3502 1944 3571 quibus
1998 3511 2054 3557 et

485 3601 718 3655 mundus
752 3610 963 3655 constat
990 3612 1046 3655 et
1080 3613 1278 3669 corpus
1330 3599 1651 3662 humanum,
1688 3606 1872 3652 tenent
1912 3597 2052 3666 ﬁgu-

481 3706 635 3759 ram,
680 3693 731 3747 id
777 3703 861 3749 est
902 3694 1081 3759 aeris,
1125 3694 1290 3763 ignis,
1319 3706 1473 3762 aquae
1502 3700 1559 3747 et
1603 3698 1782 3745 terrae.
1819 3687 2053 3760 Hyacin-

482 3790 611 3843 thus
633 3804 761 3859 ergo
789 3789 857 3845 ad
891 3804 1072 3844 aerem
1102 3787 1363 3854 refertur,
1392 3789 1498 3842 hoc
1525 3786 1669 3842 enim
1709 3787 1823 3856 ipse
1849 3787 2054 3842 indicat

480 3880 659 3947 color,
702 3882 838 3935 sicut
888 3891 946 3936 et
994 3895 1191 3936 coccus
1234 3880 1303 3933 ad
1357 3878 1559 3949 ignem.
1609 3878 1854 3948 Purpura
1901 3891 2055 3948 aquae

489 3983 637 4029 tenet
664 3974 910 4043 ﬁguram,
941 3972 1096 4042 quasi
1127 3986 1247 4040 quae
1275 3971 1342 4025 de
1377 3970 1534 4039 aquis
1576 3970 1811 4039 accipiat
1845 3969 2052 4025 lucum.

481 4067 682 4141 Byssus
716 4075 892 4129 terra),
930 4066 1055 4134 quia
1085 4064 1262 4119 oritur
1300 4079 1368 4118 ex
1414 4072 1578 4118 terra.
1611 4062 1885 4118 Habemus
1925 4078 2054 4133 ergo

481 4171 539 4213 et
584 4173 683 4213 nos
727 4157 840 4210 haec
884 4154 1066 4208 omnia
1112 4153 1166 4206 in
1205 4151 1381 4213 nobis,
1429 4162 1484 4205 et
1531 4154 1654 4222 quia
1697 4168 1764 4208 ex
1810 4153 1896 4207 his
1945 4155 2056 4222 pri-

483 4251 666 4306 mitias
722 4247 948 4303 Domino
996 4245 1249 4313 iubemur
1305 4245 1539 4311 oﬂ‘erre,
1592 4245 1712 4300 ideo
1769 4245 1904 4300 dicit
1945 4246 1990 4277 ⁷⁵
2035 4262 2049 4300 :

2148 396 2525 467 proferendum
2559 396 2724 449 multo
2750 393 3072 450 dill'iciliora.
3112 395 3518 487 Yerumtamen,
3550 410 3721 465 pruu.

2147 489 2405 542 Dominus
2460 486 2703 552 dederit,
2762 485 3087 540 tentabimus
3135 484 3451 554 explanare.
3486 485 3719 555 Oportet

2143 580 2286 633 cnim
2318 586 2370 632 et
2402 577 2505 632 dici
2538 578 2740 645 aliqua,
2769 586 2825 631 et
2855 575 3133 646 aliquanta
3162 578 3386 632 servari.
3419 576 3716 636 Videamus

2144 687 2274 741 ergo
2307 685 2413 740 qua
2447 670 2659 724 ratione
2689 684 2914 724 coccum
2945 669 3141 723 dixerit
3172 669 3523 740 duplicatum.
3548 672 3716 729 Color

2146 764 2270 826 iste,
2309 770 2368 815 ut
2406 759 2673 828 diximus,
2715 762 2856 831 ignis
2910 761 3114 815 indicat
3163 761 3512 816 elementum.
3560 764 3713 834 Ignis

2145 863 2324 909 autem
2373 853 2644 922 duplicem
2692 853 2858 907 habet
2902 853 3192 919 virtutem,
3236 867 3396 906 unam
3432 868 3535 923 qua
3588 854 3715 908 illu-

2146 945 2336 1009 minat,
2365 944 2526 999 aliam
2569 958 2674 1014 qua
2710 944 2966 999 incendit.
2995 943 3118 998 llaec
3147 953 3228 999 est
3272 945 3509 1000 historiae
3539 946 3711 1002 ratio.

2150 1035 2437 1091 Veniamus
2460 1046 2515 1090 et
2548 1036 2614 1089 ad
2652 1035 3057 1091 intellectualis.
3085 1034 3262 1089 Etiam
3306 1036 3360 1090 in
3401 1036 3531 1107 ipsis
3567 1037 3717 1105 ignis

2145 1127 2340 1194 duplex
2371 1136 2456 1182 cst
2504 1126 2640 1199 (89).
2673 1126 2767 1181 Est
2811 1125 2950 1197 ignis
2991 1128 3212 1196 quidam
3255 1128 3307 1182 in
3347 1128 3449 1183 hoc
3488 1131 3713 1194 sreculu,

2144 1228 2228 1273 est
2275 1227 2329 1273 et
2371 1220 2424 1272 in
2473 1219 2672 1274 futuro.
2709 1218 2966 1273 Dominus
3004 1217 3161 1273 Jesus
3201 1219 3333 1273 dicit
3357 1219 3445 1274 ἠε
3483 1237 3504 1271 ι
3530 1221 3714 1289 Ignem

2145 1312 2265 1366 veni
2304 1313 2518 1366 mittere
2549 1313 2601 1365 in
2636 1321 2857 1365 terrain.
2889 1331 2908 1365 ι
2944 1311 3086 1380 Ignis
3119 1311 3219 1367 iste
3250 1311 3541 1371 illuminat.
3578 1314 3716 1369 Item

2148 1419 2336 1458 rursus
2374 1404 2631 1458 Dominus
2683 1405 2826 1458 dicet
2870 1404 2925 1458 in
2975 1405 3157 1458 futuro
3202 1406 3468 1474 operariis
3505 1406 3714 1476 iniqui-

2148 1496 2277 1550 tatis
2299 1496 2343 1527 ⁷⁷
2372 1513 2388 1549 :
2427 1514 2445 1548 ι
2472 1495 2550 1550 Ite
2578 1497 2631 1550 in
2663 1496 2840 1566 ignem
2870 1506 3159 1562 aeternum,
3189 1512 3348 1567 quem
3388 1500 3718 1568 praeparavit

2146 1586 2304 1640 Pater
2337 1602 2488 1641 meus
2520 1586 2734 1641 diabolo
2775 1594 2831 1642 et
2864 1586 3072 1658 angelis
3099 1585 3240 1655 eius.
3267 1606 3286 1639 ι
3317 1586 3413 1644 Ille
3447 1590 3586 1657 ignis
3629 1593 3718 1644 in-

2147 1679 2344 1733 cendit.
2379 1677 2761 1743 Verumtamen
2803 1679 2904 1735 iste
2937 1679 3100 1746 ignis,
3130 1694 3289 1749 quem
3320 1682 3468 1736 venit
3496 1683 3717 1738 mittere

2146 1769 2324 1838 Iesus,
2358 1771 2622 1827 illuminat
2656 1772 2872 1841 quidem
2904 1787 3119 1828 omnem
3171 1774 3444 1829 hominem
3488 1775 3715 1829 venien-

2148 1871 2253 1916 tem
2287 1863 2340 1917 in
2375 1864 2522 1919 hunc
2548 1862 2803 1918 mundum
2830 1864 2898 1929 ⁷⁸,
2929 1865 3089 1920 habet
3120 1873 3298 1919 tamen
3338 1866 3539 1935 aliquid
3568 1868 3715 1937 quod

2147 1965 2200 2011 et
2250 1954 2539 2022 incendat,
2587 1957 2731 2012 sicut
2773 1956 3106 2012 conﬁtentur
3145 1959 3219 2012 illi
3261 1960 3352 2028 qui
3409 1960 3594 2016 dicunt
3615 1960 3713 2013 ηε

2152 2065 2171 2099 ι
2212 2047 2402 2103 Nonne
2439 2064 2536 2105 cor
2584 2057 2826 2104 nostrum
2878 2050 3076 2105 ardens
3109 2059 3226 2105 erat
3264 2052 3404 2106 intra
3437 2067 3559 2119 nos,
3590 2068 3717 2107 cum

2147 2136 2457 2201 adaperiret
2499 2137 2655 2192 nobis
2706 2137 3056 2206 Scripturas?
3092 2158 3111 2190 ι
3157 2139 3332 2195 Simul
3378 2156 3505 2212 ergo
3537 2153 3589 2199 et
3624 2145 3715 2198 in-

2147 2226 2417 2281 cendebat
2466 2235 2523 2281 et
2579 2227 2954 2293 illuminabat,
3008 2230 3325 2300 adaperiens
3380 2233 3715 2303 Scripturas.

2146 2317 2344 2374 Nescio
2379 2327 2561 2372 autem
2604 2318 2648 2374 si
2684 2330 2740 2375 et
2768 2320 2857 2375 ille
2893 2320 3033 2390 ignis
3067 2322 3119 2375 in
3168 2322 3351 2378 futuro
3388 2326 3587 2380 saeculo
3620 2326 3717 2395 qui

2148 2408 2417 2475 incendit,
2474 2409 2670 2464 habeat
2719 2409 2922 2479 aliquid
2978 2414 3117 2480 quod
3171 2422 3227 2467 et
3278 2398 3565 2470 ill'uminet.
3618 2417 3721 2472 Est

2147 2511 2297 2566 ergo,
2340 2507 2396 2551 ut
2427 2498 2782 2567 ostendimus,
2821 2509 3008 2554 natura
3041 2502 3182 2573 ignis
3231 2504 3452 2573 duplex,
3494 2519 3550 2562 et
3591 2508 3718 2563 ideo

2143 2583 2366 2654 jubetur
2410 2584 2594 2640 oll‘erri
2642 2602 2840 2644 coccus
2887 2589 3211 2661 duplicatus.
3259 2594 3538 2658 Quomodo
3585 2612 3721 2667 ergo

2151 2675 2471 2732 uosoﬂ‘erre
2514 2692 2799 2748 possumus
2841 2680 3018 2750 ignem
3067 2682 3225 2738 istum
3273 2685 3601 2754 duplicatum
3644 2688 3718 2743 ad

2149 2770 2432 2824 :edilicium
2466 2771 2821 2838 tabernaculi,
2847 2773 3147 2827 videamus.
3190 2775 3248 2829 Si
3285 2777 3474 2833 doctor
3507 2794 3585 2843 es,
3621 2796 3720 2835 ex-

2151 2861 2315 2916 struis
2352 2862 2757 2917 tabernaculum
2789 2862 3064 2921 aediﬁcans
3094 2866 3390 2924 Ecclesiam
3421 2870 3546 2937 Dei;
3584 2874 3723 2928 dicit

2151 2964 2282 3017 ergo
2308 2959 2364 3005 et
2401 2952 2468 3006 ad
2507 2960 2557 3006 te
2587 2952 2731 3008 Deus
2761 2954 2905 3022 quod
2934 2964 2990 3010 et
3026 2958 3096 3011 ad
3118 2955 3417 3037 (Jeremiam
3463 2963 3594 3016 dixit
3617 2963 3665 2995 ⁸⁸
3696 2981 3715 3020 :

2155 3060 2174 3093 ι
2204 3040 2344 3097 Ecce
2375 3043 2494 3098 dedi
2535 3044 2701 3099 verba
2729 3060 2847 3100 mea
2877 3046 2932 3100 in
2971 3061 3034 3102 os
3066 3055 3239 3115 tuum,
3265 3070 3283 3101 ι
3315 3051 3367 3105 id
3394 3062 3477 3108 est
3509 3054 3717 3125 ignem.

2153 3134 2209 3190 Si
2237 3149 2366 3204 ergo
2392 3136 2593 3193 docens
2617 3146 2671 3192 et
2702 3139 2977 3195 :edilicans
3000 3140 3296 3197 Ecclesiam
3325 3144 3437 3213 Dei,
3466 3144 3721 3216 increpes

2155 3227 2527 3283 tantummodo
2566 3238 2622 3283 et
2655 3244 2852 3298 arguas
2882 3240 2938 3284 et
2980 3233 3234 3303 castiges,
3271 3242 3326 3289 et
3356 3247 3574 3304 peccata
3623 3255 3719 3307 po-

2152 3317 2260 3386 puli
2302 3318 2616 3387 cxprobres,
2656 3319 2797 3376 nihil
2837 3333 3015 3377 autem
3049 3326 3435 3382 consolationis
3474 3329 3719 3397 proferas

2150 3409 2218 3465 de
2270 3409 2568 3478 Scripturis
2625 3410 2860 3481 divinis,
2910 3414 3200 3470 obscurum
3252 3416 3389 3472 nihil
3435 3419 3714 3489 explanes,

2152 3502 2287 3557 nihil
2342 3503 2586 3558 scientiae
2652 3503 3019 3572 profundioris
3064 3509 3323 3580 attingas,
3375 3525 3473 3565 nec
3514 3511 3720 3581 aliquid

2153 3592 2524 3663 intelligentiae
2573 3594 2899 3649 sacratioris
2934 3597 3172 3664 aperias,
3219 3598 3457 3653 obtulisti
3500 3601 3715 3667 quidem

2154 3701 2396 3751 coccum,
2427 3685 2520 3742 sed
2554 3700 2660 3741 non
2697 3687 3053 3757 duplicatum.
3111 3688 3257 3758 Ignis
3287 3693 3431 3746 enim
3478 3703 3601 3746 tuus
3630 3691 3718 3746 in-

2154 3779 2337 3833 cendit
2374 3778 2763 3844 tantummodo,
2810 3788 2867 3833 et
2900 3792 3007 3833 non
3059 3779 3344 3837 illuminat.
3384 3783 3455 3838 Et
3501 3797 3716 3837 rursum

2154 3869 2200 3924 si
2243 3870 2443 3927 docens
2491 3875 2750 3945 mysteria
2792 3873 2925 3943 legis
2971 3873 3206 3945 aperias.
3249 3886 3584 3930 secretorum
3626 3890 3719 3929 ar-

2154 3976 2290 4015 cana
2346 3963 2643 4032 discutias,
2687 3980 3002 4037 peccantem
3047 3982 3175 4023 vero
3213 3982 3320 4021 non
3358 3982 3573 4037 arguas,
3618 3983 3718 4022 ne-

2155 4054 2442 4125 gligentem
2500 4072 2609 4113 non
2667 4061 2972 4130 corripias,
3022 4062 3368 4116 severitatem
3419 4060 3719 4131 disciplina:

2157 4164 2261 4205 non
2314 4159 2527 4217 teneas,
2567 4154 2810 4210 obtulisti
2879 4156 3093 4224 quidem
3154 4169 3418 4221 coccum,
3459 4155 3553 4210 sed
3610 4168 3716 4207 non

2157 4241 2507 4312 duplicatum.
2535 4243 2681 4315 Ignis
2716 4248 2858 4301 enim
2891 4257 3012 4301 tuus
3043 4257 3248 4301 tantum
3290 4247 3577 4311 illuminat,
3611 4260 3717 4300 non

491 4364 512 4397 ε
549 4344 763 4399 Sumite
806 4356 873 4396 ex
917 4339 1071 4393 vobis
1104 4338 1257 4409 ipsis,
1291 4348 1347 4394 et
1388 4338 1581 4393 olI‘erte
1625 4337 1894 4409 primitias
1944 4339 2047 4394 Do-
2081 4339 2125 4393 D
2155 4336 2423 4392 accendit.
2467 4337 2570 4403 Qui
2600 4354 2731 4409 ergo
2776 4347 2922 4394 recte
2974 4337 3165 4402 ull'ert,
3207 4347 3264 4393 et
3308 4348 3455 4395 recte
3503 4337 3715 4398 dividil.

636 4472 652 4487 ο
685 4453 704 4485 ι

482 4450 631 4579 “2.0
650 4523 853 4578 Verum
884 4521 1025 4576 istud
1071 4520 1528 4577 considerandum
1564 4530 1714 4589 puto,
1745 4522 1888 4590 quod
1923 4536 2045 4576 cum

482 4617 552 4673 de
583 4616 801 4671 caeteris
868 4613 1192 4683 simpliciter
1241 4614 1377 4668 dixit
1426 4613 1670 4684 Moyses,
1726 4623 1933 4668 tantum
1983 4612 2050 4667 de

483 4723 652 4765 cocco
682 4705 887 4762 addidit
916 4705 1283 4774 duplicatum,
1327 4713 1382 4759 et
1424 4705 1645 4776 byssum
1692 4713 1909 4759 tortam.
1947 4703 2050 4758 Re-

485 4803 720 4874 quiritnr
740 4816 889 4869 ergo,
916 4814 1014 4853 cur
1042 4798 1175 4852 alias
1205 4797 1423 4866 quidem
1460 4795 1740 4860 materias,
1765 4811 1828 4849 ex
1853 4796 2051 4864 quibus

482 4908 540 4949 et
575 4907 772 4949 caatera
804 4889 1113 4946 indicantur
1140 4889 1434 4952 elementa,
1462 4887 1784 4957 simpliciter
1818 4887 2048 4952 dixerit;

483 5001 705 5041 coccum
736 4999 843 5056 quo
888 4981 1030 5051 ignis
1071 4981 1404 5051 designatur,
1453 4978 1628 5034 solum
1678 4978 1922 5048 posuerit
1954 4978 2052 5031 du-

560 5133 611 5169 "
640 5131 810 5186 Exod.
831 5145 994 5196 xxxv,
1032 5127 1086 5182 5.
1158 5125 1207 5158 '"‘
1243 5125 1375 5181 Luc.
1407 5140 1518 5190 xli,
1543 5122 1634 5177 49.
1709 5122 1753 5153 ⁷⁸⁷
1794 5119 1985 5175 Matth.
2013 5137 2139 5191 xxv,
2163 5120 2251 5176 41.

579 5322 669 5384 87)
708 5320 789 5375 Ne
822 5318 1109 5373 consecrati
1150 5314 1380 5369 muneris
1407 5311 1607 5383 aliquid
1643 5310 1932 5384 dilgbutur.
1968 5309 2046 5364 Ita

487 5380 664 5449 etiam"
698 5390 1058 5445 Tcrtullianus
1116 5386 1208 5442 lib.
1257 5386 1332 5439 De
1387 5380 1623 5437 corona:
1670 5380 1908 5435 «Calicis
1955 5388 2049 5433 aut

487 5464 642 5533 panis
681 5463 843 5516 etiam
877 5459 1045 5514 nostri
1081 5457 1282 5526 aliquid
1333 5452 1509 5510 decuti
1566 5451 1619 5506 in
1656 5461 1853 5505 terram
1885 5450 2048 5505 anxie

488 5537 868 5603 patimurti“
1366 5593 1388 5603 '
1523 5593 1537 5603 _
1860 5590 1874 5603 ι
1933 5589 1966 5603 __

562 5602 672 5675 (88)
728 5600 957 5668 Quidam
1013 5607 1136 5652 ante
1202 5612 1316 5651 nos.
1359 5593 1580 5663 Ioseph.
1617 5592 1710 5649 lib.
1740 5606 1799 5647 ιιι
1839 5590 2046 5661 Antiq.,

2156 4440 2376 4482 coccum
2418 4427 2579 4484 oll‘ert
2607 4430 2953 4499 duplicatum,
2990 4440 3048 4483 ut
3079 4446 3203 4486 cum
3239 4429 3479 4485 scientia:
3517 4429 3718 4484 lumine

2158 4521 2448 4592 igniculum
2475 4523 2784 4577 severitatis
2815 4522 3130 4577 admisceat.

2228 4612 2280 4666 5.
2323 4612 2685 4679 Quid'autem
2733 4614 2833 4669 sibi
2884 4614 3011 4668 velit
3038 4623 3092 4669 et
3142 4613 3333 4684 hyssus
3365 4621 3506 4669 torta
3538 4611 3721 4666 videa~

2160 4717 2304 4757 mus.
2346 4701 2413 4756 Et
2454 4702 2544 4756 hic
2577 4704 2721 4757 enim
2763 4702 2910 4757 dedit
2961 4701 3163 4772 aliquid
3212 4700 3561 4757 additamenti
3612 4713 3720 4769 prie

2155 4794 2364 4848 czeteris
2409 4795 2714 4850 elementis.
2757 4794 2980 4864 Byssum
3033 4795 3273 4849 diximus
3312 4802 3472 4850 terra:
3516 4792 3720 4846 habere

2155 4886 2408 4953 formam,
2438 4887 2579 4956 quod
2616 4898 2701 4943 est
2747 4904 2875 4944 caro
2921 4899 3126 4944 nostra.
3175 4887 3405 4941 Carnem
3451 4899 3579 4954 ergo
3613 4899 3719 4935 non

2160 4977 2272 5032 vult
2305 4978 2486 5033 oll‘erri
2520 4979 2628 5035 Deo
2673 4977 2974 5036 ﬂuitantem
3005 4980 3157 5044 luxu,
3190 4986 3245 5033 et
3274 4976 3482 5033 deliciis
3509 4973 3722 5029 resolu-

2329 5122 2375 5155 ’⁸
2410 5120 2569 5178 Joan.
2595 5139 2634 5189 I,
2656 5122 2710 5178 9.
2785 5123 2830 5155 ⁷⁸
2867 5122 3000 5180 Luc.
3032 5136 3176 5190 xxiv,
3204 5119 3295 5176 52.
3368 5118 3415 5151 ⁸⁸
3447 5116 3560 5174 Jer.
3593 5130 3632 5183 I,
3662 5114 3719 5172 9.

2155 5311 2447 5392 causa}.
2469 5307 2725 5392 Philam
2760 5308 2864 5392 ait?
2895 5304 3134 5392 Μοξιξίει.

2227 5369 2517 5453 ζ89)ἸμίΙ)ι’ἰ
2546 5390 2703 5453 antea
2725 5377 2859 5453 editi
2886 5393 2900 5429 :
2932 5395 2951 5427 ‹
2986 5369 3049 5429 Et
3070 5374 3136 5429 ad
3165 5372 3496 5453 intellectum
3526 5369 3713 5453 alium:

2158 5439 2334 5506 l-ltiani
2383 5450 2522 5519 ignis
2566 5449 2679 5517 ipse
2708 5447 2903 5517 duplex
2945 5456 3083 5515 est,i
3131 5446 3226 5501 sed
3271 5439 3623 5511 manuscripti
3656 5446 3717 5492 ut

2162 5525 2216 5578 in
2242 5528 2431 5579 nostro
2462 5528 2632 5575 textu.
