4024 6146
377 195 467 252 597

1550 192 1859 249 SELECTA
1900 191 1966 246 ιΝ
2000 189 2398 247 ιεγιτιςωι.

3530 186 3635 243 598

2235 353 2487 365 ————-—h—-

2496 353 3620 381 m

1139 565 2076 699 ΩΡΙΓΕΝΟΥΣ
2151 560 2900 697 ΕΚΛΟΓΑΙ

1593 806 1764 893 ΕΙΣ
1803 803 2439 891 ΛΕΥΙΤΙΚΟΝ.

1960 993 2025 1003 .--

827 1160 982 1248 EX
1059 1155 1595 1250 ORIGENE
1670 1158 2194 1248 SELECTA
2271 1160 2394 1248 IN
2480 1166 3185 1259 LEVITICUM.

437 1541 549 1593 Kal
595 1541 946 1597 ἀνεκὰλεσε
979 1544 1264 1614 Μωῦσῆν.
1306 1547 1587 1601 Λευῖτικὸν
1636 1549 1968 1619 ὠνόμασται,

2148 1549 2216 1603 Ει
2256 1549 2452 1604 vocavit
2499 1547 2732 1618 Moysem
2762 1548 2828 1600 9‘.
2871 1545 3142 1602 Leviticus
3177 1545 3315 1602 liber
3347 1547 3646 1618 appellatus

367 1629 557 1700 ἐπειδὴ
590 1631 659 1684 τὸ
691 1632 798 1703 τῆς
824 1634 1120 1706 ἱερωσύνης
1143 1637 1237 1690 καὶ
1264 1636 1332 1692 τὰ
1367 1639 1475 1692 τῶν
1505 1639 1706 1694 θυσιῶν
1745 1642 1839 1695 καὶ
1871 1643 1973 1696 ὅσα

368 1720 601 1772 τοιαῦτα
649 1722 990 1793 προσέταξεν
1035 1727 1062 1779 ὀ
1092 1726 1242 1790 Θεὸς,
1280 1728 1337 1780 ἐν
1363 1729 1538 1800 τούτῳ
1565 1730 1836 1802 Λευῖτικῷ
1879 1731 1975 1801 φέ-

374 1829 552 1883 ρεται.
596 1817 760 1886 Ἔχει
796 1818 894 1888 μὲν
924 1814 1017 1873 οὖν
1048 1821 1142 1873 καὶ
1168 1823 1200 1892 ή
1231 1821 1447 1888 Ἐξοδος
1481 1823 1574 1877 τοῦ
1598 1823 1732 1876 Θεοῦ
1755 1823 1976 1895 νομοθε-

372 1905 528 1971 σίας·
554 1908 722 1972 ὅπως
747 1910 807 1963 δὲ
833 1911 1189 1984 ἐτελέσθησαν
1224 1917 1270 1967 οἱ
1307 1918 1470 1987 ἱερεῖς
1510 1916 1839 1988 χρισθέντες,
1881 1917 1975 1971 καὶ

371 1998 521 2062 ὅπως
571 2001 1068 2074 κατεσκευάσθηή
1113 2007 1282 2076 σκηνὴ
1326 2007 1420 2058 καὶ
1469 2006 1743 2077 σύμπηξιν
1784 2006 1974 2061 ἔλαϐεν

371 2089 672 2160 ἁρμόνιον,
704 2093 800 2145 καὶ
829 2092 965 2147 ἄλλα
1001 2093 1222 2149 πλείονα
1263 2098 1467 2168 ἱστορεῖ
1490 2097 1550 2150 τὸ
1583 2099 1885 2153 Λευῖτικόν.
1910 2100 1975 2152 Ei

371 2179 426 2231 δὲ
457 2181 562 2234 καὶ
595 2183 772 2253 ’ἐτερὰ
800 2202 920 2237 τινα
948 2185 1215 2256 περιέχει,
1249 2188 1310 2240 ού
1339 2187 1668 2260 θαυμαστὸν,
1696 2190 1974 2262 ἐπιγραφὴ

373 2272 482 2343 γάρ
505 2275 661 2338 ἐστι,
689 2276 1019 2341 Λευϊεικόν,
1048 2278 1142 2330 τοῦ
1173 2281 1229 2331 ἐν
1250 2279 1397 2350 αὐτῷ
1420 2281 1776 2353 καιριωτέρου
1805 2281 1975 2354 δηλω-

372 2367 550 2422 τικόν.

456 2548 579 2602 Τοῦ
630 2550 836 2603 αὐτοῦ.
873 2551 976 2604 Τὸν
1017 2559 1143 2622 περι
1183 2552 1380 2608 θυσιῶν
1425 2553 1580 2622 λόγον
1616 2556 1663 2608 οἱ
1698 2555 1772 2626 μὴ
1800 2554 1974 2626 ὀρθῶς

381 2635 696 2709 ἐνορῶντες
735 2643 1164 2713 καταφρονοῦσιν
1190 2644 1223 2716 ἢ
1247 2644 1322 2708 ὡς
1358 2646 1608 2711 εὐτελοῦς
1633 2647 1971 2718 νομοθεσίας,

384 2730 478 2782 καὶ
518 2731 700 2802 μηδὲν
743 2733 891 2799 ἄξιον
926 2734 1019 2787 τοῦ
1051 2737 1394 2808 Δημιουργοῦ
1432 2739 1683 2810 ἐχούσης.
1731 2740 1764 2812 ἢ
1807 2742 1972 2795 αὐτοῦ

382 2821 478 2876 τοῦ
507 2823 864 2894 Δημιουργοῦ
887 2825 962 2889 ὡς
986 2826 1174 2898 εὐτελῆ
1207 2827 1617 2898 νομοθετοῦντος
1643 2830 1855 2894 ἀσεϐῶς
1877 2849 1973 2885 κα-

386 2913 814 2984 ταψηφιζονται.
863 2915 919 2968 Ὀ
969 2915 1025 2970 δὲ
1073 2918 1272 2988 νοήσας
1315 2917 1377 2972 τὺ
1425 2917 1515 2971 τοῦ
1555 2915 1721 2972 Δαυῖδ
1759 2920 1973 2973 καὶτοῦ

399 3003 759 3072 Ἀποστόλου,
789 3008 883 3062 τοῦ
925 3009 1020 3079 μὲν
1055 3009 1302 3078 λέγοντος
1321 3027 1333 3039 ·
1375 3029 1394 3062 ι
1441 3012 1812 3083 Ἀποκάλυψον
1851 3016 1975 3078 τοὺς

389 3097 713 3171 ὀφθαλμούς
749 3119 849 3171 μου
877 3102 970 3155 καὶ
999 3103 1318 3174 κατανοήσω
1351 3101 1418 3156 τὰ
1447 3103 1722 3175 θαυμάσια
1771 3107 1836 3159 ὲκ
1881 3105 1974 3159 τοῦ

390 3191 563 3262 νόμου
593 3210 689 3246 σου
713 3210 726 3222 ·
769 3212 788 3245 ι
823 3192 914 3246 τοῦ
943 3193 1000 3246 δὲ
1033 3193 1290 3264 βοῶντοςο
1331 3213 1350 3246 ‹
1387 3194 1446 3249 Ὀ
1481 3196 1641 3266 νόμος
1677 3214 1976 3268 πνευματι-

394 3283 488 3347 κός
533 3286 676 3348 ἐστι,
725 3304 742 3336 ι
786 3283 1002 3338 δύναται
1053 3284 1332 3355 διαϐλέψαι
1369 3287 1444 3350 ὡς
1491 3287 1614 3352 ἄξια
1648 3287 1781 3340 Θεοῦ
1832 3291 1976 3343 ἐστιν

395 3373 876 3446 ἀποκεκρυμμένα
907 3377 966 3429 ὲν
994 3376 1202 3440 τούτοις
1237 3377 1552 3450 μαθήματα.

470 3489 812 3554 Ἀνθρωπος
846 3487 914 3550 ἐξ
948 3489 1133 3558 ὑμῶν,
1171 3490 1279 3544 ἐὰν
1309 3495 1658 3566 προσαγάγῃ
1710 3497 1868 3566 δῶρα
1897 3499 1978 3565 τῷ

397 3577 615 3648 Κυρίῳ.
673 3577 1064 3649 Τετηρήκαμεν
1095 3579 1152 3632 δὲ
1194 3579 1458 3652 πολλαχοῦ
1495 3585 1604 3638 τῶν
1641 3587 1873 3658 Γραφῶν
1910 3587 1980 3641 τὰ

403 3673 503 3740 μὲν
535 3671 688 3743 δῶρα
719 3671 810 3724 ἐπὶ
828 3671 937 3725 τῶν
961 3671 1113 3737 ζώων
1135 3673 1408 3742 λέγεσθαι,
1435 3677 1534 3740 τὰς
1562 3678 1618 3731 δὲ
1655 3679 1844 3744 θυσίας
1888 3681 1978 3733 ἐπὶ

406 3763 516 3816 τῶν
539 3761 764 3833 ἀψύχων
791 3762 929 3816 κατὰ
952 3761 1011 3815 τὸ
1033 3766 1088 3816 ὲν
1113 3767 1177 3835 τῇ
1205 3765 1419 3818 Γενέσει
1451 3766 1740 3840 λεγόμενον
1759 3787 1771 3800 ⁸
1818 3789 1836 3822 ι
1870 3772 1978 3825 Καὶ

407 3855 624 3907 ἐπεῖδεν
662 3857 690 3906 ὁ
709 3853 840 3916 Θεὸς
865 3855 962 3906 ἐπὶ
987 3854 1169 3918 Ἅϐελ,
1207 3858 1298 3908 καὶ
1327 3857 1417 3910 ἐπὶ
1440 3861 1550 3922 τοῖς
1575 3858 1764 3931 δώροις
1791 3859 1975 3926 αὑτοῦ,

409 3947 500 3999 ἐπὶ
528 3946 586 3998 δὲ
630 3946 773 3999 Κάῖν
829 3947 922 4000 καὶ
952 3947 1042 3999 ἐπὶ
1085 3950 1207 4010 ταῖς
1253 3947 1464 4011 θυσίαις
1511 3950 1674 4003 αὑτοῦ
1717 3952 1778 4004 ού
1813 3969 1980 4024 προσ-

405 4037 578 4108 έσχεν.
619 4057 638 4090 ι
673 4038 793 4091 Ἔτι
831 4037 889 4091 δὲ
927 4039 1021 4092 καὶ
1062 4039 1218 4092 τοῦτο
1253 4041 1463 4112 ῥητέον,
1493 4044 1585 4096 ἐπὶ
1618 4043 1716 4116 μὲν
1744 4044 1852 4098 τῶν
1877 4048 1978 4116 ὲμ-

406 4131 594 4203 ψύχων
614 4133 1012 4205 ἰἈκιθρωπος,
1039 4135 1222 4206 φησὶν,
1256 4135 1313 4202 ἐξ
1330 4136 1501 4207 ὑμῶν,
1530 4138 1622 4192 ἐὰν
1652 4141 1977 4216 προσαγάγῃ

2073 1653 2175 1706 est,
2207 1640 2464 1709 quoniam
2497 1655 2557 1695 ea
2585 1653 2704 1709 quae
2737 1638 2805 1693 ad
2857 1637 3249 1703 sacerdotium,
3287 1647 3343 1694 et
3369 1641 3434 1695 ad
3474 1642 3646 1696 sacri-

2075 1733 2196 1786 ﬁcia
2240 1733 2537 1802 pertinent,
2590 1739 2645 1786 et
2702 1746 3041 1802 quaecunque
3095 1732 3359 1802 ejusmodi
3401 1733 3646 1802 praecipit

2080 1829 2245 1892 Deus,
2288 1826 2342 1880 in
2382 1825 2481 1880 hoc
2514 1824 2758 1882 Levitico
2802 1827 3166 1881 continentur.
3225 1824 3398 1880 Habet
3427 1826 3643 1895 quidem

2075 1921 2239 1972 etiam
2273 1916 2492 1970 Exodus
2519 1917 2614 1971 Dei
2650 1925 2941 1986 praecepta,
2971 1924 3027 1970 at
3063 1915 3332 1985 quomodo
3363 1915 3649 1972 initiaren-

2078 2020 2167 2064 tur
2195 2009 2515 2064 sacerdotes
2536 2007 2989 2078 uncli,quomodo
3021 2007 3344 2063 fabricatum
3372 2005 3443 2062 sit
3471 2005 3648 2060 taber-

2075 2102 2328 2158 naculum
2362 2111 2418 2158 et
2447 2115 2747 2170 congruam
2796 2099 3067 2168 acceperit
3112 2107 3476 2163 structuram,
3511 2097 3640 2152 item

2074 2197 2178 2250 alia
2239 2193 2406 2248 multa
2477 2200 2745 2248 memorat
2800 2191 3093 2246 Leviticus.
3143 2190 3294 2258 Quod
3343 2190 3390 2245 si
3439 2199 3494 2247 ct
3541 2187 3643 2244 alia

2074 2288 2318 2358 quaedam
2347 2286 2613 2350 continet,
2652 2284 2787 2338 nihil
2846 2285 3041 2338 mirum
3088 2300 3100 2336 :
3145 2283 3430 2352 inscriptio
3474 2281 3645 2344 enim,

2079 2377 2362 2443 Leviticus,
2400 2385 2611 2431 tantum
2639 2389 2759 2445 quae
2789 2375 2840 2430 in
2875 2391 2940 2430 eo
2968 2375 3188 2444 majoris
3209 2384 3335 2430 sunt
3360 2373 3644 2441 momenti,

2075 2471 2363 2542 signiﬁcat.

2147 2562 2423 2632 Ejusdem.
2459 2561 2560 2628 Qui
2606 2561 2874 2615 rationem
2918 2521 3311 2615 sacriﬁcnrum
3347 2573 3456 2614 non
3499 2567 3646 2616 recte

2077 2655 2435 2724 perspiciunt,
2471 2654 2505 2709 ii
2533 2653 2618 2710 vel
2651 2653 2825 2724 legem
2863 2661 2922 2708 ut
2962 2653 3119 2708 vilem
3149 2660 3206 2709 et
3245 2653 3379 2708 nihil
3423 2652 3656 2722 dignum-

2074 2747 2334 2804 Creatore
2345 2749 2632 2804 habentem
2647 2756 3027 2813 contemnunt;
3043 2748 3125 2801 vel
3141 2746 3317 2816 ipsum
3332 2742 3642 2802 Creatorem

2076 2850 2138 2896 ut
2164 2839 2292 2896 vilia
2322 2841 2727 2910 prmcipientem
2767 2839 2930 2909 impie
2957 2839 3320 2895 condemnant
3369 2855 3384 2892 :
3427 2839 3522 2892 sed
3554 2839 3646 2906 qui

2008 2909 2049 2962 Β
2078 2909 2409 2984 intellexerit
2438 2929 2659 2984 Davidis
2690 2937 2746 2982 et
2772 2927 3014 2998 Apostoli
3040 2927 3227 2994 verba,
3252 2927 3398 2983 illius
3430 2927 3646 2993 quidem

2082 3021 2316 3077 dicentis
2345 3021 2391 3054 θ’
2438 3037 2452 3074 :
2496 3038 2516 3073 ι
2565 3019 2764 3076 Revela
2811 3020 2996 3075 oculos
3044 3034 3217 3085 meos,
3253 3027 3309 3075 et
3349 3019 3646 3090 intelligam

2083 3115 2353 3173 mirabilia
2382 3115 2447 3170 de
2495 3113 2612 3184 lege
2648 3122 2738 3169 tua
2767 3130 2782 3177 ;
2821 3131 2839 3164 ο
2868 3109 3028 3180 hujus
3066 3126 3195 3166 vero
3233 3112 3523 3167 clamantis
3555 3111 3600 3146 ³³
3629 3128 3643 3164 :

2086 3227 2107 3261 ‹
2140 3207 2253 3264 Lex
2293 3205 2552 3276 spiritalis
2586 3215 2690 3269 est,
2739 3223 2758 3257 ι
2803 3205 2849 3260 is
2883 3218 3013 3259 sane
3048 3203 3233 3258 videre
3271 3211 3453 3273 potest
3485 3203 3646 3275 digna

2081 3301 2190 3355 Deo
2224 3315 2346 3356 esse
2384 3313 2504 3369 qua:
2527 3298 2580 3352 iu
2612 3297 2700 3353 bis
2739 3297 2904 3351 latent
2928 3305 3223 3366 prmeepta.

2151 3415 2323 3470 Homo
2367 3431 2430 3469 ea:
2473 3413 2636 3478 vobis,
2685 3413 2733 3466 si
2786 3411 2975 3480 afferat
3025 3427 3247 3466 munera
3297 3409 3519 3464 Dommo
3577 3409 3646 3464 “.

2079 3509 2497 3568 Observavimus
2537 3520 2680 3576 sape
2720 3507 2772 3558 in
2814 3499 3111 3573 Scripturis
3134 3519 3357 3558 munera
3393 3503 3461 3557 de
3490 3503 3645 3573 181

2081 3600 2407 3655 animalibus
2441 3599 2569 3664 dici,
2604 3595 2875 3652 sacriﬁcia
2893 3605 3073 3650 autem
3105 3597 3168 3650 de
3193 3597 3354 3650 rebus
3376 3594 3649 3660 inanimis,

2074 3692 2229 3762 juxta
2269 3691 2322 3747 id
2359 3694 2500 3762 quod
2541 3691 2593 3744 in
2624 3687 2820 3744 Genesi
2861 3687 3058 3742 dicitur
3099 3687 3147 3719 "
3201 3703 3216 3740 :
3253 3705 3270 3739 ι
3314 3687 3381 3741 Et
3414 3688 3651 3756 respexit

2080 3787 2220 3841 Deus
2257 3799 2419 3855 super
2479 3782 2635 3849 Abel,
2671 3792 2727 3838 et
2781 3798 2947 3849 super
2987 3793 3212 3834 munera
3258 3778 3416 3848 ejus;
3487 3795 3653 3848 super

2081 3880 2213 3935 Cain
2238 3889 2442 3942 autem,
2481 3887 2536 3932 et
2571 3890 2730 3946 super
2755 3871 3023 3928 sacriﬁcia
3057 3871 3174 3940 ejus
3206 3887 3313 3926 non
3356 3873 3644 3926 advertit.»

2080 3971 2212 4026 Illud
2243 3971 2462 4040 insuper
2496 3968 2783 4024 dicendum
2814 3984 2828 4019 :
2860 3964 2951 4020 ubi
2983 3965 3046 4019 de
3079 3963 3404 4018 animalibus
3431 3963 3648 4033 agitur:

2088 4079 2107 4112 ι
2147 4060 2339 4127 H’omo,
2376 4059 2572 4128 inquit,
2620 4072 2686 4112 ex
2723 4055 2878 4110 vobis
2908 4055 2952 4110 si
2984 4054 3177 4110 aﬂ'erat
3200 4068 3465 4119 munera;
3515 4075 3533 4107 ι
3562 4055 3650 4109 ubi

2080 4167 2212 4207 vero
2235 4152 2301 4207 de
2327 4150 2660 4215 inauimatis,
2695 4166 2712 4199 ‹
2741 4149 2787 4204 si
2815 4149 3015 4203 anima.
3057 4168 3075 4199 ι
3106 4146 3469 4202 lnanimatum
3495 4147 3655 4202 oll'crt

403 4225 550 4296 δῶρα
573 4243 587 4256 ·
619 4245 636 4275 ι
678 4226 770 4278 ἐπὶ
794 4226 850 4278 δὲ
871 4225 979 4279 τῶν
1009 4226 1249 4298 ἀψύχων,
1293 4247 1311 4279 ι
1352 4227 1446 4282 ἐὰν
1477 4229 1642 4302 ψυχή.
1678 4251 1696 4284 ι
1735 4233 1808 4286 Τὸ
1845 4234 1976 4303 ἄψυ-

2084 4249 2285 4312 anima,
2321 4254 2466 4300 utex
2522 4241 2820 4298 irrationali
2867 4240 3134 4297 rationale
3177 4241 3350 4296 solum
3384 4241 3656 4310 relinqua-

405 4335 496 4388 χον
526 4321 558 4388 ή
595 4317 742 4388 ψυχή
764 4334 776 4346 ·
811 4317 896 4369 ἴνα
921 4315 1014 4369 τοῦ
1070 4319 1166 4388 μὲν
1205 4317 1398 4387 ἀλόγου
1440 4320 1501 4374 τὸ
1557 4321 1771 4391 λογικὸν
1819 4324 1976 4394 μόνον

405 4407 820 4478 καταλείπηται⁷
840 4407 930 4460 καὶ
955 4407 1046 4461 τοῦ
1074 4407 1280 4480 ἀψύχου
1314 4409 1420 4463 ὑπὸ
1448 4411 1540 4465 τοῦ
1574 4413 1745 4484 πυρὸς
1772 4432 1980 4487 νενικη-

411 4501 570 4571 μένου
610 4501 895 4571 ἀπομείνοι
937 4501 998 4553 τὸ
1026 4499 1263 4571 ἔμψυχον
1304 4491 1484 4572 μόνον.

475 4613 812 4684 Προχεοῦσι
843 4614 909 4667 τὸ
952 4609 1094 4683 αζιια
1140 4615 1237 4666 ἐπὶ
1272 4615 1336 4668 τὸ
1363 4619 1812 4688 θυσιαστήριον.
1877 4621 1980 4674 Θυ-

410 4709 724 4780 σιαστήριον
765 4705 1104 4778 καρπώσεως
1129 4707 1158 4759 ὁ
1201 4706 1383 4778 βωμὸς
1414 4708 1650 4778 λέγεται,
1685 4712 1769 4782 ἐφ’
1797 4706 1858 4765 οῦ
1888 4713 1984 4766 θυ-

410 4801 518 4854 σίαι
545 4798 963 4862 ὁλοκαυτώσεως
981 4816 993 4828 ·
1032 4798 1412 4870 θυσιαστήριον
1441 4800 1497 4854 δὲ
1531 4801 1892 4873 θυμιάματος,
1923 4804 1985 4857 τὸ

408 4891 514 4947 ἔσω
542 4893 941 4963 θυσιαστήριον.

484 5006 595 5060 Τοῦ
641 5007 850 5060 αὑτοῦ.
889 5005 1104 5076 Ἐπειδὴ
1142 5003 1360 5076 ἔχαιρον
1388 5009 1504 5071 ταῖς
1527 5007 1739 5071 θυσίαις
1769 5009 1819 5059 οἱ
1852 5009 1983 5061 Ἰου-

409 5099 624 5152 δαῖοιὲν
655 5097 912 5168 Αἰγύπτῳ
955 5096 1179 5160 ταύταις
1225 5097 1666 5168 προσεθίσαντες,
1701 5099 1777 5164 ῶς
1826 5099 1979 5171 καὶή

411 5191 468 5245 ὲν
491 5192 558 5262 τῇ
588 5191 777 5262 ἐρήμῳ
804 5188 1123 5260 μοσχοποιία
1140 5190 1423 5260 μαρτυρεῖ,
1454 5189 1755 5261 ἐπέτρεψεν
1789 5191 1817 5242 ὁ
1850 5189 1981 5254 Θεὸς

411 5283 610 5347 ταύτας
665 5281 815 5353 αύτῷ
863 5284 1252 5353 προσαγαγεῖν,
1303 5280 1476 5354 ταύτῃ
1519 5281 1823 5352 χαλινώσας
1880 5282 1980 5352 τῆς

412 5374 698 5439 Μλυθεῖας
721 5375 818 5444 τὰς
846 5375 1111 5440 ἀτάκτους
1140 5374 1315 5448 ὁρμὰς
1343 5375 1437 5428 καὶ
1462 5373 1555 5427 τοῦ
1583 5373 1658 5446 μὴ
1686 5372 1833 5427 θύειν
1863 5373 1976 5426 δαίη

415 5481 558 5536 post.

2085 4351 2191 4407 tnr,
2220 4350 2274 4396 et
2304 4337 2605 4394 inanimato
2637 4337 2703 4393 ab
2741 4337 2862 4409 igne
2896 4345 3219 4406 consumpto
3255 4332 3430 4391 solum
3459 4349 3627 4405 super

2082 4433 2156 4487 sit
2183 4431 2501 4486 animatum.

2155 4629 2440 4700 Eﬂundenl
2490 4629 2798 4698 sanguinem
2843 4627 2912 4680 ad
2952 4625 3120 4680 altare
3163 4626 3230 4680 ".
3267 4625 3458 4679 Altare
3489 4623 3649 4678 bolo-

2085 4722 2261 4776 causti
2295 4735 2390 4775 ara
2416 4720 2638 4784 dicitur,
2669 4719 2722 4774 in
2749 4735 2855 4788 qua
2882 4717 3152 4774 sacriﬁcia
3198 4715 3504 4771 bolocausti
3529 4713 3657 4769 olfe-

2088 4823 2298 4878 runtur,
2338 4812 2508 4868 altare
2535 4827 2660 4868 vero
2689 4811 2922 4878 incensi,
2951 4809 3182 4865 interior
3217 4820 3300 4864 est
3331 4823 3449 4866 ara.

2156 5007 2429 5078 Ejusdem.
2462 5007 2732 5075 Quoniam
2789 5005 3078 5062 sacriﬁciis
3113 5004 3529 5062 delectabantur
3562 5004 3656 5060 lu-

2085 5101 2207 5167 dzei,
2238 5110 2421 5170 utpote
2451 5101 2517 5154 iis
2551 5100 2603 5154 in
2637 5097 2873 5170 Egypto
2903 5098 3127 5165 assueti,
3164 5107 3224 5151 ut
3265 5097 3423 5153 docet
3453 5096 3654 5154 vitulus

2088 5191 2142 5245 in
2173 5192 2384 5248 deserto
2410 5188 2694 5258 conﬂatus,
2721 5192 2836 5244 haec
2865 5189 2969 5244 sibi
2998 5189 3183 5244 oﬁcrri
3211 5186 3458 5258 permisit
3489 5187 3654 5253 Deus,

2087 5291 2144 5337 ut
2169 5297 2358 5337 eorum
2390 5282 2456 5336 ad
2489 5282 2673 5350 plures
2703 5281 2832 5336 deos
2850 5281 3106 5336 colendos
3136 5280 3440 5338 inordinate
3464 5279 3660 5349 proeli-

2087 5388 2183 5428 ves
2224 5375 2438 5430 animos
2489 5375 2791 5429 relrcnaret
2821 5385 2876 5429 et
2904 5390 2933 5429 a
2964 5371 3326 5430 sacriﬁcando
3377 5369 3656 5428 dremoniis

2088 5474 2379 5522 averteret.

483 5649 524 5680 "
564 5648 744 5708 Levit.
777 5667 818 5719 ι,
860 5651 910 5706 ι.
987 5649 1031 5683 “
1069 5648 1213 5708 Psal.
1248 5665 1436 5718 cxvm,
1469 5649 1558 5706 l8.
1635 5649 1682 5684 ’³
1707 5649 1864 5706 Rom.
1894 5666 1965 5705 vn

2145 5648 2190 5682 ⁵⁸
2213 5647 2385 5707 Levit.
2408 5662 2450 5716 ι,
2470 5645 2526 5701 2.
2601 5647 2647 5681 ⁸⁸
2682 5644 2818 5705 Gen.
2841 5661 2894 5716 ν,
2928 5646 2984 5716 4,
3013 5647 3066 5704 5.
3142 5648 3190 5684 ³⁸
3223 5644 3395 5701 Levit.
3422 5657 3461 5712 ι,
3485 5642 3546 5700 5.
