4024 6146
333 262 438 318 599

405 385 469 442 Si
501 393 675 440 autem
710 382 888 437 anima
915 396 1020 434 una
1049 379 1340 450 peccaverit
1370 394 1471 432 non
1499 383 1681 448 sponte
1697 377 1766 435 "’.
1790 374 1908 431 Non
1941 377 1988 434 Α

333 493 530 552 sponte
556 479 776 550 ﬁtquod
807 476 1077 546 quispiam
1110 473 1222 544 agit
1239 474 1467 528 malum.
1496 472 1910 529 Observandum

336 572 696 646 ignorantiam
722 568 1172 633 involuntariam,
1191 575 1474 637 peccatum
1493 563 1680 619 vocari
1705 579 1737 619 a
1762 563 1911 618 Scri-

334 674 518 734 ptura.
559 661 672 715 lmo
724 659 958 714 aliorum
991 657 1354 726 quorumdam
1403 655 1655 711 meminit
1689 653 1911 718 Paulus,

335 757 524 810 dicens
559 755 606 785 ’³
653 770 668 807 :
721 770 739 804 ι
791 749 1054 806 Umbram
1112 748 1260 805 enim
1325 748 1515 803 habuit
1558 747 1647 801 lex
1703 749 1916 801 futuro-

336 864 483 904 rum.
521 866 540 899 ι

409 939 688 1006 Eiusdem.
720 935 858 992 lllud
897 934 1041 1005 quod
1069 932 1270 989 dicitur
1302 953 1314 988 :
1353 949 1372 983 ι
1416 929 1477 986 Si
1517 929 1698 986 anima
1725 945 1917 1001 pecca-

338 1032 480 1087 verit
511 1045 618 1084 non
647 1036 841 1099 sponte
866 1036 922 1082 et
954 1040 1063 1080 non
1099 1023 1291 1079 fecerit
1319 1023 1386 1078 de
1413 1021 1667 1078 omnibus
1691 1021 1915 1076 manda-

343 1125 413 1180 tis
444 1105 684 1186 Domini,
711 1140 732 1174 ι
768 1128 974 1174 naturae
1003 1126 1429 1173 consentaneum
1455 1120 1559 1170 est.
1603 1114 1744 1170 Sunt
1771 1112 1916 1168 enim

343 1217 483 1273 forte
523 1214 775 1285 quaedam
816 1220 1086 1283 praecepta
1129 1209 1346 1264 Domini
1377 1223 1499 1278 quae
1528 1221 1634 1262 non
1666 1205 1914 1260 facienda

342 1319 471 1367 sunt
491 1309 644 1379 juxta
674 1306 803 1360 illud
833 1305 878 1336 "
913 1321 927 1358 :
962 1321 980 1354 ι
1016 1302 1147 1358 Dedi
1177 1305 1256 1356 eis
1293 1309 1555 1372 praecepta
1587 1315 1694 1355 non
1717 1299 1912 1354 bona.»

341 1400 538 1454 Anima
564 1411 694 1466 ergo
718 1405 908 1466 peccat
931 1410 1036 1450 non
1069 1401 1284 1463 Sponte,
1311 1391 1528 1461 quando
1556 1391 1776 1444 obtentu
1802 1390 1917 1457 pie-

343 1492 477 1544 tatis
500 1488 552 1542 id
582 1487 726 1557 quod
757 1485 846 1540 lex
879 1493 1048 1550 vetat,
1078 1490 1280 1538 servat.
1311 1481 1376 1535 Et
1397 1479 1668 1536 sacriﬁcio
1713 1478 1920 1548 indiget

346 1582 415 1638 ad
453 1581 669 1636 veniam
712 1577 1090 1632 obtinendam.
1133 1575 1205 1629 At
1253 1571 1529 1628 sacriﬁcio
1564 1585 1671 1625 non
1713 1569 1920 1639 indiget

346 1676 440 1746 qui
472 1675 725 1732 consulto
754 1673 892 1744 agit,
933 1671 1079 1726 sicut
1125 1668 1172 1723 is
1207 1666 1301 1737 qui
1343 1665 1562 1720 Judaeus
1611 1662 1786 1717 factus
1835 1669 1918 1716 est

1706 250 1801 307 EX
1832 248 2137 308 OlilGENE

3485 255 3593 311 400

2097 375 2238 428 Ἐὰν
2264 373 2332 428 δὲ
2363 373 2534 445 ψυχὴ
2555 375 2664 444 μία
2695 373 2925 444 ἁμάρτῃ
2947 375 3269 442 ἀκουσίως.
3311 371 3593 426 Ἀκούσιόν

2015 467 2162 518 ἐστιν
2187 467 2322 537 ὅπερ
2349 467 2414 520 ἄν
2446 484 2528 530 τις
2561 469 2689 537 ποιῇ
2713 467 2899 519 κακόν.
2927 466 3264 537 Σημειωτέον
3321 461 3405 514 ὅτι
3439 459 3502 512 τὸ
3531 462 3598 516 ἀ-

2010 554 2225 626 γνόημα
2241 557 2300 610 τὸ
2342 557 2616 622 ἀκούσιον,
2661 554 2934 627 ἁμαρτίαν
2966 554 3120 608 καλεῖ
3158 557 3190 625 ἡ
3240 554 3454 625 Γραφή.
3490 554 3602 608 Καὶ

2016 648 2189 701 ἄλλων
2221 648 2381 701 τινῶν
2423 649 2696 720 μέμνηται
2732 651 2758 702 ὁ
2787 648 3058 719 μακάριος
3089 645 3300 710 Παῦλος
3335 646 3601 715 φάεκωψ

2020 742 2206 795 Σκιὰν
2231 743 2341 813 γὰρ
2377 739 2542 812 εἶχεν
2571 747 2603 796 ό
2625 745 2810 812 νόμος
2847 740 2966 794 τῶν
2978 741 3349 810 μελλόντιιηνο.

2094 926 2202 981 Τοῦ
2229 925 2432 980 αὑτοῦ.
2475 945 2495 978 ι
2539 924 2703 997 Ψυχὴ
2732 923 2825 978 ἐὰν
2851 923 3074 996 ἁμάρτῃ
3106 921 3397 984 ἀκουσίως,
3426 919 3582 992 φησὶ,

2019 1021 2112 1076 καὶ
2141 1020 2215 1092 μὴ
2262 1022 2465 1094 ποιήσῃ
2512 1020 2620 1074 ἀπὸ
2651 1018 2842 1072 πασῶν
2875 1016 2983 1070 τῶν
3031 1015 3258 1068 ἐντολῶν
3300 1015 3528 1086 Κυρίου,
3570 1032 3588 1064 ι

2019 1115 2161 1168 κατὰ
2193 1113 2354 1182 φύσιν
2405 1113 2539 1185 ἔχει.
2573 1113 2732 1166 Ἔστι
2755 1111 2864 1182 γὰρ
2894 1110 3033 1180 τάχα
3074 1108 3198 1162 τινὰ
3240 1108 3336 1162 καὶ
3368 1108 3596 1179 προστά-

2017 1224 2201 1279 γματα
2246 1206 2472 1278 Κυρίου,
2511 1205 2547 1260 ἀ
2580 1206 2639 1258 οὐ
2673 1205 2754 1258 δεῖ
2806 1206 2980 1257 ποιεῖν
3016 1203 3158 1256 κατά
3203 1203 3295 1255 τό·
3332 1220 3350 1252 ι
3381 1201 3596 1254 ’Έδωκα

2019 1298 2202 1360 αὐτοῖς
2234 1296 2635 1369 προστάγματα
2665 1295 2726 1348 οὐ
2768 1293 2926 1348 καλά.
2971 1313 2990 1346 ι
3025 1292 3188 1364 Ψυχὴ
3231 1285 3324 1345 οὖν
3351 1292 3599 1362 ἁμαρτά-

2019 1406 2100 1444 νει
2149 1388 2438 1454 ἀκουσίως,
2489 1388 2578 1440 ὅτε
2635 1387 2907 1458 προφάσει
2950 1384 3232 1448 εὐσεϐείας
3275 1383 3336 1437 τὸ
3371 1382 3444 1453 μὴ
3481 1382 3599 1435 δέον

2019 1485 2194 1556 τηρεῖ.
2253 1482 2363 1535 Καὶ
2408 1483 2577 1534 δεῖται
2619 1479 2808 1544 θυσίας
2865 1479 3002 1552 πρὸς
3053 1479 3278 1548 ἄφεσιν·
3315 1476 3376 1530 ού
3407 1475 3599 1547 δεομέ-

2024 1594 2116 1631 νου
2151 1575 2340 1638 Θυσίας
2383 1573 2475 1627 τοῦ
2520 1572 2754 1644 δρῶντος
2783 1571 3129 1642 ἐξεπίτηδες·
3175 1570 3250 1634 ὡς
3299 1569 3328 1620 ὁ
3362 1566 3600 1638 γεγονὼς

2036 1670 2285 1732 Ἰουδαῖος
2318 1669 2403 1721 ἵνα
2441 1665 2726 1728 Ἰουδαίους
2761 1663 3018 1737 κερδήσῃ,
3051 1663 3147 1716 καὶ
3170 1659 3479 1732 περιτεμὼν
3511 1660 3602 1713 τὸν

346 1769 638 1825 υιιυόωοε
663 1729 1028 1828 lucrifaceret,
1057 1769 1114 1816 et
1146 1755 1492 1814 circumcidit
1518 1753 1884 1809 Timotheum.

2028 1729 2304 1834 Τιμόθεον.

419 1863 611 1918 Anima
629 1858 724 1914 illa
740 1871 1066 1930 quwcunque
1090 1851 1316 1922 tetigerit
1336 1863 1538 1906 omnem
1565 1863 1674 1902 rem
1696 1847 1923 1899 immun-

346 1958 494 2024 dam,
523 1963 618 2011 aut
645 1951 987 2010 morticinum
1017 1950 1059 2004 ί.
1086 1945 1434 2002 Morticinum
1462 1951 1622 1998 vocat
1644 1941 1756 1997 Deo
1777 1954 1926 1994 mor-

349 2060 501 2105 tuum
527 2047 805 2105 hominem
839 2043 1064 2113 quicum
1095 2051 1272 2108 neque
1299 2036 1479 2092 cibum
1519 2047 1737 2089 sumere
1764 2045 1926 2101 opor-

349 2149 479 2198 teat.
511 2138 615 2206 Qui
635 2137 781 2195 enim
807 2135 986 2204 ipsum
1017 2130 1280 2200 tetigerit,
1309 2126 1625 2182 immundus
1658 2136 1764 2180 est.
1789 2121 1923 2176 Illud

347 2245 566 2304 quoque
618 2225 958 2283 immundum
985 2230 1072 2278 est
1097 2218 1241 2292 quod
1273 2217 1342 2273 ab
1372 2215 1690 2272 adversario
1737 2221 1925 2267 nostro

349 2303 569 2382 diabolo
590 2326 814 2389 captum
837 2323 940 2371 est.
963 2311 1170 2368 Pecora
1187 2309 1468 2364 immunda
1498 2306 1701 2361 fuerint
1730 2303 1804 2358 illi
1834 2303 1924 2373 qui

344 2417 714 2488 iumentorum
747 2409 922 2465 instar
956 2405 1023 2460 ad
1081 2403 1311 2458 verbum
1349 2405 1722 2464 accesserunt,
1776 2405 1832 2450 et
1859 2395 1927 2450 ad

347 2515 580 2565 mortem
638 2509 960 2576 peccarunt,
1023 2511 1202 2567 neque
1246 2494 1394 2566 digni
1456 2491 1586 2547 facti
1647 2501 1775 2547 sunt
1832 2488 1924 2559 qui

350 2603 696 2660 salvarentur
745 2597 911 2654 etiam
954 2609 1080 2651 cum
1131 2589 1431 2661 iumentis,
1485 2588 1640 2658 juxta
1697 2585 1924 2640 illud':

356 2717 377 2752 ι
407 2697 665 2756 Homines
693 2703 752 2752 et
781 2693 1024 2764 iumenta
1055 2686 1313 2750 salvabis,
1341 2683 1588 2740 Domine.
1625 2699 1644 2732 ι

424 2787 609 2845 Omnis
631 2787 725 2856 qui
757 2785 985 2855 tetigerit
1014 2797 1129 2845 eas,
1173 2772 1595 2846 sd’nctiﬁeabitur
1620 2772 1664 2830 ³.
1695 2769 1925 2840 Quidam

351 2883 520 2948 illud,
557 2898 576 2932 ι
616 2874 1077 2938 sanctiﬁcabitur,
1118 2890 1136 2923 ι
1172 2866 1492 2940 exponunt,
1524 2884 1542 2917 ι
1580 2862 1929 2920 contamina-

351 2978 526 3043 bitur,
559 2992 580 3028 ι
603 2987 710 3028 non
737 2969 976 3043 quidem,
1004 2974 1066 3020 ut
1088 2963 1302 3033 opinor,
1320 2968 1541 3030 propter
1571 2955 1922 3017 sacriﬁcium,

2109 1855 2180 1910 Ἣ
2210 1853 2381 1923 ψυχὴ
2415 1852 2615 1920 ἐκείνη
2646 1850 2778 1918 ἣτις
2801 1849 2908 1904 ἐὰν
2942 1849 3166 1919 ἅψηται
3208 1847 3434 1914 παντὸς
3457 1845 3604 1916 πρά-

2032 1963 2253 2019 γματος
2287 1943 2647 2013 ἀκαθάρτου,
2680 1943 2718 2010 ἢ
2751 1942 3130 2012 θνησιμαίου.
3177 1940 3509 2012 Θνησιμαῖον
3543 1936 3603 1992 δέ

2027 2057 2160 2112 φησι
2186 2039 2275 2093 τὸν
2299 2036 2636 2094 ἀποθανόντα
2670 2035 2748 2106 τῷ
2780 2034 2898 2106 Θεῷ
2929 2034 3235 2106 ἄνθρωπον,
3271 2027 3315 2101 ᾧ
3334 2031 3437 2104 χρὴ
3467 2030 3603 2103 μηδὲ

2027 2132 2346 2188 συνεσθίεινο
2371 2132 2400 2184 ό
2429 2129 2539 2205 γὰρ
2570 2129 2874 2198 ἁπτόμενος
2913 2126 3076 2181 αὐτοῦ
3110 2124 3418 2197 ἀκάθαρτός
3463 2126 3597 2178 ἐστι.

2025 2227 2137 2280 Καὶ
2161 2223 2324 2277 τοῦτο
2365 2220 2674 2293 ἀκάθαρτόν
2706 2221 2823 2272 ἐστι
2865 2218 2926 2270 τὸ
2953 2216 3216 2289 θηρευθὲν
3251 2215 3356 2268 ὑπὸ
3386 2213 3479 2268 τοῦ
3511 2213 3606 2267 ἁν-

2024 2320 2227 2374 τιδίκου
2261 2317 2416 2389 ἡμῶν
2457 2315 2722 2370 διαϐόλου.
2768 2315 2954 2385 Κτήνη
3000 2310 3287 2383 ἀκάθαρτα
3316 2309 3402 2380 εἴη
3435 2308 3521 2371 ἂν,
3552 2308 3602 2362 oi

2029 2409 2414 2482 προσελθόντες
2448 2408 2545 2479 μὲν
2571 2407 2649 2478 τῷ
2685 2407 2828 2477 λόγῳ
2860 2404 3174 2475 κτηνώδεις,
3211 2404 3348 2475 πρὸς
3373 2401 3602 2455 θάνατον

2026 2502 2083 2555 δὲ
2118 2500 2558 2572 ἀμαρτήσαντες,
2595 2497 2690 2550 καὶ
2743 2497 2815 2567 μὴ
2859 2495 3139 2565 γενόμενοι
3182 2493 3322 2558 ἄξιοι
3369 2491 3604 2562 σωθῆναι

2028 2596 2132 2650 κᾶν
2181 2594 2318 2666 μετά
2363 2591 2598 2664 κτηνῶν,
2629 2591 2768 2644 κατά
2793 2592 2853 2643 τὸ
2886 2590 3042 2658 λέγον
3075 2589 3256 2660 ῥητόν
3300 2606 3319 2639 t
3373 2583 3604 2658 Ἀνθρώ-

2029 2707 2162 2755 πους
2188 2688 2283 2742 καὶ
2319 2687 2492 2757 κτήνη
2526 2684 2740 2747 σώσεις,
2772 2683 2964 2754 Κύριε.
3001 2701 3022 2736 ι

2099 2780 2220 2847 Πᾶς
2256 2780 2324 2846 ὃς
2354 2780 2461 2834 sar
2492 2779 2714 2847 ἅψηται
2749 2773 2946 2828 αὐτῶν
2976 2770 3423 2844 ἀμαυ-ϐήσεται.
3447 2765 3601 2830 Τινὶς

2029 2877 2088 2930 τὸ
2119 2893 2139 2927 ι
2186 2874 2601 2944 ἁγιασθήσεται,
2650 2891 2668 2922 ι
2712 2865 3158 2938 μολυνθήσεται
3204 2863 3386 2932 φασιν,
3432 2859 3490 2913 οὐ
3515 2858 3611 2914 διὰ·

2028 2968 2124 3041 τὴν
2158 2967 2369 3031 θυσίαν,
2387 2962 2560 3036 οἶμαι,
2588 2961 2722 3017 ἀλλά
2751 2959 2840 3013 διὰ
2864 2959 2925 3012 τὸ
2954 2955 3224 3028 τολμηρὸν
3250 2952 3412 3008 αὑτοῦ
3439 2953 3606 3007 timo-

353 3067 450 3124 sed
483 3071 707 3136 propter
737 3059 1028 3114 audaciam
1075 3052 1366 3122 tangentis.
1395 3051 1626 3120 Aggaeus
1663 3045 1809 3102 enim
1839 3044 1924 3098 di-

2031 3060 2213 3132 μὲνου.
2261 3060 2512 3128 Ἀγγαῖος
2554 3056 2660 3127 γάρ
2694 3069 2874 3124 φησιν·
2920 3068 2939 3102 ι
2973 3053 3070 3114 Ὃς
3093 3049 3156 3102 ἂν
3188 3047 3410 3118 ἅψηται,
3446 3062 3602 3117 μιαν-

354 3163 474 3218 cit‘
503 3177 519 3215 :
556 3177 575 3210 ι
615 3157 717 3224 Qui
747 3153 1010 3223 tetigerit,
1043 3146 1528 3206 contaminabitur.
1557 3160 1578 3195 ι

427 3247 700 3320 Ejusdem.
739 3244 990 3314 Dicimus
1036 3235 1312 3322 sacriﬁcia
1353 3230 1731 3291 sacerdotibus
1757 3229 1928 3300 magis

357 3343 526 3399 fuisse
575 3339 965 3396 alimentorum
1017 3332 1334 3398 materiam,
1369 3339 1425 3387 et
1475 3328 1726 3384 umbram
1770 3323 1930 3396 183

359 3433 602 3508 pietatis.
635 3428 843 3501 Duplex
898 3425 1080 3482 oritur
1129 3423 1341 3480 lucrum
1375 3437 1407 3478 e
1445 3419 1768 3486 sacriﬁciis;
1815 3419 1930 3489 pri-

357 3542 531 3596 mum,
563 3524 708 3598 quod
737 3521 862 3578 inde
893 3519 1038 3574 Deus
1079 3516 1412 3580 houoretur;
1437 3511 1755 3577 secundum,
1786 3509 1932 3580 quod

357 3634 480 3693 quae
523 3617 794 3690 quispiam
838 3610 1161 3675 immolarit,
1197 3622 1264 3664 ea
1299 3621 1407 3663 non
1443 3603 1608 3660 facile
1651 3601 1930 3670 adorabit,

358 3725 533 3781 neque
565 3711 730 3764 Deum
756 3720 879 3762 esse
905 3703 1139 3774 putabit.

433 3804 497 3857 Et
530 3818 633 3855 non
677 3797 972 3853 moriemini
999 3795 1041 3849 ⁵.
1076 3794 1305 3848 Mortem
1354 3791 1469 3846 hate
1519 3788 1679 3842 verba
1734 3785 1930 3840 minari

358 3899 612 3952 videntur
635 3890 1007 3950 sacerdotibus
1037 3889 1220 3942 vinum
1251 3895 1306 3941 et
1337 3883 1571 3939 siceram
1599 3881 1930 3944 bibentibus,

357 4007 482 4048 eum
522 3991 576 4044 in
610 3984 1024 4044 tabernaculum
1069 3981 1470 4051 ingrediuntur.
1517 3975 1745 4046 Oportet
1785 3972 1931 4028 enim

357 4086 642 4155 episcopos
667 4079 764 4150 qui
797 4087 957 4133 orant
985 4090 1088 4146 pro
1131 4073 1353 4143 populo,
1383 4085 1490 4126 non
1519 4068 1694 4125 Solum
1746 4064 1934 4136 fugere

356 4178 681 4232 ebrietatem
714 4186 838 4242 qua:
875 4185 904 4224 a
949 4170 1076 4223 vino
1114 4166 1320 4231 oritur,
1369 4163 1466 4218 sed
1504 4171 1561 4216 et
1592 4173 1712 4214 eam
1751 4171 1872 4227 quae
1901 4171 1933 4210 a

359 4273 523 4326 rebus
577 4277 636 4325 et
681 4261 1194 4321 ratiocinationibus
1241 4257 1496 4313 humanis
1549 4250 1931 4324 proﬁciscitur.

361 4361 472 4417 Nec
499 4359 735 4415 absurde
765 4353 895 4409 illud
925 4360 1098 4418 vetat,
1130 4347 1225 4404 sed
1261 4346 1403 4416 quod
1450 4346 1619 4401 sciret
1663 4344 1934 4411 impoten-

361 4416 448 4509 tes
483 4451 652 4506 animi
685 4447 962 4503 lsraelitas
990 4444 1042 4497 in
1074 4416 1128 4495 id
1178 4439 1539 4509 quodcunque
1573 4437 1930 4507 aggredereu-
1961 4416 2007 4472 D

362 4553 469 4611 tur,
498 4540 788 4598 immodice
815 4538 969 4594 ferri.
1002 4535 1073 4591 Ut
1095 4548 1216 4590 cum
1251 4533 1306 4586 in
1341 4537 1530 4585 sancta
1575 4525 1929 4595 ingrederen-

364 4653 475 4707 tur,
510 4640 750 4696 sobrium
784 4635 1054 4692 haberent
1094 4629 1290 4686 mentis
1339 4643 1589 4693 sensum,
1623 4635 1678 4681 et
1714 4623 1928 4680 facilem

362 4733 454 4788 Dei
487 4729 923 4787 recordationem
937 4765 952 4780 .

434 4823 613 4890 Quare
663 4836 766 4876 non
815 4817 1090 4874 comeditis
1148 4813 1286 4869 illud
1335 4813 1473 4884 quod
1517 4810 1619 4880 fuit
1665 4826 1760 4881 pro
1811 4799 1942 4879 pec--

361 4927 481 4973 cato
499 4918 553 4970 in
576 4916 690 4970 loco
711 4925 892 4970 sancto
911 4915 953 4968 ⁸.
973 4911 1220 4968 Ostendit
1249 4908 1624 4964 sacerdotibus
1646 4921 1749 4960 non
1780 4919 1930 4958 com-

361 5008 671 5072 edentibus,
728 5004 1106 5077 imperfectum
1138 5016 1262 5057 esse
1303 4998 1658 5062 sacriﬁcium,
1710 5005 1765 5050 et
1807 5011 1931 5064 pec-

362 5109 544 5155 caturo
583 5111 827 5153 manere.
851 5095 1146 5167 Oportebat
1179 5093 1323 5148 enim
1369 5099 1431 5146 ut
1472 5100 1529 5144 et
1563 5091 1632 5144 de
1668 5085 1934 5157 sanguine

363 5189 676 5250 inferretur,
704 5197 760 5244 et
791 5187 892 5257 ipsi
923 5187 1290 5240 comedereut.

310 5358 315 5363 _
436 5280 497 5336 Si
524 5280 677 5334 hodie
697 5279 988 5333 obtulerunt
1017 5292 1132 5346 qua:
1158 5291 1252 5346 pro
1275 5282 1489 5344 peccato
1513 5271 1723 5326 illorum
1749 5269 1927 5323 sunt’.

363 5374 836 5444 Quandoquidem,
867 5372 1062 5438 inquit,
1095 5369 1283 5424 Nadab
1313 5379 1370 5423 et
1405 5367 1580 5421 Altiud
1611 5366 1701 5433 qui
1761 5365 1926 5418 Deum

362 5466 726 5533 oﬂenderant,
757 5467 954 5522 mortui
989 5474 1134 5531 sunt,
1153 5463 1370 5534 quando
1398 5471 1609 5531 tempus
1628 5467 1746 5513 erat
1774 5471 1932 5512 com-

426 5657 470 5688 "
527 5657 700 5714 Levit.
724 5655 913 5728 ιν,27Ζ
983 5655 1029 5728 ’ἓ
1054 5654 1218 5728 Hebr.
1253 5651 1393 5728 x,Al__.
1415 5722 1425 5728 _
1451 5650 1514 5728 _°9
1542 5647 1740 5728 Egeclt:
1761 5661 1872 5728 “xx,
1905 5642 1998 5728 2ξέ

2029 3153 2272 3226 θήσεται.
2322 3169 2341 3202 ι

2107 3243 2219 3297 Τοῦ
2269 3239 2475 3296 αὐτοῦ.
2510 3239 2754 3308 Λέγομεν
2787 3234 2861 3298 ὡς
2892 3231 3184 3303 διατροφῆς
3216 3227 3436 3298 ἀφορμὴ
3473 3226 3599 3296 μᾶλ-

2029 3333 2118 3386 λον
2158 3334 2270 3394 τοῖς
2329 3329 2562 3401 ἱερεῦσιν
2601 3322 2741 3397 ἦσαν
2774 3326 2830 3378 αἱ
2873 3320 3054 3376 θυσίαι
3087 3320 3180 3372 καὶ
3216 3317 3344 3370 σκιά
3388 3317 3484 3387 τῆς
3517 3316 3607 3367 εύ-

2032 3424 2266 3487 σεϐείας.
2301 3419 2529 3474 Διπλοῦν
2556 3418 2614 3471 δέ
2640 3419 2756 3469 ἐστι
2785 3415 2844 3468 τὸ
2872 3413 3058 3484 κέρδος
3079 3411 3139 3464 τὸ
3165 3409 3274 3465 ἀπὸ
3305 3408 3398 3462 τοῦ
3438 3408 3601 3460 θύειν·

2033 3518 2128 3572 καὶ
2182 3517 2266 3570 ὅτι
2319 3513 2438 3586 θεῷ
2483 3511 2820 3584 προσάγεται
2883 3507 3057 3578 τιμὴ,
3111 3503 3205 3558 καὶ
3251 3503 3333 3555 ὅτι
3391 3500 3426 3554 ἃ
3488 3499 3604 3552 θύει

2032 3629 2116 3674 τις
2170 3610 2270 3664 οὐκ
2320 3607 2387 3664 ἂν
2440 3604 2888 3677 προσκυνήσειεν,
2916 3599 3037 3652 esse
3088 3597 3154 3652 ἂν
3207 3593 3416 3666 οἰηθείη
3475 3591 3607 3645 Θεὸν

2035 3700 2194 3758 εἶναι.

2104 3795 2216 3851 Καὶ
2249 3796 2321 3849 οὐ
2354 3792 2439 3864 μὴ
2491 3787 2850 3856 ἀποθάνητε.
2894 3783 3134 3837 Θάνατον
3171 3782 3199 3832 ὁ
3230 3778 3386 3848 λόγος
3433 3775 3605 3828 ἔοικεν

2033 3889 2275 3945 ἀπειλεῖν
2309 3885 2563 3958 ἱερεῦσιν,
2595 3877 2734 3936 οἶνον
2779 3878 2873 3932 καὶ
2921 3877 3110 3946 σίκερα
3149 3874 3412 3937 πίνουσιν,
3447 3869 3610 3941 ἡνίκα

2034 3981 2100 4036 ἂν
2133 3983 2210 4044 εἰς
2234 3979 2334 4051 τὴν
2361 3974 2564 4047 σκηνὴν
2591 3971 3033 4044 είσπορεύωνται.
3061 3969 3152 4018 Δεῖ
3172 3964 3280 4035 γὰρ
3313 3963 3438 4026 τοὺς
3468 3960 3609 4030 ὑπὲρ

2033 4074 2128 4128 τοῦ
2155 4072 2285 4126 λαοῦ
2322 4068 2645 4140 εὐχομένους
2671 4063 3000 4124 ἐπισκόπους
3034 4055 3473 4129 ἀποστρέφεσθαι
3501 4053 3608 4108 ἀπὸ

2040 4168 2231 4241 μέθης,
2278 4166 2338 4217 ού
2391 4162 2548 4233 μόνον
2594 4159 2691 4230 τῆς
2740 4156 2848 4211 ἀπὸ
2879 4155 3042 4216 οἴνου,
3079 4150 3214 4206 ἀλλὰ
3254 4150 3350 4202 καὶ
3377 4148 3474 4217 τῆς
3499 4145 3608 4198 τῶν

2037 4236 2398 4331 πραγμάτων,
2434 4255 2528 4307 καὶ
2575 4247 2940 4320 διαλογισμῶν
2987 4245 3360 4316 ἀνθρωπίνων.
3399 4240 3509 4308 Οὐχ
3532 4236 3609 4299 ὡς

2038 4351 2233 4405 ἄτοπον
2263 4348 2320 4400 δὲ
2361 4343 2701 4416 ἀπαγορεύει
2735 4341 2911 4403 τοῦτο,
2937 4339 3050 4390 ἀλλ’
3080 4339 3160 4390 ὅτι
3195 4335 3309 4406 ᾔδει
3341 4334 3401 4386 τὸ
3432 4331 3606 4401 ἀκρα-

2034 4445 2124 4506 τὲς
2154 4441 2263 4495 τῶν
2309 4437 2678 4511 Ἰσραηλιτῶν,
2723 4435 2804 4487 ὅτι
2844 4433 3044 4486 ὁπόταν
3081 4429 3318 4498 ἅψοιντο,
3365 4426 3444 4487 είς
3475 4424 3608 4492 ἀμε-

2035 4536 2189 4608 τρίαν
2226 4533 2484 4604 ἐχώρουν.
2531 4529 2626 4583 ’Ἰν’
2673 4528 2759 4580 ὅτε
2795 4527 2872 4589 εἰς
2912 4523 2979 4576 τὰ
3030 4522 3160 4590 ἆγια
3181 4521 3610 4594 εἰσπορεύονται,

2035 4604 2291 4700 νηφάλιον
2324 4625 2384 4678 τὸ
2427 4624 2525 4694 τῆς
2573 4619 2752 4691 ψυχῆς
2787 4615 3012 4688 ἀκριϐὲς
3051 4614 3236 4685 ἔχωσι,
3281 4611 3377 4664 καὶ
3414 4604 3608 4659 λεπτὸν

2035 4721 2127 4774 τοῦ
2160 4717 2291 4772 Θεοῦ
2327 4715 2690 4788 μνημόσυνον.

2105 4810 2207 4864 Διὰ
2255 4811 2311 4863 τί
2331 4787 2456 4862 οὐκ
2484 4805 2734 4874 ἐφάγετε
2776 4801 2840 4855 τὸ
2881 4799 3015 4868 περὶ
3052 4797 3161 4866 τῆς
3199 4792 3490 4864 ἁμαρτίας
3539 4787 3608 4840 ἐν

2033 4907 2193 4966 τόπῳ
2222 4902 2396 4970 ἀγίῳ;
2439 4898 2691 4951 Δείιικυσι
2723 4895 2778 4950 δὲ
2806 4896 2888 4947 ὅτι
2924 4894 2997 4964 μὴ
3029 4890 3137 4944 τῶν
3186 4886 3374 4958 ἱερέων
3403 4880 3609 4936 ἐσθιόν-

2032 5012 2162 5058 των,
2190 4992 2470 5054 ἀτέλεστος
2493 4991 2527 5060 ἡ
2562 4989 2742 5052 θυσία,
2785 4986 2936 5055 καὶή
2968 4980 3208 5054 ἁμαρτία
3240 4978 3407 5050 μένεν
3442 4971 3607 5044 ἐχρῆν

2034 5085 2142 5158 γὰρ
2195 5085 2290 5138 καὶ
2331 5086 2395 5137 ἐκ
2439 5080 2532 5134 τοῦ
2579 5081 2808 5152 αἵματος
2845 5074 3233 5145 εἰσενεχθῆναι,
3277 5069 3374 5123 καὶ
3413 5065 3607 5126 αὐτοὺς

2037 5179 2250 5248 φαγεῖν.

2107 5272 2177 5323 El
2208 5268 2473 5338 σήμερον
2518 5264 2972 5335 προσαγηόχασι
3004 5257 3078 5311 τὰ
3105 5254 3237 5322 περὶ
3274 5251 3386 5321 τῆς
3420 5250 3605 5319 ἁμαρ-

2036 5364 2163 5428 τίας
2204 5360 2420 5415 αὐτῶν.
2469 5359 2621 5412 Ἐπεὶ
2655 5354 2874 5424 συνέϐη,
2909 5350 3064 5422 φησὶ,
3097 5350 3210 5411 τοῖς
3258 5345 3390 5416 περὶ⁵
3420 5337 3606 5395 Ναδὰϐ

2037 5457 2130 5510 καὶ
2173 5455 2385 5509 Ἀϐιούδ
2425 5449 2833 5525 προσκρούσασι
2884 5443 2964 5516 τῷ
3011 5441 3130 5513 Θεῷ
3167 5438 3480 5500 ἀποθανεῖν,
3514 5434 3608 5487 ὅτε

2100 5643 2114 5673 ¹
2149 5640 2323 5695 chit.
2361 5652 2413 5706 ν,
2441 5636 2499 5694 2.
2575 5636 2595 5667 ¹
2625 5631 2766 5688 Psal.
2803 5643 2972 5692 xxxv,
3004 5625 3058 5679 7.
3156 5622 3176 5653 ³
3198 5619 3377 5696 Levnt.
3406 5632 3481 5682 vt,
3514 5614 3604 5671 18.

366 5712 632 5802 ‘Agg.tl,
669 5712 854 5785 13."
891 5725 1069 5784 Levit.
1104 5742 1159 5796 ς,
1182 5725 1237 5781 9.
1298 5712 1513 5786 "ibid"
1552 5720 1638 5774 l7.
1713 5712 2027 5782 “’ibid.,l9.
2097 5767 2104 5773 .
