4024 6146
383 275 473 331 ﬂii
1554 273 1863 331 SELECTA
1895 274 1963 331 IN
2002 272 2398 332 LEVITICUM.

3527 270 3635 330 40!

384 390 570 453 καιρὸς
601 384 681 462 ἦν
708 392 898 463 φαγεῖν
922 391 1119 454 αὐτοὺς
1146 390 1207 443 τὸ
1237 393 1365 461 περὶ
1405 392 1678 464 ἁμαρτίας
1705 393 1799 449 τοῦ
1836 395 1960 450 λαοῦ

2068 399 2231 451 edere
2287 395 2412 450 illos
2463 394 2605 465 quod
2637 392 2739 448 iuit
2761 405 2859 463 pro
2891 400 3115 465 peccato
3141 391 3323 462 populi
3365 401 3422 445 ut
3448 351 3635 447 remi;-

380 481 468 535 τοῦ
500 481 778 554 ἀφεθῆναι
809 483 847 537 ἀ
874 484 1111 555 ἥμαρτε,
1143 483 1259 547 πῶς
1298 486 1347 537 oi.
1375 485 1430 536 ἐν
1461 485 1758 557 ἁμαρτίαις
1802 489 1961 558 ἡμεῖς

358 573 625 645 Δσήμερον
686 573 1032 644 ἐλεγχθέντες
1084 572 1173 627 διὰ
1226 572 1320 627 τοῦ
1363 576 1559 644 φαγεῖν
1612 575 1711 647 τὴν
1769 573 1961 645 ἄφεσιν

376 664 829 737 προξενήσομεν;
873 666 990 737 Χρὴ
1027 666 1137 737 γὰρ
1186 666 1277 719 τὸν
1329 666 1476 737 ἱερέα
1533 667 1790 739 πρότερον
1835 669 1962 742 περὶ

374 752 538 808 αὐτοῦ
560 754 938 820 ἐξιλάσασθαι.

445 844 659 899 Ταῦτα
679 846 751 900 τὰ
777 844 966 914 κτήνη
1007 845 1046 900 ιῖ
1085 845 1369 916 φαγέσθε.
1394 846 1569 919 Θηρία
1596 849 1693 920 μὲν
1724 843 1816 904 οὖν
1867 850 1960 904 οὐ·

368 936 561 1008 δαμῶς
593 938 717 992 ἐστι
741 937 979 1011 καθαρόν
1018 937 1196 992 πάντα
1222 938 1331 1010 γὰρ
1354 938 1641 1013 ἀκάθαρτα
1683 942 1827 996 κατὰ
1867 941 1961 997 τὸν

368 1029 604 1085 εἰπόντα
650 1030 837 1101 νόμον·
875 1050 895 1083 ‹
935 1032 1051 1085 Πᾶν
1095 1029 1124 1084 ὃ
1165 1029 1261 1084 ὲάν
1296 1031 1593 1103 πορεύηται
1640 1033 1733 1089 ἐπὶ
1765 1034 1960 1107 χειρῶν

367 1121 540 1176 αὐτοῦ
565 1124 633 1176 ὲν
664 1124 797 1177 πᾶσι
822 1126 935 1187 τοῖς
963 1123 1193 1195 θηρίοις,
1235 1122 1520 1194 ἀκάθαρτα
1551 1123 1705 1179 ἔσται
1745 1125 1893 1197 ὑμῖν.
1935 1142 1955 1178 ι

365 1212 466 1285 Εῐη
507 1213 559 1267 δ’
596 1212 670 1271 ἂν
698 1215 929 1284 γενικῶς
950 1213 1121 1287 θηρία
1136 1214 1335 1279 πάντες
1361 1217 1408 1269 οἱ
1436 1215 1705 1287 ὠμότατοι
1734 1215 1842 1269 τῶν
1868 1217 1962 1271 ἀν-

364 1302 641 1376 θρώπων,
672 1307 800 1379 περὶ
838 1300 912 1362 ὧν
945 1324 1109 1378 φησιν
1141 1309 1170 1361 ὁ
1191 1304 1503 1380 Προφήτης·
1537 1327 1556 1360 ι
1595 1308 1684 1362 Ἑν
1711 1307 1788 1379 τῷ
1808 1307 1958 1377 ὲγγί-

365 1398 480 1463 ζειν
507 1400 609 1453 ἐπ’
631 1396 735 1469 ἐμὲ
762 1397 1068 1462 κακοῦντας
1087 1397 1182 1451 τοῦ
1205 1401 1398 1469 φαγεῖν
1423 1397 1521 1463 τὰς
1554 1398 1761 1472 σάρκας
1790 1416 1953 1471 μου·»

365 1490 463 1544 καὶ
498 1491 574 1544 τὰ
610 1489 763 1561 ἑξῆς.

434 1581 577 1638 Πᾶν
605 1581 830 1652 κτῆνος
857 1582 1150 1652 δικηλοῦν
1192 1583 1411 1651 ὁπλήν.
1453 1583 1655 1656 Δικηλῆ
1679 1582 1769 1639 τὸν
1801 1585 1959 1638 εύσερ-

364 1672 477 1737 σῶς
508 1675 574 1727 ἐν
613 1673 693 1744 τῷ
735 1673 892 1728 αίῶνι
938 1673 1114 1745 τούτῳ
1147 1674 1558 1746 πολιτευόμενον
1600 1675 1695 1731 καὶ
1740 1676 1829 1730 διὰ
1867 1676 1958 1731 τὸν

368 1762 650 1833 μέλλοντα
678 1764 852 1818 αἰῶνα
884 1765 972 1819 ἐπ’
1006 1767 1209 1821 ἐκεῖνον
1241 1767 1561 1822 σπεύδοντα·
1609 1768 1745 1840 πρὸς
1793 1766 1848 1822 δὲ
1899 1770 1959 1823 τὸ
1992 1749 2030 1803 Β

362 1855 618 1926 διχηλεῖν
663 1856 758 1909 καὶ
797 1856 1162 1928 όνυχιστῆρας
1205 1858 1472 1931 όνυχίζειν
1502 1859 1957 1931 περιαιρούμενον

363 1946 434 2001 τὰ
476 1947 723 2020 περιττά
752 1948 848 2001 mi.
890 1949 1081 2020 νεκρὰ,
1128 1950 1234 2003 ἀπὸ
1264 1950 1372 2004 τῶν
1406 1949 1627 2023 χειρῶν,
1668 1950 1813 2004 τοῦτ’
1843 1951 1957 2006 ἐστι

365 2038 657 2111 πράξεων
705 2040 800 2094 καὶ
845 2040 1043 2107 ποδῶν,
1089 2042 1334 2095 τουτέστι
1377 2042 1476 2114 τῆς
1524 2042 1764 2114 πορείας.
1817 2042 1959 2116 Πρὸς

363 2130 590 2198 τούτοις
618 2133 714 2186 καὶ
745 2132 849 2186 ἀνὰ
881 2134 1227 2206 μηρυκισμὸν
1256 2134 1357 2188 οὐκ
1377 2134 1763 2206 ἀποτιθέμενον
1799 2135 1958 2206 μόνον

363 2224 467 2297 τὴν
492 2225 880 2297 πνευματικὴν
923 2225 1151 2298 τροφὴν,
1180 2225 1314 2280 ἀλλὰ
1351 2227 1448 2280 καὶ
1474 2226 1959 2299 ἀναμιμνησκόμε-

366 2332 456 2371 νον
481 2316 590 2371 καὶ
618 2314 859 2387 συνεχῶς
892 2316 1068 2387 αὐτὴν
1101 2314 1428 2387 μελετῶντα.

429 2425 636 2497 Οὗτος
669 2432 702 2483 ὀ
732 2429 918 2500 νόμος
948 2428 1083 2498 περὶ
1120 2429 1240 2483 τῶν
1280 2427 1519 2497 κτηνῶν
1565 2426 1662 2483 καὶ
1698 2426 1818 2483 τῶν
1857 2442 1959 2483 πε-

370 2520 595 2576 τεινῶν
607 2521 708 2575 καὶ
729 2521 934 2589 πάσης
949 2519 1177 2590 ψυχῆς.
1210 2521 1385 2576 Πολὺν
1403 2522 1635 2576 ποιεῖται
1658 2521 1812 2591 λόγον
1832 2523 1959 2594 περὶ

368 2613 622 2687 καθαροῦ
640 2615 736 2669 καὶ
757 2613 1086 2687 ἀκαθάρτου·
1107 2614 1321 2687 πρῶτον
1339 2616 1496 2684 ἁγίαν
1513 2611 1650 2669 εἶναι
1670 2614 1767 2686 τὴν
1780 2613 1958 2687 ψυχὴν

370 2706 715 2761 ἐκπαιδεύει.
752 2707 816 2760 Ei
835 2706 1020 2778 γὰρτὸ
1049 2706 1275 2777 φυσικὸν
1299 2706 1538 2761 τοιοῦτον
1565 2702 1676 2762 οἷον
1700 2710 1763 2761 ἐκ
1790 2724 1957 2781 προσε-

368 2801 662 2873 τάγματος
697 2799 832 2855 Θεοῦ
857 2800 1098 2870 γέγονεν,
1130 2801 1454 2872 ἀκάθαρτον,
1486 2801 1634 2872 πόσῳ
1661 2801 1858 2874 μᾶλλον
1897 2801 1959 2854 τὸ

372 2893 484 2950 ἀπὸ
526 2892 810 2966 μοχθηρᾶς
835 2893 1229 2965 προαιρέσεως,
1264 2894 1358 2948 καὶ
1389 2894 1490 2948 οὐκ
1509 2895 1573 2947 ὲκ
1603 2892 1943 2968 προστάγμαν

370 2999 464 3052 ως
495 2986 635 3042 Θεοῦ
670 2985 926 3056 γεγονός;
970 2986 1033 3040 Ei
1064 2985 1125 3039 τὸ
1163 2980 1225 3040 οὗ
1273 2984 1405 3051 Θεὸς
1443 2988 1674 3059 ποιητὴς
1718 2985 1959 3060 ἀκάθαρ-

371 3097 463 3171 τον
495 3075 641 3171 εἶναι
662 3080 876 3171 νομίζοι
897 3098 1007 3171 τις,
1037 3079 1189 3171 πόσῳ
1222 3078 1421 3152 μᾶλλον
1454 3080 1516 3133 τὸ
1536 3079 1796 3171 εναντίως
1830 3076 1957 3171 ,ἔχον
1986 3107 2033 3171 c

374 3170 515 3244 πρὸς
550 3169 611 3225 τὺ
642 3169 735 3223 τοῦ
785 3169 920 3223 Θεοῦ
964 3169 1230 3242 βούλημα,
1272 3171 1367 3223 καὶ
1410 3167 1595 3223 ποιοῦν
1644 3170 1784 3240 ὅπερ
1818 3168 1962 3241 ἀπη-

374 3264 642 3336 γόρευσεν
667 3287 683 3337 ;

460 3376 767 3446 Ἆνθρὼπῳ
806 3376 915 3432 ἐάν
941 3394 1055 3430 τινι
1088 3376 1329 3448 γένηται
1366 3378 1436 3431 ἐν
1462 3375 1700 3447 δέρματι
1733 3374 1961 3452 χρωτὸς

378 3470 569 3526 αὐτοῦ
624 3469 802 3537 οὐλή.
858 3468 1143 3537 Ἂνάγεται
1186 3467 1361 3522 ταῦτα
1402 3469 1493 3522 ἐπί
1536 3485 1688 3532 τινας
1736 3466 1959 3539 μώμους

379 3562 479 3635 τῆς
509 3563 712 3635 ψυχῆς.
741 3563 851 3615 Καὶ
892 3561 1081 3635 ὥσπερ
1108 3562 1201 3615 ἐπὶ
1244 3560 1351 3615 τῶν
1386 3560 1478 3614 τοῦ
1524 3559 1772 3633 σώματος
1797 3578 1962 3633 τραυ-

382 3656 570 3727 μάτων
609 3653 747 3726 μετά
799 3655 898 3727 τὴν
937 3652 1232 3726 θεραπείαν
1267 3652 1381 3707 ἔσθ’
1423 3653 1512 3706 ὅτε
1554 3652 1696 3724 ἴχνος
1742 3651 1836 3707 τοῦ
1867 3670 1962 3706 πε-

379 3744 639 3800 πονθέναι
671 3745 795 3809 τοὺς
835 3744 1033 3808 τόπους
1068 3742 1454 3798 καταλείπεται
1476 3746 1533 3798 ὲν
1561 3748 1626 3816 τῇ
1652 3743 1959 3818 καλουμένῃ

382 3838 510 3910 ούλῇ
531 3855 545 3868 ’
582 3837 673 3891 τὸν
703 3838 865 3892 αὐτὸν
894 3837 1095 3908 τρόπον
1119 3838 1153 3908 ἠ
1183 3835 1423 3891 λαϐοῦσα
1443 3835 1664 3909 τραῦμα
1688 3836 1960 3911 ἁμαρτίας

381 3929 547 4003 ψυχὴ,
580 3929 687 3983 κᾶν
720 3928 860 4001 τύχῃ
889 3927 1203 4000 θεραπείας,
1234 3928 1396 3983 οἱονεὶ
1429 3928 1590 4001 οὐλὴν
1626 3928 1798 3983 ἐνίοτε
1843 3929 1956 4002 ἔχει

384 4018 874 4091 καταλειπομένην.
928 4021 1022 4073 Δεῖ
1063 4018 1120 4073 δὲ
1177 4018 1271 4073 καὶ
1326 4019 1417 4074 τὸν
1480 4004 1680 4092 τρόπον
1722 4020 1816 4075 τοῦ
1863 4021 1958 4075 ἀπ’

382 4114 554 4184 αὐτῆς
584 4112 928 4186 καθαρισμοῦ
968 4113 1001 4186 ἢ
1037 4113 1098 4167 οὐ
1132 4111 1478 4184 καθαρισμοῦ
1516 4111 1920 4178 ὲξεπίστασθαι.

465 4226 653 4296 Ἀνδρὶ
684 4226 725 4295 ἢ
756 4227 992 4297 γυναικὶ
1025 4219 1076 4293 ᾧ
1108 4228 1219 4282 ἐὰν
1243 4227 1486 4299 γένηται
1514 4226 1677 4295 αὺτῷ
1707 4228 1829 4299 ἁφή
1862 4227 1959 4284 λέ-

386 4335 556 4389 πρας.
583 4320 1010 4392 Παρατηρητέον
1033 4320 1120 4390 ἐφ’
1150 4314 1225 4373 ὧν
1258 4321 1354 4393 μὲν
1377 4320 1595 4391 λέγεται
1620 4321 1716 4375 ἀνθ
1726 4321 1919 4394 ρώπων
1941 4341 1955 4356 ·

2070 496 2311 542 terentur
2335 488 2383 543 ei
2417 497 2660 557 peccata,
2685 481 2791 554 quo
2812 496 2968 555 pacto
2994 498 3092 539 nos
3114 484 3205 555 qui
3230 483 3389 538 liodie
3424 482 3476 538 in
3509 497 3635 553 pec-

2064 578 2202 633 catis
2235 592 2355 633 esse
2379 577 2775 641 convincimur,
2817 574 3152 631 comedendo
3185 575 3394 628 veniam
3414 588 3632 645 promeo

2066 668 2583 739 rebimur70portet
2603 670 2747 725 enim
2773 669 3110 724 sacerdotem
3137 666 3286 736 prius
3310 682 3409 739 pro
3437 682 3496 723 se
3517 668 3635 738 ipso

2062 764 2281 836 placare
2303 762 2611 819 Dominum.

2133 853 2266 908 Haec
2303 865 2426 908 sunt
2468 869 2657 925 pecora
2681 868 2799 924 qua:
2832 852 3115 908 comedetis
3148 854 3193 910 ⁸.
3234 853 3436 910 Bellum
3470 854 3634 924 igitur

2061 960 2403 1016 nequaquam
2423 954 2551 1001 sunt
2566 944 2777 1001 mundae
2793 963 2805 997 :
2824 958 3015 1001 omnes
3030 945 3174 1001 enim
3194 955 3324 1001 sunt
3342 945 3633 1002 immundae

2057 1037 2215 1109 juxta
2267 1037 2439 1109 legem
2489 1039 2762 1093 dicentem
2792 1038 2815 1072 ’
2854 1052 2871 1090 :
2917 1055 2936 1090 ι
2974 1037 3147 1095 Omne
3189 1038 3441 1109 gradiens
3468 1053 3630 1109 supr..-

2062 1145 2275 1196 manus,
2302 1132 2354 1186 in
2386 1131 2641 1187 omnibus
2670 1130 2883 1194 bestiis,
2926 1130 3201 1186 immunda
3232 1139 3397 1187 erunt
3421 1131 3628 1187 vobis»

2062 1220 2376 1278 Generatim
2407 1221 2598 1277 bestiae
2632 1221 2839 1278 fuerint
2881 1222 3134 1278 homines
3173 1220 3542 1282 crudelissimi
3564 1222 3633 1276 de

2060 1314 2260 1384 quibus
2295 1312 2430 1368 dicit
2456 1313 2729 1383 Propheta
2763 1313 2850 1369 "z
2894 1332 2914 1366 ι
2944 1312 3081 1368 Dum
3121 1312 3445 1382 appropiant
3471 1324 3634 1384 super

2061 1422 2149 1462 me
2177 1416 2456 1475 nocentes,
2480 1418 2540 1462 ut
2560 1407 2727 1463 edant
2747 1421 2945 1464 carnes
2975 1420 3146 1472 meas,
3186 1422 3206 1458 ι
3237 1415 3346 1461 etc.

2134 1581 2302 1638 Omne
2329 1596 2486 1652 pecus
2533 1580 2673 1652 quod
2698 1579 2950 1651 ungulam
2972 1579 3161 1634 diuidit
3190 1579 3255 1634 ¹¹.
3278 1577 3508 1635 Biildum
3538 1594 3634 1636 vo-

2061 1683 2152 1730 cat
2180 1688 2304 1729 eum
2331 1672 2422 1742 qui
2459 1672 2546 1740 pie
2566 1671 2622 1726 in
2650 1671 2752 1726 hoc
2779 1670 2979 1726 saeculo
3010 1671 3166 1736 vivit,
3191 1679 3248 1727 et
3278 1677 3392 1727 toto
3421 1671 3633 1727 deside-

2065 1768 2147 1821 rio
2173 1767 2238 1820 ad
2266 1766 2509 1820 futurum
2541 1763 2844 1826 contendit,
2882 1764 3083 1834 quique
3110 1773 3169 1818 ut
3200 1763 3453 1835 ungulam
3489 1761 3634 1817 divi-

2063 1861 2176 1925 dat,
2208 1867 2265 1914 et
2296 1857 2465 1912 iindat
2491 1855 2733 1924 ﬁssuras,
2766 1867 3015 1913 removet
3043 1871 3073 1911 a
3106 1856 3375 1922 manibus,
3401 1857 3505 1911 hoc
3524 1864 3631 1922 est,

2063 1955 2132 2008 ab
2155 1951 2415 2024 operibus
2445 1949 2715 2021 superﬂua
2753 1956 2807 2006 et
2839 1957 3054 2006 mortua
3077 1990 3092 2017 ,
3135 1950 3265 2005 item
3302 1964 3334 2004 a
3370 1949 3632 2019 pedibus,

2066 2048 2168 2101 hoc
2201 2050 2306 2105 est.
2330 2042 2398 2100 ab
2420 2042 2618 2099 itinere
2648 2056 2780 2108 suo;
2810 2050 2867 2097 et
2905 2042 2998 2113 qui
3034 2042 3255 2112 insuper
3308 2042 3632 2097 ruminando

2065 2152 2169 2193 non
2196 2136 2368 2194 solum
2391 2149 2497 2191 non
2516 2134 2705 2206 abjieit
2726 2133 3025 2204 spiritalem
3048 2132 3227 2190 cibum
3281 2133 3378 2190 sed
3402 2144 3462 2190 et
3479 2132 3629 2189 illum

2062 2237 2399 2289 rememorat
2422 2237 2478 2285 et
2499 2229 2715 2285 assidue
2739 2235 3053 2298 pertractat.

2138 2431 2266 2486 Hrec
2292 2440 2367 2485 est
2407 2427 2492 2484 lea:
2523 2427 2587 2482 de
2639 2424 2917 2496 pecoribus
2962 2432 3009 2478 et
3059 2420 3359 2478 volatilibus
3399 2433 3447 2477 et
3490 2427 3634 2480 omni

2064 2524 2241 2578 anima
2266 2524 2332 2576 η.
2389 2520 2614 2576 Multum
2664 2517 2827 2574 habet
2859 2530 3171 2571 sermonem
3212 2516 3281 2571 de
3333 2503 3539 2572 munvln‘
3576 2529 3633 2574 et

2064 2617 2362 2671 immundo.
2405 2613 2670 2675 Primum,
2714 2619 2961 2665 sanctam
3010 2622 3131 2663 esse
3173 2608 3410 2663 animam
3447 2608 3630 2669 doces.

2064 2709 2121 2763 Si
2161 2708 2307 2762 enim
2343 2702 2609 2775 ejusmodi
2643 2709 2833 2756 natura
2864 2713 2985 2768 quae
3024 2696 3177 2767 jussu
3221 2698 3313 2755 Dei
3355 2697 3503 2757 facta
3522 2710 3632 2772 est,

2065 2798 2343 2856 immunda
2370 2805 2476 2865 est,
2508 2804 2713 2867 quanto
2749 2793 2924 2864 magis
2957 2791 3011 2846 id
3045 2792 3188 2861 quod
3215 2806 3244 2846 a
3273 2794 3415 2849 mala
3446 2795 3637 2851 volun-

2067 2902 2176 2947 tate
2213 2902 2267 2946 et
2294 2905 2401 2946 non
2427 2890 2579 2961 jussu
2616 2888 2706 2943 Dei
2740 2886 2942 2941 factum
2972 2883 3092 2939 est?
3131 2882 3189 2939 Si
3221 2883 3273 2939 id
3318 2887 3462 2957 quod
3494 2887 3635 2943 Deus

2064 2984 2212 3051 fecit,
2271 2983 2606 3038 immundum
2640 2979 2798 3052 183
2828 2994 2949 3036 esse
2980 2984 3249 3052 quispiam
3277 2982 3632 3036 existimave-

2065 3075 2161 3140 rit,
2189 3080 2395 3143 quanto
2428 3070 2600 3140 magis
2632 3070 2685 3124 id
2711 3068 2853 3139 quod
2883 3069 3144 3126 voluntati
3171 3070 3264 3127 Dei
3290 3070 3633 3137 adversatur,

2059 3177 2117 3222 et
2144 3163 2272 3220 iacit
2297 3161 2440 3234 quod
2473 3160 2784 3233 prohibuit?

2136 3362 2356 3420 Homini
2385 3365 2432 3420 si
2462 3364 2547 3418 cui
2591 3363 2739 3433 facta
2781 3358 2942 3432 fuerit
2981 3364 3037 3418 in
3089 3370 3208 3419 cute
3253 3364 3487 3433 corporis
3514 3364 3633 3435 ejus

2060 3460 2287 3514 cicatrix
2307 3456 2373 3511 “.
2402 3455 2525 3511 llaec
2550 3454 2863 3511 referuntur
2880 3454 2946 3510 ad
2964 3455 3225 3525 quasdam
3247 3456 3441 3509 animm
3458 3452 3631 3512 labes.

2060 3549 2128 3605 Et
2151 3548 2608 3620 quemadmodum
2639 3546 2692 3600 in
2734 3545 2980 3615 corporis
3013 3545 3333 3601 vulneribus
3357 3543 3634 3601 interdum

2060 3649 2187 3712 post
2208 3639 2497 3696 sanitatem
2527 3639 2823 3711 vestigium
2852 3635 3066 3693 amictae
3089 3638 3265 3707 partis
3295 3638 3349 3692 in
3379 3636 3636 3695 cicatrice

2060 3731 2414 3802 relinquitur,
2451 3731 2534 3786 sic
2568 3730 2747 3786 anima
2785 3744 2905 3801 qua:
2934 3731 3145 3801 peccati
3172 3729 3370 3786 vulnus
3403 3718 3635 3801 accepe-

2060 3824 2153 3894 rit,
2195 3823 2324 3880 licet
2362 3823 2652 3880 sanitatem
2709 3835 3101 3893 consequatur,
3144 3825 3437 3895 quamdam
3466 3823 3635 3880 veluti

2060 3915 2372 3972 cicatricem
2412 3913 2690 3972 residuam
2728 3913 2915 3971 habet.
2956 3914 3027 3971 Et
3052 3915 3264 3973 discere
3288 3923 3504 3989 oportet
3526 3929 3636 3987 quo

2061 4019 2224 4079 pacto
2259 4007 2573 4076 mundetur,
2612 4007 2698 4065 vel
2729 4023 2837 4064 non
2866 4007 3174 4066 mundetur.

2140 4229 2269 4287 Viro
2311 4238 2362 4287 et
2399 4231 2609 4285 mulieri
2649 4232 2697 4287 si
2740 4231 2906 4302 fuerit
2947 4234 3005 4288 in
3041 4232 3118 4291 eis
3160 4240 3334 4289 tactus
3367 4231 3527 4299 lepra:
3563 4232 3631 4292 “.

2060 4322 2474 4379 Observandum
2512 4331 2596 4379 est
2627 4323 2695 4378 de
2727 4324 2925 4394 quibus
2968 4324 3182 4379 dicatur
3216 4343 3231 4380 :
3271 4344 3291 4377 ι
3328 4322 3546 4379 llomiui
3583 4325 3635 4381 si

389 4431 409 4465 ι
448 4414 572 4468 Ἐάν
607 4429 714 4467 τινι
737 4413 978 4514 γένηται
993 4413 1052 4466 ὲν
1082 4413 1308 4484 δέρματι
1341 4413 1548 4486 χρωτὸς
1585 4413 1772 4467 αὑτοῦ⁹
1814 4432 1833 4466 ι
1869 4414 1904 4487 ἡ
1931 4432 1944 4445 ’

2062 4418 2147 4473 cui
2178 4416 2323 4472 facta
2346 4415 2511 4472 fuerit
2542 4416 2597 4472 in
2619 4425 2746 4472 cute
2768 4416 3018 4487 corporis
3051 4415 3202 4485 ejus;
3237 4435 3256 4469 ι
3292 4416 3377 4471 vel
3406 4432 3420 4470 :
3449 4431 3473 4468 ι
3503 4413 3632 4471 Viro

392 4524 409 4556 ι
432 4503 664 4578 Ἀνδρὶῆ
688 4495 989 4574 γυναικὶ,ᾧ
1036 4504 1131 4559 ὲάν
1159 4504 1382 4576 γένηται
1415 4507 1474 4559 ὲν
1503 4505 1686 4568 αὐτοῖς
1717 4504 1827 4577 ἁφὴ
1861 4505 1950 4560 λέ·

382 4611 543 4666 πρας·
574 4613 595 4648 s
627 4596 710 4664 ἐφ’
740 4588 815 4648 ὧν
851 4595 909 4650 δέ
934 4612 947 4626 ’
987 4613 1005 4647 σ
1038 4594 1205 4668 Σάρξ,
1236 4596 1332 4650 saw
1369 4596 1594 4668 γένηται
1622 4599 1679 4651 ὲν
1710 4592 1789 4669 τῷ
1829 4596 1954 4670 δέρ-

386 4702 514 4757 ματι
562 4684 730 4740 αὐτοῦ
780 4685 1069 4760 ἕλκοςοιῖγ
1103 4706 1122 4739 ι
1172 4686 1317 4761 Σὰρξ
1361 4689 1456 4743 ὲάν
1495 4689 1719 4760 γένηται
1768 4691 1826 4743 ὲν
1876 4689 1956 4761 τῷ

379 4777 610 4849 δέρματι
640 4776 808 4832 αὐτοῦ
841 4778 1170 4851 κατάκαυμα
1194 4779 1386 4853 πυρός.
1412 4798 1432 4832 ι
1456 4780 1639 4835 Ταῦτα
1655 4781 1711 4835 δὲ
1735 4779 1957 4854 θραῦμά

378 4872 546 4927 ἐστιν.

456 4983 535 5038 Td
594 4985 795 5054 ἱμάτια
845 4985 1033 5040 αὐτοῦ
1103 4986 1275 5041 ἔσται
1325 4973 1809 5056 παραλελυμέγα.
1858 4982 1958 5037 Διὰ

378 5072 587 5129 τούτων
615 5076 906 5131 αἰνίττεται
944 5076 1018 5148 μὴ
1062 5076 1172 5132 δεῖν
1204 5077 1573 5148 συγκρύπτειν
1611 5074 1679 5129 τὰ
1711 5073 1958 5145 ἁμαρτή-

385 5181 553 5238 ματα,
601 5168 698 5221 καὶ
744 5168 1040 5233 σκεπάζειν
1069 5168 1208 5223 αὐτὰ
1239 5169 1330 5224 τὸν
1358 5167 1456 5240 τὴν
1483 5167 1661 5238 ψυχὴν
1685 5165 1957 5239 λελεπρω-

385 5260 563 5332 μένον.
608 5259 815 5332 Ὥσπερ
873 5261 968 5315 τοῦ
1019 5260 1465 5331 παραλελυμένου
1530 5259 1599 5312 τὰ
1649 5257 1841 5329 ἱμάτια
1893 5250 1956 5310 οὗ

383 5347 528 5423 [οὐκ]
562 5350 895 5406 ἐσκέπασται
921 5352 956 5422 ή
984 5350 1356 5423 ἀσχημοσύνη·
1387 5348 1558 5412 οὕτως
1594 5347 1838 5418 βούλεται
1863 5348 1959 5401 πᾶ-

384 5458 467 5497 σιν
495 5441 777 5497 ἐκκεῖσθαι
822 5441 895 5513 μὴ
931 5441 1220 5514 γενόμενον
1256 5442 1424 5512 τάφον
1454 5439 1850 5511 κεκονιαμένον.
1877 5439 1951 5492 Τὸ

2060 4518 2116 4563 et
2142 4508 2355 4564 mulieri
2380 4508 2425 4565 si
2452 4505 2619 4563 fuerit
2656 4509 2708 4563 in
2736 4509 2819 4565 eis
2844 4519 3020 4567 tactus
3054 4511 3250 4580 leprze;
3279 4528 3299 4563 ι
3330 4511 3398 4568 de
3430 4510 3633 4581 quibus

2060 4613 2191 4657 vero
2213 4598 2427 4655 dicatur
2456 4599 2500 4631 “'
2528 4616 2542 4654 :
2582 4617 2600 4651 ι
2630 4598 2792 4666 Caro,
2818 4599 2865 4657 si
2888 4599 3031 4657 iacta
3070 4600 3234 4657 fuerit
3272 4602 3324 4657 in
3352 4610 3480 4659 cute
3511 4600 3631 4672 ejus

2062 4693 2248 4753 ulcus:
2275 4711 2295 4745 ι
2330 4691 2417 4747 vel
2442 4692 2490 4724 “
2525 4709 2540 4747 :
2569 4708 2588 4743 ι
2618 4691 2755 4747 Caro
2780 4692 2827 4748 si
2866 4692 3010 4748 facta
3049 4692 3216 4750 fuerit
3247 4694 3302 4748 in
3348 4702 3476 4751 cute
3509 4693 3629 4764 ejus

2062 4778 2368 4836 combustio
2395 4779 2553 4851 ignis.
2583 4797 2605 4831 ι
2635 4777 2763 4834 Haec
2785 4790 2966 4835 autem
2990 4791 3116 4838 sunt
3147 4780 3365 4840 vulnus.

2144 4978 2462 5037 Vestimenta
2477 4997 2592 5052 ejus
2613 4982 2816 5038 dissuta
2831 4993 2985 5040 erant
3000 4984 3065 5039 ιτ.
3088 4983 3185 5041 His
3214 4984 3423 5041 indicat
3449 4986 3632 5044 animo

2059 5067 2333 5138 leprosum
2376 5086 2486 5128 non
2514 5071 2714 5130 debere
2739 5073 3017 5131 occultare
3058 5085 3115 5131 et
3156 5076 3340 5134 celare
3381 5088 3629 5148 peccata.

2060 5159 2526 5227 Quemadmodum
2578 5166 2904 5222 vestimenta
2962 5165 3169 5223 dissuta
3216 5183 3323 5224 non
3375 5170 3631 5239 operiunt

2061 5254 2447 5326 turpitudinem
2460 5296 2478 5321 ,
2509 5257 2588 5315 sic
2605 5258 2876 5328 leprosum
2892 5261 3146 5317 omnibus
3162 5273 3351 5335 patere
3364 5262 3502 5327 vult,
3532 5276 3634 5318 nec

2065 5359 2187 5405 esse
2211 5347 2520 5420 sepulcrum
2537 5350 2870 5413 dealbatam.
2897 5352 3056 5411 Circa
3092 5369 3154 5411 os
3179 5361 3359 5410 autem
3390 5353 3631 5426 contegi,
3714 5340 3717 5343 ’

2058 5446 2146 5495 est
2186 5455 2296 5498 non
2354 5442 2555 5500 habere
2596 5442 2913 5502 facultatem
2964 5446 3242 5519 aperiendi
3282 5447 3438 5513 oris;
3481 5448 3634 5503 exire

454 5647 673 5721 {Levia
694 5649 853 5721 731,2.
879 5648 1111 5721 __’_i_bid._,
1131 5650 1239 5721 27.7
1266 5646 1662 5721 _"Al_>sal_.__xxvl,
1688 5646 1745 5705 2.
1803 5648 1842 5680 “
1869 5645 2042 5705 Levit.
2072 5663 2148 5717 ιι,
2174 5646 2228 5704 3.
2305 5648 2349 5681 “
2378 5647 2536 5717 ibid.,
2570 5649 2661 5706 46.
2740 5652 2783 5685 “
2811 5651 2983 5709 Levii.
3008 5667 3127 5721 xm,
3147 5652 3204 5707 2.
3282 5650 3325 5685 ¹⁶
3345 5649 3507 5716 ibid.,
3531 5647 3625 5706 29.

392 5715 436 5751 ⁸³
461 5718 613 5787 ibid.,
645 5719 735 5776 18.
811 5719 855 5750 ¹⁶
877 5717 1008 5776 ibid.
1034 5719 1122 5776 24.
1198 5720 1240 5753 ¹⁷
1261 5718 1417 5788 ibid.,
1445 5717 1540 5774 45.
