4024 6146
349 289 455 345 ιοε

351 444 486 485 vero
520 444 550 484 e
581 427 802 493 castris,
830 433 915 481 est
962 439 1067 480 non
1106 422 1339 494 amplius
1380 417 1667 476 admisceri
1701 425 1916 473 sanclo-
1945 412 1986 466 A
2015 396 2069 448 δέ
2100 413 2160 494 γε
2184 413 2286 494 περ

353 537 470 578 eum
504 519 690 576 cmtui.

425 813 494 867 Et
515 810 830 882 jugulabunt
862 811 1122 864 aniculam
1154 826 1312 864 unam
1348 811 1403 862 in
1450 825 1570 862 uase
1608 817 1830 861 testaceo
1851 808 1916 861 η.

354 906 624 961 Mactatur
652 903 860 958 avicula
904 903 954 958 in
991 919 1120 958 vase
1147 911 1386 958 testaceo
1429 901 1481 956 in
1522 901 1663 970 quod
1718 901 1918 968 injeCta

353 1005 440 1051 est
476 1010 616 1066 aqua
640 997 854 1062 vivens,
880 1005 936 1048 ut
959 995 1050 1049 ﬁat
1071 994 1350 1049 mundatio
1383 1009 1519 1062 aqua
1545 1002 1599 1048 et
1631 992 1913 1062 sanguine,

350 1103 473 1158 quae
488 1087 742 1142 exierunt
765 1102 795 1141 e
825 1086 993 1142 latere
1023 1087 1341 1142 Salvatoris.
1375 1085 1604 1156 Lignum
1638 1084 1916 1139 cedrinum

350 1189 514 1236 vocat
542 1179 738 1236 salutis
761 1187 964 1234 nostrae
995 1177 1220 1249 lignum.
1250 1178 1484 1234 Coccum
1519 1186 1719 1232 tortum
1759 1186 1919 1247 typus

351 1283 473 1329 erat
496 1273 720 1343 pretiosi
744 1271 1025 1340 sanguinis
1062 1285 1159 1340 per
1187 1287 1346 1342 quem
1381 1271 1676 1325 mundatur
1704 1269 1920 1322 univer-

358 1380 454 1421 sus
513 1361 682 1420 orbis.
740 1360 995 1417 Arbitror
1055 1371 1235 1417 autem
1269 1363 1524 1433 hyssopo,
1566 1363 1790 1432 spiritus
1827 1379 1920 1419 ca-

353 1457 552 1522 lorem;
589 1456 677 1510 ﬁlo
709 1470 838 1511 vero
874 1456 1129 1512 coccineo
1153 1454 1316 1512 Verbi
1358 1457 1424 1512 ad
1449 1471 1671 1512 carnem
1698 1459 1921 1514 descen-

354 1564 473 1604 sum
505 1548 822 1620 signiﬁcari.

1949 1769 1991 1822 B

425 1830 594 1902 Caput
634 1849 789 1886 suum
829 1841 878 1885 et
909 1832 1125 1886 barbam
1170 1833 1389 1886 radatur
1412 1833 1476 1888 ¹⁹.
1501 1833 1676 1903 Caput
1710 1835 1918 1888 raditur

350 1923 498 1978 circa
520 1924 770 1995 dogmata
798 1926 1033 1981 maxime
1056 1926 1303 1996 capitalia
1329 1945 1344 1993 ;
1368 1927 1592 1982 barbam
1619 1939 1741 1994 quae
1772 1941 1920 1997 sym-

349 2016 533 2072 bolum
561 2026 645 2073 est
667 2018 794 2086 viri,
829 2033 951 2073 cum
983 2019 1086 2074 viri
1137 2019 1400 2089 relinquit
1433 2028 1690 2089 peccata;
1727 2035 1919 2088 super-

350 2105 503 2175 cilia,
554 2122 677 2163 cum
726 2107 952 2178 fastum,
993 2119 1070 2176 et,
1111 2118 1170 2165 ut
1200 2110 1276 2164 ita
1314 2110 1520 2175 dicam,
1567 2111 1918 2180 supercilium

351 2199 593 2270 deponit.
631 2199 943 2271 Symbolum
990 2211 1172 2256 autem
1216 2210 1376 2256 vocat
1413 2202 1530 2256 haec
1561 2217 1683 2272 quae
1727 2203 1950 2257 animae

349 2287 745 2355 adhaerescunt,
779 2298 834 2345 et
866 2290 1006 2345 male
1036 2289 1088 2344 in
1121 2305 1182 2346 ea
1214 2290 1499 2360 pullulant,
1525 2305 1753 2360 quaeque
1779 2306 1923 2345 mor-

350 2378 578 2436 talitatis
600 2380 779 2450 capilli
811 2380 1177 2436 nominantur.

420 2656 606 2722 Sumet
631 2658 765 2711 duo:
787 2674 948 2728 agnos
980 2659 1092 2712 sine
1115 2659 1323 2712 macula
1349 2659 1620 2714 anniculos
1642 2661 1709 2715 ²⁰.
1732 2658 1790 2713 In
1817 2662 1917 2715 tria

350 2748 540 2802 dividit
600 2761 780 2802 sermo
833 2764 955 2819 quae
997 2748 1317 2803 olleruntnr.
1364 2749 1548 2805 Altero
1579 2751 1921 2821 signiﬁcatur

339 2839 599 2894 remissio
630 2849 1010 2909 peccatorum;
1049 2840 1243 2907 altero,
1291 2848 1461 2896 totum
1505 2843 1777 2898 hominem
1809 2843 1918 2899 Deo

348 2931 622 2985 addictum
656 2946 776 2987 esse
805 2932 1031 2998 debere;
1061 2933 1277 2987 tertium
1301 2948 1430 2988 vero
1457 2934 1681 3000 indicat,
1707 2935 1758 2988 id
1778 2937 1919 3004 quod

348 3020 578 3076 oﬁ‘ertur
613 3023 680 3077 ad
715 3022 890 3092 ipsum
919 3024 1189 3092 pertinere
1213 3024 1305 3093 qui
1331 3027 1622 3080 mundatur
1648 3032 1718 3081 ab
1741 3029 1919 3096 operi-

1787 274 2043 331 ORIGEN
2049 274 2110 330 IS

3483 271 3590 330 606

2293 393 2604 466 ιϐεϐλῆσθαι
2627 395 2686 447 τὸ
2709 394 2902 465 στόμα,
2934 391 3050 447 ἐστὶ
3076 392 3136 445 τὸ
3170 391 3244 462 μὴ
3273 389 3416 461 ἔχειν
3441 391 3583 450 παῤ-

2021 489 2216 560 ρησίαν
2241 485 2444 552 ἀνοῖξαι
2477 488 2538 542 τὸ
2571 489 2763 558 στόμα·
2793 487 2854 539 τὸ
2881 487 2934 538 δὲ
2957 487 3054 557 τῆς
3082 483 3428 555 παρεμϐολῆς
3458 481 3594 546 ἐξοί-

2020 582 2230 652 χεσθαι,
2280 581 2340 634 τὸ
2395 581 2590 652 μηκέτι
2621 584 2732 644 τοῖς
2775 578 2881 632 τῶν
2928 578 3097 646 ἁγίων
3141 575 3304 631 αὑτὸν
3344 576 3594 628 συναυλί-

1981 679 1986 684 ”
2020 672 2205 736 ζεσθαι
2229 675 2429 744 χοροῖς.

2091 786 2202 840 Καὶ
2239 785 2548 855 σφάζουσι
2595 784 2658 838 τὸ
2704 785 2966 852 ὀρνίθιον
3003 782 3068 836 τὸ
3111 782 3179 836 ἓν
3219 783 3308 847 ε’ἱς
3353 778 3595 850 ἀγγεῖον

2019 877 2396 946 ὀστράκινον.
2431 876 2627 930 Θύεται
2659 875 2718 929 τὸ
2745 876 2977 947 ὀρνίθιον
3019 876 3099 938 είς
3132 875 3348 943 ἀγγεῖον
3392 871 3591 945 ὀστρά-

2019 985 2187 1033 κινον,
2221 966 2687 1040 προεμϐληθέντος
2727 969 2807 1031 είς
2845 966 2974 1020 αὐτὸ
3022 965 3214 1029 ὓδατος
3245 965 3482 1030 ζῶντοςί
3505 965 3594 1018 ἵνα

2018 1062 2242 1133 γένηται
2269 1062 2297 1114 6
2329 1060 2668 1133 καθαρισμὸς
2698 1059 2848 1113 ῦδατι
2894 1060 2986 1112 καὶ
3015 1059 3225 1130 αἵματι,
3271 1059 3415 1128 άπερ
3440 1055 3593 1127 ἐξῆλ-

2021 1151 2111 1205 Θεν
2140 1151 2246 1205 ἀπὸ
2275 1152 2374 1222 τῆς
2409 1151 2646 1222 πλευρᾶς
2679 1150 2771 1204 τοῦ
2797 1149 3070 1220 Σωτῆρος.
3119 1145 3284 1201 Ξύλον
3315 1148 3371 1200 δὲ
3417 1146 3594 1218 κέδρι-

2019 1245 2107 1298 νόν
2135 1261 2264 1315 φησι
2285 1243 2346 1297 τὸ
2376 1244 2474 1314 τῆς
2503 1243 2773 1314 σωτηρίας
2797 1241 2952 1314 ἡμῶν
2973 1241 3145 1305 ξύλον.
3180 1240 3251 1293 Τὸ
3298 1239 3355 1293 δὲ
3393 1240 3593 1295 κεκλω-

2023 1337 2215 1408 σμένον
2247 1337 2495 1390 κόκκινον
2524 1336 2692 1400 τύπος
2720 1331 2787 1407 ἦν
2819 1335 2912 1390 τοῦ
2943 1335 3120 1406 τιμίου
3163 1335 3409 1406 αἵματος,
3441 1335 3506 1389 δι’
3528 1327 3592 1389 οῦ

2021 1429 2338 1500 καθαίρεται
2367 1430 2395 1482 6
2462 1428 2665 1500 κόσμος
2707 1427 2845 1492 ὅλος.
2880 1422 3046 1498 Οἶμαι
3097 1427 3154 1481 δὲ
3198 1428 3288 1482 τὸν
3321 1427 3590 1493 ὕσσωπον,

2020 1520 2116 1592 τὴν
2165 1521 2251 1575 διὰ
2289 1519 2382 1574 τοῦ
2428 1520 2736 1591 πνεύματος
2767 1519 3076 1591 θερμότητα
3098 1537 3110 1549 ·
3142 1521 3203 1574 τὸ
3241 1520 3298 1573 δὲ
3331 1521 3593 1592 σπαρτίον

2024 1613 2084 1666 τὸ
2119 1613 2368 1667 κόκκινον
2418 1613 2516 1683 τὴν
2561 1611 2696 1683 πρὸς
2739 1613 2916 1684 σάρκα
2964 1612 3233 1684 σύμϐασιν
3282 1611 3374 1665 τοῦ
3417 1613 3591 1680 Λόγου

2021 1704 2185 1776 δῆλοι.

2093 1814 2214 1883 Τὴν
2242 1814 2517 1884 κεφαλὴν
2549 1815 2735 1870 αὐτοῦ
2775 1817 2873 1869 καὶ
2921 1817 3028 1870 τὸν
3059 1817 3307 1886 πώγωνα
3345 1816 3594 1886 fumari—

2019 1922 2207 1961 σεται.
2241 1907 2482 1979 Ξυρᾶται
2517 1907 2614 1979 τὴν
2658 1907 2918 1978 κεφαλὴν,
2953 1908 3090 1962 κατὰ
3125 1910 3194 1962 τὰ
3229 1908 3594 1978 κεφαλαιωδέ-

2023 2017 2189 2072 στερα
2231 2001 2324 2053 καὶ
2369 1999 2718 2072 ἁρχικὼτερα
2765 2000 2874 2054 τῶν
2906 2000 3210 2070 δογμάτων·
3243 1999 3386 2054 κατὰ
3410 2001 3467 2056 δὲ
3497 2001 3592 2055 τὸν

2020 2089 2278 2158 πώγωνα,
2309 2091 2446 2160 ὅπερ
2500 2090 2768 2161 σύμϐολόν
2801 2093 2919 2144 ἐστι
2958 2090 3051 2145 τοῦ
3087 2091 3302 2162 ἀνδρὸς,
3339 2091 3591 2145 ἀποτιθέ-

2023 2196 2181 2251 μενος
2203 2178 2272 2232 τὰ
2299 2178 2393 2231 τοῦ
2417 2178 2608 2250 ἀνδρὸς
2629 2181 2846 2251 άμαρτή
2856 2195 3026 2250 ματα·
3057 2179 3198 2234 κατὰ
3212 2181 3269 2233 δὲ
3283 2181 3379 2244 τὰς
3399 2181 3591 2252 ὀφρῦς,

2020 2274 2198 2324 πᾶσαν
2223 2272 2418 2344 οἴησιν,
2459 2273 2554 2326 καὶ
2581 2272 2644 2325 ἵν’
2667 2271 2839 2334 οὕτως
2866 2271 3135 2343 ὀνομάσω,
3158 2273 3434 2344 ὀφρύωσιν
3456 2275 3592 2326 ἀπο-

2021 2363 2317 2436 τιθέμενος.
2365 2364 2638 2436 Σύμϐολον
2676 2364 2733 2417 δέ
2781 2381 2912 2436 φησι
2958 2364 3128 2419 ταῦτα
3159 2364 3472 2437 προσφύντα
3499 2365 3593 2418 καὶ

2020 2455 2391 2527 ἐξανθήσαντα
2432 2459 2497 2528 τῇ
2541 2456 2709 2527 ψυχῆ,
2749 2456 3070 2527 νεκρότητος
3111 2456 3292 2527 τρίχες
3332 2456 3593 2528 ὀνομαζό·

2024 2562 2178 2614 μενα.

2089 2657 2357 2727 AaM-erat
2412 2661 2521 2714 δύο
2574 2659 2802 2729 ἀμνοὺς
2853 2658 3130 2728 ἀμώμους
3162 2659 3592 2726 ἐνιαυσιαίους.

2020 2751 2113 2815 Εἰς
2140 2753 2267 2823 τρία
2286 2755 2314 2806 6
2340 2753 2494 2822 λόγος
2531 2753 2726 2823 διαιρεῖ
2750 2751 2820 2804 τὰ
2842 2752 3238 2823 ἀναφερόμενα·
3267 2750 3323 2804 ἓν
3353 2751 3450 2822 μὲν
3495 2750 3592 2822 τὴν

2019 2844 2170 2898 λύσιν
2211 2845 2320 2898 τῶν
2354 2843 2889 2916 προημαρτημένων·
2940 2841 2998 2896 ἓν
3022 2842 3100 2906 δὲ,
3131 2842 3191 2895 τὸ
3229 2842 3348 2896 ὅλον
3389 2840 3593 2912 ἀναφέ-

2023 2936 2211 3008 ρεσθαι
2251 2937 2329 3008 τῷ
2358 2937 2501 3008 Θεῷ·
2537 2937 2723 3008 ἕτερον
2748 2938 2828 3002 δὲ,
2859 2936 2920 2991 τὸ
2951 2934 3356 3007 ἀναφερόμενον
3386 2936 3473 2987 ἐπ’
3501 2936 3598 2988 αῦ-

2021 3029 2110 3082 τὸν
2153 3029 2244 3081 τὸν
2291 3027 2718 3101 καθαριζόμενον
2762 3028 2870 3081 τῶν
2916 3029 3006 3080 ὑπ’
3059 3023 3221 3079 αὐτοῦ
3275 3025 3590 3097 γινομένων.

349 3115 451 3169 bus
474 3117 608 3170 suis.
636 3115 907 3171 Fortassis
944 3117 1104 3190 184
1131 3129 1310 3175 autem
1347 3129 1456 3176 tres
1477 3122 1666 3177 similae
1699 3123 1918 3178 decimae

2023 3122 2174 3192 Τάχα
2197 3121 2253 3174 δὲ
2273 3121 2366 3174 καὶ
2386 3120 2455 3173 τὰ
2479 3120 2601 3190 τρία
2625 3119 2724 3190 τῆς
2745 3118 3072 3190 σεμιδάλεως
3092 3118 3291 3171 δέκατα
3308 3118 3597 3190 παραλαμ-

350 3216 727 3274 assumuntur,
761 3218 820 3263 ut
847 3225 950 3262 una
973 3212 1192 3278 quidem
1227 3227 1350 3266 cum
1381 3223 1615 3268 mactato
1654 3229 1792 3282 agno
1823 3215 1914 3280 sit,

351 3299 590 3353 secunda
628 3314 751 3354 cum
784 3300 979 3367 altero,
1007 3303 1166 3356 tertia
1196 3319 1323 3358 vero
1351 3319 1476 3359 cum
1503 3319 1622 3359 ove.
1675 3303 1792 3359 Jam
1819 3306 1922 3375 igi-

354 3399 441 3444 tur
465 3389 518 3444 in
551 3391 744 3460 quinta
778 3389 1160 3459 puriﬁcatione
1205 3393 1365 3448 habet
1405 3408 1509 3447 non
1538 3394 1792 3460 farinam,
1825 3394 1917 3449 sed

351 3481 586 3537 similam
634 3499 759 3554 qua:
799 3485 1041 3540 materia:
1080 3484 1236 3554 panis
1265 3486 1454 3540 mundi
1485 3485 1785 3556 symbolum
1815 3497 1916 3553 est,

349 3589 582 3645 eamque
617 3576 670 3630 in
716 3575 836 3632 oleo
874 3591 1248 3649 consparsam.
1289 3577 1443 3644 Quod
1480 3579 1698 3648 quidem
1739 3579 1917 3633 oleum

351 3679 534 3739 utpote
563 3671 812 3728 nutriens
841 3671 1041 3738 lucem,
1067 3674 1362 3728 assumitur
1391 3673 1456 3727 ad
1485 3688 1610 3727 eum
1630 3687 1788 3741 quem
1814 3674 1918 3728 mi-

352 3761 546 3816 nistrat
572 3761 731 3828 lucis,
753 3778 858 3819 non
881 3764 1020 3836 ignis
1049 3780 1227 3820 usum.
1253 3765 1471 3836 Absque
1495 3780 1561 3820 eo
1583 3772 1756 3819 autem
1776 3768 1918 3835 quod

352 3853 420 3908 ad
467 3857 910 3926 conspersionem
965 3857 1158 3912 simila
1205 3857 1521 3921 assumitur,
1567 3856 1708 3921 oleo.
1758 3857 1921 3912 habet

352 3947 496 4001 aliud
514 3948 691 4003 oleum
714 3949 859 4019 quod
890 3964 987 4018 per
1011 3951 1352 4006 sacerdotem
1383 3949 1674 4005 adducitur
1696 3949 1748 4004 in
1766 3964 1918 4003 men-

350 4053 478 4092 sura
507 4041 718 4110 cotylae.
752 4039 816 4094 Et
858 4042 1082 4096 omnino
1114 4043 1330 4097 videtur
1357 4040 1491 4096 mihi
1522 4038 1805 4096 sacerdote
1839 4041 1918 4093 in-

351 4131 536 4202 digere
568 4131 694 4188 illud
720 4134 806 4186 ἰτ
851 4151 870 4184 ι
919 4130 1084 4188 Sistet
1127 4133 1382 4188 sacerdos
1425 4134 1695 4188 mundans
1739 4131 1917 4186 homi-

351 4237 474 4277 nem
509 4224 600 4294 qui
631 4224 944 4290 mundatur,
976 4235 1030 4279 et
1055 4225 1167 4281 haec
1205 4236 1331 4281 ante
1361 4227 1668 4281 Dominum.
1702 4243 1720 4277 ι

420 4423 486 4480 Et
510 4427 671 4480 veniet
699 4427 852 4497 cujus
875 4436 948 4480 est
978 4425 1141 4494 ipsius
1165 4426 1369 4491 domus,
1397 4432 1444 4478 et
1479 4424 1811 4479 annuntiabit
1829 4441 1916 4478 aa-

2024 3211 2264 3277 ϐάνεται,
2296 3214 2359 3265 ἵν’
2391 3212 2448 3265 ἒν
2475 3213 2571 3283 μὲν
2590 3211 2699 3265 τῶν
2723 3211 2962 3266 δεκάτων
2987 3210 3066 3282 τῷ
3087 3208 3412 3282 σφαζομένῳ
3437 3209 3595 3281 ἀμνῷ

2024 3301 2284 3373 συναχθῇ,
2317 3303 2411 3353 καὶ
2441 3301 2502 3353 τὸ
2530 3301 2781 3373 δεύτερον
2828 3301 2906 3373 τῷ
2949 3300 3142 3370 λοιπῷ,
3193 3301 3288 3354 καὶ
3326 3299 3388 3354 τὸ
3414 3300 3595 3370 τρίτον

2020 3387 2096 3459 τῷ
2139 3387 2414 3460 προϐάτῳ.
2448 3389 2586 3460 Ἤδη
2635 3390 2814 3443 τοίνυν
2873 3391 2966 3443 ἐπὶ
3014 3389 3092 3460 τῷ
3139 3390 3376 3462 πέμπτῳ
3426 3389 3596 3445 καθα-

2025 3481 2205 3554 ρισμῷ
2236 3481 2348 3553 ἔχει
2371 3483 2491 3553 οὐχὶ
2523 3482 2768 3555 ἄλευρον,
2794 3485 2933 3538 ἀλλὰ
2961 3484 3257 3556 σεμίδαλιν,
3291 3486 3427 3556 ὅπερ
3456 3485 3594 3555 σύμ-

2022 3572 2174 3625 ϐολόν
2215 3575 2358 3627 ἐστιν
2402 3572 2532 3646 ὕλης
2579 3573 2742 3646 ἄρτου
2776 3577 3040 3648 καθαροῦ,
3066 3579 3160 3631 καὶ
3193 3577 3398 3648 ταύτην
3431 3577 3593 3648 ἐλαίῳ

2023 3665 2430 3738 πεφυραμένην·
2483 3666 2617 3737 ὅπερ
2673 3668 2748 3731 ὼς
2793 3670 2990 3741 τρέφον
3031 3670 3166 3740 φῶς,
3208 3669 3384 3738 φωτὸς
3409 3669 3593 3742 χρείαν

2020 3757 2115 3809 καὶ
2149 3759 2210 3811 ού
2258 3758 2429 3831 πυρὸς
2464 3759 2748 3814 ἐπιτελοῦν
2789 3762 3300 3834 παραλαμϐάνεται.
3346 3763 3496 3831 Ἔχει
3535 3761 3592 3814 δὲ

2020 3851 2139 3904 καθ’
2162 3853 2320 3906 ἑαυτὸ
2347 3854 2514 3924 χωρὶς
2540 3854 2634 3908 τοῦ
2660 3857 2740 3918 εἰς
2763 3855 2996 3927 φύρασιν
3013 3858 3112 3928 τῆς
3139 3857 3468 3928 σεμιδάλεως
3493 3871 3603 3907 ’πα--

2023 3943 2500 4016 ραλαμϐανομένου
2530 3947 2730 4010 ἐλαίου,
2764 3945 2940 4001 ἔλαιον
2969 3949 2997 4002 ὃ
3019 3950 3108 4004 διὰ
3125 3951 3218 4004 τοῦ
3245 3949 3433 4020 ἱερέως
3463 3948 3592 4001 ἀνα-

2021 4033 2242 4105 φέρεται
2274 4035 2471 4107 μέτρου
2507 4038 2737 4108 κοτύλης
2779 4039 3062 4109 τυγχάνον.
3131 4041 3242 4094 Καὶ
3273 4038 3413 4092 πάνυ
3447 4037 3594 4092 δοκεῖ

2022 4144 2111 4197 μοι
2147 4127 2334 4196 ἱερέως
2359 4126 2573 4182 δέεσθαι
2600 4130 2661 4182 τό
2681 4147 2694 4160 ·
2722 4149 2739 4179 ι
2759 4131 2954 4202 Στήσει
2984 4131 3013 4183 6
3035 4131 3211 4203 ἱερεὺς
3236 4132 3265 4182 6
3281 4125 3589 4199 καθαρίζων

2021 4220 2109 4272 τὸν
2149 4217 2433 4290 ἄνθρωπον
2473 4220 2563 4272 τὸν
2605 4221 3053 4293 καθαριζόμενον,
3085 4222 3179 4275 καὶ
3208 4222 3377 4275 ταῦτα
3413 4219 3590 4275 ἔναντι

2020 4311 2248 4383 Κυρίου.
2296 4331 2315 4364 ι

2092 4427 2202 4480 Καὶ
2256 4425 2389 4494 ἣξει
2423 4428 2585 4492 τινος
2620 4428 2806 4481 αὐτοῦ
2833 4430 2872 4497 ἠ
2911 4430 3088 4495 οἰκία,
3127 4431 3225 4484 καὶ
3272 4431 3596 4502 ἀναγγελεῖ

351 4519 552 4574 cerdoti
577 4521 643 4572 ⁸⁸.
661 4519 846 4588 Neque
886 4518 1114 4573 dicimus
1150 4517 1511 4586 legistatorem
1544 4515 1836 4585 praecipere
1858 4523 1918 4570 ut

2019 4517 2099 4585 τῷ
2137 4518 2292 4587 ἱερεῖ.
2353 4519 2461 4572 Καὶ
2495 4519 2747 4572 οὐδέποτέ
2787 4537 2965 4591 φαμεν
3001 4525 3443 4596 κατηγορήσοντα
3492 4525 3592 4594 τῆς

352 4611 624 4681 quispiam
652 4611 719 4666 ad
751 4610 1090 4665 sacerdotem
1117 4607 1297 4662 veniat
1316 4614 1672 4662 accusaturus
1697 4608 1915 4663 domum

349 4720 540 4772 suam,
585 4704 682 4758 sed
721 4703 898 4773 potius
942 4711 1198 4769 tanquam
1243 4715 1309 4754 ex
1355 4699 1565 4752 medico
1615 4697 1915 4752 remedium

350 4797 480 4852 mali
507 4797 792 4865 petiturus.
822 4792 1063 4847 Dicimus
1091 4793 1273 4862 itaque
1327 4789 1634 4846 Iudaeorum
1672 4789 1917 4860 Synago-

351 4904 471 4960 gum
506 4888 654 4956 lepra
688 4885 938 4940 inlectam
985 4883 1172 4937 fuisse.
1218 4881 1608 4935 Annuntiantis
1661 4893 1916 4948 persona,

351 4990 434 5036 est
485 4987 799 5036 sanctorum
845 4976 1230 5047 prOpbetarum
1287 4974 1522 5038 chorus,
1562 4971 1653 5040 qui
1705 4984 1917 5026 summo

351 5069 616 5126 sacerdoti
643 5077 766 5122 ante
793 5066 1215 5136 indignationem
1235 5063 1560 5117 annuntiant
1579 5061 1916 5131 desperatio-

350 5167 439 5221 nis
462 5163 768 5220 Judaaorum
801 5163 966 5226 mala,
996 5176 1102 5214 non
1133 5159 1288 5225 odio,
1326 5171 1505 5227 neque
1538 5155 1679 5211 mala
1720 5155 1915 5209 volun-

345 5267 482 5326 tate,
537 5256 633 5312 sed
683 5253 1013 5310 verecundia
1064 5267 1192 5319 erga
1226 5250 1553 5313 beneﬁcum,
1601 5247 1918 5302 conﬁtentes

345 5351 568 5421 quidem
599 5349 814 5404 illorum
844 5354 1088 5418 peccata,
1125 5346 1218 5400 sed
1254 5342 1688 5398 misericordiam
1718 5338 1916 5395 nihilo-

351 5446 532 5500 minus
560 5457 660 5514 pro
686 5442 765 5496 eis
804 5439 1158 5510 postulantes.

419 5713 463 5746 ¹⁸
487 5713 660 5770 Levit.
689 5709 875 5780 XIV,5.
955 5711 996 5745 ¹⁹
1021 5709 1177 5776 ibid.,
1201 5708 1253 5764 9.
1337 5705 1379 5737 ¹⁰
1410 5703 1568 5774 ibid.,
1606 5702 1691 5760 10.

2019 4611 2194 4673 οἰκίας
2216 4611 2316 4680 τῆς
2339 4611 2527 4663 ἑαυτοῦ
2563 4611 2672 4664 δεῖν
2705 4613 2838 4664 ἰέναι
2865 4613 2988 4666 τινὰ
3029 4615 3163 4686 πρὸς
3186 4615 3275 4668 τὸν
3305 4615 3472 4686 ἱερέα,
3499 4616 3590 4671 τὸν

2013 4701 2310 4772 νομοθέτην
2345 4703 2537 4754 εἰπεῖν·
2578 4702 2691 4755 ἀλλ’
2735 4701 2924 4774 ὥσπερ
2963 4703 3026 4775 δὴ
3065 4705 3261 4776 μᾶλλον
3299 4703 3358 4770 ἐξ
3402 4707 3586 4779 ἰατροῦ

2013 4794 2090 4865 τῷ
2130 4794 2496 4866 συμϐεϐηκότι
2544 4797 2834 4868 φάρμακον
2876 4796 3248 4870 ὲξαιτήσοντα.
3300 4801 3590 4873 Λελεπρῶ-

2015 4887 2136 4940 σθαι
2167 4887 2230 4958 δὴ
2259 4882 2350 4940 οῦν
2376 4905 2552 4958 φαμεν
2583 4888 2680 4960 τὴν
2705 4890 2812 4944 τῶν
2842 4890 3111 4945 Ἰουδαίων
3138 4895 3476 4966 συναγωγήν.
3517 4894 3591 4948 T6

2011 4974 2067 5027 δὲ
2109 4974 2204 5027 τοῦ
2248 4975 2671 5044 ἀναγγέλλοντός
2712 4981 2824 5033 ἐστι
2869 4981 3179 5052 πρόσωπον,
3220 4983 3248 5036 6
3283 4983 3390 5037 τῶν
3419 4985 3590 5053 ἁγίων

2013 5067 2304 5139 προφητῶν
2345 5069 2522 5139 χορός·
2563 5070 2611 5121 οἳ
2660 5072 2754 5124 καὶ
2797 5070 3205 5140 ἐξαγγέλλονται
3244 5074 3322 5145 τῷ
3367 5077 3589 5149 μεγάλῳ

2012 5159 2281 5230 ἀρχιερεῖ,
2306 5159 2550 5212 τουτέστι
2574 5161 2677 5231 πρὸ
2713 5161 2813 5232 τῆς
2852 5163 3296 5237 ἀγανακτήσεως,
3326 5165 3428 5237 τῆς
3454 5169 3589 5222 ἀπο-

2011 5248 2160 5310 νοίας
2200 5248 2306 5301 τῶν
2343 5248 2608 5303 Ἰουδαίων
2642 5250 2708 5304 τὰ
2754 5251 2923 5324 πάθη,
2953 5255 3014 5306 οὐ
3058 5254 3225 5324 μίσει,
3264 5256 3384 5310 οὐδὲ
3423 5257 3591 5329 ἀπεχ-

2012 5336 2151 5408 θείᾳ,
2193 5337 2306 5390 ἀλλ’
2339 5339 2476 5392 αἰδοῖ
2505 5342 2572 5410 τῇ
2613 5343 2740 5412 περὶ
2789 5342 2882 5397 τὸν
2921 5342 3218 5415 εὐεργέτην
3304 5347 3591 5418 συνομολο-

2011 5428 2230 5496 γοῦντες
2261 5432 2355 5501 μὲν
2386 5431 2453 5484 τὰ
2480 5433 2701 5485 ἐκείνων
2741 5431 3204 5506 πλημμελήματα,
3236 5435 3504 5494 ἐλεεῖσθαι
3537 5437 3586 5495 δ’

2011 5520 2104 5577 οὖν
2135 5523 2282 5594 ὅμως
2317 5523 2785 5596 παρακαλοῦντες.

1790 5703 1833 5735 ’ί
1864 5701 2021 5769 ibid.,
2057 5703 2142 5759 11.
2220 5705 2264 5735 ²¹
2299 5704 2452 5772 ibid.,
2475 5705 2567 5762 35.
