4024 6146
331 293 439 353 £05

1503 289 1573 344 1N
1608 289 1980 349 LEVITICUM
2017 291 2294 348 HOMILIA
2336 291 2376 347 Ι.

3473 288 3593 344 ωσι

1031 651 1710 768 ORIGENIS
1791 653 1936 764 IN
2027 643 2816 766 LEVITICUM
2842 723 2870 753 .

776 1031 1053 1088 llOllllLlA
1093 1030 1308 1086 PRIMA
1342 1029 1476 1104 (95).

408 1125 461 1180 Ι.
492 1123 648 1180 Sicut
683 1124 734 1179 in
770 1125 1085 1180 novissimis
1109 1124 1298 1179 diebus
1334 1122 1568 1178 Verbum
1595 1121 1780 1178 Deiex
1800 1119 1914 1175 Ma-

334 1217 417 1270 ria
451 1231 618 1271 carne
648 1215 906 1272 vestitum
932 1215 1046 1286 (94)
1082 1215 1344 1284 processit
1376 1215 1428 1268 in
1456 1215 1600 1270 hunc
1628 1213 1908 1277 mundum,

334 1321 386 1363 et
421 1309 569 1364 aliud
615 1309 834 1378 quidem
873 1316 991 1363 erat
1038 1309 1182 1378 quod
1222 1307 1508 1362 videbatur
1538 1310 1594 1362 in
1638 1323 1735 1373 eo,
1768 1306 1911 1360 aliud

335 1400 484 1467 quod
516 1400 959 1470 intelligebatur;
990 1400 1194 1468 (carnis
1227 1415 1460 1468 namque
1491 1408 1744 1469 aspectus
1770 1400 1822 1453 in
1849 1412 1914 1452 eo

333 1491 561 1558 patebat
597 1493 872 1557 omnibus,
910 1493 1096 1562 paucis
1118 1508 1248 1548 vero
1270 1504 1325 1548 et
1353 1492 1542 1548 electis
1578 1493 1807 1547 dabatur
1830 1491 1914 1546 di-

333 1583 586 1638 vinitatis
615 1585 818 1652 agnitio
839 1585 877 1654 ;)
926 1584 999 1637 ita
1028 1592 1083 1638 et
1109 1599 1229 1639 cum
1273 1599 1366 1654 per
1412 1584 1702 1654 prophetas
1731 1583 1812 1638 vel
1847 1583 1916 1638 le-

338 1673 660 1742 gisiatorem
685 1677 910 1728 verbum
946 1675 1036 1728 Dei
1067 1675 1342 1745 profertur
1376 1677 1442 1729 ad
1493 1675 1760 1742 homines,
1808 1690 1913 1729 non

336 1764 547 1832 absque
609 1762 1044 1831 competentibus
1081 1763 1355 1832 profertur
1392 1762 1739 1816 indumentis.
1780 1761 1912 1815 Nam

335 1855 486 1908 sicut
519 1855 592 1908 ibi
623 1855 824 1923 carnis,
858 1855 930 1907 ita
960 1855 1047 1908 hic
1073 1854 1268 1909 littera:
1298 1854 1563 1908 velamine
1599 1854 1826 1925 tegitur:
1858 1861 1916 1908 ut

339 1946 527 1999 littera
559 1937 780 2013 quidem
817 1945 1112 2014 aspiciatur
1136 1955 1389 2014 tanquam
1421 1961 1566 2009 caro,
1592 1946 1766 2000 latens
1789 1961 1915 2001 vero

339 2037 673 2089 intrinsecus
707 2036 972 2104 spiritalis
998 2051 1190 2091 sensus
1216 2046 1468 2105 tanquam
1508 2037 1763 2092 divinitas
1789 2052 1914 2092 sen-

341 2124 670 2181 tiatur.Tale
702 2143 831 2196 ergo
859 2137 941 2182 est
973 2130 1114 2197 quod
1144 2138 1196 2182 et
1221 2144 1365 2183 nunc
1393 2130 1697 2184 invenimus
1721 2129 1915 2184 librum

340 2217 572 2274 Levitiei
617 2221 986 2285 revolventes,
1024 2222 1076 2274 in
1102 2235 1209 2291 quo
1243 2221 1635 2276 sacrificiorum
1671 2223 1824 2287 ritus,
1864 2229 1919 2278 et

338 2310 642 2365 hostiarum
672 2312 978 2378 diversitas,
1006 2328 1068 2367 ac
1101 2313 1443 2368 sacerdotum
1485 2315 1790 2369 ministeria
1814 2315 1912 2367 de.-

1943 1029 1993 1090 Α
2026 1043 2046 1078 ι
2081 1025 2226 1080 Mors
2257 1021 2389 1078 mihi
2425 1021 2652 1090 eritpsi
2706 1027 2886 1074 autem
2932 1033 3036 1074 non
3091 1029 3581 1083 consensero,«non
3650 1009 3656 1014 ’

2013 1117 2261 1188 effugiam
2318 1128 2510 1170 manus
2541 1122 2771 1172 vestras.
2806 1109 2911 1166 Sed
2967 1109 3160 1166 melius
3203 1119 3286 1165 est
3331 1124 3418 1164 me
3467 1108 3584 1163 sine.

2013 1209 2123 1264 ullo
2164 1216 2317 1277 gestu
2355 1205 2467 1277 (98)
2514 1205 2751 1259 incidere
2802 1203 2853 1256 in
2901 1215 3094 1256 manus
3143 1209 3370 1267 vestras,
3421 1215 3583 1269 quam

2013 1313 2240 1370 peccare
2265 1298 2316 1350 in
2358 1305 2648 1363 conspeCtu
2696 1289 2907 1346 Domini
2930 1289 2996 1342 ".
3040 1307 3059 1341 ι
3096 1287 3402 1342 lncidamus
3455 1301 3585 1357 ergo

2015 1401 2068 1450 et
2098 1407 2218 1455 nos,
2246 1390 2290 1445 si
2322 1390 2392 1444 ita
2421 1401 2644 1443 necesse
2673 1393 2779 1450 est,
2810 1386 2861 1437 in
2901 1382 3325 1438 obtrectationes
3352 1388 3583 1444 vestras.

2016 1493 2222 1540 tantum
2254 1493 2311 1537 ut
2347 1480 2628 1536 veritatem
2657 1476 2806 1532 verbi
2838 1476 2933 1530 Dei
2973 1475 3074 1530 sub
3124 1473 3318 1528 littera:
3354 1472 3586 1543 tegmine

2017 1585 2325 1644 coopertam
2387 1574 2454 1628 ad
2494 1571 2766 1628 Christum
2815 1567 2925 1637 jam
2989 1565 3276 1622 Dominum
3321 1578 3585 1622 conversa

2016 1675 2307 1738 cognoscat
2353 1664 2592 1720 Ecclesia
2642 1681 2655 1718 :
2703 1661 2781 1718 sic
2829 1658 2972 1714 enim
3015 1658 3148 1715 dicit
3191 1656 3481 1728 Apostolus
3516 1654 3583 1720 ",

2017 1762 2141 1832 quia
2176 1780 2194 1811 ‹
2229 1759 2273 1812 si
2305 1773 2598 1813 conversus
2628 1757 2748 1828 quis
2783 1755 2946 1809 fuerit
2985 1753 3053 1808 ad
3094 1751 3407 1815 Dominum,
3435 1747 3586 1803 aufe-

2017 1863 2167 1909 retur
2199 1850 2483 1906 velamen:
2529 1849 2616 1904 ubi
2667 1849 2812 1906 enim
2858 1847 3080 1920 spiritus
3129 1845 3364 1909 Domini,
3413 1842 3486 1898 ibi
3517 1843 3585 1898 li-

2019 1950 2220 2003 bertas.
2260 1963 2278 1996 ›
2317 1945 2434 2013 Ipse
2479 1942 2644 2013 igitur
2685 1941 2840 1996 nobis
2884 1938 3176 2002 Dominus,
3224 1937 3340 2006 ipse
3371 1943 3590 1990 sanctus

2019 2038 2252 2110 Spiritus
2304 2034 2674 2102 deprecandus
2738 2043 2844 2097 est,
2899 2039 2958 2084 ut
3028 2043 3246 2085 omnem
3311 2024 3585 2090 nebulam,

2018 2148 2339 2202 omnemque
2365 2129 2650 2200 caliginem
2673 2141 2793 2196 qua:
2819 2131 3164 2196 peccatorum
3187 2119 3439 2178 sordibus
3459 2133 3590 2174 con-

2020 2233 2166 2277 creta
2203 2223 2378 2276 visum
2412 2219 2583 2274 nostri
2615 2217 2796 2273 cordis
2830 2205 3114 2280 obscurat,
3145 2210 3360 2268 auferre
3399 2208 3588 2278 digne—

2023 2327 2130 2382 tur,
2161 2325 2218 2369 ut
2245 2314 2516 2384 possimus
2537 2312 2669 2382 legis
2694 2307 2810 2378 ejus
2839 2307 3250 2378 intelligentiam
3285 2301 3585 2373 Spiritalem

339 2399 662 2455 scribuntur
691 2399 831 2471 (95).
867 2399 974 2456 Sed
1011 2402 1122 2454 haec
1164 2401 1456 2454 secundum
1493 2402 1749 2466 litteram,
1795 2418 1914 2472 qure
1949 2381 1994 2436 Β
2020 2419 2072 2464 et
2099 2381 2396 2461 mirabilem
2431 2381 2705 2465 contueri,
2741 2399 3039 2460 secundum
3068 2412 3190 2452 eum
3217 2396 3307 2466 qui
3339 2393 3476 2450 dixit
3507 2391 3584 2445 ”:

339 2502 605 2562 tanquam
637 2507 768 2546 caro
795 2491 957 2548 Verbi
991 2493 1083 2546 Dei
1122 2500 1204 2546 est
1233 2502 1289 2545 et
1321 2493 1696 2548 indumentum
1724 2495 1919 2548 divini-

341 2585 472 2638 tatis
505 2584 646 2653 ejus,
681 2585 825 2654 digni
859 2585 1106 2640 fortassis
1141 2585 1225 2640 vel
1255 2586 1544 2655 aspiciant,
1572 2585 1656 2640 vel
1696 2588 1922 2642 audiant

338 2686 396 2730 et
433 2675 666 2744 indigni.
692 2675 796 2731 Sed
829 2685 882 2731 et
913 2677 1056 2732 beati
1085 2687 1208 2733 sunt
1237 2679 1310 2732 illi
1334 2677 1498 2743 oculi,
1523 2679 1614 2748 qui
1651 2679 1920 2736 velamine

345 2767 544 2821 littera:
580 2766 852 2822 obtectum
885 2768 1214 2824 intrinsecus
1259 2770 1503 2824 divinum
1543 2770 1804 2840 Spiritum
1840 2774 1918 2827 vi—

343 2859 476 2912 dent
507 2857 619 2928 (9f)
645 2876 659 2923 ;
688 2867 743 2912 et
773 2859 914 2913 beati
941 2868 1064 2916 sunt
1094 2861 1184 2930 qui
1217 2862 1282 2916 ad
1314 2863 1426 2916 haec
1457 2863 1725 2918 audienda
1761 2882 1918 2919 mun-

344 2951 447 3004 das
489 2965 654 3005 aures
690 2950 970 3006 interioris
1043 2951 1280 3007 hominis
1335 2952 1607 3008 deferunt.
1662 2956 1918 3026 Alioquin

344 3054 537 3112 aperte
560 3046 613 3099 in
643 3044 728 3098 his
767 3045 1112 3100 sermonibus
1144 3046 1480 3100 occidentem
1526 3047 1762 3103 litteram
1794 3065 1918 3105 sen-

347 3135 507 3190 tient.
542 3135 600 3191 Si
632 3136 775 3190 enim
805 3137 1097 3192 secundum
1130 3137 1393 3207 quosdam
1418 3139 1584 3194 etiam
1609 3151 1918 3196 nostrorum

347 3228 687 3282 intellectum
725 3229 1023 3298 simplicem
1059 3243 1277 3299 sequar,
1329 3240 1382 3285 et
1437 3231 1643 3301 absque
1688 3232 1830 3298 ulla,
1864 3243 1924 3288 ut

347 3322 447 3388 ipsi
505 3322 687 3376 ridere
724 3337 821 3377 nos
856 3322 1051 3390 solent,
1106 3325 1328 3394 strOpha
1364 3325 1514 3379 verbi
1563 3334 1617 3380 et
1652 3326 1923 3397 allegoriae

354 3411 514 3482 185
542 3412 726 3466 nubilo
760 3428 944 3468 vocem
986 3413 1310 3482 legislatoris
1357 3415 1645 3486 excipiam,
1687 3432 1787 3486 ego
1833 3436 1923 3475 ec-

349 3505 684 3559 clesiasticus
714 3505 815 3559 sub
845 3503 947 3559 fide
973 3504 1173 3562 Christi
1205 3505 1411 3575 vivens,
1439 3516 1493 3562 et
1523 3508 1580 3562 in
1613 3511 1792 3566 medio
1820 3511 1923 3566 Ec-

350 3596 528 3650 clesia:
572 3596 800 3665 positus,
844 3595 910 3650 ad
958 3595 1375 3651 sacriﬁcandum
1423 3599 1625 3656 vitulos
1650 3610 1704 3656 et
1731 3617 1920 3674 agnos,

2025 2521 2043 2555 ι
2083 2500 2279 2555 llevela
2311 2498 2497 2555 oculos
2531 2511 2702 2563 meos,
2738 2503 2791 2550 et
2831 2491 3192 2549 considerabo
3221 2487 3487 2542 mirabilia
3523 2487 3589 2539 de

2021 2591 2134 2661 lege
2169 2599 2276 2642 tua.
2317 2607 2336 2640 ι
2385 2587 2549 2657 lgitur
2593 2599 2754 2655 quam
2796 2596 3083 2653 possumus
3128 2579 3362 2633 breviter
3417 2592 3587 2646 pauca

2019 2683 2447 2754 perstringamus
2467 2693 2534 2733 ex
2570 2677 2775 2739 multis,
2810 2690 2914 2729 non
2957 2683 3064 2726 tam
3091 2670 3425 2741 singulorqu
3466 2682 3588 2721 ver—
3659 2686 3665 2694 ·

2022 2777 2213 2830 borum
2241 2770 2604 2841 explanationi
2637 2768 2917 2824 studentes
2945 2765 3075 2837 (hoc
3105 2763 3253 2820 enim
3277 2761 3460 2816 facere
3497 2775 3596 2829 per

2021 2871 2188 2924 otium
2231 2867 2518 2923 scribentis
2570 2865 2699 2931 est),
2751 2861 2843 2918 sed
2893 2876 3013 2932 quae
3063 2859 3130 2915 ad
3177 2857 3594 2914 aedificationem

2022 2962 2280 3019 Ecclesiae
2312 2961 2604 3032 pertinent,
2629 2955 2964 3026 proferentes
2996 2969 3010 3006 :
3049 2961 3107 3005 ut
3135 2952 3452 3006 occasiones
3487 2961 3589 3017 po—

2021 3053 2130 3108 tius
2161 3051 2528 3117 intelligentiae
2561 3047 2895 3103 auditoribus
2921 3045 3138 3111 demus,
3185 3058 3342 3111 quam
3377 3039 3587 3109 exposi-

2025 3147 2228 3200 tiomnn
2279 3141 2613 3198 latitudinem
2667 3153 3062 3210 persequamur
3107 3136 3242 3208 (99),
3290 3135 3585 3190 secundum

2024 3236 2151 3291 illud
2201 3236 2341 3306 quod
2385 3235 2642 3303 scriptum
2692 3240 2774 3287 est
2812 3231 2858 3261 "
2891 3247 2901 3281 :
2941 3248 2960 3282 ι
3011 3228 3084 3283 Da
3115 3227 3456 3284 occasionem
3492 3241 3584 3279 sa-

2023 3328 2268 3399 pienti,et
2303 3325 2602 3396 sapientior
2627 3324 2752 3379 erit.
2783 3341 2802 3375 ι

2091 3422 2146 3476 2.
2198 3419 2526 3488 Principium
2577 3431 2706 3488 ergo
2757 3413 2980 3471 Levitici
3004 3413 3157 3480 dicit,
3206 3413 3333 3482 quia
3377 3411 3591 3467 vocavit

2023 3513 2281 3568 Dominus
2310 3512 2568 3584 Moysem,
2601 3519 2655 3566 et
2682 3511 2896 3566 locutus
2918 3514 3002 3561 est
3029 3505 3101 3560 illi
3137 3507 3202 3562 de
3243 3505 3591 3561 tabernaculo

2024 3605 2342 3672 testimonii,
2372 3614 2433 3658 ut
2487 3603 2860 3674 promulgaret
2911 3600 3037 3656 filiis
3076 3601 3242 3656 Israel
3287 3598 3586 3654 sacriﬁcio-

351 3697 403 3742 et
439 3687 504 3740 ad
535 3687 867 3744 olferendam
909 3687 1142 3742 similam
1171 3703 1293 3743 cum
1323 3689 1478 3745 thure
1509 3699 1562 3744 et
1603 3693 1724 3748 oleo
1753 3695 1920 3751 divini
1951 3723 1992 3780 ρ
2027 3714 2142 3752 rum
2175 3698 2319 3768 leges
2339 3707 2395 3752 et
2422 3712 2722 3761 munerum,
2750 3706 2805 3751 et
2829 3697 2904 3750 ait
2927 3699 2969 3728 "
3005 3712 3018 3750 :
3058 3715 3078 3748 ι
3119 3695 3176 3750 Si
3206 3696 3367 3750 homo
3395 3707 3590 3747 munus

353 3781 604 3849 praecepti
651 3780 974 3834 auctoritate
1027 3780 1343 3849 compellor.
1387 3781 1500 3836 Hoc
1548 3783 1690 3837 enim
1735 3797 1919 3856 agunt,

355 3875 446 3940 qui
475 3873 746 3926 deservire
775 3887 874 3926 nos
903 3871 1165 3935 historiae,
1191 3880 1246 3925 et
1271 3885 1491 3927 servare
1530 3873 1661 3944 legis
1685 3873 1920 3932 litteram

357 3972 576 4033 cogunt.
607 3962 712 4018 Sed
735 3972 943 4031 tempus
971 3974 1054 4017 est
1081 3978 1179 4018 nos
1205 3963 1461 4018 adversus
1492 3965 1766 4035 improbos
1799 3983 1923 4037 pre-

356 4058 603 4128 sbyteros
628 4058 701 4112 uti
725 4065 923 4112 sanctae
952 4057 1216 4111 Susanna:
1248 4057 1494 4123 vocibus,
1523 4073 1657 4127 quas
1687 4058 1763 4114 illi
1794 4062 1920 4131 qui-

355 4154 476 4207 dem
509 4152 876 4221 repudiantes,
924 4150 1207 4206 historiam
1255 4149 1523 4207 Susannte
1563 4154 1630 4208 de
1675 4155 1921 4226 catalogo

352 4245 659 4298 divinorum
706 4242 1038 4298 voluminum
1083 4241 1422 4298 desecarunt.
1479 4243 1589 4301 Nos
1635 4254 1815 4302 autem
1869 4259 1923 4303 et

351 4334 673 4403 suscipimus
712 4342 769 4388 et
794 4342 1099 4403 opportune
1146 4344 1336 4389 contra
1373 4335 1515 4405 ipsos
1569 4338 1919 4410 proferimus,

352 4429 594 4482 dicentes
624 4441 637 4477 :
675 4445 694 4478 ι
727 4425 1002 4497 Αηςυειίω
1026 4425 1155 4480 mihi
1196 4427 1435 4497 undique
1470 4425 1604 4496 (97).
1628 4442 1646 4475 ι
1685 4431 1741 4488 Si
1778 4433 1921 4489 enim

352 4521 454 4576 hoc
499 4533 826 4574 consensere
868 4519 1055 4583 vobis,
1147 4528 1204 4573 ut
1257 4519 1392 4590 legis
1425 4521 1659 4576 litteram
1699 4540 1919 4596 sequar,

421 4637 465 4707 ξ³
491 4636 624 4690 Dan.
656 4651 780 4700 XIII,
819 4635 908 4704 22,
949 4635 1037 4690 25.
1142 4639 1187 4669 “
1210 4637 1252 4692 ll
1291 4637 1420 4694 Cor.
1451 4653 1533 4707 ιιι,
1580 4640 1667 4694 16.

350 4709 394 4740 ’⁸
416 4706 590 4762 Levit.
613 4722 675 4772 ιι,
703 4707 759 4760 4.

421 4827 539 4900 (93)
573 4826 798 4880 Collataa
825 4835 951 4882 sunt
982 4831 1064 4882 ha:
1099 4828 1332 4884 homiliae
1361 4801 1484 4885 cum
1512 4841 1744 4900 quatuor
1779 4851 1912 4895 mss.
1949 4841 1994 4896 D

346 4913 470 4970 uno
506 4896 992 4970 Sangermanensi'
1016 4900 1388 4970 vetustissimo
1438 4896 1593 4970 cujus
1632 4905 1917 4961 character

346 4967 585 5040 uncialis
603 4976 682 5040 est
708 4987 721 5032 ;
746 4969 917 5040 altero
937 4968 1297 5040 gemeticensi
1326 4986 1340 5034 ;
1376 4967 1538 5026 tertio
1562 4971 1845 5040 Beccensi,
1868 4988 1922 5031 et

343 5047 550 5123 quarto
578 5037 914 5093 bibliothecae
936 5038 1002 5092 R.
1018 5037 1082 5093 Ρ.
1107 5038 1596 5097 Franciscanorum
1613 5037 1922 5102 Cadomen-

341 5122 536 5244 smgb
571 5177 656 5232 Ea;
687 5178 866 5232 Maria
892 5196 1050 5236 carne
1069 5179 1333 5236 vestitum.
1370 5180 1463 5237 Sic
1489 5183 1691 5240 habent
1732 5201 1921 5244 omnes

351 5262 482 5369 uas.
521 5248 668 5303 Libri
697 5263 827 5305 vero
861 5261 1020 5307 antea
1048 5251 1214 5318 editi,
1255 5270 1274 5304 ‹
1314 5267 1382 5307 ex
1420 5251 1603 5310 Mariae
1635 5271 1799 5311 carne
1823 5273 1918 5313 ve—

352 5332 377 5370 s
404 5333 416 5370 ι
447 5334 557 5371 υιη.
593 5338 612 5370 ι

423 5387 538 5457 (95)
568 5389 771 5446 Omnes
826 5406 988 5456 mss.,
1017 5410 1036 5443 ‹
1079 5391 1499 5456 describuntur;
1537 5416 1556 5445 ι
1594 5394 1724 5450 libb.
1763 5395 1914 5458 editi.

359 5475 377 5508 ι
400 5460 771 5515 ascribuntur.
795 5462 973 5516 )lnfra
1000 5463 1160 5517 iidem
1185 5462 1318 5517 libb.
1345 5463 1496 5528 editi,
1533 5483 1550 5516 ι
1592 5481 1721 5520 caro
1757 5459 1917 5522 Verbi

353 5529 445 5583 Dei
482 5541 587 5596 est,
626 5541 682 5586 et
701 5533 1086 5607 indumentum
1135 5533 1436 5588 divinitatis
1460 5536 1600 5604 ejus,
1633 5537 1780 5607 digni
1809 5539 1921 5594 for-

360 5607 520 5666 tasse,
561 5621 579 5651 ι
619 5603 713 5656 sed
753 5617 887 5658 mss.
923 5612 984 5656 ut
1015 5603 1067 5657 in
1100 5613 1286 5659 nostro
1322 5613 1490 5659 textu.

360 5755 384 5792 ι
424 5669 771 5798 gausape):
824 5673 1334 5779 Sangermanensis,
1376 5693 1394 5726 ι
1433 5676 1672 5732 videant.
1731 5697 1750 5730 ι
1792 5678 1917 5746 Alii,

1779 4646 1823 4676 ³⁵
1860 4646 2228 4715 ΡεειΙ.,οχνιιι,
2277 4649 2364 4704 l8.

2028 3791 2216 3847 oﬂeret
2241 3791 2316 3862 (Ι)
2342 3789 2586 3853 Domino,
2615 3788 2806 3844 oll‘eret
2829 3804 2896 3843 ex
2929 3788 3100 3844 bobus
3121 3787 3204 3842 vel
3229 3785 3538 3856 pecoribus,
3565 3801 3585 3836 ι

2028 3885 2079 3938 id
2103 3893 2186 3938 est
2207 3881 2361 3952 agnis
2387 3882 2468 3934 vel
2495 3881 2687 3934 haedis.
2727 3898 2746 3931 ‹
2780 3878 2836 3934 Si
2869 3893 2997 3935 vero
3025 3893 3092 3934 ex
3113 3877 3322 3943 avibus,
3356 3885 3592 3934 turtures

2029 3973 2111 4029 vel
2143 3973 2315 4043 pullos
2373 3971 2765 4026 columbarum.
2807 3989 2825 4023 ι
2859 3970 2914 4025 Si
2951 3985 3078 4026 vero
3122 3985 3228 4025 non
3282 3969 3464 4033 homo,
3497 3968 3590 4022 sed

2029 4068 2208 4118 anima
2240 4063 2432 4118 offerat
2467 4078 2664 4118 munus
2690 4063 2819 4130 Deo,
2845 4078 2910 4117 ex
2939 4062 3132 4128 simila,
3165 4062 3336 4131 inquit
3368 4060 3435 4127 ³⁸,
3473 4059 3592 4116 )ﬂ‘e-

2031 4169 2117 4216 rat
2139 4176 2301 4232 panes
2335 4175 2555 4230 azymos
2585 4167 2768 4214 coctos
2795 4159 2848 4212 in
2882 4157 3118 4222 clibano,
3151 4157 3234 4211 vel
3268 4166 3416 4212 certe
3442 4157 3596 4211 simi-

2029 4255 2136 4308 lam
2163 4268 2228 4308 ex
2259 4253 2531 4322 sartagine
2557 4251 2610 4305 in
2638 4249 2758 4307 oleo
2791 4263 3160 4321 conspersam,
3213 4257 3307 4304 aut
3335 4263 3403 4302 ex
3428 4249 3593 4303 crati-

2027 4348 2146 4403 cula
2181 4347 2230 4400 in
2256 4345 2373 4400 oleo
2398 4343 2475 4415 (2)
2507 4343 2860 4400 nihilominus
2892 4343 3193 4398 subactam.
3232 4341 3369 4396 Tum
3399 4340 3593 4396 deinde

2029 4443 2315 4496 edocemur
2341 4438 2465 4506 quia
2511 4435 2894 4490 fermentatum
2950 4434 3084 4488 nihil
3129 4435 3349 4490 omnino
3378 4443 3594 4501 Oportet

2029 4531 2209 4588 olferri
2249 4531 2315 4585 ad
2345 4529 2516 4585 altare
2551 4529 2665 4591 Dei.
2693 4544 2866 4599 neque
2898 4526 3003 4582 mel
3035 4540 3258 4597 usquam
3285 4525 3362 4597 (5)
3385 4524 3592 4580 sacrifi-

2476 4647 2521 4678 η
2552 4645 2710 4700 Prov.
2741 4618 2826 4710 ut,
2854 4644 2908 4699 9.
3025 4645 3070 4677 ’τ
3119 4643 3292 4700 Levit.
3334 4661 3371 4711 1,
3401 4644 3458 4710 2,
3504 4645 3588 4700 tt.

2094 4836 2207 4908 (97)
2255 4835 2477 4908 Veteres
2535 4831 2803 4908 editiones
2841 4847 2854 4884 :
2897 4847 2914 4881 ι
2955 4830 3236 4908 Angusda:
3283 4829 3413 4908 mihi
3463 4841 3590 4888 sunt

2024 4899 2283 4976 undique,
2325 4923 2342 4955 ι
2379 4903 2473 4959 sed
2505 4903 2672 4958 codex
2725 4899 3213 4971 sangermanensis
3234 4901 3438 4956 omittit
3469 4918 3591 4958 ver-

2023 4980 2145 5033 bum
2183 4996 2202 5029 r
2236 4985 2381 5030 sunt.
2420 4992 2438 5024 ι

2093 5047 2203 5118 (98)
2235 5045 2404 5118 Codd.
2437 5041 2832 5118 Gemeticensis
2864 5048 2917 5096 et
2942 5040 3317 5118 Cadomensis,
3362 5058 3384 5094 ι
3444 5045 3593 5102 nullo

2020 5111 2200 5190 gesto;
2240 5115 2803 5190 p_Sangermanensis,
2843 5129 2861 5163 α
2885 5111 3044 5190 nullo
3071 5121 3245 5190 gestu.
3283 5131 3304 5165 ι

2091 5180 2204 5259 (99)
2268 5180 2730 5259 Mss.'Sangerm.
2777 5194 2832 5239 et
2878 5180 3165 5250 Gemetic.,
3218 5202 3236 5234 ι
3294 5197 3588 5255 persequa.

2021 5258 2173 5326 mur;
2212 5278 2228 5310 ι
2267 5258 2422 5318 alias,
2453 5273 2472 5306 ‹
2507 5269 2915 5326 prosequamur.
2961 5271 2978 5304 ι

2094 5322 2170 5401 (1)
2217 5329 2416 5401 Omnes
2463 5322 2616 5401 mss.,
2669 5322 2702 5401 ζ
2728 5325 2938 5401 oﬂ‘eret.
2977 5341 2996 5375 ι
3026 5323 3204 5401 _Alias_,
3254 5342 3273 5376 ι
3315 5322 3526 5401 oﬂ'e_ra_t~.
3567 5345 3588 5378 ι

2023 5393 2160 5454 Μὼί
2181 5400 2338 5454 codd.
2373 5395 2722 5452 Cadomensis
2748 5406 2801 5452 et
2828 5395 3242 5461 Gemeticensis,
3271 5412 3305 5446 ι.
3325 5409 3392 5450 ex
3416 5393 3594 5451 bobus

2022 5480 2076 5525 et
2103 5470 2416 5538 pecudibus.
2459 5485 2478 5518 ι

2117 5543 2172 5612 2)
2204 5539 2425 5612 Omnes_
2440 5551 2593 5600 mss.,
2627 5555 2647 5588 ι
2681 5535 2735 5590 in
2768 5535 2908 5612 oleo.
2944 5534 3144 5612 )_Alias
3178 5535 3344 5612 deest,
3383 5553 3404 5587 ι
3443 5535 3519 5588 in.
3559 5551 3585 5590 ι

2117 5543 2172 5612 2)
2204 5543 2404 5596 Omnes
2440 5551 2593 5600 mss.,
2627 5555 2647 5588 ι
2681 5543 2735 5590 in
2768 5543 2908 5590 oleo.
2944 5555 2962 5589 ι
2998 5543 3144 5592 Alias
3178 5543 3344 5602 deest,
3383 5553 3404 5587 ι
3443 5543 3519 5588 in.
3559 5551 3585 5590 ι

2095 5543 2172 5683 (5)
2201 5607 2680 5683 Codd._Sange_r_m.
2703 5615 2759 5660 et
2782 5604 3070 5674 Gemetic.,
3101 5626 3118 5661 ι
3148 5606 3252 5664 mel
3283 5621 3529 5680 usquam.
3555 5621 3585 5662 ι

2025 5677 2193 5752 Alias,
2239 5701 2259 5735 ι
2294 5679 2465 5736 mellis
2491 5677 2804 5748 quidquam.
2843 5695 2864 5730 ι
