4024 6146
415 288 526 343 ΝΠ.

1868 277 2192 337 ORIGENIS
2245 295 2248 298 ‘

3555 278 3668 335 403

417 408 519 465 ciis
546 407 856 476 admisceri,
888 408 983 465 sed
1016 408 1130 464 sale
1167 408 1318 464 saliri
1343 423 1502 462 omne
1538 403 1864 461 sacriﬁcium
1894 403 1975 456 vel
2006 403 2054 460 Α
2085 398 2444 454 triarcharum
2493 400 2842 470 generatione
2909 401 3236 456 venientem.
3305 397 3422 452 Erit
3479 407 3661 454 autem

416 515 641 558 munus.
689 501 941 558 Secundo
991 502 1042 556 in
1088 501 1209 556 loco
1246 501 1314 556 de
1346 502 1702 570 primitiarnm
1726 502 1987 572 praecepit

420 592 724 658 sacriﬁciis,
771 607 890 662 quae
924 594 1163 648 recentia
1213 603 1350 649 tosta
1399 609 1463 649 ac
1492 597 1626 650 bene
1656 602 1879 664 purgata
1905 592 1986 647 of-

419 682 554 740 ferri
582 684 810 739 Domino
838 683 1010 752 jubet.
1040 684 1286 742 Posthaec
1317 686 1420 742 sub
1443 688 1633 745 eadem
1683 689 1814 754 legis
1860 701 1988 740 con-

423 775 650 828 tinentia
685 776 752 831 de
784 777 1070 834 sacriﬁciis
1102 778 1430 834 salutaribus
1459 778 1775 850 injungitur,
1811 780 1990 849 primo

421 880 490 918 ex
521 865 714 931 bobus,
740 866 978 922 secundo
1003 883 1068 922 ex
1106 867 1318 933 ovibus,
1371 868 1422 922 in
1455 868 1652 939 quibus
1705 876 1886 924 tamen
1919 869 1987 922 li-

421 965 566 1024 ceat,
595 957 710 1013 sive
753 961 808 1013 in
839 960 1013 1030 agnis,
1057 961 1172 1017 sive
1223 961 1277 1015 in
1325 961 1502 1018 haedis
1534 961 1619 1016 vel
1649 959 1880 1017 feminas
1908 961 1990 1017 of-

422 1046 586 1114 ferre,
614 1049 702 1105 vel
728 1064 925 1116 mares,
971 1059 1028 1106 et
1065 1051 1198 1106 nihil
1233 1060 1428 1121 praeter
1455 1055 1571 1109 haec
1602 1053 1855 1108 animalia
1891 1053 1990 1108 de-

425 1139 597 1195 cernit
623 1141 676 1196 in
711 1143 998 1199 sacriﬁciis
1029 1145 1352 1200 salutaribus
1381 1145 1742 1202 offerendum.
1774 1148 1880 1202 Sed
1907 1162 1992 1202 re-

424 1238 670 1297 petamus
718 1233 1033 1302 paululum,
1103 1245 1159 1291 et
1205 1238 1486 1294 videamus
1527 1239 1702 1308 primo
1748 1238 1991 1293 omnium

424 1321 557 1392 quid
586 1333 668 1379 εει
691 1326 835 1395 quod
857 1327 989 1382 dicit
1013 1344 1028 1382 :
1067 1346 1086 1382 (
1118 1327 1290 1384 Homo
1315 1344 1382 1385 ex
1411 1332 1564 1386 vobis
1585 1334 1628 1387 si
1660 1329 1850 1386 offerat
1878 1347 1994 1385 mu-

426 1429 551 1482 nus,
584 1433 604 1468 ι
647 1419 801 1486 quasi
831 1433 960 1474 vero
987 1421 1155 1489 possit
1185 1423 1323 1478 alius
1356 1423 1552 1493 aliquis
1600 1424 1800 1479 offerre
1829 1439 1990 1494 quam

429 1509 612 1566 homo.
642 1510 709 1568 Et
738 1510 924 1583 utique
949 1512 1250 1571 suffecisset
1278 1517 1483 1586 dicere,
1511 1518 1711 1588 si'quis
1743 1534 1811 1574 ex
1841 1516 1996 1574 vobis

427 1601 835 1662 offeratmunus
869 1622 886 1662 :
921 1607 1013 1661 sed
1043 1623 1188 1662 nunc
1232 1607 1362 1666 dicit
1395 1627 1406 1662 :
1442 1628 1461 1661 (
1499 1609 1557 1664 Si
1609 1611 1771 1668 homo
1796 1627 1865 1667 ex
1897 1626 1996 1666 vo-

430 1696 514 1752 bis
545 1695 742 1751 ofl'e'rat
775 1712 989 1753 munus.
1033 1716 1052 1750 ι
1083 1698 1140 1752 1η
1169 1701 1630 1772 consequentibus
1661 1717 1791 1757 vero
1822 1702 1994 1759 dicit:

434 1804 453 1838 r
485 1784 541 1848 Si
566 1796 744 1842 autem
771 1786 948 1842 anima
999 1787 1188 1844 offerat
1215 1806 1430 1846 munus.
1464 1810 1483 1844 ι
1521 1791 1577 1846 In
1609 1794 2000 1863 posterioribus

430 1892 615 1946 porro,
645 1892 768 1934 cum
792 1881 1030 1935 secundo
1059 1880 1168 1950 jam
1200 1881 1436 1951 loquitur
1463 1884 1722 1940 Dominus
1752 1887 1819 1940 ad
1847 1885 1998 1959 Moy-

431 1985 564 2037 sem,
585 1980 640 2025 et
662 1972 885 2027 mandat
909 1973 976 2027 de
997 1973 1281 2030 sacriﬁciis
1311 1990 1408 2044 pro
1433 1986 1658 2044 peccato
1683 1976 1998 2045 oﬁcrendis,

433 2064 506 2117 ita
532 2062 662 2118 dicit
689 2082 702 2118 :
732 2081 751 2116 r
800 2063 857 2119 Si
895 2065 1140 2135 pontifex
1188 2069 1519 2138 peccaverit,
1547 2069 1740 2124 offerat
1787 2069 1918 2125 illud
1947 2079 2003 2125 et

433 2154 562 2210 illud
594 2155 660 2208 ”.
704 2175 724 2208 ι
766 2156 863 2211 Vel
887 2158 934 2212 si
960 2159 1135 2213 omnis
1168 2157 1448 2229 Synagoga
1479 2161 1802 2228 peccaverit,
1837 2161 1923 2216 vel
1955 2165 1999 2217 si

433 2248 686 2318 princeps
724 2249 1029 2316 peccaverit
1066 2247 1165 2321 (4),
1195 2251 1280 2305 vel
1308 2251 1354 2305 si
1387 2252 1568 2305 anima
1604 2267 1710 2306 una
1740 2265 2002 2321 peccave-

437 2341 507 2394 rit
544 2357 558 2394 :
591 2344 878 2395 mandatur
900 2340 1129 2411 singulis
1171 2343 1473 2412 quibusque
1515 2344 1646 2413 quid
1672 2343 1906 2400 offerant
1932 2345 1997 2399 ³³.

431 2431 570 2499 Quid
596 2434 762 2497 ergo!
797 2434 1012 2488 inanem
1044 2443 1296 2503 putamus
1318 2449 1438 2490 esse
1462 2436 1621 2490 istam
1644 2452 1998 2508 personarum

433 2525 858 2590 distinctionem,
900 2535 959 2580 ut
985 2526 1129 2581 aliud
1160 2526 1378 2596 quidem
1413 2525 1747 2584 offerendum
1777 2530 1877 2585 sub
1905 2531 2004 2585 hoc

433 2617 596 2674 minis
655 2619 1038 2690 appellatione,
1085 2620 1228 2674 aliud
1263 2622 1364 2677 sub
1416 2622 1645 2689 animae,
1694 2623 1842 2678 aliud
1901 2625 2002 2680 sub

434 2709 727 2781 pontiﬁcis,
778 2711 920 2767 aliud
963 2719 1095 2767 vero
1141 2713 1240 2768 sub
1289 2727 1594 2784 synagoga,
1637 2714 1785 2769 aliud
1832 2717 2001 2770 etiam

433 2804 534 2858 sub
561 2804 852 2875 principis,
878 2803 964 2858 vel
992 2805 1094 2859 sub
1119 2804 1280 2860 unius
1306 2805 1502 2861 anima:
1528 2808 2004 2877 cognominatioue

432 2893 755 2949 mandetur?
780 2893 893 2964 Ego
920 2894 1137 2950 interim
1165 2909 1262 2964 pro
1311 2896 1608 2966 exiguitate
1650 2913 1845 2954 sensus
1874 2901 2002 2965 mei,

434 2987 539 3041 hoc
571 2985 624 3039 in
664 2985 785 3041 loco
815 2986 1085 3042 hominem
1109 3001 1272 3056 quem
1319 2987 1635 3056 appellavit,
1680 2999 1736 3045 et
1769 2991 2002 3060 primum

2090 494 2362 547 masculus
2388 493 2506 548 sine
2534 492 2766 547 macula.
2795 492 3068 547 Masculus
3107 505 3236 546 vere
3268 489 3428 560 136
3448 491 3661 559 est,qui

2090 595 2371 656 peccatum
2401 585 2544 654 quod
2575 591 2660 640 est
2682 583 2928 640 femineae
2951 582 3265 655 fragilitatis
3289 582 3522 651 ignorat.
3555 581 3664 636 So-

2089 677 2176 730 lus
2208 691 2339 746 ergo
2366 675 2455 730 ille
2485 675 2780 743 masculus,
2831 674 2980 730 solus
3019 675 3136 728 sine
3176 672 3385 728 macula
3412 679 3517 734 est,
3566 674 3665 741 qui

2090 779 2370 838 peccatum
2409 783 2516 821 non
2558 765 2707 834 fecit,
2741 781 2840 822 nec
2879 766 3034 821 dolus
3068 766 3320 819 inventus
3350 773 3435 818 est
3474 764 3527 819 in
3569 779 3671 818 ore

2090 865 2205 932 ejus
2237 864 2303 931 ³³,
2334 875 2387 919 ει
2417 863 2509 932 qui
2542 872 2796 930 acceptus
2821 871 3010 916 COnIra
3038 860 3318 913 Dominum
3344 855 3572 914 oﬂ'ertur
3597 856 3668 910 ad

2092 959 2289 1013 ostium
2322 956 2681 1011 tabernaculi.
2714 956 2797 1008 Ad
2836 955 3037 1010 ostium
3081 952 3412 1008 tabernaculi
3435 967 3542 1007 non
3582 957 3671 1004 est

2095 1051 2232 1104 intra
2270 1048 2493 1113 ostium,
2525 1049 2620 1103 sed
2659 1056 2809 1102 extra
2848 1048 3067 1101 ostium.
3122 1046 3287 1099 Extra
3323 1033 3522 1099 ostium
3552 1053 3675 1099 ete-

2095 1144 2205 1198 nim
2235 1141 2333 1195 fuit
2363 1138 2544 1202 Jesus,
2579 1139 2704 1209 quia
2741 1157 2760 1190 ε
2809 1139 2860 1192 in
2907 1155 3003 1192 sna
3039 1138 3256 1206 propria
3306 1136 3474 1199 venit,
3503 1143 3558 1189 et
3585 1135 3672 1189 sui

2096 1250 2218 1290 cum
2255 1249 2359 1288 non
2388 1240 2711 1301 receperunt
2754 1231 2821 1282 ³³.
2865 1248 2885 1281 ι
2927 1229 3044 1282 Non
3085 1237 3169 1284 est
3213 1242 3342 1297 ergo
3392 1226 3673 1295 ingressus

2099 1323 2503 1382 tabernaculum
2532 1322 2683 1386 illud,
2723 1323 2789 1374 ad
2815 1321 2958 1390 quod
2984 1327 3231 1382 venerat,
3263 1318 3355 1373 sed
3379 1318 3447 1371 ad
3469 1319 3671 1372 ostium

2096 1420 2213 1490 ejus
2240 1418 2453 1475 oblatus
2491 1424 2577 1472 εει
2609 1416 2661 1469 in
2695 1413 3106 1477 holocaustum,
3143 1412 3265 1480 quia
3299 1419 3453 1464 extra
3488 1419 3671 1463 castra

2097 1527 2291 1584 passus
2315 1522 2418 1567 est.
2445 1509 2578 1564 Nam
2602 1517 2658 1562 ει
2688 1506 2763 1561 illi
2800 1505 2925 1560 mali
2957 1504 3136 1558 coloni
3167 1502 3468 1557 venientem
3503 1500 3674 1554 ﬁlium

2097 1600 2508 1658 Patrist‘amilias
2537 1595 2817 1670 ejecerunt
2841 1596 2986 1650 foras
3019 1605 3173 1649 extra
3207 1593 3452 1658 vineam,
3481 1602 3536 1646 et
3571 1607 3667 1648 oc-

2099 1697 2352 1766 ciderunt
2382 1693 2447 1749 ³³.
2502 1690 2614 1746 Hoc
2659 1698 2893 1758 estergo
2936 1687 3081 1757 quod
3119 1684 3348 1742 offertur
3373 1685 3441 1739 ad
3473 1686 3673 1740 ostium

2102 1787 2435 1846 tabernaculi
2466 1795 2746 1854 acceptum
2769 1792 2956 1841 contra
2976 1781 3260 1836 Dominum
3283 1797 3298 1846 ;
3325 1788 3382 1834 et
3409 1779 3538 1849 quid
3563 1788 3676 1834 tam

2102 1889 2384 1950 acceptum
2417 1893 2581 1950 quam
2611 1876 2783 1932 hostia
2813 1874 3037 1939 Christi,
3061 1872 3152 1942 qui
3189 1873 3429 1941 seipsum
3477 1870 3680 1926 obtulit

2100 1972 2246 2028 Deo?
3280 2021 3286 2027 .

2173 2067 2227 2120 '5.
2275 2065 2342 2119 Et
2393 2074 2576 2120 tamen
2621 2081 2640 2115 (
2689 2064 2929 2131 imponet
2975 2056 3054 2130 (6)
3107 2071 3322 2111 manum
3363 2068 3539 2121 suam,
3592 2053 3680 2106 in—

2102 2160 2218 2228 quit
2248 2158 2316 2224 “,
2345 2172 2508 2227 super
2535 2164 2696 2224 caput
2739 2153 2948 2219 hostiae,
2981 2162 3035 2207 et
3077 2149 3404 2220 jngulabunt
3447 2145 3676 2201 vitulum

2105 2260 2295 2306 contra
2325 2249 2634 2312 Dominum,
2669 2242 2977 2301 etoﬂ‘erent
3005 2243 3101 2297 ﬁlii
3141 2243 3320 2297 Aaron
3379 2238 3682 2296 sacerdOtis

2104 2346 2441 2416 sanguinem,
2487 2351 2544 2396 et
2590 2338 2869 2394 effundent
2917 2335 3236 2404 sanguinem
3281 2333 3348 2387 ad
3408 2332 3582 2387 altare
3619 2330 3678 2385 in

2104 2438 2358 2504 circuitu,
2397 2437 2541 2507 quod
2567 2443 2651 2490 est
2696 2434 2762 2488 ad
2799 2433 2998 2488 ostium
3047 2426 3389 2484 tabernaculi
3435 2424 3682 2480 testimo-

2107 2533 2201 2587 nii.
2245 2550 2263 2583 ι
2297 2530 2483 2586 Potest
2505 2527 2721 2599 quidem
2755 2525 2922 2580 videri
2959 2523 3028 2578 oh
3055 2524 3158 2578 hoc
3195 2521 3419 2586 dictum,
3446 2516 3590 2589 quod
3614 2518 3684 2573 de

2110 2624 2235 2678 ﬁliis
2257 2623 2438 2678 Aaron
2464 2630 2621 2674 erant
2641 2618 2826 2672 Annas
2851 2625 2905 2669 et
2923 2613 3182 2684 Caiphas,
3206 2622 3260 2669 et
3285 2610 3468 2668 caeteri
3491 2623 3684 2666 omnes

2106 2718 2202 2786 qui
2227 2713 2512 2771 consilium
2543 2720 2767 2781 agentes
2796 2711 3082 2765 adversum
3109 2709 3188 2780 (7)
3215 2705 3400 2762 .lesum
3442 2719 3684 2774 pronun-

2109 2812 2378 2865 tiaverunt
2399 2821 2522 2862 eum
2542 2820 2691 2860 reum
2717 2804 2928 2864 mortis,
2953 2813 3009 2858 et
3033 2800 3338 2856 effuderunt
3365 2798 3681 2869 sanguinem

2108 2904 2226 2974 ejus
2255 2903 2400 2957 circa
2437 2900 2614 2955 basim
2643 2898 2834 2954 altaris
2868 2893 3203 2951 tabernaculi
3248 2891 3565 2948 testimonii.
3605 2889 3679 2946 lbi

2109 2994 2252 3048 enim
2297 2992 2590 3048 effunditur
2635 2989 2874 3060 sanguis,
2925 2986 3014 3042 ubi
3075 2995 3192 3039 erat
3241 2985 3412 3039 altare
3455 2991 3508 3039 et
3538 2979 3686 3036 basis

434 3079 489 3132 in
519 3077 772 3133 omnibus
815 3078 995 3149 posuit
1033 3079 1100 3133 ad
1139 3077 1476 3135 offerendum
1517 3098 1713 3140 munus
1755 3084 1892 3152 Deo,
1924 3085 2004 3140 in-
2032 3087 2075 3145 C
2109 3086 2252 3154 ejus,
2291 3085 2434 3140 sicut
2465 3084 2584 3153 ipse
2611 3081 2870 3136 Dominus
2895 3080 3033 3136 dixit
3058 3077 3105 3109 ⁸⁸
3142 3097 3154 3131 :
3185 3094 3204 3128 (
3237 3075 3380 3144 Quia
3428 3089 3534 3129 non
3588 3087 3684 3126 ca-

433 3169 786 3240 tclligendum
833 3185 954 3228 esse
1007 3188 1170 3228 omne
1207 3174 1504 3230 humanum
1537 3177 1775 3234 arbitror
1812 3194 2003 3249 genus,

433 3272 491 3319 et
518 3264 692 3334 ipsum
717 3264 823 3320 dici
857 3263 1126 3319 hominem
1158 3265 1249 3334 qui
1293 3266 1667 3324 holocaustum
1698 3269 1894 3327 offerat
1927 3273 2006 3328 vi-

436 3356 607 3412 tulutn
655 3372 722 3414 ex
778 3360 954 3416 bobus
997 3360 1115 3414 sine
1156 3358 1390 3413 macula.
1457 3358 1564 3418 lste
1599 3375 1779 3420 autem
1806 3367 2007 3423 vitulus

435 3452 553 3508 sine
581 3453 812 3522 macula,
837 3455 960 3510 vide
989 3455 1035 3512 si
1074 3472 1180 3513 non
1229 3457 1321 3514 ille
1358 3459 1638 3530 saginatus
1680 3471 1764 3518 est
1805 3462 2008 3520 vitulus

437 3558 598 3614 quem
625 3553 778 3614 pater
814 3562 913 3618 pro
953 3564 1204 3620 regresso
1238 3551 1318 3622 (5)
1374 3567 1440 3608 ac
1478 3554 1734 3609 restituto
1777 3553 1877 3610 sibi
1917 3555 2010 3610 illo

437 3640 530 3709 qui
557 3639 791 3710 perierat
823 3641 955 3708 ﬁlio,
984 3644 1185 3716 quique
1227 3660 1442 3702 omnem
1496 3647 1613 3718 ejus
1645 3647 2009 3704 substantiam

440 3729 849 3802 dilapidaverat,
863 3734 1150 3806 iugulavit,
1172 3747 1226 3793 et
1249 3737 1380 3794 fecit
1401 3739 1708 3795 convivium
1729 3754 2008 3812 magnum,

437 3831 496 3878 et
523 3825 763 3881 laztitiam
806 3829 1000 3885 habuit
1038 3830 1106 3896 ’°,
1152 3830 1227 3885 ita
1269 3841 1329 3886 ut
1377 3831 1697 3888 laetarentur
1741 3833 1914 3902 angeli
1955 3835 2007 3888 in

439 3915 579 3972 caelo
602 3931 764 3986 super
788 3934 893 3975 uno
923 3931 1210 3990 peccatore
1240 3925 1618 3994 poenitentiam
1644 3937 1856 3995 agente.
1897 3926 2010 3984 Ho-

441 4024 530 4065 mo
567 4024 698 4081 ergo
739 4013 840 4068 iste
866 4015 957 4083 qui
989 4015 1223 4084 perierat
1246 4025 1298 4070 et
1332 4017 1584 4074 inventus
1622 4028 1726 4086 est,
1755 4021 2008 4091 quoniam

439 4102 581 4159 nihil
608 4104 799 4160 habuit
826 4107 1055 4176 propria:
1082 4108 1403 4165 substantia:
1427 4112 1570 4180 quod
1597 4111 1836 4181 offerret,
1878 4129 2013 4168 cun-

441 4207 529 4253 cta
567 4211 800 4266 namque
829 4197 1224 4268 dilapidaverat
1253 4201 1442 4254 vivens
1468 4200 1766 4269 luxuriose,
1801 4203 2012 4260 invenit

443 4293 609 4348 istum
635 4291 860 4347 vitulum
897 4291 1112 4347 coalitus
1149 4292 1366 4360 quidem
1415 4295 1660 4364 missum,
1697 4299 1790 4352 sed
1832 4312 1898 4352 ex
1929 4314 2016 4368 pa-

442 4383 803 4439 triarcharum
829 4383 1041 4449 ordine,
1072 4393 1128 4438 et
1155 4386 1420 4441 connexis
1446 4402 1513 4442 ex
1542 4387 1817 4444 Abraham
1845 4405 2010 4458 gene-

441 4475 712 4530 rationum
740 4478 1179 4536 successionibus
1207 4481 1538 4547 venientem,
1586 4490 1640 4535 et
1670 4480 1872 4536 idcirco
1902 4496 2010 4537 non

443 4567 581 4622 dixit
619 4567 850 4623 vitulum
876 4577 932 4625 et
955 4569 1123 4639 siluit,
1155 4580 1215 4626 ut
1251 4571 1502 4626 videatur
1542 4572 1741 4628 vitulus
1779 4574 2012 4644 quicun-

441 4676 550 4733 que
576 4665 892 4730 mandatus,
921 4664 1016 4720 sed
1047 4663 1270 4719 vitulum
1295 4681 1360 4719 ex
1385 4664 1582 4731 bobus,
1611 4666 1662 4721 id
1691 4677 1794 4735 est,
1825 4684 1889 4725 ex
1919 4684 2012 4732 na-

513 4856 559 4888 "
585 4853 760 4912 Levit.
780 4870 855 4913 tv.
929 4854 973 4888 '°
998 4853 1134 4909 Luc.
1159 4869 1251 4908 xv.
1354 4854 1396 4886 ³⁸
1426 4853 1527 4910 lsa.
1553 4856 1730 4915 Llll.9.

517 5051 593 5122 (4)
621 5051 787 5107 Iidem
833 5065 992 5116 mss.,
1051 5067 1072 5102 (
1109 5049 1361 5122 princeps
1408 5051 1743 5121 peccaverit;
1789 5071 1809 5104 ι
1858 5053 2012 5122 alias,

449 5142 469 5175 ι
507 5122 778 5192 principes
808 5122 1172 5192 peccaverint.
1217 5141 1236 5172 ι

517 5191 601 5265 (5)
632 5210 656 5265 ν(
690 5191 1102 5261 Proregresso.
1156 5211 1175 5245 ι
1233 5191 1322 5265 Sic
1363 5191 1530 5265 codex
1581 5191 2014 5264 Sangermanen-

447 5263 542 5315 Sis.
582 5264 729 5318 Alias
784 5265 993 5326 deerat,
1028 5281 1045 5314 (
1085 5277 1204 5332 pro.
1245 5281 1264 5313 ι
1297 5263 1440 5318 Infra
1487 5264 1628 5318 idem
1683 5263 1811 5330 rns.,
1851 5285 1869 5318 ι
1915 5267 2022 5320 erit

446 5347 624 5387 autem
661 5333 934 5388 masculus
960 5334 1075 5386 sine
1106 5334 1338 5398 macula,
1383 5335 1656 5390 masculus
1693 5349 1824 5391 vere
1853 5346 1956 5390 est.
1997 5355 2015 5388 ι

445 5406 596 5460 Alias
636 5405 846 5473 legitur,
880 5421 898 5453 ι
936 5413 1018 5459 εει
1053 5423 1072 5455 ›
1105 5420 1202 5474 pro
1233 5423 1251 5454 ‹
1289 5407 1412 5470 erit,
1458 5424 1478 5457 ι
1511 5414 1587 5471 ει,
1627 5425 1646 5458 ι
1682 5421 1813 5462 vero
1864 5425 1884 5458 ›
1918 5421 2020 5477 pro

453 5494 471 5524 ι
509 5491 652 5532 vere.
686 5493 707 5528 ι

521 5543 598 5613 (6)
632 5546 800 5602 Codd.
828 5544 1095 5600 Gemetic.
1135 5555 1188 5599 et
1217 5545 1588 5617 Cadomensis,
1623 5565 1641 5598 (
1697 5548 1960 5617 imponet.
1997 5567 2016 5601 ι

451 5614 762 5688 Sangerm.,
794 5635 812 5669 ς
845 5617 1096 5688 imponit.
1141 5635 1159 5666 ι
1196 5616 1364 5684 Alias,
1400 5635 1418 5668 ι
1455 5619 1755 5688 imponent.
1775 5614 1815 5671 “›

448 5684 599 5811 Ἤρ)
625 5687 808 5744 Codex
839 5684 1146 5757 Sangerm.,
1185 5705 1202 5738 ς
1237 5684 1548 5745 adversum:
1579 5707 1597 5741 ι
1631 5689 1805 5760 Alias,
1837 5708 1856 5742 ε
1897 5705 2025 5746 con-

469 5775 472 5777 ’
536 5796 551 5811 ι
600 5778 620 5811 D

469 5775 551 5814 τὶι.
600 5778 620 5812 D

2113 3178 2192 3249 pit
2229 3179 2411 3248 perire
2459 3175 2776 3247 prophetam
2826 3183 2982 3229 extra
3031 3170 3392 3226 Hierusalem.
3426 3187 3445 3220 ι
3499 3165 3686 3221 Posuit

2113 3286 2242 3342 ergo
2279 3283 2335 3326 et
2377 3282 2597 3323 manum
2628 3281 2782 3320 suam
2827 3278 2992 3334 super
3027 3271 3191 3333 caput
3234 3260 3386 3315 vituli
3431 3259 3576 3314 :hoc
3601 3265 3687 3312 est

2113 3370 2334 3437 peccata
2379 3360 2598 3432 generis
2643 3357 2865 3413 humani
2909 3354 3167 3426 imposuit
3204 3368 3367 3423 super
3412 3359 3577 3421 caput
3608 3347 3686 3420 (8)

2112 3471 2290 3514 suum.
2321 3454 2440 3526 Ipse
2459 3461 2541 3510 est
2571 3453 2714 3509 enim
2745 3458 2908 3522 caput
2933 3449 3181 3520 corporis
3202 3445 3460 3504 Ecclesiae
3483 3459 3596 3500 suae
3617 3443 3683 3501 ”.

2115 3551 2221 3609 Sed
2255 3558 2307 3607 et
2347 3550 2448 3605 hoc
2488 3547 2722 3603 fortasse
2767 3559 2873 3601 non
2906 3542 3024 3598 sine
3056 3555 3220 3596 causa
3249 3539 3332 3604 ﬁt,
3383 3539 3528 3609 quod
3561 3551 3686 3592 cum

2111 3644 2361 3716 superius
2409 3641 2660 3706 dixisset,
2699 3657 2718 3690 (
2750 3636 3048 3710 applicabit
3085 3649 3210 3692 eum
3253 3633 3321 3688 ad
3371 3632 3571 3688 ostium
3605 3638 3688 3684 ta-

2114 3735 2389 3794 bernaculi
2419 3733 2712 3791 testimonii
2737 3734 2802 3801 ³⁷,
2840 3753 2859 3786 ι
2898 3735 2949 3788 in
2982 3728 3370 3804 posterioribus
3395 3723 3608 3794 repetit,
3633 3729 3691 3777 et

2114 3831 2310 3886 iterum
2358 3827 2516 3892 dicit,
2559 3845 2580 3878 ‹
2626 3825 2694 3880 ad
2738 3825 2916 3881 altare
2950 3824 3092 3892 quod
3129 3831 3212 3878 est
3247 3820 3316 3874 ad
3357 3817 3561 3891 ostium
3608 3823 3690 3868 ta-

2113 3922 2394 3979 bernaculi
2427 3918 2723 3976 testimonii
2753 3917 2821 3984 '3,
2857 3937 2876 3970 ι
2909 3914 3063 3988 quasi
3094 3930 3201 3970 non
3234 3913 3483 3968 eumdem
3510 3909 3688 3964 locum

2115 4016 2214 4072 sub
2243 4015 2432 4070 eadem
2479 4011 2795 4068 narratione
2838 4007 3006 4063 semel
3049 4005 3365 4076 designasse
3391 4000 3686 4058 suffecerit.

2115 4109 2227 4165 Nisi
2257 4109 2384 4179 quia
2412 4106 2551 4163 forte
2587 4107 2690 4162 hoc
2718 4102 2945 4174 intelligi
2972 4101 3166 4166 voluit,
3195 4098 3341 4171 quod
3365 4094 3587 4166 sanguis
3605 4091 3692 4150 Je-

2116 4220 2179 4260 su
2209 4217 2317 4258 non
2355 4200 2527 4257 solum
2547 4199 2602 4253 in
2633 4196 2933 4255 Jerusalem
2962 4195 3166 4252 effusus
3191 4201 3274 4249 est
3295 4232 3313 4260 ,_
3344 4191 3434 4246 ubi
3462 4198 3585 4245 erat
3609 4187 3690 4242 al-

2118 4310 2256 4363 tare,
2287 4305 2342 4350 et
2367 4293 2518 4349 basis
2555 4292 2692 4361 ejus,
2718 4300 2772 4347 et
2805 4287 3214 4344 tabernaculum
3247 4282 3570 4347 testimonii,
3593 4283 3692 4337 sed

2117 4403 2173 4447 et
2193 4391 2336 4460 quod
2368 4399 2659 4458 supernum
2713 4383 2883 4437 altare
2909 4382 3054 4449 quod
3101 4389 3186 4435 est
3219 4378 3274 4432 in
3306 4375 3481 4441 ccelis,
3509 4373 3600 4428 ubi
3638 4381 3695 4431 et

2121 4481 2363 4538 Ecclesia
2390 4477 2786 4549 primitivorum
2815 4483 2918 4538 est,
2946 4471 3087 4526 idem
3123 4471 3235 4540 ipse
3263 4467 3482 4540 sanguis
3505 4481 3692 4534 asper-

2123 4576 2258 4631 serit
2283 4572 2383 4644 (9),
2425 4571 2566 4626 sicut
2590 4577 2648 4623 et
2675 4564 2966 4637 Apostolus
2997 4562 3146 4622 dicit.
3176 4563 3301 4632 quia
3332 4579 3352 4612 (
3382 4556 3693 4630 paciﬁcavit

2123 4683 2221 4740 per
2253 4664 2574 4737 sanguinem
2603 4659 2785 4717 crucis
2811 4672 2942 4722 suae,
2969 4656 3084 4711 sive
3113 4669 3233 4725 quze
3274 4655 3326 4707 in
3369 4661 3510 4707 terra
3539 4657 3691 4716 sunt,

1837 4858 1882 4890 ³¹
1905 4858 2004 4914 Jaa

2108 4877 2144 4921 r,
2179 4854 2267 4910 ll.
2336 4851 2388 4884 ³³
2414 4847 2605 4905 Matth.
2632 4861 2748 4916 χχι,
2773 4843 2864 4900 39.
2945 4842 2991 4874 ”
3015 4840 3192 4898 Levit.
3228 4839 3327 4907 1,4,
3359 4838 3412 4894 5.
3489 4837 3532 4869 "
3559 4835 3690 4891 Luc.

445 4941 567 4994 xm,
590 4926 678 4980 55.
753 4926 801 4958 ⁸⁸
841 4926 1037 4996 Ephcs.
1081 4941 1123 4991 ι,
1145 4924 1239 4980 22.
1314 4925 1356 4956 ³⁷
1380 4923 1557 4980 Levit.
1591 4942 1630 4992 ι,
1662 4927 1715 4982 5.
1790 4928 1834 4960 ³⁸
1857 4930 2015 4998 ibid,,
2047 4932 2102 4988 5.

2189 5049 2268 5121 (8)
2301 5047 2504 5121 Omnes
2531 5056 2684 5121 mss,
2715 5059 2734 5093 ι
2767 5053 2984 5121 corpus.
3029 5056 3049 5090 ι
3091 5035 3196 5092 Sed
3235 5041 3510 5121 ‘pratstare
3543 5031 3692 5088 vide-

2123 5110 2212 5180 tur
2234 5110 2476 5190 priorum
2509 5113 2802 5190 editionum
2835 5110 2998 5166 lectio
3036 5125 3056 5160 (
3091 5114 3278 5190 captu.
3309 5125 3330 5158 ι

2193 5173 2526 5262 (9r)Prior_es
2570 5183 2908 5262 editionesLt
2943 5193 3102 5262 super
3152 5173 3522 5262 “ltitijlfaIfq
3549 5173 3690 5262 quod

2121 5247 2303 5321 est‘ii'n
2357 5258 2532 5321 caelis,
2585 5253 2678 5329 ubi
2725 5264 2780 5308 et
2835 5247 3084 5329 Ecclesia
3133 5247 3531 5329 prirnitivorum
3584 5255 3690 5325 est,

2124 5317 2265 5392 idem
2293 5335 2406 5401 ipse
2429 5317 2957 5401 sanguis__aspersus
3009 5317 3363 5401 eritirdlinc
3413 5317 3690 5401 iterurm‘in

2125 5385 2480 5474 sequentibus
2507 5385 2721 5474 saeculis
2765 5385 3066 5474 passurum
3087 5389 3364 5474 Christum
3387 5385 3695 5474 ridebatur

2128 5459 2323 5532 llitt'etio
2347 5471 2606 5540 Origenes
2634 5459 2922 5540 afﬁrmare,
2973 5465 3067 5516 sed
3097 5475 3218 5540 c_u_r_u
3263 5459 3422 5540 aliam
3447 5459 3693 5540 omnino.

2129 5526 2472 5610 é‘an'iiempé
2505 5552 2668 5609 quam
2701 5526 3000 5610 sequimur,
3050 5531 3343 5610 exhibeant
3403 5526 3693 5610 lectionem

2131 5630 2321 5673 omnes
2358 5603 2578 5667 codices
2616 5603 2996 5673 manuscripti,
3049 5603 3114 5673 id
3143 5615 3316 5673 unum
3355 5603 3603 5666 sequitur
3626 5607 3693 5648 ex

2133 5670 2236 5743 hoc
2270 5687 2388 5741 loco
2414 5679 2651 5735 sensisse
2681 5670 3298 5734 Adamantium,Christi
3335 5677 3563 5743 mortem
3604 5679 3694 5743 se:

2084 5758 2090 5764 ’
2125 5737 2236 5814 mel
2270 5737 2489 5811 vobitam
2540 5753 2592 5804 in
2645 5745 2828 5812 terris,
2859 5759 2964 5800 non
3019 5743 3192 5800 solum
3238 5739 3564 5796 hominibus.
3597 5737 3694 5796 scd
