4024 6146
320 304 417 362 ιοο

1391 313 1393 315 ‘
1478 296 1545 351 IN
1585 295 1960 354 LEVlTlCUM
2003 293 2289 351 HOMILIA
2322 293 2362 349 l.

3469 291 3577 348 410

316 425 425 479 sive
461 435 582 483 quae
609 419 662 474 in
704 418 861 475 uelis
897 418 963 472 ³³.
1005 435 1024 470 ι
1067 415 1237 472 Recte
1265 433 1394 488 ergo
1431 423 1668 476 secundo
1720 420 1890 475 nomi-
1919 423 1962 479 Λ
1995 419 2048 473 in
2083 420 2184 473 ﬁde
2211 417 2438 480 Christi,
2463 419 2564 472 alia
2591 429 2768 473 antem
2797 419 2900 473 illis
2922 420 3012 487 qui
3033 417 3147 486 jam
3186 417 3415 486 perfecti
3447 427 3574 475 sunt

319 525 404 568 nat
433 513 626 580 altare,
657 511 801 581 quod
830 517 914 565 est
943 510 1008 563 ad
1049 510 1249 563 ostium
1284 511 1620 566 tabernaculi
1647 513 1891 568 testimo-

315 606 410 666 nii,
432 603 558 673 quia
593 619 698 657 non
732 602 904 656 solum
927 615 1031 670 pro
1058 603 1433 668 terrestribus,
1474 605 1568 659 sed
1596 607 1760 658 etiam
1791 622 1890 675 pro

313 695 629 750 celestibus
657 695 876 750 oblatus
905 701 987 748 est
1011 693 1185 747 hostia
1219 691 1403 758 Jesus,
1443 704 1498 748 et
1537 696 1626 751 hic
1667 699 1888 766 quidem

313 803 407 859 pro
437 785 751 841 [nominibus
782 788 950 857 ipsam
988 785 1325 854 corporalem
1360 787 1645 841 materiam
1673 791 1889 859 sangui-

311 873 502 936 nis'sui
533 882 691 946 fudit,
734 882 787 936 in
833 879 1144 935 cmlestibus
1177 893 1306 936 vero
1343 881 1795 943 ministrantilms,
1843 883 1886 937 si

308 971 398 1039 qui
442 971 519 1025 illi
575 972 705 1026 inibi
741 980 892 1035 sunt,
938 969 1342 1030 sacerdotibus,
1391 971 1604 1026 vitalem
1643 975 1888 1042 corporis

307 1065 389 1118 sui
431 1065 710 1126 virtutem,
756 1064 902 1116 velut
957 1063 1202 1132 spiritale
1251 1067 1523 1134 quoddam
1556 1067 1885 1122 sacriﬁcium

306 1155 631 1214 immolavit.
683 1154 778 1209 Vis
815 1165 994 1209 autem
1038 1158 1178 1211 scire
1220 1158 1344 1225 quia
1374 1158 1569 1226 duplex
1619 1160 1794 1213 hostia
1831 1161 1884 1214 in

304 1261 374 1302 eo
409 1246 532 1308 fuit,
593 1249 929 1304 conveniens
979 1249 1355 1315 terrestribus,
1406 1259 1459 1304 et
1496 1261 1619 1320 apta
1649 1253 1885 1308 coelesti-

305 1338 447 1393 bus?
474 1339 766 1408 Apostolus
791 1342 858 1394 ad
893 1339 1146 1395 Hebraeos
1175 1339 1427 1394 scribens
1457 1343 1590 1398 dicit
1618 1344 1698 1399 ‘°:
1732 1363 1750 1396 ι
1784 1344 1887 1399 Per

303 1430 579 1494 velamen,
613 1431 666 1485 id
701 1441 784 1485 est
816 1448 1036 1489 carnem
1067 1450 1241 1493 suam.
1280 1456 1299 1490 ι
1337 1438 1402 1492 Ει
1435 1437 1628 1492 iterum
1659 1438 1886 1493 interius

303 1520 553 1576 velamen
595 1522 983 1592 interpretatur
1017 1527 1235 1592 caelum,
1278 1529 1423 1597 quod
1461 1528 1766 1597 penetravit
1795 1528 1886 1584 Je-

301 1630 420 1680 sus,
463 1625 524 1671 ut
561 1618 782 1672 assistat
808 1636 951 1676 nunc
991 1621 1161 1676 vultui
1200 1622 1291 1676 Dei
1330 1637 1428 1691 pro
1473 1623 1650 1688 nobis,
1687 1641 1706 1674 ι
1738 1637 1882 1678 sem-

301 1721 422 1778 per,
452 1709 628 1776 inquit
657 1709 725 1775 “,
758 1710 946 1765 vivens
979 1713 1044 1764 ad
1086 1711 1538 1780 interpellandum
1581 1728 1680 1782 pro
1730 1714 1836 1768 bis.
1857 1733 1876 1765 ι

301 1798 365 1855 Si
387 1816 521 1871 ergo
553 1803 660 1856 duo
697 1801 1074 1872 intelliguntur
1107 1803 1399 1867 velamina,
1429 1819 1550 1874 qua:
1582 1805 1726 1860 velut
1749 1821 1880 1876 pon-
1911 1782 1956 1841 Β

301 1889 434 1944 tifex
483 1890 763 1958 ingressus
813 1903 899 1944 est
935 1889 1114 1955 Jesus,
1160 1903 1559 1962 consequenter
1587 1902 1642 1948 et
1671 1895 1881 1950 sacriﬁ-

298 1986 447 2038 cium
481 1983 678 2050 duplex
722 1983 1138 2053 intellgendum
1178 1994 1283 2051 est,
1315 2003 1411 2054 per
1452 1990 1593 2056 quod
1619 1997 1674 2042 et
1707 1999 1880 2044 terre-

298 2073 434 2130 stria
461 2073 757 2129 salvaverit
782 2081 837 2128 et
877 2072 1144 2130 eteleStia.
1201 2075 1449 2144 Denique
1471 2087 1526 2130 et
1549 2090 1612 2130 ea
1645 2093 1766 2146 quae
1795 2093 1881 2133 se.

300 2176 568 2237 quuntur,
603 2169 723 2236 plus
762 2166 971 2223 caelesti
1009 2169 1283 2224 sacriﬁcio
1337 2184 1498 2239 quam
1542 2180 1758 2226 terreno
1799 2171 1881 2226 vi-

300 2261 496 2314 dentur
533 2261 790 2329 aptanda.

367 2349 423 2404 4.
455 2369 474 2402 ι
509 2349 578 2404 Ει
605 2352 970 2417 decoriantes,
1008 2353 1176 2422 inquit
1215 2355 1280 2417 δ’,
1317 2355 1692 2410 holocaustum
1741 2357 1880 2412 divi-

297 2442 429 2496 dent
468 2441 599 2497 illud
631 2445 998 2510 membratim,
1047 2455 1102 2498 et
1138 2445 1420 2516 imponent
1461 2447 1556 2501 lilii
1581 2450 1758 2505 Aaron
1795 2463 1880 2504 sa-

297 2539 538 2595 cerdotis
571 2539 750 2610 ignem
797 2555 959 2610 super
992 2541 1186 2605 altare,
1247 2551 1302 2596 et
1326 2544 1712 2612 constipabunt
1737 2544 1876 2612 ligna

299 2633 354 2688 in
388 2633 594 2702 ignem,
638 2641 694 2688 et
723 2634 997 2702 imponent
1033 2634 1328 2687 ﬁliiAaron
1373 2638 1674 2692 sacerdotis
1700 2637 1874 2692 divisa

295 2727 565 2789 membra,
597 2734 653 2780 et
679 2735 862 2794 caput,
895 2735 948 2779 et
977 2726 1186 2793 adipes,
1227 2735 1281 2779 et
1309 2726 1449 2794 ligna
1485 2743 1605 2797 quae
1632 2741 1759 2783 sunt
1785 2745 1877 2785 su-

294 2831 392 2886 per
431 2816 626 2870 altare.
665 2817 942 2870 Interanea
978 2832 1108 2871 vero
1135 2826 1190 2871 et
1218 2817 1380 2885 pedes
1414 2819 1674 2874 lavabunt
1712 2839 1872 2892 aqua,

292 2918 348 2962 et
373 2908 618 2976 imponet
640 2909 896 2963 sacerdos
923 2910 1104 2962 omnia
1147 2925 1312 2976 super
1355 2910 1553 2974 altare,
1587 2912 1759 2967 hostia
1791 2923 1876 2969 est

292 3011 348 3055 et
375 3001 708 3056 sacriﬁcium
739 3000 875 3055 odor
907 3001 1195 3058 suavitatis
1240 3003 1490 3059 Domino.
1544 3023 1564 3058 ι
1593 3003 1874 3071 Quomodo

293 3093 613 3149 tlewrietur
658 3107 790 3147 caro
817 3093 965 3148 verbi
997 3094 1111 3157 Dei,
1155 3096 1300 3165 quod
1348 3096 1435 3150 hic
1480 3096 1679 3151 vitulus
1706 3100 1874 3152 llOllli-
1900 3131 1943 3190 ε

292 3195 482 3251 natur,
515 3193 569 3240 et
615 3187 889 3254 quomodo
931 3187 1276 3240 membratim
1317 3187 1591 3241 dividatur
1623 3204 1653 3242 a
1691 3205 1872 3245 sacer-

293 3277 533 3337 doﬁbus,
577 3291 759 3345 operae
807 3279 1040 3346 pretium
1088 3287 1174 3332 est
1214 3279 1520 3336 advertere.
1579 3281 1690 3348 Ego
1735 3295 1866 3350 puto

291 3363 432 3439 quod
461 3369 560 3424 ille
596 3370 858 3424 sacerdos
890 3369 1132 3424 detrahit
1178 3371 1384 3424 corium
1439 3371 1592 3426 vituli
1621 3374 1785 3428 oblati
1819 3377 1870 3430 in

292 3461 698 3526 holocaustum,
743 3470 798 3516 et
827 3461 1043 3517 deducit
1076 3461 1270 3530 pellem
1316 3477 1422 3532 qua
1478 3464 1718 3518 membra
1751 3465 1872 3534 ejus

291 3565 674 3629 conteguntur,
723 3556 817 3625 qui
850 3558 919 3611 de
947 3556 1115 3612 verbo
1163 3557 1256 3612 Dei
1298 3559 1567 3614 abstrahit
1623 3564 1868 3618 velamen

289 3647 511 3714 litterae,
540 3659 599 3703 et
646 3649 860 3702 interna
904 3649 1024 3718 ejus
1047 3667 1167 3719 quae
1205 3663 1334 3707 sunt
1371 3652 1634 3721 spiritalis
1671 3655 1867 3710 intelli-

287 3741 488 3809 gentiae
549 3740 819 3805 membra,
859 3743 1101 3796 denudat
1153 3760 1168 3796 :
1211 3754 1266 3798 et
1303 3746 1418 3799 haec
1445 3747 1686 3800 membra
1719 3748 1866 3802 verbi

286 3833 577 3889 interioris
600 3835 862 3898 scientiae,
886 3849 995 3888 non
1023 3836 1074 3889 iu
1107 3835 1295 3890 humili
1336 3838 1517 3906 aliquo
1548 3839 1668 3894 loco
1695 3841 1865 3908 ponit,

287 3925 388 3979 sed
424 3925 481 3978 in
506 3926 613 3979 alto
639 3936 694 3979 et
719 3937 929 3990 sancto,
960 3928 1010 3981 id
1039 3937 1142 3994 est,
1173 3942 1337 3996 super
1367 3929 1542 3984 altare
1577 3930 1814 3986 collocat
1850 3947 1863 3983 :

287 4032 418 4071 cum
454 4032 561 4071 non
597 4018 827 4088 indignis
858 4020 1190 4083 hominibus,
1223 4033 1276 4075 et
1307 4023 1566 4077 humilem
1598 4024 1768 4077 vitam
1801 4041 1866 4081 ac

290 4120 570 4164 terrenam
599 4110 917 4166 ducentibus
943 4113 1130 4181 pandit
1154 4113 1335 4168 divina
1368 4115 1651 4186 mysteria,
1678 4118 1772 4172 sed
1800 4118 1866 4172 il-

286 4200 354 4256 lis
377 4203 470 4272 qui
505 4202 680 4258 altare
719 4203 811 4258 Dei
849 4215 996 4269 sunt,
1030 4205 1080 4258 in
1115 4205 1311 4274 quibus
1342 4224 1554 4278 semper
1593 4212 1746 4266 ardet
1776 4211 1864 4267 di-

285 4297 448 4350 vinus
474 4296 634 4363 ignis,
676 4306 730 4351 et
755 4312 968 4364 semper
1000 4301 1340 4354 consumitur
1368 4318 1520 4358 caro.
1557 4303 1730 4374 Super
1765 4307 1866 4360 hos

282 4401 414 4457 ergo
449 4388 584 4441 tales
615 4389 956 4442 membratim
991 4390 1198 4444 divisus
1227 4391 1328 4444 iste
1389 4393 1687 4448 holocausti
1729 4397 1864 4450 vitu-

1996 515 2048 564 in
2088 512 2311 566 scientia
2347 523 2401 565 et
2429 512 2697 565 charitate
2741 509 2879 579 ejus,
2917 522 3129 578 aptare,
3161 510 3262 564 hoc
3287 517 3370 565 est
3399 524 3573 563 mem-

1992 601 2190 657 bratim
2222 601 2380 672 187
2412 601 2637 654 vitulum
2685 600 2959 656 divisisse.
3015 601 3124 655 Sed
3177 609 3231 656 et
3286 601 3376 668 qui
3421 601 3570 656 novit

1992 695 2280 750 ostendere
2313 709 2431 764 qua:
2466 694 2668 748 fuerint
2702 695 2836 764 legis
2879 692 3164 764 principia,
3191 694 3282 763 qui
3315 694 3480 748 etiam
3513 695 3570 748 in

1993 787 2268 856 prophetis
2308 788 2584 856 profectus
2618 788 2938 852 accesserit,
2965 802 3086 855 qua:
3120 801 3249 840 vero
3294 785 3348 840 in
3393 786 3572 840 Evano

1991 880 2144 948 geliis
2177 879 2458 946 plenitudo
2486 879 2836 948 perfectionis
2871 881 3172 940 habeatur:
3199 879 3286 932 vel
3323 879 3414 948 qui
3462 881 3569 935 do-

1992 985 2119 1024 cere
2147 979 2348 1040 potest,
2385 985 2493 1037 quo
2535 970 2686 1025 verbi
2737 971 2876 1024 lacte
2909 970 3088 1023 alendi
3126 971 3235 1023 sint
3264 969 3472 1039 parvuli
3514 971 3566 1024 in

1992 1062 2231 1126 Christo,
2261 1073 2313 1116 et
2345 1077 2452 1131 quo
2493 1063 2646 1116 verbi
2692 1062 2836 1118 olere
2885 1062 3163 1116 reﬁciendi
3193 1061 3302 1132 (Η)
3335 1063 3445 1117 sint
3474 1063 3565 1132 qui

1991 1151 2338 1206 inﬁrmantur
2363 1153 2414 1206 in
2451 1151 2576 1215 ﬁde,
2614 1151 2738 1222 quis
2774 1152 2940 1224 etiam
2977 1154 3049 1205 sit
3091 1152 3243 1205 cibus
3285 1151 3488 1206 solidus
3513 1161 3569 1207 et

1989 1242 2172 1308 fortis,
2227 1259 2336 1313 quo
2385 1244 2760 1314 impinguandi
2799 1244 2910 1298 sint
2943 1243 3163 1298 athletae
3193 1243 3432 1308 Christi;
3469 1245 3565 1314 qui

1989 1337 2102 1392 haec
2131 1338 2342 1404 singula
2370 1337 2519 1391 novit
2549 1337 2783 1404 spiritali
2820 1338 3035 1393 ratione
3072 1337 3337 1401 dividere,
3377 1349 3561 1408 potest

1987 1428 2293 1498 hujusmodi
2325 1428 2513 1482 doctor
2543 1427 2632 1482 ille
2661 1430 2920 1484 sacerdos
2962 1428 3154 1493 videri,
3193 1429 3284 1499 qui
3335 1429 3568 1500 imponit

1986 1533 2152 1587 super
2177 1517 2352 1570 altare
2372 1517 2862 1587 holocaustnmper
2890 1519 3134 1572 membra
3165 1520 3422 1575 divisum.
3457 1521 3568 1574 Ad-

1985 1611 2064 1665 dit
2093 1622 2147 1666 et
2181 1611 2326 1679 ligna
2358 1610 2541 1668 altari.
2576 1626 2684 1678 quo
2713 1611 2852 1679 ignis
2877 1612 3150 1666 animetur
3181 1622 3237 1666 et
3271 1613 3484 1677 ardeat,
3519 1613 3565 1668 is

1985 1718 2015 1756 a
2039 1719 2146 1772 quo
2170 1719 2279 1758 non
2309 1705 2482 1758 solum
2504 1706 2569 1758 de
2599 1705 2976 1773 corporalibus
3009 1706 3306 1760 virtutibus
3332 1705 3558 1772 Christi,

1986 1799 2079 1853 sed
2127 1799 2290 1852 etiam
2329 1800 2396 1853 de
2426 1799 2710 1852 divinitate
2752 1798 2870 1868 ejus
2918 1815 3101 1854 sermo
3136 1801 3417 1855 miscetur.
3455 1803 3560 1856 De-

1988 1905 2208 1943 sursum
2259 1891 2402 1943 enim
2437 1899 2520 1944 est
2560 1889 2818 1943 divinitas
2863 1890 3095 1954 Christi,
3137 1908 3245 1961 quo
3275 1893 3415 1962 ignis
3458 1891 3566 1948 iste

1985 1981 2228 2035 festinat.
2263 1981 2669 2036 Couvenienter
2699 1996 2833 2049 ergo
2854 1985 3034 2036 omnia
3061 1983 3177 2038 lucc
3209 1999 3329 2053 quae
3351 1985 3404 2038 in
3435 1998 3562 2038 cor-

1982 2090 2117 2144 pore
2151 2091 2180 2128 a
2223 2074 2505 2130 Salvatore
2531 2086 2682 2144 gesta
2711 2085 2864 2141 sunt,
2902 2077 3143 2133 caelestis
3177 2078 3314 2148 ignis
3340 2079 3564 2133 absum-

1983 2165 2112 2233 psit,
2135 2175 2188 2220 et
2215 2167 2280 2220 ad
2299 2168 2602 2222 divinitatis
2629 2168 2744 2236 ejus
2771 2177 3028 2222 naturam
3078 2179 3275 2225 cuncta
3305 2171 3559 2226 restituit.

1981 2259 2168 2329 Lignis
2191 2267 2372 2314 tamen
2399 2260 2660 2314 adhibitis
2689 2261 2830 2330 ignis
2857 2262 2960 2314 iste
2981 2263 3350 2317 succenditur.
3379 2261 3562 2332 Usque

1981 2353 2047 2405 ad
2105 2352 2310 2421 lignum
2361 2352 2508 2405 enim
2560 2351 2613 2405 in
2649 2367 2816 2406 carae
2840 2351 2954 2421 (19.)
2985 2355 3164 2421 passio
3202 2353 3300 2408 fuit
3333 2353 3559 2410 Christi.

1986 2443 2084 2499 Ubi
2121 2454 2299 2497 autem
2334 2458 2630 2510 suspensus
2672 2444 2724 2495 in
2759 2443 2905 2513 ligno
2935 2455 3039 2507 est,
3066 2445 3406 2514 dispensatio
3431 2461 3560 2500 car-

1981 2536 2066 2590 nis
2123 2536 2273 2588 ﬁuita
2303 2545 2406 2591 est.
2443 2537 2756 2602 Resurgens
2798 2536 2944 2588 enim
2973 2551 3002 2588 a
3041 2538 3269 2592 mortuis
3314 2539 3562 2593 ascendit

1981 2623 2034 2677 iu
2071 2625 2289 2692 malum,
2323 2641 2432 2695 quo
2466 2627 2570 2679 iter
2602 2625 2720 2694 ejus
2747 2635 2942 2678 natura
2982 2625 3123 2694 ignis
3157 2630 3415 2684 ostendit.
3443 2630 3560 2686 Un-

1978 2721 2044 2774 de
2066 2731 2118 2774 et
2145 2719 2438 2788 Apostolus
2474 2719 2774 2786 dicebat”,
2809 2721 2935 2789 quia
2973 2739 2992 2770 ι
3021 2733 3071 2775 et
3110 2723 3153 2776 si
3203 2723 3561 2793 cngnovirnus

1977 2813 2259 2866 Christum
2309 2812 2608 2865 secundum
2647 2827 2893 2875 carnem,
2935 2813 3028 2866 sed
3093 2829 3236 2867 nunc
3286 2815 3399 2883 jam
3447 2830 3553 2870 non

1979 2906 2244 2962 novimus.
2278 2922 2296 2955 ι
2335 2901 2721 2958 Holocaustum
2748 2922 2984 2976 namque
3011 2907 3192 2960 carnis
3211 2905 3329 2973 ejus
3377 2923 3472 2977 per
3496 2910 3560 2963 li-

1977 3017 2138 3070 gnum
2169 3002 2346 3056 cruris
2370 3002 2635 3064 oblatum,
2667 3011 2882 3055 terrena
2915 3002 3252 3067 coelestibus,
3276 3012 3330 3057 et
3358 3004 3556 3060 divinis

1979 3096 2210 3148 lmmana
2237 3095 2486 3149 sociavit.
2519 3094 2800 3148 Interanea
2835 3108 2968 3148 sane
2993 3110 3114 3148 cum
3141 3096 3366 3165 pedibus
3411 3112 3554 3167 aqua

1976 3188 2106 3241 dilui
2137 3186 2292 3254 jubet
2323 3201 2504 3242 sermo
2528 3187 2810 3255 praecepti,
2840 3198 3246 3241 sacramentum
3296 3189 3555 3260 baptismi

1973 3283 2072 3335 sub
2107 3278 2317 3348 tigurali
2358 3281 2747 3350 praedicatione
2781 3280 3139 3338 denuntians.
3170 3280 3306 3336 Nam
3340 3283 3555 3338 intera-

1974 3390 2075 3427 nea
2122 3374 2300 3437 diluit,
2329 3374 2422 3444 qui
2455 3375 2852 3429 conscientiam
2889 3386 3110 3445 purgat.
3147 3374 3323 3432 Pedes
3362 3375 3552 3442 abluit,

1971 3467 2066 3535 qui
2105 3467 2634 3522 consummationem
2683 3470 2908 3539 suscipit
2956 3470 3312 3537 sacramenti,
3360 3480 3414 3524 et
3448 3471 3556 3525 scit

1971 3559 2100 3626 quia
2156 3561 2248 3628 qui
2304 3561 2537 3614 mundus
2581 3569 2687 3625 est,
2740 3577 2847 3616 non
2911 3562 3115 3631 indiget
3157 3562 3262 3616 nisi
3299 3572 3359 3616 ut
3387 3563 3556 3633 pedes

1971 3651 2194 3716 lavet“,
2223 3662 2275 3707 et
2315 3653 2440 3722 quia
2469 3665 2676 3723 partem
2695 3655 2817 3723 quis
2853 3655 3056 3710 habere
3087 3671 3194 3710 non
3219 3664 3398 3725 potest
3425 3671 3548 3710 cum

1969 3742 2116 3808 Jesu,
2143 3745 2242 3799 nisi
2278 3745 2469 3798 laverit
2494 3745 2656 3813 pedes
2682 3745 2822 3814 ejus.

2041 3837 2094 3892 5.
2142 3835 2338 3890 Verum
2367 3838 2411 3891 si
2437 3837 2552 3891 lucc
2573 3837 2739 3892 etiam
2769 3839 2836 3892 ad
2867 3839 3132 3893 moralem
3183 3838 3360 3894 locum
3393 3837 3552 3894 incli-

1969 3947 2102 3985 nare
2152 3931 2308 3994 velis,
2342 3931 2514 3984 habes
2540 3941 2594 3983 et
2647 3941 2698 3984 tu
2734 3931 2988 3996 vitulum,
3022 3947 3181 3999 quem
3230 3931 3428 3986 nﬁ‘erre
3453 3931 3550 3987 de-

1968 4023 2123 4078 beas.
2151 4023 2366 4078 Vitulus
2413 4032 2515 4082 est.
2549 4033 2601 4075 et
2634 4025 2851 4091 quidem
2899 4025 3054 4078 valde
3085 4027 3375 4096 superbus,
3417 4040 3549 4083 caro

1970 4123 2057 4168 tua
2098 4131 2113 4167 :
2153 4130 2314 4183 quam
2355 4114 2398 4168 si
2455 4114 2533 4168 vis
2579 4131 2774 4170 munus
2818 4116 3048 4174 Domino
3091 4117 3310 4184 oﬂ'errc,
3341 4128 3400 4172 ut
3425 4133 3546 4173 eam

1967 4219 2169 4262 castam
2203 4207 2562 4276 pudicamque
2583 4209 3064 4271 custodias,adduc
3096 4225 3214 4263 eam
3247 4209 3313 4263 ad
3343 4210 3544 4264 ostium

1971 4299 2326 4362 tabernaculi,
2363 4300 2414 4352 id
2455 4309 2560 4362 est,
2592 4299 2679 4352 ubi
2712 4300 3019 4354 divinorum
3065 4301 3330 4356 librorum
3373 4303 3547 4356 susci-

1967 4408 2095 4462 pere
2126 4393 2292 4461 possit
2327 4391 2593 4445 auditum.
2623 4390 2989 4446 Masculinum
3021 4393 3095 4447 sit
3122 4409 3318 4447 munus
3367 4405 3541 4460 tuum,

285 4477 368 4530 lus
395 4478 718 4533 collocatur.
747 4479 944 4534 Dividit
979 4497 1212 4550 namque
1242 4487 1582 4540 membratim
1612 4488 1861 4556 vitulum,
1895 4497 1938 4551 ι)
1969 4485 2225 4539 feminam
2263 4485 2490 4546 neSciat,
2517 4483 3020 4552 concupiscentiam
3063 4495 3303 4553 respuat,
3337 4484 3544 4555 fragili-

283 4570 374 4639 qni
427 4573 722 4639 explanare
757 4586 854 4638 per
896 4573 1148 4627 ordinem
1203 4585 1400 4644 potest,
1445 4586 1501 4630 et
1532 4581 1858 4648 competenti

283 4659 633 4714 distinctione
697 4661 989 4727 disserere,
1039 4666 1128 4731 qui
1177 4665 1248 4718 sit
1297 4665 1612 4733 profectus,
1653 4668 1856 4727 Christi

284 4752 560 4807 ﬁmbriam
607 4753 936 4823 contigisse;
989 4755 1081 4823 qui
1116 4771 1266 4821 vero,
1315 4758 1478 4826 pedes
1518 4759 1634 4829 ejus
1663 4761 1856 4819 lavisse

280 4851 564 4919 lacrymis,
606 4861 658 4904 et
689 4852 902 4920 capillis
930 4853 1125 4922 capitis
1162 4856 1488 4924 extorsisse;
1525 4869 1734 4928 quanto
1759 4877 1856 4915 au-

280 4952 388 4996 tem
418 4943 485 4996 iis
507 4930 687 5011 potius
715 4945 786 4997 sit
815 4956 973 5013 caput
999 4945 1114 5012 ejus
1138 4947 1358 5000 unxisse
1386 4964 1538 5018 mer
1569 4949 1681 5021 (10)
1719 4969 1731 5004 :
1758 4953 1852 5007 sed

277 5032 408 5088 etin
440 5041 660 5102 pectore
676 5031 794 5102 ejus
818 5033 1132 5090 recubuisse
1157 5036 1285 5104 quid
1310 5037 1852 5100 habeateminentiaa.

279 5124 484 5180 Horum
512 5137 646 5196 ergo
698 5125 1036 5196 singulorum
1073 5143 1267 5184 causas
1297 5129 1588 5196 disserere.
1649 5148 1704 5190 et
1748 5137 1853 5192 alia

276 5215 495 5285 quidem
520 5214 930 5288 incipientibus,
951 5217 1056 5273 alia
1082 5233 1210 5276 vero
1233 5221 1301 5276 iis
1319 5223 1408 5290 qui
1427 5222 1539 5292 jam
1562 5228 1856 5294 proliciunt

344 5304 389 5338 ³⁹
422 5306 633 5387 ςὶοιοιιβΣ
659 5325 700 5387 I_,
724 5309 818 5387 30.
894 5308 940 5343 ⁸ο
971 5311 1137 5387 Hebr.
1167 5329 1224 5382 ι,
1261 5315 1352 5369 20.
1427 5316 1472 5349 “
1501 5315 1670 5374 Hebr.
1705 5336 1799 5387 vn,
1826 5323 1916 5378 25.

277 5390 394 5445 xm,
425 5377 480 5436 8.
587 5378 633 5412 ⁸⁵
662 5380 682 5434 Ι
717 5379 844 5436 Cor.
875 5397 951 5448 ιχ,
975 5383 1066 5437 27.

275 5470 434 5556 etiam
485 5473 802 5556 arigelisuet
851 5476 1328 5556 aliis_cml_estibus
1377 5483 1668 5556 virtutibus
1721 5502 1852 5556 pro-

271 5537 462 5667 ἔιέἱέἶθ.
516 5537 649 5600 Vide
690 5547 786 5600 lib.
831 5560 867 5598 ιι
903 5544 1246 5617 0rigeninn.,
1283 5562 1476 5620 quaest.
1519 5537 1852 5622 δ,ίηὶιηὶἑο

267 5683 450 5808 $9.02
473 5683 657 5743 Coa“
717 5686 1025 5758 Sanctam,
1081 5708 1102 5744 ι
1143 5707 1318 5765 myro.
1371 5715 1390 5749 ›
1428 5694 1596 5765 Alias,
1636 5717 1655 5750 ι
1697 5715 1844 5771 myr.

1970 4589 2140 4633 talem
2168 4575 2422 4647 refugiat,
2443 4576 2577 4630 nihil
2607 4576 2931 4630 dissolutmn
2967 4577 3208 4646 requirat
3231 4587 3326 4633 aut
3357 4577 3541 4635 Iuolle.

1965 4673 2187 4741 lmpone
2236 4671 2400 4726 etiam
2451 4687 2668 4724 manum
2713 4680 2860 4724 tuam
2895 4686 3060 4740 super
3101 4672 3333 4727 hostiam
3367 4685 3542 4739 tuam,

1965 4774 2024 4818 ut
2055 4767 2128 4820 sit
2151 4772 2369 4832 accepta
2397 4762 2644 4824 Do‘mino,
2671 4770 2724 4816 et
2745 4760 2934 4831 jugula
2966 4763 3113 4818 illam
3143 4778 3328 4819 contra
3355 4765 3512 4820 Domi

1966 4873 2117 4922 num,
2153 4856 2256 4910 hoc
2283 4863 2387 4919 est,
2435 4855 2653 4922 impone
2698 4855 2749 4909 ei
2808 4857 3157 4911 continentiae
3203 4858 3442 4922 frenum,
3484 4869 3541 4914 et

1963 4967 2182 5007 manum
2209 4949 2509 5018 disciplina:
2549 4964 2612 5002 uc
2649 4951 2870 5006 auferas
2905 4951 2972 5005 ab
2998 4967 3083 5016 ea,
3117 4953 3256 5005 sicut
3285 4953 3540 5021 imposuit

1963 5057 2182 5098 manum
2206 5041 2355 5095 carni
2386 5055 2497 5094 sua:
2527 5041 2616 5094 ille
2640 5043 2732 5111 qui
2777 5043 3050 5098 dicebat”
3078 5061 3092 5098 :
3128 5061 3148 5096 ι
3180 5044 3397 5101 Macero
3424 5063 3543 5100 cor-

1963 5149 2064 5205 pus
2091 5149 2270 5188 meum
2304 5142 2360 5187 et
2389 5133 2639 5188 servituti
2683 5133 2936 5202 subjicio,
2967 5150 3032 5192 ne
3080 5137 3222 5193 forte
3254 5155 3378 5192 cum
3416 5139 3542 5195 aliis

1961 5227 2350 5298 praedicavero,
2372 5225 2486 5295 ipse
2517 5225 2778 5295 reprobus
2803 5227 3029 5283 cﬁiciar.
3057 5249 3076 5282 ι
3112 5230 3177 5285 Et
3202 5230 3389 5302 jugula
3415 5245 3539 5288 eam

1991 5323 2038 5354 η
2068 5319 2244 5376 Levit.
2273 5336 2388 5386 xvi,
2417 5321 2472 5387 7,
2505 5319 2559 5387 8,
2587 5321 2642 5377 9.
2747 5319 2794 5354 "
2817 5321 2860 5376 ll
2885 5323 3010 5378 Cor.
3044 5339 3096 5391 ν,
3130 5334 3220 5384 16.
3297 5325 3347 5358 “
3372 5323 3534 5385 Jean.

2036 5487 2152 5558 (ll)
2183 5487 2316 5542 Cod.
2351 5487 2664 5558 Sangerm.,
2704 5506 2722 5539 ι
2751 5487 3052 5544 reﬁciendi.
3080 5509 3099 5542 ι
3153 5490 3312 5546 Libb.
3372 5490 3530 5556 editi,

1966 5577 1984 5608 ι
2010 5560 2311 5640 refovendi.
2336 5578 2356 5614 ο
2385 5559 2558 5614 Codd.
2603 5559 2865 5616 Gemetic.
2895 5572 2949 5614 et
2978 5561 3359 5626 Cadomcnsis,
3411 5579 3429 5612 ι
3453 5561 3532 5615 fo-

2163 5647 2372 5758 ,0mnes
2396 5715 2551 5768 mss.,
2593 5718 2611 5753 ι
2632 5701 2684 5758 in
2714 5716 2900 5758 carne.
2923 5720 2944 5755 ι
2980 5701 3134 5758 Libb.
3171 5700 3324 5768 editi,
3354 5718 3376 5754 ι
3402 5715 3540 5773 cars

1951 5784 2058 5823 IIIS.
2085 5787 2106 5822 ι
