4024 6146
464 280 565 337 illi

459 401 656 453 contra
713 392 1025 453 Dominum,
1055 387 1395 443 mortiﬁcans
1436 383 1555 437 sine
1593 379 1760 437 dubio
1804 375 2044 431 membra
2075 377 2125 435 Α

468 497 557 541 tua
588 497 713 552 quae
738 489 865 536 sunt
886 486 1291 549 superterram.
1323 472 1429 529 Sed
1455 480 1511 527 et
1535 470 1628 524 ﬁlii
1660 471 1839 523 Aaron
1864 477 2050 518 sacer-

464 578 607 634 dotis
659 575 894 643 oﬁ'erant
934 572 1257 641 sanguinem
1300 569 1440 639 ejus.
1488 564 1757 621 Sacerdos
1784 562 1837 616 in
1864 569 1915 615 te
1941 568 2045 624 est,

463 679 516 725 et
538 670 638 725 filii
667 668 806 739 ejus,
844 682 1000 723 mens
1037 680 1160 736 quae
1202 665 1256 718 in
1304 674 1358 719 te
1384 672 1467 718 est
1493 669 1549 716 et
1570 672 1766 715 sensus
1792 653 1930 722 ejus,
1954 654 2046 722 qui

467 760 665 815 merito
690 758 967 823 sacerdos,
992 766 1048 812 et
1080 754 1172 809 ﬁlii
1196 751 1503 810 sacerdotis
1529 748 1879 820 appellantur
1903 766 1917 801 :
1945 744 2046 799 soli

464 854 610 907 enim
650 860 781 908 sunt
831 850 923 922 qui
954 848 1263 917 intelligunt
1315 845 1509 908 Deum,
1552 850 1607 897 et
1648 854 1877 911 capaces
1919 846 2048 892 sunt

467 944 714 1000 scientiae
759 944 875 1000 Dei.
908 941 1038 997 Vult
1079 954 1211 1010 ergo
1235 951 1419 993 sermo
1449 935 1689 997 divinus,
1714 941 1772 987 ut
1802 932 2041 986 rationa-

467 1039 563 1097 bili
612 1053 776 1094 sensu
828 1049 1048 1091 carnem
1113 1042 1264 1087 tuam
1303 1030 1357 1084 in
1388 1029 1646 1083 castitate
1681 1025 1882 1081 offeras
1911 1025 2042 1091 Deo,

468 1131 771 1188 secundum
815 1128 957 1197 quod
998 1123 1294 1195 Apostolus
1342 1119 1575 1175 dicit“:
1613 1138 1632 1170 ί
1662 1119 1906 1173 llostiam
1967 1118 2051 1171 vi-

467 1238 617 1287 vam,
671 1228 941 1283 sanctam,
984 1217 1287 1286 placentem
1337 1212 1468 1277 Deo,
1521 1210 1843 1265 rationabile
1889 1210 2046 1266 obse-

470 1315 656 1383 quium
709 1323 972 1366 vestrum.
1005 1328 1024 1360 ι
1061 1309 1127 1363 Ει
1167 1308 1273 1362 hoc
1313 1316 1396 1362 est
1437 1308 1535 1374 per
1576 1304 1917 1359 sacerdotem
1960 1303 2044 1359 vel

470 1404 610 1460 ﬁlios
640 1402 945 1459 sacerdotis
998 1398 1197 1454 offerre
1230 1397 1557 1467 sanguinem
1591 1396 1657 1450 ad
1685 1396 1881 1460 altare,
1920 1412 2042 1451 cum

468 1507 525 1550 et
567 1510 798 1565 corpore
841 1503 896 1548 et
943 1492 1137 1562 spiritu
1199 1491 1319 1560 quis
1369 1500 1557 1545 castus
1603 1488 1855 1544 ellicitur.
1907 1489 2046 1544 Sunt

470 1587 615 1640 enim
643 1595 697 1640 et
732 1584 844 1651 alii,
873 1584 963 1653 qui
993 1582 1231 1638 offerunt
1264 1581 1484 1651 quidem
1508 1580 1884 1635 holocausmm
1918 1595 2044 1637 car-

468 1693 595 1732 nem
646 1693 827 1743 suam,
869 1678 962 1732 sed
1011 1692 1119 1731 non
1161 1692 1259 1746 per
1304 1675 1668 1730 ministerium
1721 1675 2039 1730 sacerdotis.

467 1770 585 1825 Non
621 1771 765 1825 enim
801 1770 1039 1824 scienter
1067 1767 1206 1839 (l5),
1235 1782 1336 1823 nec
1362 1768 1660 1822 secundum
1707 1766 1882 1835 legem
1923 1782 2044 1836 quae

467 1862 524 1917 in
571 1878 668 1919 ore
711 1861 1017 1917 sacerdotis
1058 1869 1142 1917 est
1184 1858 1445 1931 oll'erunt,
1497 1860 1596 1915 sed
1642 1870 1773 1914 sunt
1820 1859 2044 1928 quidem

465 1958 606 2015 casti
642 1972 892 2027 corpore,
935 1958 1117 2012 animo
1185 1965 1365 2011 autem
1426 1957 1785 2012 inveniuntur
1829 1957 2042 2014 incesti.

469 2050 582 2102 Aut
620 2047 766 2102 enim
812 2046 1001 2118 gloriae
1051 2048 1297 2101 humana:
1347 2047 1794 2117 concupiscentia
1858 2062 2047 2102 macu-

469 2138 674 2203 lantur,
694 2149 788 2193 aut
817 2140 1112 2210 cupiditate
1141 2139 1389 2194 avaritia:
1412 2140 1751 2208 polluuntur,
1784 2150 1877 2194 aut
1908 2141 2047 2194 invi-

467 2231 572 2285 diae
605 2246 669 2286 ac
710 2232 896 2287 livoris
942 2231 1263 2286 infelicitate
1301 2232 1647 2299 sordescuut,
1689 2232 1774 2287 vel
1811 2232 2045 2288 furentis

466 2323 579 2378 odii
621 2333 676 2378 et
722 2325 815 2380 irae
852 2326 1192 2381 immanitate
1243 2334 1531 2378 vexantur.
1561 2324 1883 2394 Quicunque
1916 2342 2045 2397 ergo

468 2415 606 2469 tales
627 2426 776 2480 sunt,
813 2418 940 2473 licet
971 2434 1200 2488 corpore
1231 2416 1367 2473 casti
1395 2416 1526 2481 sint,
1556 2428 1737 2474 tamen
1778 2435 1882 2474 non
1915 2419 2047 2473 οπρ-

468 2520 599 2562 runt
628 2508 941 2563 holocausta
970 2525 1068 2564 sua
1101 2526 1198 2579 per
1225 2528 1416 2567 manus
1450 2524 1505 2568 et
1532 2512 1895 2566 ministerium
1929 2511 2041 2582 (14)

466 2599 795 2655 sacerd0tis.
832 2600 948 2654 Non
984 2610 1069 2656 est
1095 2602 1245 2655 enim
1288 2604 1340 2658 in
1370 2604 1450 2658 eis
1484 2602 1794 2665 consilium,
1831 2612 1887 2656 ct
1912 2618 2042 2671 pru-

467 2690 676 2757 dentia,
721 2709 843 2764 qua:
890 2695 1198 2749 sacerdotio
1237 2694 1484 2765 fungitur
1513 2697 1651 2764 apud
1702 2693 1870 2747 Deum
1903 2710 1917 2746 :
1947 2694 2043 2748 sed

467 2796 593 2840 sunt
623 2802 689 2840 ex
736 2787 843 2842 illis
879 2788 1121 2858 quinque
1162 2787 1468 2858 virginibus
1494 2788 1699 2853 stultis,
1729 2803 1851 2858 qua:
1878 2787 2046 2857 virgi-

466 2890 565 2931 nes
609 2878 828 2947 quidem
874 2876 1116 2943 l‘uertmt,
1143 2888 1199 2935 et
1227 2878 1535 2934 castitatem
1571 2879 1818 2946 corporis
1855 2893 2042 2933 serva-

466 2980 682 3035 verunt,
715 2971 893 3025 oleum
938 2982 1120 3028 autem
1167 2972 1477 3038 charitatis,
1506 2983 1562 3029 et
1595 2976 1771 3043 pacis,
1810 2983 1867 3029 et
1913 2975 2045 3030 reli-

1948 249 2284 320 ORIGENIS‘,

3622 223 3737 280 “2

2228 367 2549 439 Synagogrr,
2589 359 2665 415 ve!
2713 374 2806 439 pro
2845 353 3023 439 animi
3072 367 3188 420 qua:
3241 364 3305 403 ea:
3335 345 3525 418 populo
3573 355 3739 402 terra

2225 429 2511 508 ρέεεαῖιεὲἱι
2547 449 2651 485 ηοη
2682 429 2967 484 voluntate.

2222 533 2275 587 1.
2319 526 2585 598 Superior
2625 522 2842 592 quidem
2892 517 2959 573 dc
2992 512 3261 583 principio
3286 509 3515 565 Levitici
3543 508 3738 578 dispu-

2153 625 2289 680 tatio
2323 621 2539 677 edocuit
2587 631 2687 671 nos
2742 612 2913 680 legem
2949 605 3374 668 sacriﬁdomm’
3409 600 3572 671 188
3605 615 3740 669 qua:

2154 729 2381 773 munera
2411 710 2780 783 appellantur,
2806 702 2930 785 utsi
2967 700 3134 754 homo
3160 710 3357 751 munus
3389 692 3634 758 oll‘erret,
3662 707 3735 747 ex

2148 780 2560 863 animalibttsid
2591 780 2847 854 oﬁ‘erret,
2880 789 2985 845 hoc
3034 797 3121 842 est
3162 801 3227 841 ex
3280 784 3457 840 bobus
3482 780 3618 855 (l8),
3642 791 3736 835 vel

2146 897 2360 959 ovibus,
2391 892 2476 949 vel
2511 889 2677 945 etiam
2705 881 2926 954 capris;
2951 880 2996 934 si
3029 893 3162 934 vero
3205 892 3275 933 ex
3312 873 3527 937 avibus,
3552 882 3735 927 turtu-

2149 1003 2268 1043 rum
2305 1001 2424 1056 par,
2461 990 2557 1037 aut
2582 980 2722 1035 duos
2743 975 2922 1046 pullos
2945 970 3288 1028 columbinos
3323 967 3637 1034 adhiberet.
3667 963 3737 1018 Si

2146 1092 2277 1133 vero
2302 1077 2483 1130 anima
2517 1073 2714 1128 oderat
2739 1079 2957 1129 munus,
2997 1064 3237 1118 simiiam
3261 1060 3484 1115 oﬂ'erret
3529 1073 3595 1111 ex
3630 1056 3739 1110 cli-

2145 1171 2311 1235 bano,
2349 1169 2402 1223 id
2429 1174 2517 1221 est
2550 1175 2718 1236 panes
2754 1175 2819 1216 ex
2872 1158 3054 1214 simila
3100 1169 3344 1226 azymos,
3371 1161 3462 1207 aut
3493 1150 3731 1205 similam

2145 1263 2271 1317 oleo
2309 1269 2661 1327 conspersam
2708 1267 2773 1306 ex
2820 1247 3101 1318 sartagine
3127 1245 3216 1300 vel
3242 1246 3405 1297 etiam
3435 1240 3729 1297 craticula.

2147 1352 2206 1407 Si
2239 1360 2422 1406 autem
2459 1343 2794 1402 sacriﬁcium
2846 1336 3040 1394 offerat
3088 1334 3476 1405 primitiarum,
3516 1336 3582 1388 de
3617 1333 3735 1402 pri-

2145 1446 2318 1499 mitiis
2352 1442 2567 1512 frugum
2594 1436 2735 1507 (19),
2771 1442 2831 1487 ιιι
2871 1430 3051 1487 simila
3077 1429 3149 1485 sit
3192 1441 3404 1491 recens,
3444 1425 3495 1479 id
3527 1434 3611 1479 est
3632 1438 3735 1478 no-

2147 1552 2237 1601 va,
2273 1535 2384 1605 igni
2418 1545 2636 1603 quoque
2662 1542 2781 1584 eam
2809 1523 3002 1580 torreri
3032 1520 3167 1585 vult,
3201 1529 3255 1574 et
3283 1517 3462 1572 medio
3496 1516 3725 1571 fractam

2144 1642 2286 1693 esse,
2317 1640 2389 1679 ne
2414 1624 2646 1679 multum
2674 1619 3002 1674 minutatum
3030 1613 3127 1677 sit,
3157 1614 3283 1682 quia
3308 1610 3561 1681 primitiae
3575 1618 3726 1678 sunt,

2074 1730 2117 1786 Β
2146 1729 2201 1775 et
2221 1712 2359 1775 bene
2386 1724 2617 1789 purgata
2643 1714 2736 1768 sit.
2762 1709 2954 1768 Oleum
2984 1720 3205 1776 quoque
3231 1715 3287 1760 et
3314 1705 3441 1761 thus
3461 1714 3521 1760 ut
3551 1698 3751 1773 impo;

2146 1819 2348 1868 nantur
2392 1822 2555 1878 super
2606 1820 2770 1870 eam,
2834 1809 2889 1857 et
2940 1799 3026 1854 sic
3080 1797 3361 1854 offeratur.
3409 1797 3477 1851 At
3518 1811 3651 1852 vero
3680 1797 3726 1852 si

2146 1905 2268 1974 quis
2298 1900 2413 1975 (20)
2441 1893 2996 1957 offeratsacriﬁcium
3042 1894 3301 1959 salutare,
3337 1906 3405 1947 ex
3437 1889 3613 1946 bobus
3639 1889 3730 1958 ju—

2147 1998 2304 2053 betur
2333 1994 2557 2061 offerre,
2595 1991 2679 2046 vel
2732 1988 2895 2046 etiam
2931 2000 3000 2041 ex
3041 1986 3235 2041 ovibus
3275 1984 3391 2039 sive
3437 1983 3641 2052 capris,
3672 1989 3731 2037 et

2146 2087 2390 2157 exceptis
2420 2085 2504 2140 his
2536 2082 2742 2137 nullum
2775 2080 2923 2135 aliud
2954 2076 3214 2134 sacriﬁcii
3245 2091 3414 2146 genus
3434 2073 3730 2129 substitui-

2150 2191 2239 2235 tur
2282 2178 2337 2232 in
2387 2173 2713 2232 salutaribus
2760 2172 2976 2227 hostiis.
3014 2170 3149 2225 Nam
3187 2184 3287 2239 pro
3332 2169 3574 2237 peccatis
3610 2181 3722 2219 non

2145 2267 2473 2326 voluntariis
2504 2265 2640 2337 (21),
2673 2262 3005 2335 generaliter
3045 2260 3264 2330 quidem
3292 2259 3472 2314 anima
3496 2259 3725 2329 jubetur

2150 2361 2370 2425 on‘erre,
2401 2371 2457 2415 et
2495 2366 2617 2429 post
2659 2356 2777 2412 hac
2829 2370 2929 2426 per
2974 2354 3220 2410 diversas
3261 2352 3391 2418 itur,
3423 2352 3723 2422 variasque

2146 2465 2527 2526 pcrsonas:et
2579 2453 2826 2525 jubetur,
2873 2450 2919 2505 si
2965 2448 3188 2520 quidem
3233 2445 3483 2517 pontifex
3511 2446 3585 2500 sit
3622 2446 3719 2515 qui

2147 2549 2395 2620 deliquit,
2425 2557 2478 2602 et
2508 2546 2668 2602 offert
2699 2541 3030 2598 sacriﬁcium
3077 2556 3177 2611 pro
3218 2549 3462 2611 peccato,
3489 2548 3550 2594 ut
3582 2540 3728 2593 vitu-

2148 2643 2258 2696 lum
2306 2642 2359 2695 in
2414 2639 2792 2694 holocaustum
2826 2632 3042 2699 offerat,
3075 2633 3170 2688 sed
3202 2647 3308 2687 non
3357 2648 3423 2687 eo
3455 2633 3587 2698 ritu,
3614 2646 3725 2702 quo

2149 2735 2298 2788 illum
2331 2748 2430 2803 pro
2461 2745 2685 2786 munere
2707 2729 2920 2784 obtulit.
2941 2728 3014 2783 De
3041 2727 3147 2781 hoc
3178 2727 3325 2780 enim
3359 2733 3565 2779 tantum
3602 2723 3723 2778 adi-

2149 2839 2268 2894 pes,
2302 2835 2357 2877 et
2391 2821 2530 2877 duos
2578 2835 2736 2874 renes
2770 2833 2894 2873 cum
2959 2815 3206 2885 adipibus
3245 2814 3380 2880 suis,
3419 2825 3473 2869 et
3506 2813 3725 2883 adipem

2146 2918 2236 2986 qui
2266 2915 2400 2986 tegit
2427 2914 2713 2976 interiora,
2740 2912 2980 2981 imponet
3019 2923 3186 2977 super
3235 2907 3407 2963 altare
3458 2905 3722 2961 holocau-

2147 3018 2378 3062 storum.
2434 3007 2508 3061 De
2551 3003 2830 3075 sanguine
2858 3016 3078 3072 quoque
3124 2999 3243 3066 ejus
3280 3001 3556 3070 intingens
3581 2997 3726 3069 digl-

466 3076 699 3167 quarum
722 3065 1006 3127 virtutum,
1036 3066 1089 3120 in
1113 3067 1260 3121 vasis
1285 3066 1400 3122 suis
1433 3067 1668 3122 condere
1704 3068 2039 3135 nescierunt,
2069 3076 2111 3133 (ι
2149 3111 2260 3154 tum
2309 3114 2487 3165 suum,
2543 3065 2810 3167 resp'érgi,
2857 3065 3060 3162 ἐθριίῶ
3107 3065 3295 3145 edn,”
3331 3065 3725 3155 Dmhinum’ln

463 3164 521 3210 et
562 3154 760 3210 idcirco
791 3158 1025 3213 exclusae
1064 3168 1194 3213 sunt
1232 3175 1261 3215 a
1295 3162 1534 3217 thalamo
1579 3162 1766 3231 sponsi
1785 3161 1829 3193 ⁸⁷
1858 3180 1871 3214 :
1905 3177 2044 3229 quo-

466 3247 611 3300 niam
655 3248 771 3301 sola
802 3250 987 3304 carnis
1013 3252 1354 3307 continentia
1388 3254 1457 3308 ad
1496 3254 1671 3308 altare
1702 3253 2042 3309 Dominicum

467 3348 801 3408 non-potest
848 3342 1159 3410 pervenire,
1193 3344 1236 3398 si
1270 3344 1497 3412 reliquis
1535 3346 1832 3401 virtutibus
1864 3354 1920 3400 et
1957 3360 2045 3400 sa-

416 3501 426 3510 I
465 3431 841 3486 cerdotalibus
874 3434 1186 3489 ministeriis
1219 3436 1526 3492 deseratur.
1559 3437 1622 3491 Et
1654 3438 1775 3491 ideo
1815 3438 1904 3506 qui
1930 3439 2045 3493 haec

466 3524 692 3595 legimus
729 3525 813 3579 vel
844 3528 1121 3590 audimus,
1151 3529 1203 3582 in
1240 3540 1531 3600 utramque
1565 3524 1778 3598 pai‘tem
1819 3545 2041 3600 operam

465 3616 657 3670 demus
678 3614 812 3687 (15),
846 3618 980 3671 casti
1011 3633 1132 3674 esse
1161 3636 1413 3689 corpore.
1444 3622 1575 3677 recti
1616 3631 1817 3688 mente,
1859 3621 2043 3703 rutundi

466 3709 654 3770 corde,
689 3710 932 3765 moribus
983 3712 1275 3775 emendati,
1330 3713 1599 3783 proﬁcere
1654 3714 1707 3768 in
1763 3713 2041 3783 operibus,

463 3800 695 3870 vigilare
736 3802 790 3856 in
824 3804 1074 3867 scientia,
1108 3804 1233 3870 ﬁde,
1263 3815 1318 3860 et
1365 3806 1602 3873 actibus,
1633 3806 1825 3876 gestis,
1872 3816 1927 3861 et
1961 3807 2045 3861 in-

470 3893 774 3949 tellectibus
808 3909 928 3950 eSse
956 3897 1210 3964 perfecti,
1231 3908 1290 3952 ut
1319 3898 1385 3952 ad
1412 3897 1822 3952 similitudinem
1853 3898 2044 3953 hostia“:

466 3984 667 4039 Christi
698 3987 1028 4040 conformari
1059 4004 1384 4052 mereamur,
1419 4003 1517 4058 per
1542 3988 1716 4058 ipsum
1749 3987 2036 4043 Dominum

467 4086 714 4131 nostrum
740 4077 923 4131 Jesurn
953 4078 1225 4134 Christum
1259 4079 1391 4155 (16),
1428 4096 1524 4150 per
1558 4094 1717 4149 quem
1750 4079 1859 4134 Deo
1889 4077 2039 4134 Patri

466 4170 823 4240 outnipotenti
852 4187 974 4226 cum
1008 4173 1211 4241 Spiritu
1254 4185 1443 4229 sancto
1470 4183 1555 4228 est
1582 4173 1753 4243 gloria
1785 4182 1839 4228 et
1869 4173 2042 4246 impe-

467 4264 608 4318 rium
636 4263 688 4318 in
718 4264 915 4319 szccula
947 4267 1290 4321 swculorum.
1316 4269 1514 4323 Amen.

1064 4397 1346 4455 HOMILIA
1383 4400 1448 4455 ll.

461 4511 540 4567 De
565 4513 951 4580 sacriﬁciorum
979 4514 1107 4577 ritu,
1134 4515 1233 4567 hoc
1255 4524 1333 4568 est
1365 4517 1429 4569 de
1452 4519 1756 4572 muneribus
1783 4527 1831 4571 et
1865 4519 2035 4572 sacri-

528 4583 666 4658 ﬁciis
697 4583 806 4655 (17)
837 4586 1185 4658 salutaribus.
1208 4597 1256 4638 et
1282 4602 1376 4651 pro
1400 4590 1666 4655 peccatis;
1697 4600 1742 4641 et
1773 4591 2035 4658 quomodo

533 4653 688 4722 «rfert
722 4653 964 4723 pontifex
996 4672 1092 4723 pro
1128 4667 1345 4725 peccato
1391 4653 1513 4722 suo,
1563 4669 1611 4711 et
1663 4653 2032 4728 pro'peccato

2146 3191 2270 3244 linit
2303 3205 2369 3245 ex
2401 3202 2468 3242 eo
2501 3202 2709 3243 cornua
2747 3183 2940 3239 altaris
2992 3185 3222 3238 incensi.
3253 3181 3495 3236 Cmteras
3543 3191 3722 3236 autem

2148 3296 2344 3337 carnes
2379 3295 2500 3334 cum
2545 3276 2716 3342 corio,
2741 3287 2797 3331 et
2837 3275 3154 3336 interaneis,
3181 3283 3236 3330 et
3274 3282 3518 3328 stercore
3563 3283 3722 3327 extra

2148 3386 2329 3432 castra
2357 3372 2470 3443 igni
2491 3371 2728 3427 cremari
2747 3370 2903 3439 jubet
2939 3370 2992 3423 in
3018 3370 3138 3425 loco
3162 3368 3384 3423 mundo.
3408 3364 3722 3422 Observan-

2147 3467 2274 3521 dum
2300 3481 2432 3518 sane
2462 3472 2567 3532 est,
2596 3461 2741 3532 quod
2778 3462 2830 3515 in
2867 3473 3090 3530 peccato
3121 3459 3395 3531 pontiﬁcis
3422 3473 3529 3514 non
3562 3456 3736 3517 addis

2145 3560 2225 3613 dit
2253 3557 2548 3627 legislator,
2580 3556 2706 3625 quia
2729 3570 2826 3625 per
2850 3555 3239 3624 ignorantiam,
3274 3561 3371 3607 aut
3393 3567 3499 3607 non
3528 3551 3718 3607 volun-

2146 3660 2261 3705 tate
2292 3647 2626 3719 peccaverit.
2660 3645 2846 3717 Neque
2876 3647 3023 3701 enim
3047 3645 3248 3701 cadere
3280 3644 3592 3712 ignorantia
3620 3655 3720 3715 po-

2150 3752 2256 3798 test
2286 3741 2400 3813 (22)
2434 3742 2488 3795 in
2534 3755 2680 3807 eum,
2723 3739 2814 3808 qui
2850 3746 2914 3791 nt
2966 3745 3196 3793 caeteros
3252 3739 3493 3803 doceret,
3529 3747 3725 3806 prove-

2157 3844 2277 3889 ctus
2301 3843 2404 3888 est.
2434 3832 2488 3888 Si
2521 3840 2701 3886 autem
2737 3829 2905 3884 totius
2954 3826 3256 3898 Synagogte
3284 3836 3572 3897 peccatum
3608 3825 3725 3880 fue-

2144 3928 2237 3991 rit,
2267 3925 2496 3980 vitulum
2522 3922 2878 3978 nihilominus
2911 3921 2965 3975 in
3012 3920 3387 3976 holocaustum
3428 3918 3717 3991 Synagoga

2135 4017 2359 4085 jubetur
2382 4013 2605 4070 oﬂerre.
2633 4012 2740 4069 Sed
2771 4012 2823 4066 ir.
2850 4018 3073 4082 peccato
3095 4011 3397 4082 Synagogre
3415 4007 3677 4065 dicitur“
3702 4046 3719 4060 .

2148 4127 2166 4162 ι
2192 4109 2248 4165 Si
2282 4108 2638 4179 ignoraverit,
2663 4116 2720 4162 et
2747 4104 2973 4160 latuerit
3002 4103 3227 4158 verbum
3253 4104 3320 4158 ab
3351 4101 3527 4158 oculis
3550 4100 3724 4173 Syna-

2141 4216 2313 4272 gogze,
2348 4208 2402 4255 et
2432 4200 2625 4254 fecerit
2646 4215 2815 4254 unum
2851 4194 2921 4249 ab
2950 4194 3207 4251 omnibus
3238 4195 3512 4250 mandatis
3543 4195 3725 4249 Domi-

2142 4295 2220 4353 ni,
2257 4293 2403 4363 quod
2447 4308 2554 4346 non
2605 4291 2717 4348 ﬁet.
2752 4311 2772 4344 ι
2821 4292 2978 4347 Unde
3016 4300 3241 4361 apparet
3285 4290 3446 4343 etiam
3501 4301 3721 4341 omnem

2147 4384 2486 4456 Synagogam
2510 4400 2667 4455 posse
2698 4384 3017 4454 delinquere
3037 4398 3132 4454 per
3157 4380 3547 4453 ignorantiam.
3571 4377 3724 4446 Quod

2145 4487 2199 4531 et
2243 4476 2503 4530 Dominus
2543 4477 2832 4531 conﬁrmat
2863 4477 2915 4529 in
2950 4475 3261 4545 Evangeliis
3295 4487 3419 4527 cum
3462 4471 3597 4525 dicit
3625 4468 3671 4502 δ’
3703 4486 3719 4522 :

2148 4587 2167 4618 ι
2192 4569 2370 4633 Pater,
2390 4570 2605 4623 remitte
2628 4568 2756 4630 illis,
2779 4582 2883 4621 non
2911 4569 3058 4623 enim
3084 4566 3269 4622 sciunt
3296 4564 3426 4635 quid
3454 4562 3716 4618 faciunt.»

2143 4660 2296 4726 Quod
2324 4660 2366 4714 si
2402 4661 2653 4730 princeps
2687 4660 2852 4715 fuerit
2882 4660 2974 4730 qui
3003 4658 3165 4714 oll'ert
3201 4656 3437 4714 hostiam
3473 4670 3573 4726 pro
3606 4668 3725 4726 pee-

531 4834 576 4866 “‘
604 4834 761 4890 Rom.
799 4851 899 4899 xu,
930 4836 985 4890 1.
1049 4835 1094 4867 ⁸⁷
1126 4834 1317 4889 Matth.
1349 4850 1476 4889 xxv.
1547 4835 1595 4868 ⁸⁸
1623 4836 1797 4891 [.evit.
1833 4853 1916 4901 tv,
1947 4836 2000 4891 5.
2078 4839 2122 4870 ⁸⁸
2150 4837 2282 4892 Luc.
2307 4852 2471 4903 xxiii,
2500 4838 2592 4891 54.

528 5014 643 5097 (15)
674 5014 808 5070 Cod.
865 5013 1178 5085 Sangerm.,
1244 5014 1594 5070 «scienter.»
1656 5012 1812 5068 Libb.
1876 5016 2033 5079 editi,

847 5172 977 5239 ms.,
1010 5173 1030 5208 ι
1054 5155 1442 5211 ministerium.
1472 5174 1490 5208 ι
1527 5154 1682 5210 Libb.
1709 5155 1863 5221 editi,
1889 5173 1906 5206 ‹
1931 5155 2032 5208 mi-

458 5238 878 5369 nls(lf5r)'adinnes
917 5309 1078 5364 mss.,
1123 5317 1140 5351 ι
1165 5299 1375 5354 demus.
1399 5318 1418 5351 ι
1463 5297 1622 5353 Libb.
1661 5297 1817 5363 editi,
1857 5313 1876 5348 ι
1904 5297 2035 5351 dare

458 5368 745 5425 debemus.
771 5387 790 5420 ι

529 5437 642 5511 (16)
676 5438 971 5511 Christum.
1006 5439 1169 5495 Deest
1196 5441 1248 5494 in
1290 5437 2003 5511 codiceSangermanensi.

530 5508 642 5581 (17)
673 5510 729 5564 ln
786 5508 921 5581 libb.
973 5520 1132 5565 antea
1182 5511 1348 5567 editis
1396 5508 1696 5581 omittitur,
1735 5529 1753 5560 ι
1780 5519 1835 5564 ct
1868 5509 2042 5581 sacri—

461 5579 679 5665 ﬁciis,r
704 5580 802 5636 sed
852 5583 1126 5651 reperitur
1177 5582 1231 5636 in
1278 5581 1437 5637 codd.
1474 5579 1742 5637 Gemetic.
1776 5591 1831 5636 et
1868 5579 2043 5635 Cado-

460 5666 653 5707 Incnsr.

541 5723 654 5795 (18)
677 5721 835 5780 Libb.
861 5733 1019 5780 antea
1052 5722 1206 5796 editi,
1243 5742 1262 5778 ι
1284 5722 1476 5783 oderat
1508 5740 1572 5782 ex
1606 5722 1954 5791 animalibus,
1992 5723 2044 5780 id
2075 5756 2082 5763 -

2146 5013 2368 5069 offerret
2409 5031 2476 5070 ex
2526 5015 2719 5081 bobus,
2746 5034 2764 5068 ι
2814 5015 2907 5071 sed
2952 5029 3143 5070 omnes
3187 5029 3321 5070 mss.
3356 5014 3497 5070 utin
3535 5025 3724 5071 nostro

2149 5096 2328 5226 milita.)
2353 5154 2484 5210 Cod.
2524 5155 2836 5226 Sangerm.,
2868 5175 2887 5208 σ
2914 5155 2980 5210 de
3000 5155 3189 5222 primis
3222 5155 3559 5226 fructibus.)
3587 5152 3721 5226 Cod.

2140 5225 2431 5297 Genu-tie,
2466 5228 2564 5282 «de
2593 5225 2785 5297 primis
2821 5226 3065 5297 frugibus
3100 5227 3151 5281 id
3176 5225 3389 5297 offerat,
3412 5233 3470 5278 ut
3484 5225 3720 5297 simila.»

2141 5298 2274 5353 (lod.
2309 5296 2559 5362 Cadom.,
2592 5294 2701 5352 ide
2735 5294 2925 5366 primis
2948 5296 3196 5366 frugibus
3223 5294 3526 5366 utoderat,
3556 5304 3616 5348 ut
3650 5296 3723 5366 si-

2136 5368 2287 5423 mila.
2314 5388 2332 5421 »
2369 5367 2509 5423 Cod.
2550 5363 2866 5435 Becceusis,
2903 5385 2923 5420 ι
2949 5368 3015 5423 de
3041 5363 3239 5434 primis
3267 5365 3518 5437 frugibus
3547 5375 3610 5420 ut
3638 5363 3723 5420 of-

2138 5437 2279 5493 ferat
2310 5439 2362 5493 in
2390 5438 2594 5492 simila.
2622 5459 2641 5491 ι

2213 5508 2324 5590 (20)
2356 5508 2491 5567 Cod.
2521 5508 2838 5581 Sangerm.,
2870 5526 2889 5560 ι
2916 5516 2971 5563 et
2998 5508 3076 5564 sic
3111 5505 3383 5564 offeratur
3410 5522 3442 5563 a
3470 5506 3610 5564 viro.
3653 5504 3716 5565 Si

2142 5595 2328 5718 ψ’ἶὲἰῖ
2358 5649 2523 5717 Idem,
2555 5669 2575 5703 ι
2598 5665 2701 5705 non
2731 5649 2903 5706 solum
2937 5648 3276 5704 νοῐιιηίλνίίεο
3302 5668 3321 5701 ³

2219 5722 2332 5793 (22)
2366 5721 2533 5789 Idcm,
2568 5740 2585 5775 ι
2609 5730 2806 5792 potest.
2835 5738 2854 5774 ι
2892 5719 3049 5776 Libb.
3085 5719 3236 5789 editi,
3268 5726 3587 5792 «poterat.»
