4024 6146
240 322 348 379 H3

1415 313 1480 368 ΙΝ
1525 311 1902 368 LEVlTlCUM
1947 312 2230 370 HOMIHA
2261 315 2326 371 Π.

3388 301 3494 355 414

235 449 387 504 cato,
420 438 635 494 hircum
670 451 740 493 ex
775 436 954 508 capris
976 437 1200 510 iubetur
1240 436 1459 503 oﬁ'erre,
1514 453 1622 490 non
1667 433 1819 490 holo-
1848 439 1893 494 Α
1928 434 2064 488 ritus
2119 433 2235 489 Dei.
2275 428 2518 485 Stultitia
2548 427 2695 481 enim
2726 433 2806 479 est
2838 424 2938 490 illi,
2975 431 3028 476 et
3061 436 3162 475 non
3205 430 3378 491 potest
3409 422 3494 475 in-

241 539 513 596 caustum,
546 529 643 584 sed
677 539 883 584 tantmn
921 539 984 585 ut
1028 530 1098 586 de
1131 531 1396 602 sanguine
1429 528 1547 599 ejus
1578 529 1822 598 imponat

240 622 509 677 sacerdos
540 636 705 690 super
732 624 922 687 altare,
958 629 1014 675 et
1043 637 1260 676 omnem
1292 621 1506 688 adipem
1533 620 1648 690 ejus
1691 619 1821 673 oﬁ‘e-

241 723 331 766 rat
364 714 416 766 in
452 712 615 766 altari
645 730 659 766 :
689 712 956 780 reliquum
995 723 1175 768 autem
1217 711 1592 769 sacerdotibus
1641 726 1822 765 rema-

240 814 367 856 neat
402 802 518 874 (23)
548 803 615 855 ad
645 805 942 868 edendum,
977 805 1240 875 sanguine
1273 814 1485 859 tantum
1532 805 1598 859 ad
1646 805 1818 858 basim

239 894 432 949 altaris
466 893 660 949 elfuso.
699 895 757 950 Si
789 912 920 951 vero
965 899 1148 951 anima
1210 897 1398 960 fuerit,
1456 898 1652 966 inquit,
1713 913 1818 949 una

238 1001 362 1054 quae
395 985 557 1039 oll'ert
595 1001 692 1055 pro
744 997 992 1054 peccato,
1025 1003 1250 1058 capram
1284 991 1542 1044 feminam
1579 987 1774 1044 oﬁ'erat
1803 1005 1816 1042 :

239 1075 349 1128 ritu
389 1075 602 1129 scilicet
647 1078 861 1140 eodem,
891 1093 998 1146 quo
1036 1079 1249 1134 hircum
1293 1080 1543 1148 superius
1586 1077 1822 1133 diximus

239 1166 584 1220 immolatum
614 1187 626 1221 :
660 1188 678 1220 ι
709 1168 861 1234 Quod
894 1171 938 1223 si
982 1185 1087 1225 non
1133 1172 1378 1237 valuerit,
1405 1171 1662 1242 inquit”,
1705 1186 1821 1223 ma-

240 1269 347 1308 nus
373 1254 494 1322 ejus
522 1275 542 1307 ι
575 1257 642 1310 ad
666 1273 910 1326 capram,
939 1261 1022 1313 vel
1050 1260 1116 1312 ad
1137 1275 1354 1328 agnum,
1385 1279 1404 1312 ι
1428 1278 1526 1331 par
1549 1271 1818 1314 turturum

237 1344 464 1414 oﬂeret,
492 1357 585 1401 aut
607 1350 740 1403 duos
766 1350 944 1417 pullos
977 1351 1376 1405 columbarum.
1409 1373 1426 1404 ι
1462 1352 1616 1418 Quod
1646 1354 1687 1406 si
1721 1366 1820 1405 nec

237 1432 345 1487 hoc
387 1435 656 1500 inveniet,
692 1438 959 1492 decimam
1009 1446 1220 1508 partem
1251 1441 1377 1507 cphi
1412 1442 1524 1510 (24)
1557 1441 1821 1511 similagi-

237 1526 326 1578 nis
368 1527 493 1582 sine
523 1528 642 1582 oleo
676 1538 729 1582 et
775 1529 893 1584 sine
921 1529 1084 1585 thure
1117 1533 1412 1586 mandatur
1442 1531 1659 1588 oﬂerre.
1695 1532 1819 1586 Haec

238 1616 467 1682 quidem
508 1617 663 1671 nobis
694 1617 907 1688 singula
943 1620 1112 1688 priori
1144 1620 1378 1675 lectione
1406 1623 1630 1676 recitata
1667 1633 1815 1687 sunt,

240 1722 437 1760 verum
477 1709 789 1778 explanatio
819 1726 1034 1777 eorum,
1069 1713 1327 1781 quoniam
1361 1724 1601 1783 tempore
1631 1715 1818 1768 exclu-

1925 523 2191 590 telligere,
2219 521 2341 590 quia
2367 515 2692 588 spiritaliter
2715 513 3069 583 diiudicatur.
3095 509 3370 579 Spiritalis
3392 526 3491 564 au-

1924 624 2032 666 tem
2062 609 2564 667 examinatomnia.
2589 624 2608 658 ο
2631 605 2735 660 lste
2759 621 2890 674 ergo
2912 604 3001 674 qui
3030 605 3208 656 anima
3243 601 3491 656 nomina-

1924 715 2032 769 tur,
2064 721 2170 760 non
2200 711 2374 773 potest
2411 699 2606 755 olTerre
2643 699 2846 764 omnia,
2881 697 3006 767 quia
3033 697 3349 750 examinare
3379 709 3488 749 non

1925 796 2085 867 189
2113 803 2289 864 potest
2332 793 2510 848 omnia
2542 810 2554 844 :
2590 791 2683 845 sed
2735 789 2892 844 oﬁ'ert
2938 789 3107 843 solam
3157 787 3390 841 similam
3431 793 3491 841 et

1919 906 2086 959 panes
2131 903 2352 959 azymos
2381 927 2394 949 ,
2432 887 2483 940 id
2538 892 2617 939 est
2645 924 2659 948 ,
2707 897 3045 937 communem
3101 881 3240 934 hanc
3292 881 3488 943 vitam,

1921 982 2069 1036 verbi
2105 983 2299 1052 gratia,
2342 981 2395 1032 in
2439 976 2789 1049 agricultura,
2827 984 2914 1026 aut
2947 975 2999 1026 in
3040 972 3364 1040 navigando,
3397 977 3490 1024 aut

1923 1076 1973 1128 in
2017 1074 2287 1144 aliquibus
2314 1069 2618 1125 communis
2658 1068 2783 1120 vitm
2819 1067 3003 1119 usibus
3046 1065 3298 1135 positam,
3333 1062 3494 1117 oll'ert

1920 1179 2100 1222 tamen
2131 1165 2298 1220 etiam
2338 1165 2451 1230 ipse
2485 1175 2678 1213 munus
2711 1157 2822 1229 (9.7)
2860 1157 2965 1210 Deo
2998 1195 3012 1216 .
3059 1156 3188 1209 licet
3219 1155 3388 1208 solam
3417 1153 3492 1207 si-

1921 1260 2104 1314 milam
2154 1258 2368 1310 dicatur
2408 1252 2603 1306 offerre
2669 1250 2787 1305 oleo
2851 1257 3060 1302 tantum
3112 1261 3488 1316 conspersam.

1920 1352 2108 1408 Omnis
2134 1350 2277 1403 enim
2324 1347 2502 1399 anima
2554 1351 2676 1413 eget
2701 1342 2820 1395 oleo
2849 1341 3045 1395 divinae
3076 1340 3488 1414 misericordia,

1921 1458 2022 1497 nec
2051 1449 2372 1512 prmsentem
2403 1439 2562 1492 vitam
2594 1438 2829 1491 evadere
2856 1435 3122 1505 quispiam
3160 1440 3358 1503 potest,
3387 1431 3492 1487 nisi

1919 1537 1968 1589 ei
2016 1534 2191 1588 oleum
2244 1531 2480 1587 caelestis
2517 1527 2883 1584 miserationis
2935 1524 3187 1580 adfuerit.
3238 1523 3492 1580 Secundo

1920 1629 1974 1682 in
2008 1627 2142 1684 loco.
2181 1625 2566 1692 primitiarum,
2602 1622 2652 1673 id
2682 1628 2764 1675 est
2795 1623 2859 1673 de
2895 1619 3064 1672 initiis
3090 1617 3298 1687 frugum
3337 1633 3492 1672 man~

1921 1721 2080 1774 datur
2109 1718 2332 1772 oblatio.
2384 1717 2535 1782 Quod
2567 1757 2582 1779 ,
2627 1713 2671 1766 si
2725 1713 2860 1766 bene
2911 1711 3265 1777 meministis,
3303 1711 3354 1765 in
3401 1711 3491 1765 die

239 1798 537 1865 ἀθδδηιυτν
569 1802 771 1856 Omissa
807 1813 912 1867 εει,
942 1803 1010 1857 de
1039 1820 1141 1872 qua
1174 1820 1317 1858 nunc
1353 1807 1540 1874 paucis
1570 1821 1815 1860 commo-
1849 1793 1891 1847 Β
1923 1809 2271 1864 Pentecostes
2303 1806 2416 1858 ﬁeri
2453 1804 2538 1858 lex
2569 1801 2742 1871 jubet.
2764 1802 2820 1853 ln
2849 1814 2955 1868 quo
2985 1798 3091 1852 illis
3118 1798 3273 1868 plane
3299 1798 3488 1851 umbra

239 1903 378 1942 uere
407 1892 683 1947 studiosos
712 1909 978 1963 quosque,
1021 1905 1076 1948 et
1119 1910 1216 1950 eos
1260 1897 1350 1965 qui
1380 1897 1544 1951 etiam
1577 1897 1816 1967 praeteri-

238 1988 426 2035 tarum
474 1985 823 2039 meminerint
848 1985 1162 2051 lectionum,
1197 1987 1488 2042 absurdum
1521 2005 1629 2043 non
1662 1997 1812 2058 puto,

243 2085 563 2142 quanquam
605 2075 672 2130 ad
707 2090 771 2130 ea
799 2091 918 2146 quae
967 2093 1142 2147 nuper
1181 2080 1408 2133 recitata
1444 2090 1589 2148 sunt,
1623 2097 1815 2151 urgea-

243 2178 392 2218 mur.

315 2257 374 2309 2.
415 2257 485 2312 Et
513 2260 692 2328 primo
731 2261 890 2316 velim
935 2263 1126 2317 videre
1164 2276 1285 2331 quae
1315 2263 1386 2317 sit
1431 2262 1534 2317 ista
1563 2262 1815 2318 diﬁ'eren-

247 2349 348 2412 tia,
382 2350 528 2419 quod
572 2352 676 2405 alia
725 2353 943 2423 quidem
976 2355 1253 2410 hominem
1293 2356 1424 2410 dicit
1460 2354 1679 2419 oﬁ‘erre,
1708 2355 1812 2408 alia

247 2442 513 2507 animam,
569 2445 668 2498 alia
724 2447 1054 2515 pontiﬁcem,
1103 2447 1212 2501 alia
1270 2447 1647 2518 SynagOgam.
1710 2447 1812 2500 alia

245 2533 574 2602 principem,
607 2531 905 2591 alia'unam
941 2539 1174 2592 animam
1200 2553 1267 2593 ex
1313 2540 1508 2609 populo
1545 2551 1720 2593 terrm.
1749 2540 1814 2594 Et

242 2633 380 2692 puto
412 2627 636 2696 quidem
672 2631 946 2685 hominem
991 2632 1145 2686 illum
1191 2634 1390 2688 debere
1437 2633 1688 2703 intelligi,
1719 2634 1814 2702 qui

246 2719 317 2771 ad
357 2718 649 2789 imaginem
685 2732 736 2776 et
774 2725 1182 2779 similitudinem
1212 2725 1305 2778 Dei
1340 2724 1540 2790 factus,
1570 2728 1813 2780 rationa-

245 2806 434 2864 biliter
471 2810 626 2866 vivit.
664 2812 761 2867 Hic
801 2829 930 2866 vero
962 2827 1160 2866 munus
1203 2811 1360 2867 ollert
1412 2810 1520 2866 Deo
1567 2813 1812 2876 vitulum,

243 2916 372 2956 cum
405 2904 586 2957 carnis
630 2906 939 2974 superbiam
969 2906 1186 2959 vicerit.
1219 2905 1408 2969 Ovem,
1447 2922 1568 2960 cum
1597 2907 1816 2960 irratio-

249 2992 460 3048 nabiles
502 3005 682 3050 motus
727 2996 1152 3066 insipientesque
1199 3000 1524 3053 correxerit.
1561 2998 1812 3065 Hmdum,

253 3100 374 3139 cum
401 3085 684 3142 lasciviam
729 3091 1087 3157 superaverit.
1120 3089 1290 3146 OlTert
1314 3091 1476 3145 etiam
1516 3106 1612 3159 par
1639 3101 1813 3146 turtu-

253 3191 393 3243 rum,
427 3194 551 3233 cum
581 3196 688 3236 non
727 3181 891 3237 fuerit
919 3185 1089 3247 solus,
1121 3185 1214 3238 sed
1248 3195 1481 3238 mentem
1513 3199 1665 3239 suam
1694 3201 1814 3239 ver-

250 3267 317 3321 bo
341 3268 437 3324 Dei
463 3269 760 3325 velutvero
791 3271 903 3342 (25)
941 3273 1153 3342 coniugi
1194 3272 1502 3335 sociaverit,
1542 3274 1684 3326 sicut
1709 3273 1813 3326 hoc

252 3373 420 3428 genus
445 3362 651 3426 avium,
684 3379 848 3417 unum
881 3365 1081 3418 dicitur
1105 3374 1156 3418 et
1187 3375 1401 3419 castum
1433 3378 1654 3418 servare
1680 3379 1812 3418 con-

249 3450 472 3520 ’ugium.
506 3453 678 3510 Oﬁert
706 3456 872 3509 etiam
922 3466 977 3510 et
1020 3457 1153 3510 duos
1197 3455 1374 3524 pullos
1418 3455 1812 3517 columbarum,

247 3556 368 3596 cum
429 3554 483 3599 et
532 3546 647 3614 ipse
709 3546 1043 3601 intellexerit
1109 3545 1460 3617 mysterium,
1509 3560 1616 3614 quo
1673 3547 1813 3600 oculi

250 3646 465 3701 sponsa:
517 3635 660 3689 sicut
721 3636 988 3690 columba:
1037 3635 1289 3689 dicuntur
1343 3635 1410 3689 ad
1449 3635 1816 3702 plenitudines

247 3741 532 3794 aquarum,
559 3737 612 3782 et
635 3728 834 3782 collum
859 3727 976 3795 ejus
1001 3727 1140 3782 sicut
1178 3729 1406 3780 turturis
1426 3728 1494 3782 ⁵⁸.
1532 3726 1658 3782 llaec
1688 3743 1816 3797 ergo

248 3828 376 3873 sunt
419 3819 656 3874 hominis
703 3824 1001 3875 secundum
1059 3820 1201 3889 quod
1236 3835 1399 3888 supra
1442 3821 1814 3889 exposuimus,

249 3926 503 3966 munera.
535 3912 737 3968 Anima:
767 3923 947 3968 autem
983 3929 1230 3978 munera,
1255 3915 1414 3983 longe
1442 3913 1698 3968 inferiora
1726 3914 1820 3967 de-

255 4000 473 4055 scribit.
526 4002 717 4056 Anima
760 4005 872 4058 haec
923 4019 1100 4074 neque
1155 4006 1381 4059 vitulum
1427 4005 1610 4070 habet,
1643 4022 1819 4075 neque

243 4107 430 4160 ovem,
455 4109 631 4163 neque
661 4095 873 4150 hmdum
916 4114 1075 4166 quem
1105 4097 1291 4152 oﬁ'erat
1331 4098 1440 4154 Deo
1465 4115 1480 4153 :
1508 4099 1691 4152 sedne
1723 4115 1819 4168 par

242 4185 463 4256 quidem
499 4195 791 4260 turturum,
821 4203 917 4242 aut
965 4191 1098 4244 duos
1133 4191 1307 4260 pullos
1357 4192 1562 4244 invenit
1608 4191 1818 4246 colum-

245 4279 461 4333 barum.
499 4278 745 4335 Similam
787 4292 994 4336 tantmn
1034 4286 1218 4347 habet,
1249 4300 1314 4338 ex
1350 4285 1463 4352 ipsa
1497 4299 1662 4352 panes
1693 4299 1820 4355 azy-

247 4385 366 4426 mos
391 4371 550 4426 oﬁ‘ert
581 4388 608 4425 a
639 4373 874 4437 clibano,
909 4392 975 4430 ex
1002 4379 1115 4443 ipsa
1147 4381 1201 4431 in
1253 4378 1525 4446 sartagine
1567 4392 1700 4445 opus
1739 4377 1820 4430 fa-

1923 1902 2044 1954 data
2078 1908 2160 1953 est
2185 1936 2200 1962 ,
2233 1897 2391 1951 nobis
2420 1904 2595 1946 autem
2625 1893 2828 1945 veritas
2869 1897 3140 1942 reservata
3177 1896 3276 1942 est.
3315 1886 3372 1941 ln
3398 1887 3491 1942 die

1921 1992 2062 2047 enim
2095 1991 2443 2044 Pentecostes
2471 1985 2653 2038 oblato
2701 1981 3008 2036 orationum
3044 1979 3334 2044 sacriﬁcio,
3383 1978 3493 2048 pri-

1919 2084 2101 2139 mitias
2126 2080 2463 2134 advenientis
2495 2075 2668 2132 sancti
2703 2074 2938 2142 Spiritus
2969 2073 3336 2142 apostolorum
3372 2086 3493 2127 sus-

1983 2175 2062 2243 pit
2105 2171 2371 2226 Ecclesia.
2421 2168 2488 2222 Et
2523 2182 2649 2222 vere
2680 2169 2793 2220 lucc
2828 2166 3048 2219 fuerunt
3080 2163 3336 2225 recentia,
3365 2164 3490 2230 quia

1918 2274 2037 2318 erat
2085 2277 2284 2317 novum
2310 2303 2324 2326 ,
2373 2259 2515 2313 unde
2557 2267 2610 2312 et
2643 2265 2822 2310 musto
2858 2255 3044 2335 repleti
3078 2255 3398 2308 dicebantur
3423 2252 3488 2306 ⁸³.

1924 2374 1944 2408 α
1978 2355 2093 2424 lgui
2131 2364 2293 2410 tosta.
2333 2373 2351 2405 ›
2393 2351 2566 2420 igneae
2601 2363 2833 2418 namque
2873 2347 3068 2416 linguze
3105 2360 3268 2415 supra
3303 2346 3492 2414 singu-

1919 2448 2000 2502 los
2025 2448 2404 2502 consederunt.
2443 2461 2461 2494 ‹
2500 2443 2568 2497 Et
2595 2441 2771 2495 medio
2803 2438 2995 2492 fracta.
3027 2459 3045 2491 ι
3078 2437 3492 2506 Frangebsntur

1920 2541 2064 2596 enim
2085 2539 2284 2603 media,
2311 2551 2433 2591 cum
2463 2535 2640 2588 littera
2671 2530 3026 2600 separabatur
3061 2543 3090 2582 a
3126 2527 3341 2597 spiritu.
3379 2545 3397 2576 ι
3430 2526 3494 2581 Et

1920 2635 2056 2688 bene
2091 2637 2340 2700 purgata.
2373 2647 2391 2678 ›
2417 2626 2622 2696 Purgat
2647 2635 2882 2691 namque
2915 2635 3107 2675 omnes
3137 2620 3325 2675 sordes
3358 2633 3497 2688 pra:-

1920 2723 2091 2780 scntia
2120 2721 2296 2776 sancti
2331 2719 2588 2789 Spiritus,
2620 2714 3003 2770 remissionem
3035 2713 3278 2766 tribuens
3302 2725 3495 2780 pecca-

1921 2825 2117 2869 torum.
2146 2812 2335 2868 Oleum
2372 2823 2586 2879 quoque
2628 2807 3020 2862 misericordia:
3060 2803 3186 2859 huic
3220 2802 3494 2858 sacriﬁcio

1921 2905 2225 2962 infunditur
2245 2945 2259 2968 ,
2289 2912 2346 2957 et
2377 2905 2500 2956 thus
2530 2900 2846 2966 suavitatis,
2873 2913 2970 2970 per
2994 2897 3136 2968 quod
3168 2895 3370 2951 Christi
3400 2895 3496 2949 bo-

1921 3014 2021 3054 nus
2049 2998 2184 3051 odor
2210 2995 2494 3050 eﬁicimur.
2524 2993 2654 3048 Post
2684 2994 2797 3048 haec
2831 2993 2896 3046 de
2927 2990 3213 3045 sacriﬁciis
3239 2987 3494 3044 salutari-

1921 3091 2020 3144 bus
2045 3089 2197 3152 dicit,
2231 3103 2351 3158 quae
2387 3103 2452 3142 ex
2497 3085 2842 3150 animalibus,
2875 3085 2925 3138 id
2957 3093 3042 3138 est
3067 3083 3259 3145 bobus,
3289 3079 3370 3134 vel
3401 3095 3492 3134 ca-

1919 3183 2051 3253 pris,
2084 3190 2246 3250 atque
2274 3179 2464 3232 ovibus
2488 3176 2812 3241 offeruntur,
2834 3183 2889 3228 et
2919 3173 3052 3228 nihil
3077 3174 3160 3226 his
3187 3172 3328 3226 ultra
3357 3173 3492 3226 sub-

1919 3275 2162 3330 stituitur
2189 3273 2255 3326 ad
2291 3270 2702 3333 immolandum,
2729 3269 2823 3324 sed
2852 3281 2920 3321 ne
2948 3281 3075 3321 aves
3104 3263 3215 3336 (28)
3249 3265 3491 3335 quidem,

1917 3381 2036 3436 qua:
2067 3363 2318 3432 superius
2347 3362 2398 3414 in
2434 3359 2724 3414 oﬁ'erendis
2765 3357 3083 3412 muneribus
3117 3355 3333 3410 fuerant
3364 3353 3496 3408 sub-

1917 3459 2140 3514 stitutze.
2172 3456 2276 3510 lste
2310 3454 2453 3508 enim
2491 3453 2579 3522 qui
2616 3451 2883 3506 salutares
2917 3450 3127 3504 hostias
3155 3447 3338 3510 oﬁert,
3373 3447 3492 3503 sine

1919 3552 2081 3608 dubio
2121 3550 2233 3620 jam
2263 3564 2374 3603 sure
2400 3548 2595 3601 salutis
2627 3554 2710 3600 est
2742 3544 2996 3598 conscius
3027 3574 3035 3597 -.
3069 3553 3124 3597 et
3155 3543 3276 3596 ideo
3305 3543 3394 3612 qui
3424 3542 3492 3596 ad

1917 3642 2147 3696 salutem
2181 3639 2452 3711 pervenit,
2471 3649 2698 3691 necesse
2727 3642 2811 3688 est
2841 3642 2897 3686 ut
2919 3648 3040 3702 qua:
3069 3647 3262 3702 magna
3292 3645 3345 3686 et
3369 3646 3494 3702 per-

1923 3733 2059 3788 fecta
2104 3741 2229 3788 sunt
2279 3730 2493 3785 offerat.
2527 3729 2618 3784 Sic
2647 3726 2792 3781 enim
2823 3735 2879 3779 et
2907 3723 3196 3792 Apostolus
3241 3723 3372 3777 dicit
3396 3723 3490 3778 ’δε

1927 3843 1946 3875 ς
1976 3822 2345 3878 Perfectorum
2371 3828 2551 3873 autem
2585 3825 2670 3872 est
2697 3815 2852 3869 cibus
2888 3812 3112 3867 solidus.
3149 3831 3167 3863 ι
3200 3810 3404 3865 Dehinc
3425 3811 3492 3864 ad

1918 3917 2220 3971 oﬁ'eremlas
2248 3929 2346 3984 pro
2376 3911 2612 3982 peccatis
2649 3910 2899 3964 victimas
2938 3906 3328 3960 sacriﬁciorum
3359 3905 3494 3959 ordo

1918 4007 2169 4075 dirigitur
2191 4047 2206 4070 ,
2244 4007 2295 4058 in
2348 4019 2454 4074 quo
2486 4013 2542 4056 et
2573 4002 2814 4056 secundo
2846 4001 3046 4054 dicitur
3071 3999 3116 4030 ⁵⁵
3145 4014 3161 4052 :
3197 4015 3216 4047 ι
3256 3995 3495 4050 Locutus

1919 4109 2003 4156 est
2028 4099 2287 4153 Dominus
2314 4098 2378 4150 ad
2399 4097 2664 4165 Moysem,
2683 4094 2873 4148 dicens
2902 4111 2914 4146 :
2937 4092 3132 4145 Anima
3156 4102 3496 4160 quaecunque

1921 4192 2227 4261 peccaverit
2256 4205 2438 4244 coram
2483 4191 2712 4243 Domino
2738 4226 2753 4252 ,
2784 4203 2890 4242 non
2929 4184 3228 4238 voluntate.
3271 4200 3290 4233 ι
3329 4181 3495 4234 Recte

1922 4285 2158 4338 animam
2190 4283 2366 4341 dicit.
2410 4297 2570 4350 quam
2609 4294 2838 4349 peccare
2867 4277 3148 4332 describit.
3184 4273 3298 4328 Non
3347 4273 3492 4326 enim

1922 4377 2171 4445 spiritum
2200 4383 2470 4437 vocasset,
2517 4388 2676 4440 quem
2729 4373 2934 4426 diceret
2985 4379 3332 4439 peccaturum
3358 4365 3493 4436 (29).

245 4470 412 4525 ctum,
451 4461 533 4516 vel
583 4462 634 4515 in
671 4465 931 4518 craticula
963 4467 1084 4520 oleo
1129 4469 1469 4536 permistum.
1508 4466 1661 4522 Unde
1702 4468 1814 4540 (26)
1851 4475 1892 4528 Ι)
1923 4469 2028 4522 Sed
2052 4483 2131 4536 ne
2163 4468 2434 4522 hominem
2463 4466 2678 4535 quidem
2713 4463 2856 4517 hunc
2904 4463 3142 4529 diceret,
3177 4461 3229 4514 in
3262 4473 3370 4528 quo
3401 4473 3498 4512 ne-

249 4555 464 4608 videtur
499 4555 631 4608 mihi
665 4556 782 4611 hrec
828 4572 948 4626 quae
982 4558 1159 4613 anima
1197 4559 1460 4627 appellata
1513 4569 1618 4622 est,
1654 4562 1816 4614 homo

245 4645 355 4711 ille,
387 4661 549 4716 quem
584 4647 784 4703 Paulus
812 4652 1098 4706 animalem
1125 4653 1396 4705 hominem
1429 4652 1695 4716 nominat,
1731 4653 1811 4705 in-

247 4737 602 4807 telligendus:
630 4741 722 4808 qui
754 4741 963 4794 etiamsi
1007 4744 1243 4810 peccatis
1267 4758 1370 4795 non
1396 4752 1675 4811 urgeatur,
1711 4757 1810 4796 nec

246 4829 316 4882 sit
344 4844 586 4899 praeceps
615 4830 683 4884 ad
714 4831 866 4896 vitia,
902 4847 1007 4886 non
1031 4842 1209 4886 tamen
1244 4833 1407 4886 habet
1440 4833 1642 4899 aliquid
1668 4834 1720 4887 in
1754 4848 1813 4889 se

246 4920 508 4988 spiritale,
538 4931 594 4976 et
621 4925 765 4991 quod
798 4923 1094 4992 ﬁguraliter
1121 4939 1314 4979 carnes
1345 4925 1506 4979 Verbi
1532 4924 1620 4978 Dei
1654 4939 1815 4993 repu-

251 5019 459 5064 tentur.
486 5009 576 5066 Sic
599 5013 745 5066 enim
782 5013 896 5082 ipse
918 5014 985 5068 de
1002 5029 1068 5068 eo
1085 5013 1280 5068 Paulus
1297 5016 1571 5083 apostolus
1598 5015 1728 5072 dicit
1746 5018 1816 5082 δ’,

247 5104 369 5171 quia
396 5122 415 5152 ‹
444 5103 696 5157 animalis
719 5104 879 5158 homo
909 5121 1014 5158 non
1040 5106 1273 5176 percipit
1295 5121 1358 5161 ea
1391 5123 1508 5175 qua:
1532 5120 1661 5163 sunt
1694 5107 1816 5177 Spi-

314 5202 359 5231 ⁸ο
389 5201 563 5255 Levit.
590 5216 646 5265 v,
670 5201 722 5252 7.
795 5202 836 5233 ⁸¹
865 5202 1021 5258 Cant.
1050 5219 1088 5265 ι,
1127 5203 1297 5269 9,14.
1373 5207 1418 5236 ⁵²
1447 5204 1467 5258 l
1493 5205 1616 5262 Cor.
1647 5205 1708 5269 tt,
1748 5210 1812 5263 li

243 5269 288 5300 “
313 5270 434 5325 Gal.
463 5288 519 5338 v,
542 5271 638 5325 2‘2.
733 5272 777 5303 "
810 5272 930 5327 Gal.
962 5290 1037 5338 vr,
1060 5276 1113 5330 8.

314 5388 432 5457 (25)
463 5389 638 5453 Idem,
666 5407 686 5442 ι
714 5401 1018 5445 remaneat.
1044 5409 1061 5443 ι
1093 5391 1250 5446 Libb.
1279 5393 1434 5458 editi,
1470 5413 1488 5445 ‹
1514 5405 1811 5451 remanet.)

246 5461 432 5583 ωέᾷι)
465 5459 672 5515 Omnes
719 5475 876 5527 mss.,
917 5462 1102 5532 «ephi.
1128 5483 1146 5516 ι
1185 5463 1341 5518 Libb.
1380 5466 1540 5529 editi,
1575 5486 1594 5519 ι
1627 5466 1766 5532 ollae,
1793 5490 1811 5519 ι

315 5599 426 5668 (25)
453 5599 664 5656 Omnes
711 5616 874 5668 mss.,
905 5621 924 5653 ι
952 5617 1106 5658 vero.
1131 5625 1150 5657 ι
1197 5604 1354 5660 Libb.
1385 5606 1540 5669 editi,
1580 5627 1598 5658 ι
1621 5609 1758 5663 viro.
1789 5630 1806 5662 ι

315 5671 424 5739 (26)
466 5672 640 5726 Unde.
688 5671 847 5729 Deest
880 5673 935 5728 in
971 5683 1126 5730 antea
1176 5676 1355 5741 editis,
1393 5680 1486 5732 sed
1528 5689 1703 5734 exstat
1756 5683 1807 5734 in

250 5743 434 5800 codice
461 5743 750 5814 Sangerm.

1925 4575 2190 4630 quaquam
2237 4559 2416 4630 imago
2466 4558 2560 4612 Dei
2596 4566 2822 4628 peccato
2852 4554 3248 4609 interveniente
3275 4562 3497 4607 consta-

1920 4662 2022 4707 ret.
2056 4650 2170 4705 Nou
2204 4665 2334 4720 ergo
2362 4658 2449 4705 est
2477 4649 2701 4719 spiritus
2732 4648 2819 4702 ille
2845 4648 2933 4716 qui
2961 4655 3185 4715 peccat:
3223 4662 3241 4693 ι
3267 4645 3496 4700 Fructus

1919 4747 2064 4798 enim
2099 4743 2324 4812 spiritus
2355 4752 2438 4797 est
2478 4746 2560 4811 (ut
2592 4742 2860 4796 describit
2885 4738 3177 4807 Apostolus
3201 4738 3270 4807 ⁸⁸)
3309 4738 3495 4793 chari-

1919 4845 2022 4904 tas,
2046 4837 2320 4905 gaudium,
2339 4851 2462 4905 pax,
2483 4834 2766 4904 patientia,
2797 4852 2816 4884 ›
2851 4842 2905 4887 et
2931 4842 3128 4888 caztera
3158 4832 3243 4886 his
3271 4831 3494 4896 similia,

1922 4944 2040 4998 qua!
2067 4929 2231 4984 etiam
2265 4927 2474 4983 fructus
2492 4927 2614 4981 vitae
2637 4924 3003 4996 appellantur.
3033 4923 3271 4993 Denique
3295 4934 3349 4978 et
3367 4922 3494 4976 alibi

1922 5020 2056 5074 dicit
2086 5020 2133 5050 ⁵⁷
2165 5041 2176 5073 :
2212 5037 2231 5070 ‹
2273 5019 2374 5086 Qui
2407 5020 2637 5072 seminat
2670 5017 2723 5070 in
2756 5031 2958 5080 carne,
3006 5017 3072 5070 de
3115 5031 3281 5071 carne
3327 5023 3496 5071 metet

1925 5109 2326 5179 corruptionem
2357 5126 2372 5172 ;
2403 5119 2457 5162 et
2490 5109 2579 5177 qui
2612 5109 2847 5164 seminat
2876 5109 2931 5162 iu
2957 5107 3174 5176 Spiritu,
3202 5107 3268 5161 de
3297 5106 3494 5175 spiritu

1917 5206 1959 5231 “
1991 5210 2110 5262 Act.
2143 5225 2213 5271 ιι,
2248 5207 2336 5260 15.
2415 5206 2461 5237 ³⁸
2493 5205 2656 5261 Hebr.
2687 5221 2749 5271 v,
2783 5205 2872 5262 14.
2945 5205 2990 5236 ⁸⁵⁸
3022 5201 3199 5258 Levit.
3232 5219 3318 5268 tv,
3353 5203 3407 5270 1,
3437 5201 3489 5256 2.

1998 5397 2109 5468 (27)
2129 5397 2307 5452 Codex
2335 5396 2647 5468 Sangerﬁm"
2680 5410 2700 5444 ι
2725 5391 2837 5463 ipse
2866 5403 3084 5446 munus.
3110 5407 3130 5444 ι
3158 5388 3315 5447 Libb.
3336 5385 3491 5452 editi,

1933 5484 1952 5518 ς
1977 5467 2098 5536 ipsa
2117 5468 2366 5533 mundus,
2403 5487 2421 5519 ι
2452 5467 2608 5520 male.

1995 5529 2108 5620 (‘28)
2135 5538 2264 5592 Cod.
2295 5529 2574 5608 Sangerm.
2601 5577 2616 5603 ,
2675 5553 2695 5588 ι
2729 5549 2876 5590 aves.
2911 5551 2930 5586 ι
2964 5530 3122 5588 Libb.
3154 5529 3310 5595 editi,
3361 5545 3383 5582 ι
3423 5535 3490 5583 de

1921 5610 2268 5800 a‘Eggfld’cm
2310 5693 2409 5735 ms.
2449 5696 2466 5730 ι
2497 5687 2865 5748 peccaturum.
2897 5693 2916 5728 ι
2942 5671 3097 5732 Libb.
3127 5668 3282 5734 editi,
3309 5684 3330 5720 σ
3362 5680 3489 5735 pec.

1921 5764 1978 5800 C8
2009 5763 2174 5800 orem.
2215 5765 2235 5799 ι

1921 5763 2174 5803 calorem.
2215 5765 2235 5799 ι
