4024 6146
533 261 642 317 415

2001 262 2324 320 ORIGENIS

3700 260 3810 316 116

529 391 695 438 metet
730 383 896 437 vitam
943 391 1225 437 aeternam.
1271 401 1289 434 ι
1340 382 1610 450 Quoniam
1661 399 1792 456 ergo
1841 384 1979 440 alius
2029 395 2112 440 est
2143 392 2185 446 Α
2216 398 2361 442 cato.
2398 386 2504 442 Sed
2541 386 2630 440 ille
2659 387 2752 456 qui
2799 385 3026 440 oﬁ‘ertur
3068 385 3121 440 in
3164 403 3390 444 munere
3422 397 3587 452 super
3637 379 3817 450 190

527 474 620 544 qui
649 475 903 538 seminat,
928 483 982 526 et
1010 473 1148 528 alius
1181 485 1262 527 est
1299 474 1351 526 in
1382 488 1490 544 quo
1516 475 1848 544 seminatur;
1879 477 2120 530 semina-

529 575 618 619 tur
648 575 828 618 autem
858 565 940 618 vel
997 566 1049 619 in
1103 581 1266 620 carne
1296 583 1420 621 cum
1471 578 1734 637 peccatur
1778 579 1838 622 ut
1873 581 2117 624 metatur

525 658 840 724 corruptio,
875 659 960 712 vel
996 660 1048 712 in
1086 660 1282 728 spiritu
1331 676 1454 715 cum
1497 661 1794 716 secundum
1831 659 2000 716 Deum
2041 662 2120 715 vi-

527 749 670 801 vitur
706 757 762 802 ut
779 759 1012 803 metatur
1039 751 1142 803 vita
1171 761 1378 804 aeterna
1405 768 1419 807 :
1453 761 1667 807 constat
1701 754 1940 807 animam
1970 770 2118 819 esse,

527 856 647 910 qua:
675 840 759 894 vel
795 840 847 894 in
884 856 1051 895 carne
1086 882 1100 908 ,
1141 843 1222 896 vel
1258 841 1308 896 in
1345 843 1538 913 spiritu
1568 845 1842 911 seminat,
1891 857 1944 899 et
1972 845 2116 898 illam

528 948 650 989 esse
677 948 797 1003 qua:
821 933 906 987 vel
939 933 990 986 in
1027 945 1308 1003 peccatum
1341 951 1503 991 ruere
1530 937 1723 1008 possit,
1752 938 1836 992 vel
1867 939 2115 993 converti

530 1039 562 1078 a
591 1031 834 1092 peccato.
871 1021 1004 1075 Nam
1047 1039 1246 1092 corpus
1287 1026 1510 1093 sequela
1565 1024 1684 1095 ejus
1714 1036 1798 1080 est
1845 1027 1912 1080 ad
1943 1029 2118 1097 quod—

530 1129 746 1182 cunque
771 1113 1069 1184 delegerit:
1103 1124 1157 1169 et
1187 1116 1416 1184 spiritus
1449 1117 1558 1172 dux
1587 1118 1708 1189 ejus
1734 1129 1819 1176 est
1847 1122 1916 1176 ad
1944 1123 2119 1176 virtu-

532 1216 662 1270 tem,
695 1209 737 1260 si
771 1223 893 1260 eum
930 1208 1082 1277 sequi
1117 1207 1265 1261 velit.

601 1298 654 1351 3.
684 1296 786 1352 Sed
820 1298 934 1352 hac
963 1298 1292 1367 generaliter
1320 1300 1466 1356 dicta
1499 1311 1649 1367 sunt,
1683 1319 1828 1359 nunc
1863 1321 1992 1362 vero
2023 1323 2118 1377 per

532 1390 1104 1456 sporiesdividuntur.
1141 1409 1162 1443 ι
1198 1391 1254 1446 Si
1287 1394 1554 1462 pontifex,
1593 1395 1772 1466 inquit
1797 1399 1863 1464 ⁵⁸,
1895 1401 1985 1468 qui
2019 1418 2118 1455 una

531 1489 654 1536 ctus
701 1491 786 1535 est
820 1484 1170 1550 peccaverit,
1199 1493 1257 1539 ut
1305 1486 1560 1554 populum
1610 1487 1818 1543 faceret
1867 1506 2114 1559 peccare,

531 1570 723 1626 oﬁ'eret
755 1580 856 1640 pro
881 1582 1106 1641 peccato
1135 1588 1236 1628 suo
1269 1575 1496 1628 vitulum
1528 1577 1597 1630 de
1627 1577 1799 1633 bobus
1839 1581 1959 1634 sine
2004 1599 2119 1636 ma-

530 1660 651 1714 cula
696 1660 942 1716 Domino.
987 1661 1240 1718 iTerror
1295 1664 1457 1718 simul
1522 1675 1576 1720 et
1629 1669 2004 1726 misericordia
2059 1673 2114 1728 in

2225 480 2523 534 holocausti
2556 479 2730 532 altare
2759 478 3118 532 consumitur.
3147 477 3252 543 Qui
3275 491 3404 530 vero
3428 489 3524 545 pro
3552 482 3809 544 peccato.

2220 579 2376 625 extra
2398 582 2577 626 castra
2599 611 2612 633 ,
2643 585 2764 624 cum
2799 571 2979 636 corio,
3011 578 3066 622 et
3100 567 3396 622 interaneis
3432 581 3496 620 ac
3530 575 3813 626 stercore,

2221 660 2420 717 inloco
2447 663 2647 716 mundo
2680 661 2900 731 jubetur
2936 661 3092 715 exuri
3122 702 3136 726 ,
3167 659 3418 730 adipibus
3465 656 3595 712 solis
3628 658 3680 709 in
3722 656 3817 708 al-

2220 761 2339 807 tare
2382 753 2584 808 oblatis
2619 762 2673 808 et
2723 751 2970 806 renibus.
3019 750 3148 817 Quae
3186 749 3398 820 singula
3451 747 3696 802 dividere
3737 759 3818 799 ac

2219 844 2548 910 discernere,
2579 843 2833 914 quamvis
2865 853 2918 896 et
2965 857 3131 914 supra
3175 853 3390 897 nostras
3419 842 3566 895 vires
3606 840 3718 903 sit,
3749 843 3817 892 et

2219 949 2380 1001 supra
2413 935 2651 989 auditum
2683 943 2947 1000 vestrum,
2983 943 3163 988 tamen
3193 932 3411 1002 aliquas
3442 931 3599 986 vobis
3626 930 3693 984 ad
3721 930 3817 984 in-

2221 1024 2567 1095 telligendum
2619 1025 2947 1079 occasiones
2993 1023 3360 1093 conquirere,
3404 1033 3568 1090 atque
3597 1021 3651 1075 in
3689 1036 3818 1074 me-

2219 1117 2364 1172 dium
2389 1115 2638 1186 proferre
2672 1117 3025 1173 tentabimus.
3057 1116 3194 1171 Vide
3218 1130 3350 1185 ergo
3378 1129 3445 1168 ne
3479 1113 3617 1167 forte
3645 1111 3814 1167 Jesus

2218 1222 2379 1278 quem
2435 1207 2638 1263 Paulus
2681 1208 2816 1262 dicit
2859 1209 2902 1239 “
2951 1205 3278 1278 paciﬁcasse
3329 1221 3428 1275 per
3475 1205 3810 1276 sanguinem

2217 1313 2376 1354 suum
2406 1314 2512 1355 non
2541 1300 2718 1355 solum
2751 1315 2871 1370 quae
2897 1300 2949 1354 in
2985 1300 3174 1363 terris,
3200 1299 3296 1352 sed
3327 1307 3381 1353 et
3407 1313 3527 1366 quze
3559 1299 3610 1350 in
3646 1294 3812 1350 ccelis

2219 1398 2368 1457 sunt,
2395 1391 2534 1445 idem
2569 1392 2683 1461 ipse
2705 1391 2776 1446 sit
2801 1391 3024 1456 vitulus,
3059 1391 3150 1460 qui
3183 1391 3235 1444 in
3264 1388 3418 1444 caelis
3445 1388 3663 1458 quidem
3696 1402 3811 1442 non

2218 1498 2318 1552 pro
2353 1494 2578 1553 peccato
2602 1525 2616 1550 ,
2647 1485 2740 1539 sed
2791 1499 2890 1553 pro
2926 1499 3149 1538 munere
3183 1481 3299 1554 (52)
3340 1482 3552 1536 oblatus
3595 1491 3680 1535 est
3704 1520 3722 1545 ,
3751 1480 3805 1533 in

2221 1573 2382 1627 terris
2407 1583 2590 1628 autem
2619 1574 2708 1628 ubi
2742 1574 2810 1628 ab
2841 1573 3014 1627 Adam
3053 1586 3222 1642 usque
3247 1574 3316 1626 ad
3339 1570 3578 1642 Moysem
3605 1586 3802 1641 regna—

2223 1663 2300 1717 vit
2326 1675 2610 1732 peccatum
2635 1705 2652 1730 ,
2687 1664 2901 1719 oblatus
2932 1666 3003 1718 sit
3033 1680 3130 1734 pro
3171 1672 3418 1733 peccato.
3469 1661 3534 1717 Et
3583 1663 3688 1716 hoc
3722 1669 3810 1716 est

531 1753 730 1808 divinis
760 1753 967 1823 legibus
1000 1764 1334 1810 ostentatur.
1367 1754 1518 1812 Itane
1570 1761 1784 1817 tandem
1828 1773 2000 1818 tutmn
2029 1777 2112 1822 est

2219 1769 2440 1824 passum
2468 1773 2590 1812 esse
2621 1769 2775 1812 extra
2808 1766 3012 1821 castra,
3037 1766 3191 1810 extra
3227 1755 3336 1821 illa,
3358 1755 3574 1823 Opinor,
3601 1761 3805 1816 castra,

530 1847 710 1912 nihil,
747 1861 816 1901 ne
864 1847 1110 1916 pontifex
1143 1849 1410 1916 quidem?
1453 1861 1507 1904 et
1542 1853 1635 1922 qui
1674 1855 1965 1924 pontifex?
1995 1857 2112 1929 Ipse

529 1940 622 2008 qui
653 1948 850 1994 unctus
880 1949 960 1992 est
989 1979 1005 2006 ,
1037 1939 1150 2010 ipse
1176 1941 1267 2010 qui
1311 1943 1486 1997 sacris
1533 1944 1748 2015 ignibus
1779 1947 1960 2003 divina
1989 1965 2114 2006 suc--

531 2031 712 2085 cendit
743 2031 960 2096 altaria,
990 2033 1082 2102 qui
1115 2033 1226 2086 Deo
1253 2050 1476 2089 munera
1509 2046 1563 2090 et
1602 2037 1871 2095 salutares
1905 2043 2111 2099 hostias

533 2121 816 2191 immolat;
865 2125 960 2194 qui
1005 2125 1148 2179 inter
1180 2125 1347 2179 Deum
1392 2135 1442 2180 et
1485 2128 1732 2185 homines
1764 2133 1978 2188 medius
2001 2137 2115 2205 qui-

531 2214 655 2268 dam
692 2217 1082 2286 repr0pitiator
1110 2217 1556 2292 intervenit(50),
1577 2236 1680 2277 nec
1709 2225 1832 2290 iste,
1865 2227 2107 2296 inquam,

532 2307 648 2377 ipse
679 2309 936 2364 immunis
964 2320 1147 2366 manet
1171 2326 1200 2364 a
1229 2314 1557 2382 contagione
1586 2317 1820 2385 peccati.
1849 2317 1956 2373 Sed
1991 2321 2114 2375 vide

530 2399 960 2456 misericordiam
991 2400 1108 2467 Dei,
1140 2414 1197 2458 et
1229 2404 1443 2474 plenius
1474 2421 1630 2473 eam,
1665 2406 1831 2464 Paulo
1860 2411 2111 2475 docente,

528 2505 822 2562 cognosce.
854 2495 972 2562 lpse
997 2494 1145 2548 enini
1191 2496 1257 2549 ad
1289 2495 1548 2554 llebrmos
1586 2499 1833 2555 scribens
1862 2502 1994 2556 dicit
2019 2503 2066 2538 ⁵ο
2099 2525 2109 2558 :

535 2605 555 2639 ι
590 2585 780 2644 Omnis
811 2603 1042 2659 namque
1068 2589 1314 2660 pontifex
1340 2591 1407 2646 ab
1439 2592 1750 2648 hominibus
1781 2605 2112 2666 assumptus,

528 2691 629 2748 pro
675 2679 986 2735 hominibus
1031 2681 1386 2736 constituitur
1436 2683 1501 2738 ad
1551 2681 1859 2740 offerendas
1906 2685 2116 2742 hostias

531 2770 662 2826 Deo.
701 2791 720 2825 ι
757 2770 824 2826 Et
873 2772 1034 2843 paulo
1079 2784 1238 2843 post:
1282 2793 1299 2826 ι
1335 2775 1445 2830 Lex
1474 2817 1489 2842 ,
1539 2776 1714 2846 inquit
1739 2779 1784 2809 °°
1811 2818 1826 2842 ,
1863 2778 2114 2835 homines

530 2863 816 2916 constituit
865 2865 1180 2919 sacerdotes
1238 2865 1609 2920 inﬁrmitatem
1683 2867 1982 2934 habentes,
2050 2881 2109 2926 ut

531 2958 740 3027 possint
766 2959 908 3010 sicut
952 2973 1050 3026 pro
1082 2973 1210 3023 sua,
1246 2959 1409 3012 etiam
1442 2974 1542 3028 pro
1574 2961 1755 3029 populi
1793 2961 2112 3020 inﬁrmitate

529 3049 744 3105 offerre.
777 3050 974 3107 iVides
1003 3068 1133 3122 ergo
1155 3055 1614 3125 dispensationem
1659 3057 1855 3114 divina;
1891 3061 2112 3130 sapien-

533 3141 640 3193 tia.
669 3139 998 3196 Sacerdotes
1027 3147 1234 3208 statuit,
1265 3159 1369 3197 non
1407 3160 1500 3200 eos
1530 3148 1621 3216 qui
1654 3150 1966 3205 omnimodo
1997 3166 2116 3220 pec-

528 3246 658 3287 care
686 3243 1066 3302 nonpossent,
1097 3236 1338 3306 alioquin
1373 3255 1478 3292 non
1506 3251 1690 3295 essent
1719 3241 1988 3304 homines,
2022 3246 2114 3299 sed

529 3338 624 3378 eos
652 3325 746 3394 qui
778 3325 976 3379 imitari
1007 3327 1223 3395 quidem
1249 3329 1484 3385 debeant
1514 3330 1686 3397 illum,
1708 3335 1797 3402 qui
1829 3343 2116 3402 peccatum

529 3429 639 3469 non
678 3415 808 3470 fecit
844 3432 859 3482 ;
912 3413 1114 3472 oﬁ‘erre
1160 3417 1275 3490 (51)
1330 3428 1507 3474 autem
1559 3421 1770 3477 hostias
1813 3423 1987 3493 primo
2019 3440 2116 3495 pro

531 3509 665 3572 suis,
694 3517 882 3577 postea
913 3523 1011 3578 pro
1048 3511 1232 3580 populi
1269 3510 1503 3567 delictis.
1540 3511 1646 3567 Sed
1681 3515 1806 3583 quid
1849 3517 2116 3586 praecipue

531 3599 587 3653 in
621 3597 926 3666 hujusmodi
959 3601 1246 3656 sacerdote
1283 3601 1589 3656 mirandum
1622 3605 1748 3658 est?
1779 3621 1884 3660 non
1922 3617 1980 3661 ut
2007 3623 2114 3663 non

529 3700 754 3761 peccet,
791 3693 934 3760 quod
968 3691 1082 3746 ﬁeri
1117 3707 1221 3748 non
1272 3702 1488 3762 potest,
1518 3698 1613 3750 sed
1661 3705 1719 3750 ut
1761 3710 2023 3768 agnoscat
2061 3711 2116 3756 et

532 3783 795 3852 intelligat
821 3794 1099 3854 peccatum
1137 3801 1314 3840 suum.
1344 3784 1630 3856 Nunquam
1665 3789 1813 3843 enim
1849 3805 1908 3845 se
1931 3807 2117 3846 emen-

532 3877 646 3940 dat,
671 3877 760 3944 qui
790 3892 1047 3945 peccasse
1076 3893 1132 3930 sc
1163 3894 1269 3934 non
1303 3889 1476 3948 putat.
1511 3880 1686 3934 Simul
1726 3884 1852 3952 quia
1883 3893 1937 3937 et
1978 3883 2115 3939 fuci--

531 3965 638 4021 lius
681 3976 861 4036 potest
908 3968 1186 4040 indulgere
1230 3971 1608 4040 peccantibus,
1663 3973 1706 4026 is
1749 3974 1841 4042 qui
1889 3975 2116 4046 alicujus

533 4061 873 4115 inﬁrmitatis
919 4077 1030 4115 suae
1069 4064 1403 4117 conscientia
1461 4066 1828 4120 remordetur.
1871 4066 2002 4134 Qua:
2032 4080 2116 4123 est

533 4166 716 4209 autem
742 4153 949 4208 oblatio
987 4153 1292 4208 sacerdotis
1322 4170 1420 4224 pro
1456 4168 1682 4225 peccato
1710 4157 1734 4209 ?
1767 4155 1998 4221 Vitulus,
2033 4159 2116 4212 in-

533 4248 672 4318 quit,
700 4247 766 4301 ad
795 4245 1194 4300 holocaustum.
1235 4245 1488 4302 Secundo
1523 4249 1833 4304 invenimus
1860 4248 2045 4304 offerri
2085 4267 2116 4307 ει

534 4341 793 4410 pontiﬁce
831 4339 1057 4392 vitulum
1102 4338 1155 4391 in
1201 4337 1623 4406 holocaustum,
1653 4340 1822 4396 semel
1861 4356 1960 4410 pro
1987 4357 2116 4411 pec-

600 4479 649 4511 ⁸⁸
678 4478 850 4532 Levit.
887 4494 961 4544 iv,
991 4479 1045 4534 5.
1122 4479 1168 4510 '9
1198 4477 1365 4534 Hebr.
1394 4494 1450 4545 v,
1484 4479 1536 4534 1.
1623 4481 1670 4512 ⁸ο
1701 4479 1868 4537 Hebr.
1898 4496 1994 4546 vn,
2023 4484 2117 4540 28.

2201 4487 2244 4520 “
2282 4488 2483 4558 Ephes.
2513 4504 2548 4541 ι.

2214 1863 2336 1920 qua:
2368 1849 2583 1904 viderat
2608 1845 2803 1912 Iacob,
2839 1847 3154 1918 angelorum
3191 1847 3284 1901 Dei
3311 1856 3494 1900 castra
3535 1845 3808 1910 caelestia,

2215 1939 2282 1994 de
2306 1940 2505 2008 quibus
2528 1940 2792 2008 scriptum
2817 1946 2899 1992 est
2927 1939 2978 1992 in
3007 1938 3204 1993 Genesi
3225 1938 3268 1972 6’
3297 1957 3309 1992 :
3347 1956 3365 1988 ι
3399 1936 3466 1990 Ει
3495 1938 3811 2006 suspiciens

2213 2029 2383 2086 Jacob
2413 2029 2549 2085 vidit
2581 2041 2764 2085 castra
2799 2031 2890 2085 Dei
2934 2031 2986 2084 in
3019 2041 3317 2101 apparatu,
3357 2038 3412 2086 et
3445 2038 3813 2086 occurrerunt

2216 2121 2291 2175 illi
2321 2122 2498 2192 angeli
2536 2123 2660 2186 Dei,
2725 2135 2779 2177 et
2807 2123 2943 2177 dixit
2975 2123 3142 2178 Jacob
3173 2138 3295 2178 cum
3326 2123 3531 2178 videret
3561 2126 3813 2187 eos,Ca-

2215 2220 2327 2268 stra
2352 2212 2445 2269 Dei
2475 2224 2602 2269 sunt.
2629 2215 2766 2270 haec.
2804 2233 2822 2268 ι
2855 2215 3020 2270 Extra
3050 2215 3140 2270 illa
3174 2231 3306 2285 ergo
3336 2225 3516 2270 castra
3552 2214 3808 2270 coelestia

2216 2315 2306 2362 est
2335 2307 2536 2374 omnis,
2567 2311 2624 2363 in
2659 2324 2768 2380 quo
2804 2309 3114 2364 habitamus
3145 2326 3275 2374 nos,
3313 2310 3464 2364 locus
3493 2309 3598 2362 iste
3631 2317 3808 2363 terre-

2216 2415 2355 2463 nus,
2395 2399 2448 2452 in
2497 2413 2604 2467 quo
2655 2398 2709 2452 in
2746 2412 2914 2453 carae
2953 2413 3148 2468 passus
3195 2408 3280 2453 est
3317 2397 3592 2453 Christus.
3647 2397 3807 2464 Quod

2215 2507 2346 2546 vero
2397 2491 2552 2556 dicit,
2595 2490 2722 2560 quia
2754 2506 2876 2545 cum
2929 2501 3172 2546 stercore
3217 2491 3471 2544 exuritur
3512 2499 3566 2544 et
3598 2490 3812 2543 intera-

2217 2582 2335 2637 neis
2365 2621 2380 2647 ,
2427 2582 2549 2636 vide
2597 2596 2664 2636 ne
2711 2581 2852 2637 forte
2887 2585 2953 2637 ad
2991 2582 3454 2651 comparationem
3495 2581 3808 2636 cmlestimn

2215 2692 2510 2747 corporum
2542 2690 2738 2746 corpus
2769 2676 2911 2732 istud
2947 2678 3194 2731 humanae
3227 2686 3453 2739 naturai,
3485 2685 3702 2730 stercus
3735 2673 3805 2727 ﬁ-

2215 2769 2481 2839 guraliter
2523 2767 2845 2836 appelletur.
2893 2766 3063 2822 Terra
3111 2767 3257 2821 enim
3312 2775 3431 2831 est,
3465 2776 3520 2821 et
3552 2768 3618 2820 de
3649 2776 3798 2820 terra

2215 2870 2514 2930 sumptum.
2543 2859 2649 2915 Sed
2681 2870 2736 2916 et
2765 2861 3038 2930 cophinus
3067 2860 3157 2915 ille
3199 2859 3460 2915 stercoris
3491 2859 3581 2928 qui
3615 2860 3682 2914 ad
3714 2873 3811 2914 ra-

2216 2958 2364 3013 dices
2427 2957 2774 3012 succidenda:
2856 2956 3100 3011 ﬁculnea:
3155 2956 3429 3022 mittitur,
3479 2957 3606 3024 quid
3653 2954 3806 3008 aliud

2218 3068 2380 3120 quam
2435 3051 2750 3122 mysterium
2790 3062 3058 3119 susceptae
3083 3049 3134 3103 in
3173 3063 3402 3116 corpore
3437 3049 3806 3117 dispensatio-

2218 3148 2302 3202 nis
2350 3145 2633 3200 ostendit?
2678 3143 2790 3199 Nec
2841 3153 3022 3198 tamen
3069 3142 3118 3196 ei
3155 3143 3434 3196 interanea
3477 3141 3670 3196 deesse
3720 3143 3807 3196 di-

2219 3247 2439 3291 cuntur.
2471 3234 2732 3303 Quamvis
2759 3235 2904 3289 enim
2931 3233 3088 3287 vilem
3122 3234 3264 3286 servi
3287 3233 3515 3302 gesserit
3545 3231 3803 3293 formam.

2217 3327 2496 3398 plenitudo
2543 3337 2725 3381 tamen
2781 3327 2833 3380 in
2879 3341 2946 3380 eo
2994 3325 3297 3379 divinitatis
3340 3325 3648 3378 habitabat.
3681 3323 3806 3379 Hzrc

2217 3421 2467 3492 quamvis
2517 3421 2777 3476 audacter
2825 3419 3074 3474 discussa
3121 3419 3271 3480 sint,
3315 3427 3493 3472 tamen
3527 3417 3653 3484 quia
3687 3416 3806 3487 (55)

2219 3510 2455 3566 ﬁdelium
2485 3526 2829 3583 quorumque
2865 3510 3061 3564 nutriri
3097 3524 3314 3579 semper
3360 3510 3426 3564 ad
3471 3509 3678 3577 majora
3709 3509 3804 3563 de-

2216 3602 2310 3658 bet
2339 3605 2554 3660 auditus
2579 3646 2594 3670 ,
2624 3605 2814 3660 eadem
2845 3617 3062 3672 quoque
3093 3604 3256 3657 etiam
3299 3605 3365 3658 de
3393 3602 3696 3676 Synagogze
3723 3604 3804 3660 vi-

2219 3697 2330 3751 tulo
2361 3698 2674 3762 accipienda
2711 3705 2858 3752 sunt.

2287 3790 2340 3844 4.
2376 3789 2433 3845 lu
2468 3792 2657 3847 morali
2691 3800 2872 3844 autem
2906 3791 3025 3843 loco
3061 3796 3238 3857 potest
3266 3787 3505 3856 pontifex
3542 3787 3646 3843 iste
3678 3803 3806 3844 sen-

2217 3902 2310 3943 sus
2356 3884 2576 3955 pietatis
2625 3892 2680 3936 et
2715 3879 2998 3949 religionis
3030 3878 3198 3932 videri
3228 3920 3242 3942 ,
3287 3880 3380 3947 qui
3425 3880 3480 3932 in
3512 3879 3675 3934 nobis
3708 3895 3806 3949 per

2217 3979 2493 4035 orationes
2521 3985 2575 4030 et
2601 3974 3011 4029 obsecrationes
3039 3984 3175 4037 quas
3196 3969 3303 4024 Deo
3332 3970 3631 4036 fundimus,
3658 3972 3806 4027 velut

2216 4071 2452 4142 quoniam
2491 4067 2806 4124 sacerdotio
2856 4066 3120 4135 fungitur.
3156 4062 3256 4116 llic
3285 4064 3328 4118 si
3359 4063 3410 4118 in
3449 4064 3633 4133 aliquo
3670 4065 3805 4121 deli-

2217 4163 2423 4234 querit,
2455 4176 2674 4216 onmem
2702 4160 2964 4214 continuo
2995 4159 3087 4228 qui
3119 4159 3261 4212 intra
3291 4173 3391 4212 nos
3423 4167 3507 4211 est
3535 4157 3801 4213 bonorum

2216 4268 2435 4313 actuum
2483 4268 2709 4324 peccare
2751 4252 3005 4323 populum
3054 4251 3204 4306 facit.
3249 4251 3435 4320 Neque
3482 4250 3630 4304 enim
3665 4252 3798 4305 recti

2215 4350 2399 4418 cperis
2425 4347 2630 4416 aliquid
2655 4345 2914 4416 gerimus,
2949 4359 3074 4400 cum
3105 4341 3158 4398 in
3184 4359 3411 4414 pravum
3438 4341 3802 4398 declinaverit

2634 4487 2679 4519 ⁶²
2708 4485 2906 4542 Genes.
2932 4502 3106 4552 xxxii,
3134 4485 3186 4551 1,
3221 4485 3278 4541 2.

605 4599 841 4676 (³5ίᾷ),ραὶ
871 4600 1009 4676 inter
1044 4599 1212 4676 Deum
1237 4609 1282 4653 et
1311 4600 1545 4676 Ito_mi_nes
1569 4601 1772 4676 medius
1791 4601 2004 4676 quidam
2031 4620 2112 4657 re-
2144 4605 2189 4661 D
2219 4621 2280 4670 v;
2320 4603 2866 4676 llieronymusepist.
2899 4603 3023 4668 128,
3049 4603 3199 4676 erat!
3230 4601 3538 4676 Dittlachitli,
3567 4575 3700 4676 cap;
3724 4613 3798 4664 ιι,

532 4669 1177 4742 propitiaturintervenit.
1214 4680 1321 4742 etc.
1356 4669 1768 4742 Eodcmrferme
1795 4669 1954 4742 modo
1986 4683 2112 4729 ante

534 4739 827 4809 Origenem
864 4741 1016 4793 Philo
1041 4739 1259 4794 Iudaeus
1291 4740 1531 4808 loquitur
1573 4741 1668 4794 lib.
1708 4758 1746 4795 ll
1785 4741 1859 4796 De
1891 4742 2115 4797 Meum--

533 4817 690 4884 cuia;
720 4811 972 4884 Βούλεται
999 4811 1090 4884 cev
1122 4811 1383 4884 ἀρχιερέᾳ
1407 4812 1435 4863 ὁ
1459 4811 1620 4882 νόμος
1638 4812 1897 4884 μείζονος
1929 4831 2122 4884 μεμοι-

536 4882 731 4956 ρᾷἱσοαι
757 4881 994 4956 fatigati);
1026 4881 1058 4952 ἢ
1093 4880 1233 4956 καξτᾲ
1282 4880 1594 4956 ἄνορῳιῖόγ,
1633 4880 2119 4956 ξγχυτεέ-ρωξςπροσ-

539 4952 682 5006 ἰόντα
723 4952 821 5020 τῆς
856 4952 1036 5016 θείας,
1087 4952 1367 5023 μεθόριον,
1407 4955 1454 5023 εἰ
1487 4952 1567 5005 δεῖ
1603 4952 1650 5004 τ’
1685 4952 1881 5022 ἀληθὲς
1911 4952 2112 5022 iam,

535 5026 756 5094 ἀμφοῖν,
794 5024 879 5094 ἵνα.
913 5022 1006 5094 διὰ
1028 5022 1384 5094 γμέσουτινὸς
1418 5022 1692 5094 ἄνθρωποι
1731 5023 1830 5093 μὲν
1867 5024 2119 5077 ἱλάσκων-

536 5041 756 5094 αμφοιν,
795 5041 879 5076 ινα.
913 5041 1001 5076 οια
1043 5041 1207 5092 μεσου
1241 5041 1384 5086 τινος
1418 5041 1692 5146 ανυξωποι
1731 5041 1830 5093 μεν
1867 5041 2117 5077 ιΑασκων-

536 5113 624 5148 ται
651 5093 803 5166 Θεὸν.
831 5093 963 5156 Θεὸς
993 5093 1050 5166 δὲ
1069 5094 1176 5166 -τὰς
1196 5094 1425 5164 χάριτας
1444 5095 1508 5146 ἀν
1551 5093 1752 5166 ρώπρις
1781 5095 2117 5166 ὑποδιακόνῳ

536 5166 646 5220 τι.νὶ
679 5163 956 5235 χρώμενος
989 5163 1158 5236 ὸρέγῃ
1195 5163 1286 5217 καὶ
1329 5163 1560 5236 χορηγῇέ
1608 5185 1624 5215 ι
1660 5163 1904 5216 Postulat
1946 5166 2026 5218 lex
2062 5163 2112 5218 in

540 5238 794 5305 pontifice
840 5245 1091 5288 naturam
1125 5239 1358 5288 humana
1393 5237 1671 5302 majorem,
1707 5244 1764 5286 ut
1787 5236 1884 5305 qui
1932 5237 1996 5286 ad
2032 5237 2113 5289 di-

539 5304 724 5359 vinam
755 5305 978 5373 propius
1004 5307 1260 5372 accedat,
1287 5307 1445 5368 situs,
1475 5307 1517 5360 si
1555 5319 1742 5358 vermu
1777 5304 1934 5358 fateri
1968 5305 2114 5370 licet,

542 5376 600 5430 in
630 5375 913 5442 utriusque
945 5375 1214 5439 conﬁnio,
1247 5385 1306 5430 ut
1352 5389 1448 5445 per
1492 5375 1844 5445 mediatorem
1880 5375 2116 5444 aliquem

544 5447 794 5501 homines
821 5445 1036 5514 quidem
1070 5445 1234 5499 Deum
1271 5444 1564 5514 prepitient
1590 5484 1606 5509 ,
1643 5444 1782 5500 Deus
1822 5460 1952 5500 vero
1986 5461 2118 5515 gra-

546 5516 649 5571 tias
676 5515 988 5587 hominibus
1009 5555 1027 5583 ,
1049 5515 1244 5587 aliquo
1273 5531 1404 5571 usus
1439 5515 1721 5587 ministro,
1754 5515 2002 5587 porrigat
2036 5524 2121 5587 at-

546 5600 652 5666 que
682 5584 977 5666 largiatur;
998 5604 1017 5638 ι
1048 5586 1124 5642 Ita
1153 5584 1376 5666 quoque
1405 5595 1600 5666 auctor
1629 5584 1851 5666 Canam.
1887 5584 2116 5654 apostol.

547 5654 644 5710 lib.
671 5671 730 5721 ll,
763 5654 883 5726 cap.
903 5655 1012 5726 H25;
1045 5654 1266 5712 sanctus
1292 5654 1527 5726 Basilius
1553 5654 1836 5726 Cofmtitut.
1864 5667 2114 5724 matiam,

548 5741 670 5795 cap.
715 5725 789 5782 22
824 5725 844 5788 ξ
889 5725 1308 5798 Chrysostomus
1355 5728 1406 5783 in
1445 5725 1567 5782 Vidi
1607 5725 1889 5782 Dominum
1923 5727 2114 5787 bomil.

2223 4667 2280 4730 et
2311 4676 2400 4728 alii
2431 4667 2654 4742 passim.
2681 4667 3071 4727 verumtamen
3103 4674 3437 4742 Augustinus
3465 4671 3630 4742 lib."
3659 4667 3799 4742 Cou-

2218 4756 2300 4799 tra
2332 4740 2766 4807 Parmenianum,
2800 4759 2918 4812 cap.
2945 4743 3000 4807 8,
3035 4759 3099 4798 ex
3133 4744 3149 4796 I
3178 4740 3417 4797 Timutb.
3442 4756 3520 4806 XI,
3548 4741 3604 4812 5,
3623 4740 3802 4806 arguit

2221 4832 2342 4870 eum
2389 4817 2723 4870 Donatistain
2754 4855 2769 4876 .
2813 4811 2954 4882 quod
2997 4815 3231 4883 quodam
3275 4813 3398 4868 loco
3446 4811 3798 4883 mediatorem

2229 4887 2456 4939 dixisset
2485 4886 2792 4952 episcopqu
2825 4879 2965 4939 inter
2997 4879 3247 4953 populum
3275 4892 3332 4937 et
3366 4883 3553 4936 Deum.
3591 4880 3695 4953 Sed
3726 4879 3800 4933 fa-

2227 4957 2329 5010 cile
2365 4958 2480 5010 hacc
2509 4951 2886 5009 conciliantur.
2923 4951 3082 5009 Solus
3117 4955 3400 5015 Christus,
3437 4953 3590 5005 aiunt
3643 4951 3800 5005 theo-

2225 5027 2350 5095 logi,
2387 5027 2650 5080 mediator
2687 5034 2771 5077 est
2805 5036 3010 5080 natura:
3039 5041 3104 5080 ac
3153 5023 3579 5095 redemptionis;
3611 5037 3797 5076 sacer-

2221 5094 2371 5150 dotes
2404 5107 2582 5150 autem
2615 5095 2942 5151 mediatores
2970 5107 3096 5151 sunt
3126 5094 3412 5149 ministerii
3443 5104 3498 5148 et
3532 5094 3796 5147 interces-

2217 5181 2405 5221 SIOIHS.

2289 5235 2630 5359 (gulCodex
2677 5235 2960 5307 Sangerm.
2989 5275 3004 5301 ,
3042 5254 3060 5286 ι
3097 5234 3313 5291 oﬁ'erre.
3351 5252 3369 5287 ι
3426 5232 3584 5288 Libb.
3617 5232 3793 5296 editi,

2289 5322 2305 5359 )
2349 5323 2451 5359 er.
2495 5326 2514 5359 ι

2219 5325 2239 5358 ‹
2273 5316 2451 5362 οιιθτι.
2495 5326 2514 5359 ι

2286 5378 2402 5450 (52)
2431 5377 2534 5444 Qui
2557 5379 2612 5432 in
2641 5378 2784 5450 egetis
2811 5377 3018 5450 quidem
3054 5391 3158 5450 non
3189 5391 3287 5450 pro
3312 5382 3551 5450 peccato,
3581 5374 3672 5450 sed
3696 5387 3792 5439 pro

2213 5443 2428 5503 munere
2451 5443 2468 5515 ,
2493 5458 2602 5504 etc.
2649 5448 2785 5504 Vide
2820 5443 3074 5505 Huetium
3104 5445 3552 5518 Origenianorttm
3602 5443 3698 5498 lib.
3727 5456 3790 5509 tt,

2214 5527 2405 5589 quaest.
2432 5519 2486 5581 5,
2521 5535 2668 5574 num.
2696 5519 2789 5573 24.

2285 5589 2752 5662 (375)7Particulauc
2784 5588 2932 5662 quia.
2967 5609 2984 5640 ι
3017 5587 3169 5644 deest
3205 5587 3447 5662 in_antea
3477 5583 3664 5651 editis,
3693 5581 3791 5640 sed

2215 5656 2522 5719 restituitur
2551 5675 2580 5717 ε
2613 5656 2815 5717 codice
2829 5656 3308 5730 Sangermaneusi.
