  <div class='ocr_page' id='page_1' title='image "/cluster/home/n/w/nwhite01/storage/ocr_20150623/12/mdp.39015028786690/218.png"; bbox 0 0 4024 6146; ppageno 0'>
   <div class='ocr_carea' id='block_1_1' title="bbox 213 229 343 292">
    <p class='ocr_par' dir='ltr' id='par_1_1' title="bbox 213 229 343 292">
     <span class='ocr_line' id='line_1_1' title="bbox 213 229 343 292; baseline -0.077 1"><span class='ocrx_word' id='word_1_1' title='bbox 213 229 343 292; x_wconf 69' lang='grc'><strong>411</strong></span> 
     </span>
    </p>
   </div>
   <div class='ocr_carea' id='block_1_2' title="bbox 1439 229 2350 293">
    <p class='ocr_par' dir='ltr' id='par_1_2' title="bbox 1439 229 2350 293">
     <span class='ocr_line' id='line_1_2' title="bbox 1439 229 2350 293; baseline 0.007 -6"><span class='ocrx_word' id='word_1_2' title='bbox 1439 230 1509 288; x_wconf 82' lang='lat' dir='ltr'><strong>IN</strong></span> <span class='ocrx_word' id='word_1_3' title='bbox 1545 229 1926 290; x_wconf 77' lang='lat' dir='ltr'><strong>LEVITICUM</strong></span> <span class='ocrx_word' id='word_1_4' title='bbox 1962 229 2249 291; x_wconf 79' lang='lat' dir='ltr'><strong>HOMILIA</strong></span> <span class='ocrx_word' id='word_1_5' title='bbox 2283 236 2350 293; x_wconf 85' lang='lat' dir='ltr'><strong>II.</strong></span> 
     </span>
    </p>
   </div>
   <div class='ocr_carea' id='block_1_3' title="bbox 3436 247 3544 306">
    <p class='ocr_par' dir='ltr' id='par_1_3' title="bbox 3436 247 3544 306">
     <span class='ocr_line' id='line_1_3' title="bbox 3436 247 3544 306; baseline 0.028 -3"><span class='ocrx_word' id='word_1_6' title='bbox 3436 247 3544 306; x_wconf 72' lang='grc'><strong>418</strong></span> 
     </span>
    </p>
   </div>
   <div class='ocr_carea' id='block_1_4' title="bbox 214 348 3538 435">
    <p class='ocr_par' dir='ltr' id='par_1_4' title="bbox 214 348 3538 435">
     <span class='ocr_line' id='line_1_4' title="bbox 214 348 3538 435; baseline 0.004 -27"><span class='ocrx_word' id='word_1_7' title='bbox 214 353 351 408; x_wconf 79' lang='lat' dir='ltr'><strong>dux</strong></span> <span class='ocrx_word' id='word_1_8' title='bbox 409 348 681 407; x_wconf 86' lang='lat' dir='ltr'><strong>bonorum</strong></span> <span class='ocrx_word' id='word_1_9' title='bbox 732 365 994 423; x_wconf 85' lang='lat' dir='ltr'><strong>operum,</strong></span> <span class='ocrx_word' id='word_1_10' title='bbox 1043 366 1238 408; x_wconf 82' lang='lat' dir='ltr'><strong>sensus</strong></span> <span class='ocrx_word' id='word_1_11' title='bbox 1261 391 1278 416; x_wconf 93' lang='lat'><strong>,</strong></span> <span class='ocrx_word' id='word_1_12' title='bbox 1312 361 1369 407; x_wconf 91' lang='lat' dir='ltr'><strong>et</strong></span> <span class='ocrx_word' id='word_1_13' title='bbox 1406 351 1532 409; x_wconf 90' lang='lat' dir='ltr'><strong>ideo</strong></span> <span class='ocrx_word' id='word_1_14' title='bbox 1577 353 1645 409; x_wconf 90' lang='lat' dir='ltr'><strong>ad</strong></span> <span class='ocrx_word' id='word_1_15' title='bbox 1683 349 1844 421; x_wconf 87' lang='lat' dir='ltr'><strong>hujus</strong></span> <span class='ocrx_word' id='word_1_16' title='bbox 1873 356 1921 415; x_wconf 78' lang='grc' dir='ltr'><strong>Α</strong></span> <span class='ocrx_word' id='word_1_17' title='bbox 1953 371 2049 411; x_wconf 89' lang='lat' dir='ltr'><strong>nes</strong></span> <span class='ocrx_word' id='word_1_18' title='bbox 2078 365 2433 427; x_wconf 79' lang='lat' dir='ltr'><strong>peccatorum</strong></span> <span class='ocrx_word' id='word_1_19' title='bbox 2470 355 2523 413; x_wconf 91' lang='lat' dir='ltr'><strong>in</strong></span> <span class='ocrx_word' id='word_1_20' title='bbox 2552 355 2884 431; x_wconf 88' lang='lat' dir='ltr'><strong>Evangeliis.</strong></span> <span class='ocrx_word' id='word_1_21' title='bbox 2924 358 3020 416; x_wconf 87' lang='lat' dir='ltr'><strong>Est</strong></span> <span class='ocrx_word' id='word_1_22' title='bbox 3048 360 3152 417; x_wconf 88' lang='lat' dir='ltr'><strong>ista</strong></span> <span class='ocrx_word' id='word_1_23' title='bbox 3180 361 3354 432; x_wconf 90' lang='lat' dir='ltr'><strong>prima</strong></span> <span class='ocrx_word' id='word_1_24' title='bbox 3379 405 3395 431; x_wconf 90' lang='lat'><strong>,</strong></span> <span class='ocrx_word' id='word_1_25' title='bbox 3429 380 3538 435; x_wconf 88' lang='lat' dir='ltr'><strong>qua</strong></span> 
     </span>
    </p>
   </div>
   <div class='ocr_carea' id='block_1_5' title="bbox 212 440 1848 516">
    <p class='ocr_par' dir='ltr' id='par_1_5' title="bbox 212 440 1848 516">
     <span class='ocr_line' id='line_1_5' title="bbox 212 440 1848 516; baseline 0.002 -18"><span class='ocrx_word' id='word_1_26' title='bbox 212 440 698 499; x_wconf 74' lang='lat' dir='ltr'><strong>emendationem</strong></span> <span class='ocrx_word' id='word_1_27' title='bbox 725 457 836 499; x_wconf 90' lang='lat' dir='ltr'><strong>non</strong></span> <span class='ocrx_word' id='word_1_28' title='bbox 870 441 1272 513; x_wconf 82' lang='lat' dir='ltr'><strong>qualiscunque</strong></span> <span class='ocrx_word' id='word_1_29' title='bbox 1300 442 1503 508; x_wconf 87' lang='lat' dir='ltr'><strong>hostia,</strong></span> <span class='ocrx_word' id='word_1_30' title='bbox 1546 445 1641 500; x_wconf 87' lang='lat' dir='ltr'><strong>sed</strong></span> <span class='ocrx_word' id='word_1_31' title='bbox 1675 445 1848 516; x_wconf 83' lang='lat' dir='ltr'><strong>ipsius</strong></span> 
     </span>
    </p>
   </div>
   <div class='ocr_carea' id='block_1_6' title="bbox 214 533 1847 605">
    <p class='ocr_par' dir='ltr' id='par_1_6' title="bbox 214 533 1847 605">
     <span class='ocr_line' id='line_1_6' title="bbox 214 533 1847 605; baseline 0.002 -15"><span class='ocrx_word' id='word_1_32' title='bbox 214 533 487 605; x_wconf 79' lang='lat' dir='ltr'><strong>saginati</strong></span> <span class='ocrx_word' id='word_1_33' title='bbox 530 533 690 589; x_wconf 91' lang='lat' dir='ltr'><strong>vituli</strong></span> <span class='ocrx_word' id='word_1_34' title='bbox 737 534 1043 605; x_wconf 81' lang='lat' dir='ltr'><strong>requiritur</strong></span> <span class='ocrx_word' id='word_1_35' title='bbox 1093 535 1447 591; x_wconf 83' lang='lat' dir='ltr'><strong>sacriﬁcium.</strong></span> <span class='ocrx_word' id='word_1_36' title='bbox 1491 534 1758 593; x_wconf 89' lang='lat' dir='ltr'><strong>Similiter</strong></span> <span class='ocrx_word' id='word_1_37' title='bbox 1789 545 1847 593; x_wconf 88' lang='lat' dir='ltr'><strong>et</strong></span> 
     </span>
    </p>
   </div>
   <div class='ocr_carea' id='block_1_7' title="bbox 218 626 1846 698">
    <p class='ocr_par' dir='ltr' id='par_1_7' title="bbox 218 626 1846 698">
     <span class='ocr_line' id='line_1_7' title="bbox 218 626 1846 698; baseline 0.002 -17"><span class='ocrx_word' id='word_1_38' title='bbox 218 626 552 698; x_wconf 68' lang='lat' dir='ltr'><strong>Synagogze</strong></span> <span class='ocrx_word' id='word_1_39' title='bbox 591 626 781 698; x_wconf 90' lang='lat' dir='ltr'><strong>culpa,</strong></span> <span class='ocrx_word' id='word_1_40' title='bbox 824 628 927 683; x_wconf 88' lang='lat' dir='ltr'><strong>boc</strong></span> <span class='ocrx_word' id='word_1_41' title='bbox 980 634 1086 695; x_wconf 90' lang='lat' dir='ltr'><strong>est,</strong></span> <span class='ocrx_word' id='word_1_42' title='bbox 1118 628 1361 684; x_wconf 89' lang='lat' dir='ltr'><strong>omnium</strong></span> <span class='ocrx_word' id='word_1_43' title='bbox 1409 641 1532 698; x_wconf 75' lang='lat' dir='ltr'><strong>qua:</strong></span> <span class='ocrx_word' id='word_1_44' title='bbox 1572 627 1716 684; x_wconf 89' lang='lat' dir='ltr'><strong>intra</strong></span> <span class='ocrx_word' id='word_1_45' title='bbox 1744 642 1846 685; x_wconf 89' lang='lat' dir='ltr'><strong>nos</strong></span> 
     </span>
    </p>
   </div>
   <div class='ocr_carea' id='block_1_8' title="bbox 216 719 1846 791">
    <p class='ocr_par' dir='ltr' id='par_1_8' title="bbox 216 719 1846 791">
     <span class='ocr_line' id='line_1_8' title="bbox 216 719 1846 791; baseline 0.002 -18"><span class='ocrx_word' id='word_1_46' title='bbox 216 730 376 774; x_wconf 81' lang='lat' dir='ltr'><strong>sunt</strong></span> <span class='ocrx_word' id='word_1_47' title='bbox 400 719 670 774; x_wconf 89' lang='lat' dir='ltr'><strong>virtutum</strong></span> <span class='ocrx_word' id='word_1_48' title='bbox 703 719 1037 786; x_wconf 86' lang='lat' dir='ltr'><strong>emendatio,</strong></span> <span class='ocrx_word' id='word_1_49' title='bbox 1068 734 1178 775; x_wconf 90' lang='lat' dir='ltr'><strong>non</strong></span> <span class='ocrx_word' id='word_1_50' title='bbox 1207 719 1370 776; x_wconf 89' lang='lat' dir='ltr'><strong>aliter</strong></span> <span class='ocrx_word' id='word_1_51' title='bbox 1392 735 1556 791; x_wconf 86' lang='lat' dir='ltr'><strong>quam</strong></span> <span class='ocrx_word' id='word_1_52' title='bbox 1590 734 1655 775; x_wconf 76' lang='lat' dir='ltr'><strong>ex</strong></span> <span class='ocrx_word' id='word_1_53' title='bbox 1683 719 1846 776; x_wconf 87' lang='lat' dir='ltr'><strong>Chri-</strong></span> 
     </span>
    </p>
   </div>
   <div class='ocr_carea' id='block_1_9' title="bbox 221 812 1847 886">
    <p class='ocr_par' dir='ltr' id='par_1_9' title="bbox 221 812 1847 886">
     <span class='ocr_line' id='line_1_9' title="bbox 221 812 1847 886; baseline 0.002 -18"><span class='ocrx_word' id='word_1_54' title='bbox 221 814 301 868; x_wconf 85' lang='lat' dir='ltr'><strong>sti</strong></span> <span class='ocrx_word' id='word_1_55' title='bbox 334 812 782 870; x_wconf 84' lang='lat' dir='ltr'><strong>mortiﬁcatione</strong></span> <span class='ocrx_word' id='word_1_56' title='bbox 808 824 1120 885; x_wconf 84' lang='lat' dir='ltr'><strong>reparatur.</strong></span> <span class='ocrx_word' id='word_1_57' title='bbox 1158 813 1216 870; x_wconf 87' lang='lat' dir='ltr'><strong>Si</strong></span> <span class='ocrx_word' id='word_1_58' title='bbox 1249 828 1380 871; x_wconf 86' lang='lat' dir='ltr'><strong>vero</strong></span> <span class='ocrx_word' id='word_1_59' title='bbox 1409 814 1667 886; x_wconf 82' lang='lat' dir='ltr'><strong>princeps</strong></span> <span class='ocrx_word' id='word_1_60' title='bbox 1690 856 1710 884; x_wconf 90' lang='lat'><strong>,</strong></span> <span class='ocrx_word' id='word_1_61' title='bbox 1760 815 1847 871; x_wconf 84' lang='lat' dir='ltr'><strong>in-</strong></span> 
     </span>
    </p>
   </div>
   <div class='ocr_carea' id='block_1_10' title="bbox 221 903 1840 977">
    <p class='ocr_par' dir='ltr' id='par_1_10' title="bbox 221 903 1840 977">
     <span class='ocr_line' id='line_1_10' title="bbox 221 903 1840 977; baseline 0.002 -18"><span class='ocrx_word' id='word_1_62' title='bbox 221 904 357 972; x_wconf 82' lang='lat' dir='ltr'><strong>quit</strong></span> <span class='ocrx_word' id='word_1_63' title='bbox 390 903 478 970; x_wconf 74' lang='lat'><strong>“,</strong></span> <span class='ocrx_word' id='word_1_64' title='bbox 518 906 854 975; x_wconf 82' lang='lat' dir='ltr'><strong>peccaverit,</strong></span> <span class='ocrx_word' id='word_1_65' title='bbox 886 905 1100 961; x_wconf 84' lang='lat' dir='ltr'><strong>hircum</strong></span> <span class='ocrx_word' id='word_1_66' title='bbox 1143 904 1339 962; x_wconf 72' lang='lat' dir='ltr'><strong>offeret</strong></span> <span class='ocrx_word' id='word_1_67' title='bbox 1369 903 1484 977; x_wconf 77' lang='grc'>(34)</span> <span class='ocrx_word' id='word_1_68' title='bbox 1527 919 1593 961; x_wconf 82' lang='lat' dir='ltr'><strong>ex</strong></span> <span class='ocrx_word' id='word_1_69' title='bbox 1639 907 1840 975; x_wconf 88' lang='lat' dir='ltr'><strong>capris.</strong></span> 
     </span>
    </p>
   </div>
   <div class='ocr_carea' id='block_1_11' title="bbox 222 997 1845 1068">
    <p class='ocr_par' dir='ltr' id='par_1_11' title="bbox 222 997 1845 1068">
     <span class='ocr_line' id='line_1_11' title="bbox 222 997 1845 1068; baseline 0.001 -16"><span class='ocrx_word' id='word_1_70' title='bbox 222 997 515 1068; x_wconf 82' lang='lat' dir='ltr'><strong>Princeps</strong></span> <span class='ocrx_word' id='word_1_71' title='bbox 560 998 666 1054; x_wconf 71' lang='lat' dir='ltr'><strong>iste</strong></span> <span class='ocrx_word' id='word_1_72' title='bbox 715 1006 895 1068; x_wconf 80' lang='lat' dir='ltr'><strong>potest</strong></span> <span class='ocrx_word' id='word_1_73' title='bbox 917 997 1097 1053; x_wconf 88' lang='lat' dir='ltr'><strong>videri</strong></span> <span class='ocrx_word' id='word_1_74' title='bbox 1122 997 1208 1053; x_wconf 86' lang='lat' dir='ltr'><strong>vis</strong></span> <span class='ocrx_word' id='word_1_75' title='bbox 1251 997 1480 1053; x_wconf 87' lang='lat' dir='ltr'><strong>rationis</strong></span> <span class='ocrx_word' id='word_1_76' title='bbox 1528 1013 1652 1068; x_wconf 77' lang='lat' dir='ltr'><strong>qua:</strong></span> <span class='ocrx_word' id='word_1_77' title='bbox 1700 997 1845 1054; x_wconf 89' lang='lat' dir='ltr'><strong>intra</strong></span> 
     </span>
    </p>
   </div>
   <div class='ocr_carea' id='block_1_12' title="bbox 228 1089 1841 1161">
    <p class='ocr_par' dir='ltr' id='par_1_12' title="bbox 228 1089 1841 1161">
     <span class='ocr_line' id='line_1_12' title="bbox 228 1089 1841 1161; baseline 0 -16"><span class='ocrx_word' id='word_1_78' title='bbox 228 1105 342 1145; x_wconf 86' lang='lat' dir='ltr'><strong>nos</strong></span> <span class='ocrx_word' id='word_1_79' title='bbox 375 1100 487 1145; x_wconf 87' lang='lat' dir='ltr'><strong>est.</strong></span> <span class='ocrx_word' id='word_1_80' title='bbox 516 1089 648 1157; x_wconf 80' lang='lat' dir='ltr'><strong>Qua:</strong></span> <span class='ocrx_word' id='word_1_81' title='bbox 680 1090 726 1144; x_wconf 92' lang='lat' dir='ltr'><strong>si</strong></span> <span class='ocrx_word' id='word_1_82' title='bbox 756 1098 945 1158; x_wconf 90' lang='lat' dir='ltr'><strong>peccet</strong></span> <span class='ocrx_word' id='word_1_83' title='bbox 976 1090 1032 1144; x_wconf 90' lang='lat' dir='ltr'><strong>in</strong></span> <span class='ocrx_word' id='word_1_84' title='bbox 1068 1089 1260 1154; x_wconf 91' lang='lat' dir='ltr'><strong>nobis,</strong></span> <span class='ocrx_word' id='word_1_85' title='bbox 1287 1098 1343 1145; x_wconf 91' lang='lat' dir='ltr'><strong>et</strong></span> <span class='ocrx_word' id='word_1_86' title='bbox 1369 1089 1594 1144; x_wconf 88' lang='lat' dir='ltr'><strong>stultum</strong></span> <span class='ocrx_word' id='word_1_87' title='bbox 1638 1091 1841 1161; x_wconf 85' lang='lat' dir='ltr'><strong>aliquid</strong></span> 
     </span>
    </p>
   </div>
   <div class='ocr_carea' id='block_1_13' title="bbox 227 1179 1844 1253">
    <p class='ocr_par' dir='ltr' id='par_1_13' title="bbox 227 1179 1844 1253">
     <span class='ocr_line' id='line_1_13' title="bbox 227 1179 1844 1253; baseline 0.001 -18"><span class='ocrx_word' id='word_1_88' title='bbox 227 1197 498 1253; x_wconf 82' lang='lat' dir='ltr'><strong>agamus,</strong></span> <span class='ocrx_word' id='word_1_89' title='bbox 520 1182 956 1253; x_wconf 79' lang='lat' dir='ltr'><strong>pertimescenda</strong></span> <span class='ocrx_word' id='word_1_90' title='bbox 992 1183 1154 1237; x_wconf 79' lang='lat' dir='ltr'><strong>nobis</strong></span> <span class='ocrx_word' id='word_1_91' title='bbox 1186 1193 1271 1237; x_wconf 88' lang='lat' dir='ltr'><strong>est</strong></span> <span class='ocrx_word' id='word_1_92' title='bbox 1300 1179 1392 1234; x_wconf 85' lang='lat' dir='ltr'><strong>illa</strong></span> <span class='ocrx_word' id='word_1_93' title='bbox 1423 1184 1696 1239; x_wconf 85' lang='lat' dir='ltr'><strong>sententia</strong></span> <span class='ocrx_word' id='word_1_94' title='bbox 1724 1183 1844 1238; x_wconf 89' lang='lat' dir='ltr'><strong>Sal-</strong></span> 
     </span>
    </p>
   </div>
   <div class='ocr_carea' id='block_1_14' title="bbox 226 1272 1842 1345">
    <p class='ocr_par' dir='ltr' id='par_1_14' title="bbox 226 1272 1842 1345">
     <span class='ocr_line' id='line_1_14' title="bbox 226 1272 1842 1345; baseline 0.004 -21"><span class='ocrx_word' id='word_1_95' title='bbox 226 1274 480 1337; x_wconf 76' lang='lat' dir='ltr'><strong>vatoris,</strong></span> <span class='ocrx_word' id='word_1_96' title='bbox 512 1289 635 1345; x_wconf 68' lang='lat' dir='ltr'><strong>quae</strong></span> <span class='ocrx_word' id='word_1_97' title='bbox 663 1274 799 1328; x_wconf 87' lang='lat' dir='ltr'><strong>dicit</strong></span> <span class='ocrx_word' id='word_1_98' title='bbox 831 1272 877 1304; x_wconf 78' lang='lat'><strong>“</strong></span> <span class='ocrx_word' id='word_1_99' title='bbox 908 1292 923 1329; x_wconf 89' lang='lat'><strong>:</strong></span> <span class='ocrx_word' id='word_1_100' title='bbox 960 1292 977 1325; x_wconf 76' lang='grc' dir='ltr'>ι</span> <span class='ocrx_word' id='word_1_101' title='bbox 1016 1272 1126 1329; x_wconf 77' lang='lat' dir='ltr'><strong>Vos</strong></span> <span class='ocrx_word' id='word_1_102' title='bbox 1154 1275 1288 1329; x_wconf 86' lang='lat' dir='ltr'><strong>estis</strong></span> <span class='ocrx_word' id='word_1_103' title='bbox 1325 1276 1410 1329; x_wconf 88' lang='lat' dir='ltr'><strong>sal</strong></span> <span class='ocrx_word' id='word_1_104' title='bbox 1439 1286 1618 1330; x_wconf 69' lang='lat' dir='ltr'><strong>terrae.</strong></span> <span class='ocrx_word' id='word_1_105' title='bbox 1651 1273 1710 1330; x_wconf 91' lang='lat' dir='ltr'><strong>Si</strong></span> <span class='ocrx_word' id='word_1_106' title='bbox 1742 1292 1842 1330; x_wconf 88' lang='lat' dir='ltr'><strong>au-</strong></span> 
     </span>
    </p>
   </div>
   <div class='ocr_carea' id='block_1_15' title="bbox 227 1363 1844 1432">
    <p class='ocr_par' dir='ltr' id='par_1_15' title="bbox 227 1363 1844 1432">
     <span class='ocr_line' id='line_1_15' title="bbox 227 1363 1844 1432; baseline 0.002 -14"><span class='ocrx_word' id='word_1_107' title='bbox 227 1376 347 1420; x_wconf 84' lang='lat' dir='ltr'><strong>tem</strong></span> <span class='ocrx_word' id='word_1_108' title='bbox 379 1364 468 1421; x_wconf 88' lang='lat' dir='ltr'><strong>sal</strong></span> <span class='ocrx_word' id='word_1_109' title='bbox 505 1363 837 1420; x_wconf 82' lang='lat' dir='ltr'><strong>infatuatum</strong></span> <span class='ocrx_word' id='word_1_110' title='bbox 884 1364 1074 1432; x_wconf 79' lang='lat' dir='ltr'><strong>fuerit,</strong></span> <span class='ocrx_word' id='word_1_111' title='bbox 1116 1365 1184 1420; x_wconf 88' lang='lat' dir='ltr'><strong>ad</strong></span> <span class='ocrx_word' id='word_1_112' title='bbox 1217 1366 1446 1422; x_wconf 87' lang='lat' dir='ltr'><strong>nihilum</strong></span> <span class='ocrx_word' id='word_1_113' title='bbox 1477 1365 1621 1422; x_wconf 88' lang='lat' dir='ltr'><strong>valet</strong></span> <span class='ocrx_word' id='word_1_114' title='bbox 1648 1367 1751 1421; x_wconf 90' lang='lat' dir='ltr'><strong>nisi</strong></span> <span class='ocrx_word' id='word_1_115' title='bbox 1780 1376 1844 1421; x_wconf 93' lang='lat' dir='ltr'><strong>ut</strong></span> 
     </span>
    </p>
   </div>
   <div class='ocr_carea' id='block_1_16' title="bbox 226 1456 1835 1531">
    <p class='ocr_par' dir='ltr' id='par_1_16' title="bbox 226 1456 1835 1531">
     <span class='ocr_line' id='line_1_16' title="bbox 226 1456 1835 1531; baseline -0.002 -17"><span class='ocrx_word' id='word_1_116' title='bbox 226 1459 573 1531; x_wconf 83' lang='lat' dir='ltr'><strong>projiciatur</strong></span> <span class='ocrx_word' id='word_1_117' title='bbox 611 1456 762 1513; x_wconf 83' lang='lat' dir='ltr'><strong>foras</strong></span> <span class='ocrx_word' id='word_1_118' title='bbox 787 1498 802 1522; x_wconf 89' lang='lat'><strong>,</strong></span> <span class='ocrx_word' id='word_1_119' title='bbox 842 1468 896 1514; x_wconf 92' lang='lat' dir='ltr'><strong>et</strong></span> <span class='ocrx_word' id='word_1_120' title='bbox 929 1457 1285 1514; x_wconf 88' lang='lat' dir='ltr'><strong>conculcetur</strong></span> <span class='ocrx_word' id='word_1_121' title='bbox 1331 1462 1401 1513; x_wconf 91' lang='lat' dir='ltr'><strong>ab</strong></span> <span class='ocrx_word' id='word_1_122' title='bbox 1446 1457 1779 1514; x_wconf 85' lang='lat' dir='ltr'><strong>hominibus.</strong></span> <span class='ocrx_word' id='word_1_123' title='bbox 1815 1476 1835 1511; x_wconf 83' lang='grc'>›</span> 
     </span>
    </p>
   </div>
   <div class='ocr_carea' id='block_1_17' title="bbox 230 1548 1838 1622">
    <p class='ocr_par' dir='ltr' id='par_1_17' title="bbox 230 1548 1838 1622">
     <span class='ocr_line' id='line_1_17' title="bbox 230 1548 1838 1622; baseline -0.003 -16"><span class='ocrx_word' id='word_1_124' title='bbox 230 1552 417 1608; x_wconf 81' lang='lat' dir='ltr'><strong>Habet</strong></span> <span class='ocrx_word' id='word_1_125' title='bbox 453 1566 590 1622; x_wconf 84' lang='lat' dir='ltr'><strong>ergo</strong></span> <span class='ocrx_word' id='word_1_126' title='bbox 616 1561 673 1605; x_wconf 88' lang='lat' dir='ltr'><strong>et</strong></span> <span class='ocrx_word' id='word_1_127' title='bbox 697 1549 800 1604; x_wconf 85' lang='lat' dir='ltr'><strong>iste</strong></span> <span class='ocrx_word' id='word_1_128' title='bbox 828 1548 1061 1603; x_wconf 89' lang='lat' dir='ltr'><strong>hostiam</strong></span> <span class='ocrx_word' id='word_1_129' title='bbox 1084 1564 1259 1605; x_wconf 90' lang='lat' dir='ltr'><strong>suam.</strong></span> <span class='ocrx_word' id='word_1_130' title='bbox 1286 1550 1392 1603; x_wconf 92' lang='lat' dir='ltr'><strong>Sed</strong></span> <span class='ocrx_word' id='word_1_131' title='bbox 1415 1559 1471 1604; x_wconf 89' lang='lat' dir='ltr'><strong>et</strong></span> <span class='ocrx_word' id='word_1_132' title='bbox 1497 1548 1681 1603; x_wconf 86' lang='lat' dir='ltr'><strong>anima</strong></span> <span class='ocrx_word' id='word_1_133' title='bbox 1708 1562 1838 1613; x_wconf 90' lang='lat' dir='ltr'><strong>una,</strong></span> 
     </span>
    </p>
   </div>
   <div class='ocr_carea' id='block_1_18' title="bbox 227 1640 1842 1712">
    <p class='ocr_par' dir='ltr' id='par_1_18' title="bbox 227 1640 1842 1712">
     <span class='ocr_line' id='line_1_18' title="bbox 227 1640 1842 1712; baseline -0.002 -15"><span class='ocrx_word' id='word_1_134' title='bbox 227 1643 424 1712; x_wconf 86' lang='lat' dir='ltr'><strong>inquit</strong></span> <span class='ocrx_word' id='word_1_135' title='bbox 453 1641 534 1709; x_wconf 81' lang='grc'><strong>⁸⁸,</strong></span> <span class='ocrx_word' id='word_1_136' title='bbox 563 1641 609 1698; x_wconf 87' lang='lat' dir='ltr'><strong>si</strong></span> <span class='ocrx_word' id='word_1_137' title='bbox 641 1642 973 1712; x_wconf 79' lang='lat' dir='ltr'><strong>peccaverit,</strong></span> <span class='ocrx_word' id='word_1_138' title='bbox 1011 1654 1232 1709; x_wconf 87' lang='lat' dir='ltr'><strong>capram</strong></span> <span class='ocrx_word' id='word_1_139' title='bbox 1281 1640 1541 1695; x_wconf 77' lang='lat' dir='ltr'><strong>feminam</strong></span> <span class='ocrx_word' id='word_1_140' title='bbox 1587 1640 1842 1694; x_wconf 85' lang='lat' dir='ltr'><strong>similiter</strong></span> 
     </span>
    </p>
   </div>
   <div class='ocr_carea' id='block_1_19' title="bbox 1949 449 3537 522">
    <p class='ocr_par' dir='ltr' id='par_1_19' title="bbox 1949 449 3537 522">
     <span class='ocr_line' id='line_1_19' title="bbox 1949 449 3537 522; baseline 0.005 -17"><span class='ocrx_word' id='word_1_141' title='bbox 1949 449 2293 517; x_wconf 87' lang='lat' dir='ltr'><strong>baptizamur</strong></span> <span class='ocrx_word' id='word_1_142' title='bbox 2336 449 2390 504; x_wconf 93' lang='lat' dir='ltr'><strong>in</strong></span> <span class='ocrx_word' id='word_1_143' title='bbox 2425 450 2813 507; x_wconf 85' lang='lat' dir='ltr'><strong>remissionem</strong></span> <span class='ocrx_word' id='word_1_144' title='bbox 2858 463 3233 522; x_wconf 87' lang='lat' dir='ltr'><strong>peccatorum.</strong></span> <span class='ocrx_word' id='word_1_145' title='bbox 3282 454 3537 514; x_wconf 88' lang='lat' dir='ltr'><strong>Secunda</strong></span> 
     </span>
    </p>
   </div>
   <div class='ocr_carea' id='block_1_20' title="bbox 1949 538 3537 618">
    <p class='ocr_par' dir='ltr' id='par_1_20' title="bbox 1949 538 3537 618">
     <span class='ocr_line' id='line_1_20' title="bbox 1949 538 3537 618; baseline 0.008 -25"><span class='ocrx_word' id='word_1_146' title='bbox 1949 538 2201 594; x_wconf 84' lang='lat' dir='ltr'><strong>remissio</strong></span> <span class='ocrx_word' id='word_1_147' title='bbox 2234 547 2318 593; x_wconf 87' lang='lat' dir='ltr'><strong>est</strong></span> <span class='ocrx_word' id='word_1_148' title='bbox 2355 539 2409 592; x_wconf 93' lang='lat' dir='ltr'><strong>in</strong></span> <span class='ocrx_word' id='word_1_149' title='bbox 2454 539 2710 608; x_wconf 86' lang='lat' dir='ltr'><strong>passione</strong></span> <span class='ocrx_word' id='word_1_150' title='bbox 2736 542 3009 612; x_wconf 88' lang='lat' dir='ltr'><strong>martyrii.</strong></span> <span class='ocrx_word' id='word_1_151' title='bbox 3056 542 3237 599; x_wconf 85' lang='lat' dir='ltr'><strong>Tertia</strong></span> <span class='ocrx_word' id='word_1_152' title='bbox 3279 554 3383 611; x_wconf 88' lang='lat' dir='ltr'><strong>est,</strong></span> <span class='ocrx_word' id='word_1_153' title='bbox 3413 562 3537 618; x_wconf 68' lang='lat' dir='ltr'><strong>quae</strong></span> 
     </span>
    </p>
   </div>
   <div class='ocr_carea' id='block_1_21' title="bbox 1946 629 3532 704">
    <p class='ocr_par' dir='ltr' id='par_1_21' title="bbox 1946 629 3532 704">
     <span class='ocr_line' id='line_1_21' title="bbox 1946 629 3532 704; baseline 0.009 -21"><span class='ocrx_word' id='word_1_154' title='bbox 1946 644 2047 701; x_wconf 90' lang='lat' dir='ltr'><strong>pro</strong></span> <span class='ocrx_word' id='word_1_155' title='bbox 2068 629 2411 703; x_wconf 86' lang='lat' dir='ltr'><strong>cleemosyna</strong></span> <span class='ocrx_word' id='word_1_156' title='bbox 2441 634 2603 686; x_wconf 87' lang='lat' dir='ltr'><strong>datur</strong></span> <span class='ocrx_word' id='word_1_157' title='bbox 2635 631 2773 704; x_wconf 79' lang='grc'>(58).</span> <span class='ocrx_word' id='word_1_158' title='bbox 2820 633 2963 689; x_wconf 91' lang='lat' dir='ltr'><strong>Dicit</strong></span> <span class='ocrx_word' id='word_1_159' title='bbox 2992 636 3137 689; x_wconf 90' lang='lat' dir='ltr'><strong>enim</strong></span> <span class='ocrx_word' id='word_1_160' title='bbox 3171 636 3425 695; x_wconf 81' lang='lat' dir='ltr'><strong>Salvator</strong></span> <span class='ocrx_word' id='word_1_161' title='bbox 3447 641 3532 697; x_wconf 67' lang='grc' dir='ltr'><strong>ηε</strong></span> 
     </span>
    </p>
   </div>
   <div class='ocr_carea' id='block_1_22' title="bbox 1951 719 3530 795">
    <p class='ocr_par' dir='ltr' id='par_1_22' title="bbox 1951 719 3530 795">
     <span class='ocr_line' id='line_1_22' title="bbox 1951 719 3530 795; baseline 0.009 -22"><span class='ocrx_word' id='word_1_162' title='bbox 1951 737 1973 772; x_wconf 72' lang='grc' dir='ltr'><strong><em>ι</em></strong></span> <span class='ocrx_word' id='word_1_163' title='bbox 2019 719 2403 779; x_wconf 85' lang='lat' dir='ltr'><strong>Verumtamen</strong></span> <span class='ocrx_word' id='word_1_164' title='bbox 2430 722 2556 778; x_wconf 84' lang='lat' dir='ltr'><strong>date</strong></span> <span class='ocrx_word' id='word_1_165' title='bbox 2587 724 3029 795; x_wconf 85' lang='lat' dir='ltr'><strong>eleemosynam,</strong></span> <span class='ocrx_word' id='word_1_166' title='bbox 3066 736 3123 782; x_wconf 87' lang='lat' dir='ltr'><strong>et</strong></span> <span class='ocrx_word' id='word_1_167' title='bbox 3165 743 3297 784; x_wconf 89' lang='lat' dir='ltr'><strong>ecce</strong></span> <span class='ocrx_word' id='word_1_168' title='bbox 3345 733 3530 788; x_wconf 89' lang='lat' dir='ltr'><strong>omnia</strong></span> 
     </span>
    </p>
   </div>
   <div class='ocr_carea' id='block_1_23' title="bbox 1946 813 3533 893">
    <p class='ocr_par' dir='ltr' id='par_1_23' title="bbox 1946 813 3533 893">
     <span class='ocr_line' id='line_1_23' title="bbox 1946 813 3533 893; baseline 0.009 -26"><span class='ocrx_word' id='word_1_169' title='bbox 1946 814 2151 868; x_wconf 87' lang='lat' dir='ltr'><strong>munda</strong></span> <span class='ocrx_word' id='word_1_170' title='bbox 2193 824 2321 869; x_wconf 89' lang='lat' dir='ltr'><strong>sunt</strong></span> <span class='ocrx_word' id='word_1_171' title='bbox 2347 813 2520 870; x_wconf 83' lang='lat' dir='ltr'><strong>vobis.</strong></span> <span class='ocrx_word' id='word_1_172' title='bbox 2552 834 2573 867; x_wconf 69' lang='grc' dir='ltr'><strong>ι</strong></span> <span class='ocrx_word' id='word_1_173' title='bbox 2617 814 2820 883; x_wconf 87' lang='lat' dir='ltr'><strong>Quarta</strong></span> <span class='ocrx_word' id='word_1_174' title='bbox 2863 818 3018 873; x_wconf 88' lang='lat' dir='ltr'><strong>nobis</strong></span> <span class='ocrx_word' id='word_1_175' title='bbox 3053 818 3109 873; x_wconf 83' lang='lat' dir='ltr'><strong>lit</strong></span> <span class='ocrx_word' id='word_1_176' title='bbox 3139 821 3387 878; x_wconf 88' lang='lat' dir='ltr'><strong>remissio</strong></span> <span class='ocrx_word' id='word_1_177' title='bbox 3404 838 3533 893; x_wconf 89' lang='lat' dir='ltr'><strong>pec-</strong></span> 
     </span>
    </p>
   </div>
   <div class='ocr_carea' id='block_1_24' title="bbox 1946 906 3533 983">
    <p class='ocr_par' dir='ltr' id='par_1_24' title="bbox 1946 906 3533 983">
     <span class='ocr_line' id='line_1_24' title="bbox 1946 906 3533 983; baseline 0.008 -22"><span class='ocrx_word' id='word_1_178' title='bbox 1946 917 2193 962; x_wconf 88' lang='lat' dir='ltr'><strong>calorum</strong></span> <span class='ocrx_word' id='word_1_179' title='bbox 2215 949 2228 967; x_wconf 91' lang='lat'><strong>.</strong></span> <span class='ocrx_word' id='word_1_180' title='bbox 2264 922 2362 976; x_wconf 89' lang='lat' dir='ltr'><strong>per</strong></span> <span class='ocrx_word' id='word_1_181' title='bbox 2396 906 2501 962; x_wconf 86' lang='lat' dir='ltr'><strong>hoc</strong></span> <span class='ocrx_word' id='word_1_182' title='bbox 2531 908 2678 978; x_wconf 87' lang='lat' dir='ltr'><strong>quod</strong></span> <span class='ocrx_word' id='word_1_183' title='bbox 2712 918 2767 963; x_wconf 89' lang='lat' dir='ltr'><strong>et</strong></span> <span class='ocrx_word' id='word_1_184' title='bbox 2801 925 2899 964; x_wconf 91' lang='lat' dir='ltr'><strong>nos</strong></span> <span class='ocrx_word' id='word_1_185' title='bbox 2942 911 3270 969; x_wconf 89' lang='lat' dir='ltr'><strong>remittimus</strong></span> <span class='ocrx_word' id='word_1_186' title='bbox 3308 926 3533 983; x_wconf 86' lang='lat' dir='ltr'><strong>peccata</strong></span> 
     </span>
    </p>
   </div>
   <div class='ocr_carea' id='block_1_25' title="bbox 1947 997 3533 1072">
    <p class='ocr_par' dir='ltr' id='par_1_25' title="bbox 1947 997 3533 1072">
     <span class='ocr_line' id='line_1_25' title="bbox 1947 997 3533 1072; baseline 0.008 -21"><span class='ocrx_word' id='word_1_187' title='bbox 1947 997 2211 1053; x_wconf 80' lang='lat' dir='ltr'><strong>fratribus</strong></span> <span class='ocrx_word' id='word_1_188' title='bbox 2257 1001 2483 1054; x_wconf 88' lang='lat' dir='ltr'><strong>nostris.</strong></span> <span class='ocrx_word' id='word_1_189' title='bbox 2550 1000 2641 1052; x_wconf 88' lang='lat' dir='ltr'><strong>Sic</strong></span> <span class='ocrx_word' id='word_1_190' title='bbox 2696 1001 2841 1054; x_wconf 90' lang='lat' dir='ltr'><strong>enim</strong></span> <span class='ocrx_word' id='word_1_191' title='bbox 2908 1000 3045 1055; x_wconf 91' lang='lat' dir='ltr'><strong>dicit</strong></span> <span class='ocrx_word' id='word_1_192' title='bbox 3100 1003 3216 1072; x_wconf 86' lang='lat' dir='ltr'><strong>ipse</strong></span> <span class='ocrx_word' id='word_1_193' title='bbox 3268 1004 3533 1065; x_wconf 82' lang='lat' dir='ltr'><strong>Dominus</strong></span> 
     </span>
    </p>
   </div>
   <div class='ocr_carea' id='block_1_26' title="bbox 1950 1091 3530 1170">
    <p class='ocr_par' dir='ltr' id='par_1_26' title="bbox 1950 1091 3530 1170">
     <span class='ocr_line' id='line_1_26' title="bbox 1950 1091 3530 1170; baseline 0.008 -26"><span class='ocrx_word' id='word_1_194' title='bbox 1950 1092 2103 1163; x_wconf 77' lang='lat'><strong>191</strong></span> <span class='ocrx_word' id='word_1_195' title='bbox 2130 1106 2184 1147; x_wconf 86' lang='lat' dir='ltr'><strong>et</strong></span> <span class='ocrx_word' id='word_1_196' title='bbox 2220 1091 2476 1148; x_wconf 86' lang='lat' dir='ltr'><strong>Salvator</strong></span> <span class='ocrx_word' id='word_1_197' title='bbox 2509 1102 2720 1161; x_wconf 88' lang='lat' dir='ltr'><strong>uoster,</strong></span> <span class='ocrx_word' id='word_1_198' title='bbox 2753 1095 2879 1164; x_wconf 84' lang='lat' dir='ltr'><strong>quia</strong></span> <span class='ocrx_word' id='word_1_199' title='bbox 2918 1114 2938 1147; x_wconf 75' lang='grc' dir='ltr'>ι</span> <span class='ocrx_word' id='word_1_200' title='bbox 2979 1095 3026 1149; x_wconf 94' lang='lat' dir='ltr'><strong>si</strong></span> <span class='ocrx_word' id='word_1_201' title='bbox 3062 1098 3389 1156; x_wconf 83' lang='lat' dir='ltr'><strong>remiseritis</strong></span> <span class='ocrx_word' id='word_1_202' title='bbox 3416 1099 3530 1170; x_wconf 79' lang='grc'>(59)</span> 
     </span>
    </p>
   </div>
   <div class='ocr_carea' id='block_1_27' title="bbox 1946 1183 3532 1256">
    <p class='ocr_par' dir='ltr' id='par_1_27' title="bbox 1946 1183 3532 1256">
     <span class='ocr_line' id='line_1_27' title="bbox 1946 1183 3532 1256; baseline 0.007 -21"><span class='ocrx_word' id='word_1_203' title='bbox 1946 1183 2211 1239; x_wconf 80' lang='lat' dir='ltr'><strong>fratribus</strong></span> <span class='ocrx_word' id='word_1_204' title='bbox 2237 1185 2443 1239; x_wconf 81' lang='lat' dir='ltr'><strong>vestris</strong></span> <span class='ocrx_word' id='word_1_205' title='bbox 2474 1199 2541 1239; x_wconf 75' lang='lat' dir='ltr'><strong>ex</strong></span> <span class='ocrx_word' id='word_1_206' title='bbox 2568 1184 2735 1239; x_wconf 88' lang='lat' dir='ltr'><strong>corde</strong></span> <span class='ocrx_word' id='word_1_207' title='bbox 2765 1196 2988 1254; x_wconf 88' lang='lat' dir='ltr'><strong>peccata</strong></span> <span class='ocrx_word' id='word_1_208' title='bbox 3014 1186 3277 1256; x_wconf 91' lang='lat' dir='ltr'><strong>ipsorum,</strong></span> <span class='ocrx_word' id='word_1_209' title='bbox 3302 1199 3358 1245; x_wconf 92' lang='lat' dir='ltr'><strong>et</strong></span> <span class='ocrx_word' id='word_1_210' title='bbox 3376 1192 3532 1246; x_wconf 82' lang='lat' dir='ltr'><strong>vobis</strong></span> 
     </span>
    </p>
   </div>
   <div class='ocr_carea' id='block_1_28' title="bbox 1946 1272 3529 1345">
    <p class='ocr_par' dir='ltr' id='par_1_28' title="bbox 1946 1272 3529 1345">
     <span class='ocr_line' id='line_1_28' title="bbox 1946 1272 3529 1345; baseline 0.007 -20"><span class='ocrx_word' id='word_1_211' title='bbox 1946 1273 2192 1327; x_wconf 89' lang='lat' dir='ltr'><strong>remittet</strong></span> <span class='ocrx_word' id='word_1_212' title='bbox 2223 1272 2386 1328; x_wconf 88' lang='lat' dir='ltr'><strong>Pater</strong></span> <span class='ocrx_word' id='word_1_213' title='bbox 2421 1284 2605 1329; x_wconf 79' lang='lat' dir='ltr'><strong>vester</strong></span> <span class='ocrx_word' id='word_1_214' title='bbox 2636 1285 2860 1342; x_wconf 86' lang='lat' dir='ltr'><strong>peccata</strong></span> <span class='ocrx_word' id='word_1_215' title='bbox 2902 1286 3103 1331; x_wconf 89' lang='lat' dir='ltr'><strong>vestra.</strong></span> <span class='ocrx_word' id='word_1_216' title='bbox 3139 1278 3294 1345; x_wconf 85' lang='lat' dir='ltr'><strong>Quod</strong></span> <span class='ocrx_word' id='word_1_217' title='bbox 3337 1280 3384 1335; x_wconf 92' lang='lat' dir='ltr'><strong>si</strong></span> <span class='ocrx_word' id='word_1_218' title='bbox 3419 1296 3529 1337; x_wconf 92' lang='lat' dir='ltr'><strong>non</strong></span> 
     </span>
    </p>
   </div>
   <div class='ocr_carea' id='block_1_29' title="bbox 1948 1362 3530 1435">
    <p class='ocr_par' dir='ltr' id='par_1_29' title="bbox 1948 1362 3530 1435">
     <span class='ocr_line' id='line_1_29' title="bbox 1948 1362 3530 1435; baseline 0.008 -19"><span class='ocrx_word' id='word_1_219' title='bbox 1948 1362 2276 1419; x_wconf 88' lang='lat' dir='ltr'><strong>remiseritis</strong></span> <span class='ocrx_word' id='word_1_220' title='bbox 2315 1363 2579 1421; x_wconf 83' lang='lat' dir='ltr'><strong>fratribus</strong></span> <span class='ocrx_word' id='word_1_221' title='bbox 2631 1366 2831 1422; x_wconf 84' lang='lat' dir='ltr'><strong>vestris</strong></span> <span class='ocrx_word' id='word_1_222' title='bbox 2885 1383 2950 1423; x_wconf 79' lang='lat' dir='ltr'><strong>ex</strong></span> <span class='ocrx_word' id='word_1_223' title='bbox 2989 1369 3179 1435; x_wconf 89' lang='lat' dir='ltr'><strong>corde,</strong></span> <span class='ocrx_word' id='word_1_224' title='bbox 3228 1385 3332 1425; x_wconf 92' lang='lat' dir='ltr'><strong>nec</strong></span> <span class='ocrx_word' id='word_1_225' title='bbox 3374 1372 3530 1428; x_wconf 82' lang='lat' dir='ltr'><strong>vobis</strong></span> 
     </span>
    </p>
   </div>
   <div class='ocr_carea' id='block_1_30' title="bbox 1948 1455 3531 1523">
    <p class='ocr_par' dir='ltr' id='par_1_30' title="bbox 1948 1455 3531 1523">
     <span class='ocr_line' id='line_1_30' title="bbox 1948 1455 3531 1523; baseline 0.006 -13"><span class='ocrx_word' id='word_1_226' title='bbox 1948 1457 2192 1512; x_wconf 85' lang='lat' dir='ltr'><strong>remittet</strong></span> <span class='ocrx_word' id='word_1_227' title='bbox 2221 1455 2386 1512; x_wconf 86' lang='lat' dir='ltr'><strong>Pater</strong></span> <span class='ocrx_word' id='word_1_228' title='bbox 2415 1467 2602 1512; x_wconf 89' lang='lat' dir='ltr'><strong>vester</strong></span> <span class='ocrx_word' id='word_1_229' title='bbox 2641 1458 2724 1523; x_wconf 70' lang='lat'><strong>‘7;</strong></span> <span class='ocrx_word' id='word_1_230' title='bbox 2756 1477 2776 1510; x_wconf 84' lang='grc'><strong><em>›</em></strong></span> <span class='ocrx_word' id='word_1_231' title='bbox 2812 1469 2869 1514; x_wconf 90' lang='lat' dir='ltr'><strong>et</strong></span> <span class='ocrx_word' id='word_1_232' title='bbox 2895 1458 3038 1515; x_wconf 86' lang='lat' dir='ltr'><strong>sicut</strong></span> <span class='ocrx_word' id='word_1_233' title='bbox 3066 1462 3121 1514; x_wconf 92' lang='lat' dir='ltr'><strong>iu</strong></span> <span class='ocrx_word' id='word_1_234' title='bbox 3152 1462 3402 1517; x_wconf 88' lang='lat' dir='ltr'><strong>oratione</strong></span> <span class='ocrx_word' id='word_1_235' title='bbox 3430 1478 3531 1519; x_wconf 85' lang='lat' dir='ltr'><strong>nos</strong></span> 
     </span>
    </p>
   </div>
   <div class='ocr_carea' id='block_1_31' title="bbox 1946 1550 3526 1619">
    <p class='ocr_par' dir='ltr' id='par_1_31' title="bbox 1946 1550 3526 1619">
     <span class='ocr_line' id='line_1_31' title="bbox 1946 1550 3526 1619; baseline 0.006 -17"><span class='ocrx_word' id='word_1_236' title='bbox 1946 1551 2130 1605; x_wconf 80' lang='lat' dir='ltr'><strong>dicere</strong></span> <span class='ocrx_word' id='word_1_237' title='bbox 2176 1551 2365 1605; x_wconf 88' lang='lat' dir='ltr'><strong>docuit</strong></span> <span class='ocrx_word' id='word_1_238' title='bbox 2393 1551 2438 1584; x_wconf 77' lang='grc'><strong>⁸⁸</strong></span> <span class='ocrx_word' id='word_1_239' title='bbox 2467 1570 2481 1606; x_wconf 91' lang='lat'><strong>:</strong></span> <span class='ocrx_word' id='word_1_240' title='bbox 2513 1568 2532 1603; x_wconf 74' lang='grc' dir='ltr'>ι</span> <span class='ocrx_word' id='word_1_241' title='bbox 2568 1550 2809 1608; x_wconf 83' lang='lat' dir='ltr'><strong>Remitte</strong></span> <span class='ocrx_word' id='word_1_242' title='bbox 2860 1553 3019 1609; x_wconf 89' lang='lat' dir='ltr'><strong>nobis</strong></span> <span class='ocrx_word' id='word_1_243' title='bbox 3060 1554 3242 1610; x_wconf 90' lang='lat' dir='ltr'><strong>debita</strong></span> <span class='ocrx_word' id='word_1_244' title='bbox 3302 1566 3526 1619; x_wconf 85' lang='lat' dir='ltr'><strong>nostra,</strong></span> 
     </span>
    </p>
   </div>
   <div class='ocr_carea' id='block_1_32' title="bbox 1945 1643 3528 1714">
    <p class='ocr_par' dir='ltr' id='par_1_32' title="bbox 1945 1643 3528 1714">
     <span class='ocr_line' id='line_1_32' title="bbox 1945 1643 3528 1714; baseline 0.004 -16"><span class='ocrx_word' id='word_1_245' title='bbox 1945 1643 2092 1699; x_wconf 88' lang='lat' dir='ltr'><strong>sicut</strong></span> <span class='ocrx_word' id='word_1_246' title='bbox 2119 1653 2176 1697; x_wconf 91' lang='lat' dir='ltr'><strong>et</strong></span> <span class='ocrx_word' id='word_1_247' title='bbox 2210 1658 2314 1699; x_wconf 88' lang='lat' dir='ltr'><strong>nos</strong></span> <span class='ocrx_word' id='word_1_248' title='bbox 2340 1643 2672 1699; x_wconf 84' lang='lat' dir='ltr'><strong>remittimus</strong></span> <span class='ocrx_word' id='word_1_249' title='bbox 2689 1643 3033 1700; x_wconf 87' lang='lat' dir='ltr'><strong>debitoribus</strong></span> <span class='ocrx_word' id='word_1_250' title='bbox 3050 1647 3303 1700; x_wconf 63' lang='lat' dir='ltr'><strong>nostrisa</strong></span> <span class='ocrx_word' id='word_1_251' title='bbox 3327 1645 3528 1714; x_wconf 80' lang='lat' dir='ltr'><strong>Quinta</strong></span> 
     </span>
    </p>
   </div>
   <div class='ocr_carea' id='block_1_33' title="bbox 228 1729 3529 1813">
    <p class='ocr_par' dir='ltr' id='par_1_33' title="bbox 228 1729 3529 1813">
     <span class='ocr_line' id='line_1_33' title="bbox 228 1729 3529 1813; baseline 0.002 -23"><span class='ocrx_word' id='word_1_252' title='bbox 228 1736 471 1800; x_wconf 82' lang='lat' dir='ltr'><strong>oﬂ’eret,</strong></span> <span class='ocrx_word' id='word_1_253' title='bbox 503 1737 804 1792; x_wconf 86' lang='lat' dir='ltr'><strong>secundum</strong></span> <span class='ocrx_word' id='word_1_254' title='bbox 835 1734 982 1789; x_wconf 84' lang='lat' dir='ltr'><strong>illam</strong></span> <span class='ocrx_word' id='word_1_255' title='bbox 1021 1734 1467 1789; x_wconf 90' lang='lat' dir='ltr'><strong>substitutionem</strong></span> <span class='ocrx_word' id='word_1_256' title='bbox 1504 1734 1835 1802; x_wconf 80' lang='lat' dir='ltr'><strong>hostiarum,</strong></span> <span class='ocrx_word' id='word_1_257' title='bbox 1867 1729 1911 1786; x_wconf 90' lang='lat' dir='ltr'><strong>B</strong></span> <span class='ocrx_word' id='word_1_258' title='bbox 1942 1748 2296 1808; x_wconf 82' lang='lat' dir='ltr'><strong>peccatorum</strong></span> <span class='ocrx_word' id='word_1_259' title='bbox 2346 1738 2600 1794; x_wconf 84' lang='lat' dir='ltr'><strong>remissio</strong></span> <span class='ocrx_word' id='word_1_260' title='bbox 2648 1747 2771 1805; x_wconf 90' lang='lat' dir='ltr'><strong>est,</strong></span> <span class='ocrx_word' id='word_1_261' title='bbox 2832 1752 2956 1793; x_wconf 91' lang='lat' dir='ltr'><strong>cum</strong></span> <span class='ocrx_word' id='word_1_262' title='bbox 3013 1740 3345 1798; x_wconf 86' lang='lat' dir='ltr'><strong>converterit</strong></span> <span class='ocrx_word' id='word_1_263' title='bbox 3405 1742 3529 1813; x_wconf 89' lang='lat' dir='ltr'><strong>quis</strong></span> 
     </span>
    </p>
   </div>
   <div class='ocr_carea' id='block_1_34' title="bbox 230 1826 1842 1899">
    <p class='ocr_par' dir='ltr' id='par_1_34' title="bbox 230 1826 1842 1899">
     <span class='ocr_line' id='line_1_34' title="bbox 230 1826 1842 1899; baseline 0.001 -18"><span class='ocrx_word' id='word_1_264' title='bbox 230 1827 415 1899; x_wconf 77' lang='lat' dir='ltr'><strong>quam</strong></span> <span class='ocrx_word' id='word_1_265' title='bbox 443 1828 700 1898; x_wconf 87' lang='lat' dir='ltr'><strong>superius</strong></span> <span class='ocrx_word' id='word_1_266' title='bbox 727 1827 1175 1884; x_wconf 88' lang='lat' dir='ltr'><strong>memoravimus.</strong></span> <span class='ocrx_word' id='word_1_267' title='bbox 1218 1827 1328 1884; x_wconf 91' lang='lat' dir='ltr'><strong>Sed</strong></span> <span class='ocrx_word' id='word_1_268' title='bbox 1374 1826 1611 1883; x_wconf 78' lang='lat' dir='ltr'><strong>fortasse</strong></span> <span class='ocrx_word' id='word_1_269' title='bbox 1656 1827 1842 1882; x_wconf 88' lang='lat' dir='ltr'><strong>dicant</strong></span> 
     </span>
    </p>
   </div>
   <div class='ocr_carea' id='block_1_35' title="bbox 226 1919 1838 1992">
    <p class='ocr_par' dir='ltr' id='par_1_35' title="bbox 226 1919 1838 1992">
     <span class='ocr_line' id='line_1_35' title="bbox 226 1919 1838 1992; baseline -0.002 -15"><span class='ocrx_word' id='word_1_270' title='bbox 226 1924 526 1979; x_wconf 81' lang='lat' dir='ltr'><strong>auditores</strong></span> <span class='ocrx_word' id='word_1_271' title='bbox 553 1920 815 1978; x_wconf 69' lang='lat' dir='ltr'><strong>Ecclesiae</strong></span> <span class='ocrx_word' id='word_1_272' title='bbox 848 1919 966 1992; x_wconf 75' lang='grc'>(55)</span> <span class='ocrx_word' id='word_1_273' title='bbox 1000 1939 1016 1977; x_wconf 93' lang='lat'><strong>:</strong></span> <span class='ocrx_word' id='word_1_274' title='bbox 1050 1920 1244 1977; x_wconf 87' lang='lat' dir='ltr'><strong>Melius</strong></span> <span class='ocrx_word' id='word_1_275' title='bbox 1273 1920 1386 1977; x_wconf 80' lang='lat' dir='ltr'><strong>fere</strong></span> <span class='ocrx_word' id='word_1_276' title='bbox 1414 1920 1679 1992; x_wconf 78' lang='lat' dir='ltr'><strong>agebatur</strong></span> <span class='ocrx_word' id='word_1_277' title='bbox 1711 1934 1838 1975; x_wconf 92' lang='lat' dir='ltr'><strong>cum</strong></span> 
     </span>
    </p>
   </div>
   <div class='ocr_carea' id='block_1_36' title="bbox 234 2008 1837 2086">
    <p class='ocr_par' dir='ltr' id='par_1_36' title="bbox 234 2008 1837 2086">
     <span class='ocr_line' id='line_1_36' title="bbox 234 2008 1837 2086; baseline -0.001 -16"><span class='ocrx_word' id='word_1_278' title='bbox 234 2017 494 2086; x_wconf 71' lang='lat' dir='ltr'><strong>antiquis</strong></span> <span class='ocrx_word' id='word_1_279' title='bbox 519 2055 536 2082; x_wconf 94' lang='lat'><strong>,</strong></span> <span class='ocrx_word' id='word_1_280' title='bbox 580 2008 744 2086; x_wconf 85' lang='lat' dir='ltr'><strong>quam</strong></span> <span class='ocrx_word' id='word_1_281' title='bbox 778 2016 1058 2071; x_wconf 89' lang='lat' dir='ltr'><strong>nobiscum</strong></span> <span class='ocrx_word' id='word_1_282' title='bbox 1088 2055 1104 2082; x_wconf 93' lang='lat'><strong>,</strong></span> <span class='ocrx_word' id='word_1_283' title='bbox 1135 2015 1226 2072; x_wconf 92' lang='lat' dir='ltr'><strong>ubi</strong></span> <span class='ocrx_word' id='word_1_284' title='bbox 1267 2016 1464 2071; x_wconf 89' lang='lat' dir='ltr'><strong>oblatis</strong></span> <span class='ocrx_word' id='word_1_285' title='bbox 1488 2015 1705 2072; x_wconf 89' lang='lat' dir='ltr'><strong>diverso</strong></span> <span class='ocrx_word' id='word_1_286' title='bbox 1731 2013 1837 2069; x_wconf 92' lang='lat' dir='ltr'><strong>ritu</strong></span> 
     </span>
    </p>
   </div>
   <div class='ocr_carea' id='block_1_37' title="bbox 230 2105 1836 2181">
    <p class='ocr_par' dir='ltr' id='par_1_37' title="bbox 230 2105 1836 2181">
     <span class='ocr_line' id='line_1_37' title="bbox 230 2105 1836 2181; baseline 0.004 -20"><span class='ocrx_word' id='word_1_287' title='bbox 230 2109 532 2172; x_wconf 72' lang='lat' dir='ltr'><strong>sacriﬁciis</strong></span> <span class='ocrx_word' id='word_1_288' title='bbox 562 2149 578 2174; x_wconf 93' lang='lat'><strong>,</strong></span> <span class='ocrx_word' id='word_1_289' title='bbox 630 2105 988 2178; x_wconf 87' lang='lat' dir='ltr'><strong>peccantibus</strong></span> <span class='ocrx_word' id='word_1_290' title='bbox 1033 2108 1192 2162; x_wconf 87' lang='lat' dir='ltr'><strong>venia</strong></span> <span class='ocrx_word' id='word_1_291' title='bbox 1238 2108 1626 2176; x_wconf 71' lang='lat' dir='ltr'><strong>prmstabatur.</strong></span> <span class='ocrx_word' id='word_1_292' title='bbox 1678 2111 1836 2181; x_wconf 86' lang='lat' dir='ltr'><strong>Apud</strong></span> 
     </span>
    </p>
   </div>
   <div class='ocr_carea' id='block_1_38' title="bbox 232 2199 1838 2274">
    <p class='ocr_par' dir='ltr' id='par_1_38' title="bbox 232 2199 1838 2274">
     <span class='ocr_line' id='line_1_38' title="bbox 232 2199 1838 2274; baseline 0.004 -19"><span class='ocrx_word' id='word_1_293' title='bbox 232 2215 337 2256; x_wconf 85' lang='lat' dir='ltr'><strong>nos</strong></span> <span class='ocrx_word' id='word_1_294' title='bbox 367 2216 480 2255; x_wconf 90' lang='lat' dir='ltr'><strong>una</strong></span> <span class='ocrx_word' id='word_1_295' title='bbox 509 2200 890 2256; x_wconf 89' lang='lat' dir='ltr'><strong>tantummodo</strong></span> <span class='ocrx_word' id='word_1_296' title='bbox 909 2199 1067 2255; x_wconf 85' lang='lat' dir='ltr'><strong>venia</strong></span> <span class='ocrx_word' id='word_1_297' title='bbox 1098 2212 1178 2255; x_wconf 90' lang='lat' dir='ltr'><strong>est</strong></span> <span class='ocrx_word' id='word_1_298' title='bbox 1198 2210 1568 2271; x_wconf 86' lang='lat' dir='ltr'><strong>peccatorum,</strong></span> <span class='ocrx_word' id='word_1_299' title='bbox 1596 2218 1717 2273; x_wconf 68' lang='lat' dir='ltr'><strong>qua:</strong></span> <span class='ocrx_word' id='word_1_300' title='bbox 1740 2220 1838 2274; x_wconf 88' lang='lat' dir='ltr'><strong>per</strong></span> 
     </span>
    </p>
   </div>
   <div class='ocr_carea' id='block_1_39' title="bbox 234 2291 1837 2365">
    <p class='ocr_par' dir='ltr' id='par_1_39' title="bbox 234 2291 1837 2365">
     <span class='ocr_line' id='line_1_39' title="bbox 234 2291 1837 2365; baseline 0.002 -19"><span class='ocrx_word' id='word_1_301' title='bbox 234 2291 444 2347; x_wconf 77' lang='lat' dir='ltr'><strong>lavacri</strong></span> <span class='ocrx_word' id='word_1_302' title='bbox 468 2292 708 2362; x_wconf 77' lang='lat' dir='ltr'><strong>gratiam</strong></span> <span class='ocrx_word' id='word_1_303' title='bbox 736 2291 789 2346; x_wconf 92' lang='lat' dir='ltr'><strong>in</strong></span> <span class='ocrx_word' id='word_1_304' title='bbox 812 2291 986 2348; x_wconf 79' lang='lat' dir='ltr'><strong>initiis</strong></span> <span class='ocrx_word' id='word_1_305' title='bbox 1014 2291 1201 2347; x_wconf 89' lang='lat' dir='ltr'><strong>datur.</strong></span> <span class='ocrx_word' id='word_1_306' title='bbox 1232 2291 1397 2346; x_wconf 65' lang='lat' dir='ltr'><strong>hulla</strong></span> <span class='ocrx_word' id='word_1_307' title='bbox 1423 2305 1546 2362; x_wconf 88' lang='lat' dir='ltr'><strong>post</strong></span> <span class='ocrx_word' id='word_1_308' title='bbox 1569 2295 1686 2350; x_wconf 56' lang='lat' dir='ltr'><strong>huic</strong></span> <span class='ocrx_word' id='word_1_309' title='bbox 1711 2310 1837 2365; x_wconf 90' lang='lat' dir='ltr'><strong>pec-</strong></span> 
     </span>
    </p>
   </div>
   <div class='ocr_carea' id='block_1_40' title="bbox 236 2384 1838 2450">
    <p class='ocr_par' dir='ltr' id='par_1_40' title="bbox 236 2384 1838 2450">
     <span class='ocr_line' id='line_1_40' title="bbox 236 2384 1838 2450; baseline 0.003 -12"><span class='ocrx_word' id='word_1_310' title='bbox 236 2386 383 2439; x_wconf 80' lang='lat' dir='ltr'><strong>canti</strong></span> <span class='ocrx_word' id='word_1_311' title='bbox 413 2384 793 2440; x_wconf 85' lang='lat' dir='ltr'><strong>misericordia</strong></span> <span class='ocrx_word' id='word_1_312' title='bbox 815 2423 831 2450; x_wconf 91' lang='lat'><strong>,</strong></span> <span class='ocrx_word' id='word_1_313' title='bbox 876 2398 976 2439; x_wconf 89' lang='lat' dir='ltr'><strong>nec</strong></span> <span class='ocrx_word' id='word_1_314' title='bbox 1009 2385 1169 2439; x_wconf 87' lang='lat' dir='ltr'><strong>venia</strong></span> <span class='ocrx_word' id='word_1_315' title='bbox 1202 2384 1309 2439; x_wconf 89' lang='lat' dir='ltr'><strong>ulla</strong></span> <span class='ocrx_word' id='word_1_316' title='bbox 1345 2386 1688 2442; x_wconf 90' lang='lat' dir='ltr'><strong>conceditur.</strong></span> <span class='ocrx_word' id='word_1_317' title='bbox 1734 2389 1838 2443; x_wconf 92' lang='lat' dir='ltr'><strong>De-</strong></span> 
     </span>
    </p>
   </div>
   <div class='ocr_carea' id='block_1_41' title="bbox 237 2478 1831 2550">
    <p class='ocr_par' dir='ltr' id='par_1_41' title="bbox 237 2478 1831 2550">
     <span class='ocr_line' id='line_1_41' title="bbox 237 2478 1831 2550; baseline 0 -16"><span class='ocrx_word' id='word_1_318' title='bbox 237 2489 321 2534; x_wconf 86' lang='lat' dir='ltr'><strong>cet</strong></span> <span class='ocrx_word' id='word_1_319' title='bbox 343 2480 574 2550; x_wconf 88' lang='lat' dir='ltr'><strong>quidem</strong></span> <span class='ocrx_word' id='word_1_320' title='bbox 599 2479 954 2535; x_wconf 88' lang='lat' dir='ltr'><strong>districtioris</strong></span> <span class='ocrx_word' id='word_1_321' title='bbox 972 2491 1099 2533; x_wconf 85' lang='lat' dir='ltr'><strong>esse</strong></span> <span class='ocrx_word' id='word_1_322' title='bbox 1113 2478 1590 2547; x_wconf 68' lang='lat' dir='ltr'><strong>disciplinreChris</strong></span> <span class='ocrx_word' id='word_1_323' title='bbox 1604 2481 1831 2548; x_wconf 88' lang='lat' dir='ltr'><strong>tianum,</strong></span> 
     </span>
    </p>
   </div>
   <div class='ocr_carea' id='block_1_42' title="bbox 239 2574 1832 2647">
    <p class='ocr_par' dir='ltr' id='par_1_42' title="bbox 239 2574 1832 2647">
     <span class='ocr_line' id='line_1_42' title="bbox 239 2574 1832 2647; baseline 0.004 -21"><span class='ocrx_word' id='word_1_324' title='bbox 239 2587 339 2641; x_wconf 89' lang='lat' dir='ltr'><strong>pro</strong></span> <span class='ocrx_word' id='word_1_325' title='bbox 371 2588 488 2644; x_wconf 89' lang='lat' dir='ltr'><strong>quo</strong></span> <span class='ocrx_word' id='word_1_326' title='bbox 519 2574 773 2630; x_wconf 87' lang='lat' dir='ltr'><strong>Christus</strong></span> <span class='ocrx_word' id='word_1_327' title='bbox 803 2583 1054 2630; x_wconf 89' lang='lat' dir='ltr'><strong>mortuus</strong></span> <span class='ocrx_word' id='word_1_328' title='bbox 1078 2584 1162 2631; x_wconf 89' lang='lat' dir='ltr'><strong>est</strong></span> <span class='ocrx_word' id='word_1_329' title='bbox 1185 2575 1327 2647; x_wconf 80' lang='grc'>(56).</span> <span class='ocrx_word' id='word_1_330' title='bbox 1372 2575 1482 2631; x_wconf 89' lang='lat' dir='ltr'><strong>Pro</strong></span> <span class='ocrx_word' id='word_1_331' title='bbox 1528 2575 1635 2631; x_wconf 89' lang='lat' dir='ltr'><strong>illis</strong></span> <span class='ocrx_word' id='word_1_332' title='bbox 1678 2592 1832 2644; x_wconf 88' lang='lat' dir='ltr'><strong>oves,</strong></span> 
     </span>
    </p>
   </div>
   <div class='ocr_carea' id='block_1_43' title="bbox 238 2659 1831 2737">
    <p class='ocr_par' dir='ltr' id='par_1_43' title="bbox 238 2659 1831 2737">
     <span class='ocr_line' id='line_1_43' title="bbox 238 2659 1831 2737; baseline 0.001 -17"><span class='ocrx_word' id='word_1_333' title='bbox 238 2666 418 2732; x_wconf 76' lang='lat' dir='ltr'><strong>hirci,</strong></span> <span class='ocrx_word' id='word_1_334' title='bbox 459 2665 631 2722; x_wconf 86' lang='lat' dir='ltr'><strong>boves</strong></span> <span class='ocrx_word' id='word_1_335' title='bbox 655 2659 1051 2737; x_wconf 75' lang='lat' dir='ltr'><strong>iugulabantur</strong></span> <span class='ocrx_word' id='word_1_336' title='bbox 1076 2678 1133 2724; x_wconf 90' lang='lat' dir='ltr'><strong>et</strong></span> <span class='ocrx_word' id='word_1_337' title='bbox 1161 2681 1325 2736; x_wconf 87' lang='lat' dir='ltr'><strong>aves,</strong></span> <span class='ocrx_word' id='word_1_338' title='bbox 1370 2675 1426 2721; x_wconf 88' lang='lat' dir='ltr'><strong>et</strong></span> <span class='ocrx_word' id='word_1_339' title='bbox 1476 2667 1656 2723; x_wconf 87' lang='lat' dir='ltr'><strong>simila</strong></span> <span class='ocrx_word' id='word_1_340' title='bbox 1696 2683 1831 2723; x_wconf 84' lang='lat' dir='ltr'><strong>cou-</strong></span> 
     </span>
    </p>
   </div>
   <div class='ocr_carea' id='block_1_44' title="bbox 236 2758 1834 2831">
    <p class='ocr_par' dir='ltr' id='par_1_44' title="bbox 236 2758 1834 2831">
     <span class='ocr_line' id='line_1_44' title="bbox 236 2758 1834 2831; baseline 0.002 -19"><span class='ocrx_word' id='word_1_341' title='bbox 236 2760 637 2830; x_wconf 84' lang='lat' dir='ltr'><strong>spergebatur:</strong></span> <span class='ocrx_word' id='word_1_342' title='bbox 667 2776 765 2830; x_wconf 93' lang='lat' dir='ltr'><strong>pro</strong></span> <span class='ocrx_word' id='word_1_343' title='bbox 797 2769 850 2815; x_wconf 92' lang='lat' dir='ltr'><strong>te</strong></span> <span class='ocrx_word' id='word_1_344' title='bbox 878 2758 970 2815; x_wconf 89' lang='lat' dir='ltr'><strong>Dei</strong></span> <span class='ocrx_word' id='word_1_345' title='bbox 997 2760 1173 2815; x_wconf 83' lang='lat' dir='ltr'><strong>Filius</strong></span> <span class='ocrx_word' id='word_1_346' title='bbox 1198 2759 1478 2831; x_wconf 77' lang='lat' dir='ltr'><strong>iugulatus</strong></span> <span class='ocrx_word' id='word_1_347' title='bbox 1502 2768 1611 2825; x_wconf 88' lang='lat' dir='ltr'><strong>est,</strong></span> <span class='ocrx_word' id='word_1_348' title='bbox 1647 2769 1701 2815; x_wconf 91' lang='lat' dir='ltr'><strong>et</strong></span> <span class='ocrx_word' id='word_1_349' title='bbox 1729 2760 1834 2815; x_wconf 90' lang='lat' dir='ltr'><strong>ite-</strong></span> 
     </span>
    </p>
   </div>
   <div class='ocr_carea' id='block_1_45' title="bbox 240 2852 1829 2923">
    <p class='ocr_par' dir='ltr' id='par_1_45' title="bbox 240 2852 1829 2923">
     <span class='ocr_line' id='line_1_45' title="bbox 240 2852 1829 2923; baseline -0.001 -15"><span class='ocrx_word' id='word_1_350' title='bbox 240 2868 355 2908; x_wconf 90' lang='lat' dir='ltr'><strong>rum</strong></span> <span class='ocrx_word' id='word_1_351' title='bbox 389 2864 442 2909; x_wconf 92' lang='lat' dir='ltr'><strong>te</strong></span> <span class='ocrx_word' id='word_1_352' title='bbox 467 2867 704 2923; x_wconf 85' lang='lat' dir='ltr'><strong>peccare</strong></span> <span class='ocrx_word' id='word_1_353' title='bbox 725 2854 1005 2911; x_wconf 81' lang='lat' dir='ltr'><strong>delectat?</strong></span> <span class='ocrx_word' id='word_1_354' title='bbox 1038 2853 1105 2908; x_wconf 87' lang='lat' dir='ltr'><strong>Et</strong></span> <span class='ocrx_word' id='word_1_355' title='bbox 1139 2861 1322 2906; x_wconf 90' lang='lat' dir='ltr'><strong>tamen</strong></span> <span class='ocrx_word' id='word_1_356' title='bbox 1353 2867 1420 2907; x_wconf 90' lang='lat' dir='ltr'><strong>ne</strong></span> <span class='ocrx_word' id='word_1_357' title='bbox 1457 2852 1550 2907; x_wconf 90' lang='lat' dir='ltr'><strong>tibi</strong></span> <span class='ocrx_word' id='word_1_358' title='bbox 1576 2853 1694 2908; x_wconf 82' lang='lat' dir='ltr'><strong>haec</strong></span> <span class='ocrx_word' id='word_1_359' title='bbox 1723 2866 1829 2907; x_wconf 90' lang='lat' dir='ltr'><strong>non</strong></span> 
     </span>
    </p>
   </div>
   <div class='ocr_carea' id='block_1_46' title="bbox 245 2945 1834 3019">
    <p class='ocr_par' dir='ltr' id='par_1_46' title="bbox 245 2945 1834 3019">
     <span class='ocr_line' id='line_1_46' title="bbox 245 2945 1834 3019; baseline -0.001 -18"><span class='ocrx_word' id='word_1_360' title='bbox 245 2958 346 3003; x_wconf 81' lang='lat' dir='ltr'><strong>tam</strong></span> <span class='ocrx_word' id='word_1_361' title='bbox 376 2947 603 3019; x_wconf 75' lang='lat' dir='ltr'><strong>erigant</strong></span> <span class='ocrx_word' id='word_1_362' title='bbox 626 2948 840 3003; x_wconf 90' lang='lat' dir='ltr'><strong>animos</strong></span> <span class='ocrx_word' id='word_1_363' title='bbox 867 2963 968 3018; x_wconf 88' lang='lat' dir='ltr'><strong>pro</strong></span> <span class='ocrx_word' id='word_1_364' title='bbox 994 2946 1219 3011; x_wconf 87' lang='lat' dir='ltr'><strong>virtute,</strong></span> <span class='ocrx_word' id='word_1_365' title='bbox 1242 2960 1407 3016; x_wconf 89' lang='lat' dir='ltr'><strong>quam</strong></span> <span class='ocrx_word' id='word_1_366' title='bbox 1440 2960 1541 3015; x_wconf 92' lang='lat' dir='ltr'><strong>pro</strong></span> <span class='ocrx_word' id='word_1_367' title='bbox 1571 2945 1834 3017; x_wconf 84' lang='lat' dir='ltr'><strong>despera-</strong></span> 
     </span>
    </p>
   </div>
   <div class='ocr_carea' id='block_1_47' title="bbox 245 3037 1828 3110">
    <p class='ocr_par' dir='ltr' id='par_1_47' title="bbox 245 3037 1828 3110">
     <span class='ocr_line' id='line_1_47' title="bbox 245 3037 1828 3110; baseline -0.001 -15"><span class='ocrx_word' id='word_1_368' title='bbox 245 3040 384 3095; x_wconf 84' lang='lat' dir='ltr'><strong>tione</strong></span> <span class='ocrx_word' id='word_1_369' title='bbox 405 3039 690 3107; x_wconf 86' lang='lat' dir='ltr'><strong>dejiciant,</strong></span> <span class='ocrx_word' id='word_1_370' title='bbox 720 3040 920 3095; x_wconf 90' lang='lat' dir='ltr'><strong>audisti</strong></span> <span class='ocrx_word' id='word_1_371' title='bbox 947 3049 1153 3110; x_wconf 87' lang='lat' dir='ltr'><strong>quanta</strong></span> <span class='ocrx_word' id='word_1_372' title='bbox 1181 3037 1295 3093; x_wconf 92' lang='lat' dir='ltr'><strong>sint</strong></span> <span class='ocrx_word' id='word_1_373' title='bbox 1326 3037 1381 3092; x_wconf 88' lang='lat' dir='ltr'><strong>in</strong></span> <span class='ocrx_word' id='word_1_374' title='bbox 1415 3037 1537 3108; x_wconf 90' lang='lat' dir='ltr'><strong>lege</strong></span> <span class='ocrx_word' id='word_1_375' title='bbox 1560 3039 1828 3093; x_wconf 73' lang='lat' dir='ltr'><strong>sacriﬁcia</strong></span> 
     </span>
    </p>
   </div>
   <div class='ocr_carea' id='block_1_48' title="bbox 244 3132 1834 3205">
    <p class='ocr_par' dir='ltr' id='par_1_48' title="bbox 244 3132 1834 3205">
     <span class='ocr_line' id='line_1_48' title="bbox 244 3132 1834 3205; baseline -0.001 -17"><span class='ocrx_word' id='word_1_376' title='bbox 244 3148 336 3204; x_wconf 91' lang='lat' dir='ltr'><strong>pro</strong></span> <span class='ocrx_word' id='word_1_377' title='bbox 362 3133 628 3205; x_wconf 85' lang='lat' dir='ltr'><strong>peccatis,</strong></span> <span class='ocrx_word' id='word_1_378' title='bbox 670 3133 794 3187; x_wconf 90' lang='lat' dir='ltr'><strong>audi</strong></span> <span class='ocrx_word' id='word_1_379' title='bbox 825 3149 965 3189; x_wconf 91' lang='lat' dir='ltr'><strong>nunc</strong></span> <span class='ocrx_word' id='word_1_380' title='bbox 996 3133 1109 3205; x_wconf 77' lang='lat'><strong>(57)</strong></span> <span class='ocrx_word' id='word_1_381' title='bbox 1149 3144 1368 3204; x_wconf 65' lang='lat' dir='ltr'><strong>quarum</strong></span> <span class='ocrx_word' id='word_1_382' title='bbox 1408 3132 1522 3186; x_wconf 92' lang='lat' dir='ltr'><strong>sint</strong></span> <span class='ocrx_word' id='word_1_383' title='bbox 1553 3132 1834 3187; x_wconf 83' lang='lat' dir='ltr'><strong>remissio-</strong></span> 
     </span>
    </p>
   </div>
   <div class='ocr_carea' id='block_1_49' title="bbox 1943 1828 3526 1903">
    <p class='ocr_par' dir='ltr' id='par_1_49' title="bbox 1943 1828 3526 1903">
     <span class='ocr_line' id='line_1_49' title="bbox 1943 1828 3526 1903; baseline 0 -15"><span class='ocrx_word' id='word_1_384' title='bbox 1943 1834 2290 1903; x_wconf 82' lang='lat' dir='ltr'><strong>peccatore&#39;m</strong></span> <span class='ocrx_word' id='word_1_385' title='bbox 2319 1829 2387 1884; x_wconf 89' lang='lat' dir='ltr'><strong>ab</strong></span> <span class='ocrx_word' id='word_1_386' title='bbox 2422 1843 2611 1884; x_wconf 90' lang='lat' dir='ltr'><strong>errore</strong></span> <span class='ocrx_word' id='word_1_387' title='bbox 2640 1830 2742 1884; x_wconf 77' lang='lat' dir='ltr'><strong>via:</strong></span> <span class='ocrx_word' id='word_1_388' title='bbox 2772 1844 2904 1885; x_wconf 61' lang='lat' dir='ltr'><strong>sum.</strong></span> <span class='ocrx_word' id='word_1_389' title='bbox 2932 1828 3009 1884; x_wconf 88' lang='lat' dir='ltr'><strong>lta</strong></span> <span class='ocrx_word' id='word_1_390' title='bbox 3038 1835 3185 1885; x_wconf 89' lang='lat' dir='ltr'><strong>enim</strong></span> <span class='ocrx_word' id='word_1_391' title='bbox 3213 1832 3347 1888; x_wconf 90' lang='lat' dir='ltr'><strong>dicit</strong></span> <span class='ocrx_word' id='word_1_392' title='bbox 3375 1830 3526 1888; x_wconf 86' lang='lat' dir='ltr'><strong>Scri-</strong></span> 
     </span>
    </p>
   </div>
   <div class='ocr_carea' id='block_1_50' title="bbox 1942 1921 3527 1995">
    <p class='ocr_par' dir='ltr' id='par_1_50' title="bbox 1942 1921 3527 1995">
     <span class='ocr_line' id='line_1_50' title="bbox 1942 1921 3527 1995; baseline 0.001 -16"><span class='ocrx_word' id='word_1_393' title='bbox 1942 1935 2102 1995; x_wconf 89' lang='lat' dir='ltr'><strong>ptura</strong></span> <span class='ocrx_word' id='word_1_394' title='bbox 2132 1923 2318 1980; x_wconf 89' lang='lat' dir='ltr'><strong>divina</strong></span> <span class='ocrx_word' id='word_1_395' title='bbox 2345 1922 2414 1989; x_wconf 61' lang='lat'><strong>6’,</strong></span> <span class='ocrx_word' id='word_1_396' title='bbox 2444 1922 2572 1992; x_wconf 90' lang='lat' dir='ltr'><strong>quia</strong></span> <span class='ocrx_word' id='word_1_397' title='bbox 2608 1939 2626 1972; x_wconf 78' lang='grc' dir='ltr'>ι</span> <span class='ocrx_word' id='word_1_398' title='bbox 2661 1921 2752 1990; x_wconf 78' lang='grc' dir='ltr'><strong>(μῆ</strong></span> <span class='ocrx_word' id='word_1_399' title='bbox 2797 1923 3044 1978; x_wconf 86' lang='lat' dir='ltr'><strong>converti</strong></span> <span class='ocrx_word' id='word_1_400' title='bbox 3096 1922 3285 1979; x_wconf 77' lang='lat' dir='ltr'><strong>fecerit</strong></span> <span class='ocrx_word' id='word_1_401' title='bbox 3328 1940 3527 1995; x_wconf 82' lang='lat' dir='ltr'><strong>pecca-</strong></span> 
     </span>
    </p>
   </div>
   <div class='ocr_carea' id='block_1_51' title="bbox 1941 2012 3525 2085">
    <p class='ocr_par' dir='ltr' id='par_1_51' title="bbox 1941 2012 3525 2085">
     <span class='ocr_line' id='line_1_51' title="bbox 1941 2012 3525 2085; baseline 0.003 -15"><span class='ocrx_word' id='word_1_402' title='bbox 1941 2024 2115 2070; x_wconf 89' lang='lat' dir='ltr'><strong>torem</strong></span> <span class='ocrx_word' id='word_1_403' title='bbox 2173 2014 2243 2069; x_wconf 90' lang='lat' dir='ltr'><strong>ab</strong></span> <span class='ocrx_word' id='word_1_404' title='bbox 2287 2027 2477 2069; x_wconf 89' lang='lat' dir='ltr'><strong>errore</strong></span> <span class='ocrx_word' id='word_1_405' title='bbox 2512 2012 2613 2067; x_wconf 72' lang='lat' dir='ltr'><strong>viae</strong></span> <span class='ocrx_word' id='word_1_406' title='bbox 2648 2027 2761 2068; x_wconf 66' lang='lat' dir='ltr'><strong>sua:</strong></span> <span class='ocrx_word' id='word_1_407' title='bbox 2789 2053 2805 2077; x_wconf 89' lang='lat'><strong>,</strong></span> <span class='ocrx_word' id='word_1_408' title='bbox 2842 2012 3020 2069; x_wconf 76' lang='lat' dir='ltr'><strong>salvat</strong></span> <span class='ocrx_word' id='word_1_409' title='bbox 3056 2016 3294 2070; x_wconf 90' lang='lat' dir='ltr'><strong>animam</strong></span> <span class='ocrx_word' id='word_1_410' title='bbox 3329 2014 3447 2085; x_wconf 79' lang='lat' dir='ltr'><strong>ejus</strong></span> <span class='ocrx_word' id='word_1_411' title='bbox 3493 2034 3525 2074; x_wconf 85' lang='lat' dir='ltr'><strong>a</strong></span> 
     </span>
    </p>
   </div>
   <div class='ocr_carea' id='block_1_52' title="bbox 1941 2104 3520 2178">
    <p class='ocr_par' dir='ltr' id='par_1_52' title="bbox 1941 2104 3520 2178">
     <span class='ocr_line' id='line_1_52' title="bbox 1941 2104 3520 2178; baseline 0.003 -17"><span class='ocrx_word' id='word_1_412' title='bbox 1941 2116 2119 2163; x_wconf 89' lang='lat' dir='ltr'><strong>morte</strong></span> <span class='ocrx_word' id='word_1_413' title='bbox 2142 2105 2283 2176; x_wconf 64' lang='lat'><strong>(40),</strong></span> <span class='ocrx_word' id='word_1_414' title='bbox 2318 2114 2376 2161; x_wconf 91' lang='lat' dir='ltr'><strong>et</strong></span> <span class='ocrx_word' id='word_1_415' title='bbox 2401 2104 2648 2175; x_wconf 89' lang='lat' dir='ltr'><strong>cooperit</strong></span> <span class='ocrx_word' id='word_1_416' title='bbox 2675 2105 3082 2161; x_wconf 87' lang='lat' dir='ltr'><strong>multitudinem</strong></span> <span class='ocrx_word' id='word_1_417' title='bbox 3111 2118 3520 2178; x_wconf 65' lang='lat' dir='ltr'><strong>peccatoruma</strong></span> 
     </span>
    </p>
   </div>
   <div class='ocr_carea' id='block_1_53' title="bbox 1941 2197 3526 2269">
    <p class='ocr_par' dir='ltr' id='par_1_53' title="bbox 1941 2197 3526 2269">
     <span class='ocr_line' id='line_1_53' title="bbox 1941 2197 3526 2269; baseline 0.003 -16"><span class='ocrx_word' id='word_1_418' title='bbox 1941 2200 2110 2255; x_wconf 81' lang='lat' dir='ltr'><strong>Sexta</strong></span> <span class='ocrx_word' id='word_1_419' title='bbox 2159 2213 2376 2269; x_wconf 84' lang='lat' dir='ltr'><strong>quoque</strong></span> <span class='ocrx_word' id='word_1_420' title='bbox 2409 2197 2471 2252; x_wconf 81' lang='lat' dir='ltr'><strong>tit</strong></span> <span class='ocrx_word' id='word_1_421' title='bbox 2504 2197 2758 2253; x_wconf 90' lang='lat' dir='ltr'><strong>remissio</strong></span> <span class='ocrx_word' id='word_1_422' title='bbox 2792 2212 2892 2267; x_wconf 91' lang='lat' dir='ltr'><strong>per</strong></span> <span class='ocrx_word' id='word_1_423' title='bbox 2917 2198 3309 2254; x_wconf 86' lang='lat' dir='ltr'><strong>abundantiam</strong></span> <span class='ocrx_word' id='word_1_424' title='bbox 3339 2202 3526 2258; x_wconf 87' lang='lat' dir='ltr'><strong>chari-</strong></span> 
     </span>
    </p>
   </div>
   <div class='ocr_carea' id='block_1_54' title="bbox 1942 2290 3522 2362">
    <p class='ocr_par' dir='ltr' id='par_1_54' title="bbox 1942 2290 3522 2362">
     <span class='ocr_line' id='line_1_54' title="bbox 1942 2290 3522 2362; baseline 0.003 -17"><span class='ocrx_word' id='word_1_425' title='bbox 1942 2290 2093 2353; x_wconf 85' lang='lat' dir='ltr'><strong>tatis,</strong></span> <span class='ocrx_word' id='word_1_426' title='bbox 2121 2291 2265 2346; x_wconf 85' lang='lat' dir='ltr'><strong>sicut</strong></span> <span class='ocrx_word' id='word_1_427' title='bbox 2290 2303 2340 2346; x_wconf 92' lang='lat' dir='ltr'><strong>et</strong></span> <span class='ocrx_word' id='word_1_428' title='bbox 2376 2293 2494 2362; x_wconf 91' lang='lat' dir='ltr'><strong>ipse</strong></span> <span class='ocrx_word' id='word_1_429' title='bbox 2534 2291 2799 2346; x_wconf 82' lang='lat' dir='ltr'><strong>Dominus</strong></span> <span class='ocrx_word' id='word_1_430' title='bbox 2845 2290 2979 2346; x_wconf 86' lang='lat' dir='ltr'><strong>dicit</strong></span> <span class='ocrx_word' id='word_1_431' title='bbox 3004 2290 3049 2323; x_wconf 78' lang='grc'><strong>⁷⁸</strong></span> <span class='ocrx_word' id='word_1_432' title='bbox 3083 2309 3097 2347; x_wconf 88' lang='lat'><strong>:</strong></span> <span class='ocrx_word' id='word_1_433' title='bbox 3128 2310 3148 2344; x_wconf 70' lang='grc' dir='ltr'>ς</span> <span class='ocrx_word' id='word_1_434' title='bbox 3187 2293 3359 2348; x_wconf 84' lang='lat' dir='ltr'><strong>Amen</strong></span> <span class='ocrx_word' id='word_1_435' title='bbox 3399 2295 3522 2351; x_wconf 83' lang='lat' dir='ltr'><strong>dico</strong></span> 
     </span>
    </p>
   </div>
   <div class='ocr_carea' id='block_1_55' title="bbox 1942 2383 3524 2454">
    <p class='ocr_par' dir='ltr' id='par_1_55' title="bbox 1942 2383 3524 2454">
     <span class='ocr_line' id='line_1_55' title="bbox 1942 2383 3524 2454; baseline 0.001 -15"><span class='ocrx_word' id='word_1_436' title='bbox 1942 2385 2062 2452; x_wconf 83' lang='lat' dir='ltr'><strong>tibi,</strong></span> <span class='ocrx_word' id='word_1_437' title='bbox 2097 2384 2453 2439; x_wconf 90' lang='lat' dir='ltr'><strong>remittuntur</strong></span> <span class='ocrx_word' id='word_1_438' title='bbox 2482 2383 2531 2438; x_wconf 92' lang='lat' dir='ltr'><strong>ei</strong></span> <span class='ocrx_word' id='word_1_439' title='bbox 2567 2392 2790 2454; x_wconf 87' lang='lat' dir='ltr'><strong>peccata</strong></span> <span class='ocrx_word' id='word_1_440' title='bbox 2819 2383 3025 2447; x_wconf 89' lang='lat' dir='ltr'><strong>multa&#39;,</strong></span> <span class='ocrx_word' id='word_1_441' title='bbox 3052 2385 3306 2454; x_wconf 87' lang='lat' dir='ltr'><strong>quoniam</strong></span> <span class='ocrx_word' id='word_1_442' title='bbox 3337 2384 3524 2441; x_wconf 81' lang='lat' dir='ltr'><strong>dilexit</strong></span> 
     </span>
    </p>
   </div>
   <div class='ocr_carea' id='block_1_56' title="bbox 1939 2476 3522 2546">
    <p class='ocr_par' dir='ltr' id='par_1_56' title="bbox 1939 2476 3522 2546">
     <span class='ocr_line' id='line_1_56' title="bbox 1939 2476 3522 2546; baseline 0.001 -15"><span class='ocrx_word' id='word_1_443' title='bbox 1939 2477 2188 2532; x_wconf 89' lang='lat' dir='ltr'><strong>multum.</strong></span> <span class='ocrx_word' id='word_1_444' title='bbox 2224 2496 2244 2529; x_wconf 73' lang='grc' dir='ltr'><strong><em>ι</em></strong></span> <span class='ocrx_word' id='word_1_445' title='bbox 2280 2476 2344 2530; x_wconf 87' lang='lat' dir='ltr'><strong>Et</strong></span> <span class='ocrx_word' id='word_1_446' title='bbox 2373 2476 2658 2546; x_wconf 88' lang='lat' dir='ltr'><strong>apostolus</strong></span> <span class='ocrx_word' id='word_1_447' title='bbox 2683 2476 2815 2531; x_wconf 89' lang='lat' dir='ltr'><strong>dicit</strong></span> <span class='ocrx_word' id='word_1_448' title='bbox 2845 2476 2888 2508; x_wconf 88' lang='lat'>&#39;“</span> <span class='ocrx_word' id='word_1_449' title='bbox 2925 2497 2938 2532; x_wconf 90' lang='lat'><strong>:</strong></span> <span class='ocrx_word' id='word_1_450' title='bbox 2972 2496 2992 2526; x_wconf 73' lang='grc' dir='ltr'><strong><em>ι</em></strong></span> <span class='ocrx_word' id='word_1_451' title='bbox 3029 2476 3297 2543; x_wconf 83' lang='lat' dir='ltr'><strong>Quoniam</strong></span> <span class='ocrx_word' id='word_1_452' title='bbox 3336 2477 3522 2532; x_wconf 87' lang='lat' dir='ltr'><strong>chari-</strong></span> 
     </span>
    </p>
   </div>
   <div class='ocr_carea' id='block_1_57' title="bbox 1939 2567 3521 2638">
    <p class='ocr_par' dir='ltr' id='par_1_57' title="bbox 1939 2567 3521 2638">
     <span class='ocr_line' id='line_1_57' title="bbox 1939 2567 3521 2638; baseline 0.003 -17"><span class='ocrx_word' id='word_1_453' title='bbox 1939 2579 2020 2624; x_wconf 87' lang='lat' dir='ltr'><strong>tas</strong></span> <span class='ocrx_word' id='word_1_454' title='bbox 2051 2568 2300 2638; x_wconf 84' lang='lat' dir='ltr'><strong>coOperit</strong></span> <span class='ocrx_word' id='word_1_455' title='bbox 2324 2567 2730 2622; x_wconf 89' lang='lat' dir='ltr'><strong>multitudinem</strong></span> <span class='ocrx_word' id='word_1_456' title='bbox 2762 2576 3139 2637; x_wconf 82' lang='lat' dir='ltr'><strong>peccatorum.</strong></span> <span class='ocrx_word' id='word_1_457' title='bbox 3170 2586 3190 2620; x_wconf 70' lang='grc' dir='ltr'><strong><em>ι</em></strong></span> <span class='ocrx_word' id='word_1_458' title='bbox 3219 2567 3316 2623; x_wconf 87' lang='lat' dir='ltr'><strong>Est</strong></span> <span class='ocrx_word' id='word_1_459' title='bbox 3344 2570 3521 2625; x_wconf 84' lang='lat' dir='ltr'><strong>adhuc</strong></span> 
     </span>
    </p>
   </div>
   <div class='ocr_carea' id='block_1_58' title="bbox 1935 2659 3523 2730">
    <p class='ocr_par' dir='ltr' id='par_1_58' title="bbox 1935 2659 3523 2730">
     <span class='ocr_line' id='line_1_58' title="bbox 1935 2659 3523 2730; baseline 0 -14"><span class='ocrx_word' id='word_1_460' title='bbox 1935 2672 1991 2716; x_wconf 92' lang='lat' dir='ltr'><strong>et</strong></span> <span class='ocrx_word' id='word_1_461' title='bbox 2023 2662 2279 2730; x_wconf 83' lang='lat' dir='ltr'><strong>septima,</strong></span> <span class='ocrx_word' id='word_1_462' title='bbox 2316 2659 2445 2714; x_wconf 89' lang='lat' dir='ltr'><strong>licet</strong></span> <span class='ocrx_word' id='word_1_463' title='bbox 2489 2662 2624 2715; x_wconf 90' lang='lat' dir='ltr'><strong>dura</strong></span> <span class='ocrx_word' id='word_1_464' title='bbox 2671 2669 2726 2714; x_wconf 90' lang='lat' dir='ltr'><strong>et</strong></span> <span class='ocrx_word' id='word_1_465' title='bbox 2783 2659 3076 2723; x_wconf 84' lang='lat' dir='ltr'><strong>laboriosa,</strong></span> <span class='ocrx_word' id='word_1_466' title='bbox 3121 2675 3218 2729; x_wconf 87' lang='lat' dir='ltr'><strong>per</strong></span> <span class='ocrx_word' id='word_1_467' title='bbox 3254 2668 3523 2729; x_wconf 53' lang='lat' dir='ltr'><strong>paeniten-</strong></span> 
     </span>
    </p>
   </div>
   <div class='ocr_carea' id='block_1_59' title="bbox 1938 2752 3518 2822">
    <p class='ocr_par' dir='ltr' id='par_1_59' title="bbox 1938 2752 3518 2822">
     <span class='ocr_line' id='line_1_59' title="bbox 1938 2752 3518 2822; baseline 0 -14"><span class='ocrx_word' id='word_1_468' title='bbox 1938 2754 2068 2809; x_wconf 84' lang='lat' dir='ltr'><strong>tiam</strong></span> <span class='ocrx_word' id='word_1_469' title='bbox 2104 2752 2356 2809; x_wconf 90' lang='lat' dir='ltr'><strong>remissio</strong></span> <span class='ocrx_word' id='word_1_470' title='bbox 2383 2760 2760 2822; x_wconf 89' lang='lat' dir='ltr'><strong>peccatorum,</strong></span> <span class='ocrx_word' id='word_1_471' title='bbox 2793 2767 2918 2805; x_wconf 90' lang='lat' dir='ltr'><strong>cum</strong></span> <span class='ocrx_word' id='word_1_472' title='bbox 2975 2753 3123 2806; x_wconf 84' lang='lat' dir='ltr'><strong>lavat</strong></span> <span class='ocrx_word' id='word_1_473' title='bbox 3175 2763 3430 2822; x_wconf 87' lang='lat' dir='ltr'><strong>peccator</strong></span> <span class='ocrx_word' id='word_1_474' title='bbox 3462 2752 3518 2808; x_wconf 90' lang='lat' dir='ltr'><strong>in</strong></span> 
     </span>
    </p>
   </div>
   <div class='ocr_carea' id='block_1_60' title="bbox 1935 2843 3522 2918">
    <p class='ocr_par' dir='ltr' id='par_1_60' title="bbox 1935 2843 3522 2918">
     <span class='ocr_line' id='line_1_60' title="bbox 1935 2843 3522 2918; baseline 0 -17"><span class='ocrx_word' id='word_1_475' title='bbox 1935 2845 2191 2918; x_wconf 84' lang='lat' dir='ltr'><strong>lacrymis</strong></span> <span class='ocrx_word' id='word_1_476' title='bbox 2242 2853 2482 2900; x_wconf 79' lang='lat' dir='ltr'><strong>Stratum</strong></span> <span class='ocrx_word' id='word_1_477' title='bbox 2526 2851 2807 2905; x_wconf 81' lang='lat' dir='ltr'><strong>suum,.et</strong></span> <span class='ocrx_word' id='word_1_478' title='bbox 2842 2844 2977 2898; x_wconf 88' lang='lat' dir='ltr'><strong>liunt</strong></span> <span class='ocrx_word' id='word_1_479' title='bbox 3024 2844 3072 2897; x_wconf 89' lang='lat' dir='ltr'><strong>ei</strong></span> <span class='ocrx_word' id='word_1_480' title='bbox 3124 2843 3377 2914; x_wconf 70' lang='lat' dir='ltr'><strong>lacryma!</strong></span> <span class='ocrx_word' id='word_1_481' title='bbox 3408 2859 3522 2901; x_wconf 71' lang='lat' dir='ltr'><strong>sua:</strong></span> 
     </span>
    </p>
   </div>
   <div class='ocr_carea' id='block_1_61' title="bbox 1935 2934 3523 3008">
    <p class='ocr_par' dir='ltr' id='par_1_61' title="bbox 1935 2934 3523 3008">
     <span class='ocr_line' id='line_1_61' title="bbox 1935 2934 3523 3008; baseline -0.002 -15"><span class='ocrx_word' id='word_1_482' title='bbox 1935 2952 2108 3008; x_wconf 90' lang='lat' dir='ltr'><strong>panes</strong></span> <span class='ocrx_word' id='word_1_483' title='bbox 2131 2937 2218 2992; x_wconf 87' lang='lat' dir='ltr'><strong>die</strong></span> <span class='ocrx_word' id='word_1_484' title='bbox 2247 2950 2313 2991; x_wconf 90' lang='lat' dir='ltr'><strong>ac</strong></span> <span class='ocrx_word' id='word_1_485' title='bbox 2341 2945 2525 2998; x_wconf 84' lang='lat' dir='ltr'><strong>nocte,</strong></span> <span class='ocrx_word' id='word_1_486' title='bbox 2560 2942 2616 2989; x_wconf 87' lang='lat' dir='ltr'><strong>et</strong></span> <span class='ocrx_word' id='word_1_487' title='bbox 2653 2949 2776 2989; x_wconf 90' lang='lat' dir='ltr'><strong>cum</strong></span> <span class='ocrx_word' id='word_1_488' title='bbox 2806 2950 2911 2988; x_wconf 91' lang='lat' dir='ltr'><strong>non</strong></span> <span class='ocrx_word' id='word_1_489' title='bbox 2947 2934 3229 2989; x_wconf 89' lang='lat' dir='ltr'><strong>erubescit</strong></span> <span class='ocrx_word' id='word_1_490' title='bbox 3249 2935 3523 2991; x_wconf 79' lang='lat' dir='ltr'><strong>sacerdoti</strong></span> 
     </span>
    </p>
   </div>
   <div class='ocr_carea' id='block_1_62' title="bbox 1937 3025 3523 3097">
    <p class='ocr_par' dir='ltr' id='par_1_62' title="bbox 1937 3025 3523 3097">
     <span class='ocr_line' id='line_1_62' title="bbox 1937 3025 3523 3097; baseline -0.001 -12"><span class='ocrx_word' id='word_1_491' title='bbox 1937 3029 2149 3085; x_wconf 85' lang='lat' dir='ltr'><strong>Domini</strong></span> <span class='ocrx_word' id='word_1_492' title='bbox 2203 3028 2449 3083; x_wconf 89' lang='lat' dir='ltr'><strong>indicare</strong></span> <span class='ocrx_word' id='word_1_493' title='bbox 2493 3036 2778 3095; x_wconf 89' lang='lat' dir='ltr'><strong>peccatum</strong></span> <span class='ocrx_word' id='word_1_494' title='bbox 2830 3041 2987 3082; x_wconf 91' lang='lat' dir='ltr'><strong>suum</strong></span> <span class='ocrx_word' id='word_1_495' title='bbox 3020 3025 3154 3096; x_wconf 73' lang='grc'>(41),</span> <span class='ocrx_word' id='word_1_496' title='bbox 3190 3035 3246 3083; x_wconf 86' lang='lat' dir='ltr'><strong>et</strong></span> <span class='ocrx_word' id='word_1_497' title='bbox 3273 3042 3523 3097; x_wconf 74' lang='lat' dir='ltr'><strong>qumrere</strong></span> 
     </span>
    </p>
   </div>
   <div class='ocr_carea' id='block_1_63' title="bbox 1937 3118 3520 3188">
    <p class='ocr_par' dir='ltr' id='par_1_63' title="bbox 1937 3118 3520 3188">
     <span class='ocr_line' id='line_1_63' title="bbox 1937 3118 3520 3188; baseline -0.001 -10"><span class='ocrx_word' id='word_1_498' title='bbox 1937 3121 2264 3178; x_wconf 89' lang='lat' dir='ltr'><strong>medicinam</strong></span> <span class='ocrx_word' id='word_1_499' title='bbox 2295 3162 2309 3188; x_wconf 93' lang='lat'><strong>,</strong></span> <span class='ocrx_word' id='word_1_500' title='bbox 2364 3119 2661 3175; x_wconf 87' lang='lat' dir='ltr'><strong>secundum</strong></span> <span class='ocrx_word' id='word_1_501' title='bbox 2712 3134 2837 3174; x_wconf 88' lang='lat' dir='ltr'><strong>eum</strong></span> <span class='ocrx_word' id='word_1_502' title='bbox 2895 3118 2988 3188; x_wconf 86' lang='lat' dir='ltr'><strong>qui</strong></span> <span class='ocrx_word' id='word_1_503' title='bbox 3039 3120 3118 3175; x_wconf 86' lang='lat' dir='ltr'><strong>ait</strong></span> <span class='ocrx_word' id='word_1_504' title='bbox 3158 3120 3249 3173; x_wconf 69' lang='grc' dir='ltr'><strong>τίς</strong></span> <span class='ocrx_word' id='word_1_505' title='bbox 3289 3139 3309 3172; x_wconf 74' lang='grc' dir='ltr'>ι</span> <span class='ocrx_word' id='word_1_506' title='bbox 3350 3121 3468 3176; x_wconf 73' lang='lat' dir='ltr'><strong>Dixi</strong></span> <span class='ocrx_word' id='word_1_507' title='bbox 3502 3134 3520 3176; x_wconf 88' lang='lat'><strong>:</strong></span> 
     </span>
    </p>
   </div>
   <div class='ocr_carea' id='block_1_64' title="bbox 311 3238 1826 3356">
    <p class='ocr_par' dir='ltr' id='par_1_64' title="bbox 311 3287 1826 3356">
     <span class='ocr_line' id='line_1_64' title="bbox 311 3287 1826 3356; baseline -0.007 -5"><span class='ocrx_word' id='word_1_508' title='bbox 311 3295 355 3327; x_wconf 78' lang='grc'><strong>⁸³</strong></span> <span class='ocrx_word' id='word_1_509' title='bbox 383 3295 562 3350; x_wconf 85' lang='lat' dir='ltr'><strong>Levit.</strong></span> <span class='ocrx_word' id='word_1_510' title='bbox 594 3310 647 3347; x_wconf 89' lang='lat' dir='ltr'><strong>tv</strong></span> <span class='ocrx_word' id='word_1_511' title='bbox 668 3333 684 3356; x_wconf 93' lang='lat'><strong>,</strong></span> <span class='ocrx_word' id='word_1_512' title='bbox 726 3292 818 3346; x_wconf 73' lang='lat'><strong>23.</strong></span> <span class='ocrx_word' id='word_1_513' title='bbox 897 3291 942 3323; x_wconf 74' lang='lat'><strong>“</strong></span> <span class='ocrx_word' id='word_1_514' title='bbox 973 3289 1139 3345; x_wconf 78' lang='lat' dir='ltr'><strong>Matth</strong></span> <span class='ocrx_word' id='word_1_515' title='bbox 1171 3307 1222 3354; x_wconf 83' lang='grc' dir='ltr'><strong>ν,</strong></span> <span class='ocrx_word' id='word_1_516' title='bbox 1259 3291 1346 3345; x_wconf 78' lang='lat' dir='ltr'><strong>I3.</strong></span> <span class='ocrx_word' id='word_1_517' title='bbox 1418 3290 1463 3322; x_wconf 78' lang='grc'>⁸⁸</span> <span class='ocrx_word' id='word_1_518' title='bbox 1494 3289 1672 3346; x_wconf 85' lang='lat' dir='ltr'><strong>Levit.</strong></span> <span class='ocrx_word' id='word_1_519' title='bbox 1705 3304 1775 3354; x_wconf 89' lang='lat' dir='ltr'><strong>Iv,</strong></span> <span class='ocrx_word' id='word_1_520' title='bbox 1804 3287 1826 3341; x_wconf 69' lang='grc' dir='ltr'>Ξ</span> 
     </span>
    </p>
   </div>
   <div class='ocr_carea' id='block_1_65' title="bbox 1938 3238 3517 3356">
    <p class='ocr_par' dir='ltr' id='par_1_65' title="bbox 1967 3238 3517 3356">
     <span class='ocr_line' id='line_1_65' title="bbox 1967 3238 3517 3356; baseline -0.001 -21"><span class='ocrx_word' id='word_1_521' title='bbox 1967 3239 2397 3356; x_wconf 38' lang='lat' dir='ltr'><strong>«nuarum.</strong></span> <span class='ocrx_word' id='word_1_522' title='bbox 2483 3238 2528 3308; x_wconf 63' lang='grc' dir='ltr'><strong><em>οὗ</em></strong></span> <span class='ocrx_word' id='word_1_523' title='bbox 2562 3274 2750 3330; x_wconf 66' lang='lat' dir='ltr'><strong>suum.</strong></span> <span class='ocrx_word' id='word_1_524' title='bbox 2782 3292 2857 3341; x_wconf 79' lang='lat' dir='ltr'><strong>vr,</strong></span> <span class='ocrx_word' id='word_1_525' title='bbox 2895 3275 3089 3340; x_wconf 67' lang='lat'><strong>14,15.</strong></span> <span class='ocrx_word' id='word_1_526' title='bbox 3168 3276 3517 3344; x_wconf 73' lang='lat' dir='ltr'><strong>“ibid.,12.</strong></span> 
     </span>
    </p>
   </div>
   <div class='ocr_carea' id='block_1_66' title="bbox 249 3350 1826 3430">
    <p class='ocr_par' dir='ltr' id='par_1_66' title="bbox 249 3350 1826 3430">
     <span class='ocr_line' id='line_1_66' title="bbox 249 3350 1826 3430; baseline -0.005 -10"><span class='ocrx_word' id='word_1_527' title='bbox 249 3367 289 3400; x_wconf 81' lang='grc'><strong>⁶⁹</strong></span> <span class='ocrx_word' id='word_1_528' title='bbox 310 3365 500 3421; x_wconf 69' lang='lat' dir='ltr'><strong>Jacob.</strong></span> <span class='ocrx_word' id='word_1_529' title='bbox 524 3380 578 3430; x_wconf 79' lang='grc' dir='ltr'><strong>ν,</strong></span> <span class='ocrx_word' id='word_1_530' title='bbox 607 3350 701 3419; x_wconf 69' lang='lat'><strong>20.</strong></span> <span class='ocrx_word' id='word_1_531' title='bbox 775 3363 820 3394; x_wconf 84' lang='grc'><strong>⁷⁰</strong></span> <span class='ocrx_word' id='word_1_532' title='bbox 847 3361 979 3418; x_wconf 84' lang='lat' dir='ltr'><strong>Luc.</strong></span> <span class='ocrx_word' id='word_1_533' title='bbox 1010 3376 1107 3426; x_wconf 85' lang='lat' dir='ltr'><strong>vit,</strong></span> <span class='ocrx_word' id='word_1_534' title='bbox 1139 3350 1227 3417; x_wconf 73' lang='lat' dir='ltr'><strong>l7.</strong></span> <span class='ocrx_word' id='word_1_535' title='bbox 1270 3362 1317 3393; x_wconf 70' lang='grc' dir='ltr'><strong>τι</strong></span> <span class='ocrx_word' id='word_1_536' title='bbox 1350 3360 1370 3415; x_wconf 95' lang='lat' dir='ltr'><strong>l</strong></span> <span class='ocrx_word' id='word_1_537' title='bbox 1402 3359 1551 3416; x_wconf 87' lang='lat' dir='ltr'><strong>Petr.</strong></span> <span class='ocrx_word' id='word_1_538' title='bbox 1582 3376 1657 3428; x_wconf 88' lang='lat' dir='ltr'><strong>iv,</strong></span> <span class='ocrx_word' id='word_1_539' title='bbox 1683 3350 1771 3413; x_wconf 45' lang='lat' dir='ltr'><strong>8f</strong></span> <span class='ocrx_word' id='word_1_540' title='bbox 1815 3360 1826 3391; x_wconf 64' lang='grc' dir='ltr'>τ</span> 
     </span>
    </p>
   </div>
   <div class='ocr_carea' id='block_1_67' title="bbox 1938 3350 2307 3430">
    <p class='ocr_par' dir='ltr' id='par_1_67' title="bbox 1938 3350 2307 3415">
     <span class='ocr_line' id='line_1_67' title="bbox 1938 3350 2307 3415; baseline -0.019 -3"><span class='ocrx_word' id='word_1_541' title='bbox 1938 3356 2029 3413; x_wconf 80' lang='lat' dir='ltr'><strong>sal.</strong></span> <span class='ocrx_word' id='word_1_542' title='bbox 2057 3367 2207 3415; x_wconf 74' lang='lat' dir='ltr'><strong>xxxi.</strong></span> <span class='ocrx_word' id='word_1_543' title='bbox 2253 3350 2307 3405; x_wconf 82' lang='lat'><strong>5.</strong></span> 
     </span>
    </p>
   </div>
   <div class='ocr_carea' id='block_1_68' title="bbox 312 3495 1825 3577">
    <p class='ocr_par' dir='ltr' id='par_1_68' title="bbox 312 3495 1825 3577">
     <span class='ocr_line' id='line_1_68' title="bbox 312 3495 1825 3577; baseline -0.005 -18"><span class='ocrx_word' id='word_1_544' title='bbox 312 3501 424 3577; x_wconf 71' lang='grc'>(54)</span> <span class='ocrx_word' id='word_1_545' title='bbox 464 3500 609 3558; x_wconf 83' lang='lat' dir='ltr'><strong>Idem</strong></span> <span class='ocrx_word' id='word_1_546' title='bbox 657 3516 802 3568; x_wconf 85' lang='lat' dir='ltr'><strong>ms.,</strong></span> <span class='ocrx_word' id='word_1_547' title='bbox 844 3517 863 3552; x_wconf 79' lang='grc' dir='ltr'>ι</span> <span class='ocrx_word' id='word_1_548' title='bbox 895 3497 1107 3555; x_wconf 72' lang='lat' dir='ltr'><strong>offeret.</strong></span> <span class='ocrx_word' id='word_1_549' title='bbox 1144 3517 1163 3551; x_wconf 72' lang='grc' dir='ltr'>ι</span> <span class='ocrx_word' id='word_1_550' title='bbox 1208 3498 1366 3553; x_wconf 87' lang='lat' dir='ltr'><strong>Libb.</strong></span> <span class='ocrx_word' id='word_1_551' title='bbox 1419 3496 1589 3562; x_wconf 88' lang='lat' dir='ltr'><strong>editi,</strong></span> <span class='ocrx_word' id='word_1_552' title='bbox 1635 3513 1654 3548; x_wconf 79' lang='grc' dir='ltr'>ι</span> <span class='ocrx_word' id='word_1_553' title='bbox 1691 3495 1825 3552; x_wconf 74' lang='grc' dir='ltr'><strong>οπε-</strong></span> 
     </span>
    </p>
   </div>
   <div class='ocr_carea' id='block_1_69' title="bbox 247 3585 406 3632">
    <p class='ocr_par' dir='ltr' id='par_1_69' title="bbox 247 3585 406 3632">
     <span class='ocr_line' id='line_1_69' title="bbox 247 3585 406 3632; baseline -0.025 -2"><span class='ocrx_word' id='word_1_554' title='bbox 247 3585 345 3632; x_wconf 86' lang='lat' dir='ltr'><strong>rat.</strong></span> <span class='ocrx_word' id='word_1_555' title='bbox 384 3593 406 3626; x_wconf 71' lang='grc' dir='ltr'><strong>ι</strong></span> 
     </span>
    </p>
   </div>
   <div class='ocr_carea' id='block_1_70' title="bbox 313 3636 1818 3718">
    <p class='ocr_par' dir='ltr' id='par_1_70' title="bbox 313 3636 1818 3718">
     <span class='ocr_line' id='line_1_70' title="bbox 313 3636 1818 3718; baseline -0.007 -18"><span class='ocrx_word' id='word_1_556' title='bbox 313 3644 426 3718; x_wconf 70' lang='lat'><strong>(35)</strong></span> <span class='ocrx_word' id='word_1_557' title='bbox 458 3642 825 3718; x_wconf 62' lang='lat' dir='ltr'><strong>Sedjorlasse</strong></span> <span class='ocrx_word' id='word_1_558' title='bbox 867 3642 1051 3718; x_wconf 69' lang='lat' dir='ltr'><strong>dicant</strong></span> <span class='ocrx_word' id='word_1_559' title='bbox 1079 3641 1360 3718; x_wconf 58' lang='lat' dir='ltr'><strong>auditores</strong></span> <span class='ocrx_word' id='word_1_560' title='bbox 1408 3636 1680 3703; x_wconf 67' lang='lat' dir='ltr'><strong>Ecclesiae,</strong></span> <span class='ocrx_word' id='word_1_561' title='bbox 1707 3648 1818 3718; x_wconf 78' lang='lat' dir='ltr'><strong>etc.</strong></span> 
     </span>
    </p>
   </div>
   <div class='ocr_carea' id='block_1_71' title="bbox 244 3709 1817 3781">
    <p class='ocr_par' dir='ltr' id='par_1_71' title="bbox 244 3709 1817 3781">
     <span class='ocr_line' id='line_1_71' title="bbox 244 3709 1817 3781; baseline -0.006 -10"><span class='ocrx_word' id='word_1_562' title='bbox 244 3709 532 3771; x_wconf 72' lang='lat' dir='ltr'><strong>Auditores</strong></span> <span class='ocrx_word' id='word_1_563' title='bbox 558 3709 822 3769; x_wconf 69' lang='lat' dir='ltr'><strong>Ecclesiae</strong></span> <span class='ocrx_word' id='word_1_564' title='bbox 865 3729 1004 3781; x_wconf 91' lang='lat' dir='ltr'><strong>quos</strong></span> <span class='ocrx_word' id='word_1_565' title='bbox 1037 3712 1128 3768; x_wconf 91' lang='lat' dir='ltr'><strong>hic</strong></span> <span class='ocrx_word' id='word_1_566' title='bbox 1173 3710 1381 3780; x_wconf 80' lang='lat' dir='ltr'><strong>profert</strong></span> <span class='ocrx_word' id='word_1_567' title='bbox 1430 3725 1591 3763; x_wconf 86' lang='lat' dir='ltr'><strong>unam</strong></span> <span class='ocrx_word' id='word_1_568' title='bbox 1639 3709 1817 3762; x_wconf 90' lang='lat' dir='ltr'><strong>solum</strong></span> 
     </span>
    </p>
   </div>
   <div class='ocr_carea' id='block_1_72' title="bbox 244 3781 1819 3857">
    <p class='ocr_par' dir='ltr' id='par_1_72' title="bbox 244 3781 1819 3857">
     <span class='ocr_line' id='line_1_72' title="bbox 244 3781 1819 3857; baseline -0.006 -17"><span class='ocrx_word' id='word_1_569' title='bbox 244 3801 341 3857; x_wconf 88' lang='lat' dir='ltr'><strong>per</strong></span> <span class='ocrx_word' id='word_1_570' title='bbox 369 3786 693 3857; x_wconf 80' lang='lat' dir='ltr'><strong>baptismum</strong></span> <span class='ocrx_word' id='word_1_571' title='bbox 719 3795 1068 3853; x_wconf 87' lang='lat' dir='ltr'><strong>peccatorum</strong></span> <span class='ocrx_word' id='word_1_572' title='bbox 1089 3781 1475 3857; x_wconf 70' lang='lat' dir='ltr'><strong>remissionem</strong></span> <span class='ocrx_word' id='word_1_573' title='bbox 1517 3793 1819 3857; x_wconf 78' lang='lat' dir='ltr'><strong>agnoscen-</strong></span> 
     </span>
    </p>
   </div>
   <div class='ocr_carea' id='block_1_73' title="bbox 249 3848 1817 3919">
    <p class='ocr_par' dir='ltr' id='par_1_73' title="bbox 249 3848 1817 3919">
     <span class='ocr_line' id='line_1_73' title="bbox 249 3848 1817 3919; baseline -0.006 -7"><span class='ocrx_word' id='word_1_574' title='bbox 249 3848 351 3919; x_wconf 74' lang='lat' dir='ltr'><strong>tes,</strong></span> <span class='ocrx_word' id='word_1_575' title='bbox 382 3848 757 3910; x_wconf 65' lang='lat' dir='ltr'><strong>ca&#39;techttmerii</strong></span> <span class='ocrx_word' id='word_1_576' title='bbox 785 3864 946 3908; x_wconf 89' lang='lat' dir='ltr'><strong>erant</strong></span> <span class='ocrx_word' id='word_1_577' title='bbox 991 3854 1266 3906; x_wconf 78' lang='lat' dir='ltr'><strong>audientes</strong></span> <span class='ocrx_word' id='word_1_578' title='bbox 1301 3850 1462 3914; x_wconf 85' lang='lat' dir='ltr'><strong>dicti,</strong></span> <span class='ocrx_word' id='word_1_579' title='bbox 1507 3848 1597 3913; x_wconf 91' lang='lat' dir='ltr'><strong>qui</strong></span> <span class='ocrx_word' id='word_1_580' title='bbox 1632 3849 1817 3903; x_wconf 88' lang='lat' dir='ltr'><strong>omnia</strong></span> 
     </span>
    </p>
   </div>
   <div class='ocr_carea' id='block_1_74' title="bbox 246 3920 1817 3994">
    <p class='ocr_par' dir='ltr' id='par_1_74' title="bbox 246 3920 1817 3994">
     <span class='ocr_line' id='line_1_74' title="bbox 246 3920 1817 3994; baseline -0.007 -13"><span class='ocrx_word' id='word_1_581' title='bbox 246 3927 367 3983; x_wconf 81' lang='lat' dir='ltr'><strong>lldei</strong></span> <span class='ocrx_word' id='word_1_582' title='bbox 389 3924 711 3980; x_wconf 63' lang='lat' dir='ltr'><strong>Christianae</strong></span> <span class='ocrx_word' id='word_1_583' title='bbox 739 3924 998 3994; x_wconf 82' lang='lat' dir='ltr'><strong>mysteria</strong></span> <span class='ocrx_word' id='word_1_584' title='bbox 1029 3924 1265 3994; x_wconf 84' lang='lat' dir='ltr'><strong>nondum</strong></span> <span class='ocrx_word' id='word_1_585' title='bbox 1290 3921 1465 3994; x_wconf 83' lang='lat' dir='ltr'><strong>edocti</strong></span> <span class='ocrx_word' id='word_1_586' title='bbox 1491 3920 1817 3994; x_wconf 36' lang='lat' dir='ltr'><strong>eranttqui:</strong></span> 
     </span>
    </p>
   </div>
   <div class='ocr_carea' id='block_1_75' title="bbox 247 3989 1816 4067">
    <p class='ocr_par' dir='ltr' id='par_1_75' title="bbox 247 3989 1816 4067">
     <span class='ocr_line' id='line_1_75' title="bbox 247 3989 1816 4067; baseline -0.007 -14"><span class='ocrx_word' id='word_1_587' title='bbox 247 4014 351 4067; x_wconf 90' lang='lat' dir='ltr'><strong>que</strong></span> <span class='ocrx_word' id='word_1_588' title='bbox 400 3996 551 4050; x_wconf 75' lang='lat' dir='ltr'><strong>ﬁnita</strong></span> <span class='ocrx_word' id='word_1_589' title='bbox 608 3989 868 4067; x_wconf 76' lang='lat' dir='ltr'><strong>concione</strong></span> <span class='ocrx_word' id='word_1_590' title='bbox 917 3997 986 4050; x_wconf 88' lang='lat' dir='ltr'><strong>ab</strong></span> <span class='ocrx_word' id='word_1_591' title='bbox 1033 3992 1265 4067; x_wconf 75' lang='lat' dir='ltr'><strong>ecclesia</strong></span> <span class='ocrx_word' id='word_1_592' title='bbox 1294 3992 1642 4067; x_wconf 78' lang='lat' dir='ltr'><strong>arcebantur.</strong></span> <span class='ocrx_word' id='word_1_593' title='bbox 1672 3989 1816 4044; x_wconf 85' lang='lat' dir='ltr'><strong>Nihil</strong></span> 
     </span>
    </p>
   </div>
   <div class='ocr_carea' id='block_1_76' title="bbox 247 4060 1814 4138">
    <p class='ocr_par' dir='ltr' id='par_1_76' title="bbox 247 4060 1814 4138">
     <span class='ocr_line' id='line_1_76' title="bbox 247 4060 1814 4138; baseline -0.007 -13"><span class='ocrx_word' id='word_1_594' title='bbox 247 4060 370 4138; x_wconf 74' lang='lat' dir='ltr'><strong>ergo</strong></span> <span class='ocrx_word' id='word_1_595' title='bbox 400 4067 595 4121; x_wconf 90' lang='lat' dir='ltr'><strong>mirum</strong></span> <span class='ocrx_word' id='word_1_596' title='bbox 615 4066 791 4138; x_wconf 79' lang='lat' dir='ltr'><strong>aliam</strong></span> <span class='ocrx_word' id='word_1_597' title='bbox 820 4065 901 4121; x_wconf 88' lang='lat' dir='ltr'><strong>eis</strong></span> <span class='ocrx_word' id='word_1_598' title='bbox 938 4067 1178 4120; x_wconf 88' lang='lat' dir='ltr'><strong>nondum</strong></span> <span class='ocrx_word' id='word_1_599' title='bbox 1223 4060 1528 4117; x_wconf 87' lang='lat' dir='ltr'><strong>innotuisse</strong></span> <span class='ocrx_word' id='word_1_600' title='bbox 1558 4071 1814 4138; x_wconf 47' lang='lat' dir='ltr'><strong>peccato:</strong></span> 
     </span>
    </p>
   </div>
   <div class='ocr_carea' id='block_1_77' title="bbox 249 4132 1813 4206">
    <p class='ocr_par' dir='ltr' id='par_1_77' title="bbox 249 4132 1813 4206">
     <span class='ocr_line' id='line_1_77' title="bbox 249 4132 1813 4206; baseline -0.007 -11"><span class='ocrx_word' id='word_1_601' title='bbox 249 4132 362 4195; x_wconf 69' lang='lat' dir='ltr'><strong>ruiu</strong></span> <span class='ocrx_word' id='word_1_602' title='bbox 414 4137 791 4206; x_wconf 87' lang='lat' dir='ltr'><strong>remissionem</strong></span> <span class='ocrx_word' id='word_1_603' title='bbox 840 4147 1041 4206; x_wconf 69' lang='lat' dir='ltr'><strong>praeter</strong></span> <span class='ocrx_word' id='word_1_604' title='bbox 1095 4150 1231 4206; x_wconf 16' lang='lat' dir='ltr'><strong>eam»</strong></span> <span class='ocrx_word' id='word_1_605' title='bbox 1264 4148 1384 4202; x_wconf 65' lang='lat' dir='ltr'><strong>quin</strong></span> <span class='ocrx_word' id='word_1_606' title='bbox 1430 4146 1526 4206; x_wconf 73' lang='lat' dir='ltr'><strong>per</strong></span> <span class='ocrx_word' id='word_1_607' title='bbox 1558 4132 1813 4206; x_wconf 79' lang='lat' dir='ltr'><strong>baptismi</strong></span> 
     </span>
    </p>
   </div>
   <div class='ocr_carea' id='block_1_78' title="bbox 250 4201 1813 4280">
    <p class='ocr_par' dir='ltr' id='par_1_78' title="bbox 250 4201 1813 4280">
     <span class='ocr_line' id='line_1_78' title="bbox 250 4201 1813 4280; baseline -0.005 -18"><span class='ocrx_word' id='word_1_608' title='bbox 250 4210 471 4280; x_wconf 79' lang='lat' dir='ltr'><strong>gratiam</strong></span> <span class='ocrx_word' id='word_1_609' title='bbox 494 4201 1293 4280; x_wconf 41' lang='lat' dir='ltr'><strong>conceditur:Prudentienim</strong></span> <span class='ocrx_word' id='word_1_610' title='bbox 1318 4201 1545 4280; x_wconf 76' lang='lat' dir='ltr'><strong>consilio</strong></span> <span class='ocrx_word' id='word_1_611' title='bbox 1573 4201 1813 4280; x_wconf 72' lang='lat' dir='ltr'><strong>priorum</strong></span> 
     </span>
    </p>
   </div>
   <div class='ocr_carea' id='block_1_79' title="bbox 252 4272 1815 4345">
    <p class='ocr_par' dir='ltr' id='par_1_79' title="bbox 252 4272 1815 4345">
     <span class='ocr_line' id='line_1_79' title="bbox 252 4272 1815 4345; baseline -0.006 -10"><span class='ocrx_word' id='word_1_612' title='bbox 252 4272 559 4335; x_wconf 62' lang='lat' dir='ltr'><strong>seculorum</strong></span> <span class='ocrx_word' id='word_1_613' title='bbox 593 4276 786 4331; x_wconf 83' lang='lat' dir='ltr'><strong>Patres</strong></span> <span class='ocrx_word' id='word_1_614' title='bbox 813 4286 871 4331; x_wconf 91' lang='lat' dir='ltr'><strong>ut</strong></span> <span class='ocrx_word' id='word_1_615' title='bbox 898 4278 1149 4345; x_wconf 82' lang='lat' dir='ltr'><strong>baptismi</strong></span> <span class='ocrx_word' id='word_1_616' title='bbox 1196 4275 1387 4344; x_wconf 72' lang='lat' dir='ltr'><strong>gratia:</strong></span> <span class='ocrx_word' id='word_1_617' title='bbox 1420 4272 1815 4327; x_wconf 72' lang='lat' dir='ltr'><strong>conservandae</strong></span> 
     </span>
    </p>
   </div>
   <div class='ocr_carea' id='block_1_80' title="bbox 253 4345 1813 4423">
    <p class='ocr_par' dir='ltr' id='par_1_80' title="bbox 253 4345 1813 4423">
     <span class='ocr_line' id='line_1_80' title="bbox 253 4345 1813 4423; baseline -0.006 -20"><span class='ocrx_word' id='word_1_618' title='bbox 253 4349 801 4423; x_wconf 70' lang='lat' dir='ltr'><strong>maximumstudiuin</strong></span> <span class='ocrx_word' id='word_1_619' title='bbox 839 4345 1468 4423; x_wconf 22' lang='lat' dir='ltr'><strong>indereut,‘ptpnitcntiae</strong></span> <span class='ocrx_word' id='word_1_620' title='bbox 1498 4357 1813 4423; x_wconf 65' lang='lat' dir='ltr'><strong>sacramen-</strong></span> 
     </span>
    </p>
   </div>
   <div class='ocr_carea' id='block_1_81' title="bbox 1927 3479 3515 3550">
    <p class='ocr_par' dir='ltr' id='par_1_81' title="bbox 1927 3479 3515 3550">
     <span class='ocr_line' id='line_1_81' title="bbox 1927 3479 3515 3550; baseline -0.008 -4"><span class='ocrx_word' id='word_1_621' title='bbox 1927 3487 2179 3547; x_wconf 67' lang='lat' dir='ltr'><strong>secundee</strong></span> <span class='ocrx_word' id='word_1_622' title='bbox 2201 3525 2218 3550; x_wconf 94' lang='lat'><strong>,</strong></span> <span class='ocrx_word' id='word_1_623' title='bbox 2261 3482 2373 3538; x_wconf 92' lang='lat' dir='ltr'><strong>imo</strong></span> <span class='ocrx_word' id='word_1_624' title='bbox 2412 3479 2524 3550; x_wconf 85' lang='lat' dir='ltr'><strong>jam</strong></span> <span class='ocrx_word' id='word_1_625' title='bbox 2555 3479 2758 3535; x_wconf 64' lang='lat' dir='ltr'><strong>ultimae</strong></span> <span class='ocrx_word' id='word_1_626' title='bbox 2792 3480 2907 3550; x_wconf 90' lang='lat' dir='ltr'><strong>spei</strong></span> <span class='ocrx_word' id='word_1_627' title='bbox 2951 3480 3246 3535; x_wconf 83' lang='lat' dir='ltr'><strong>subtexere</strong></span> <span class='ocrx_word' id='word_1_628' title='bbox 3275 3481 3515 3535; x_wconf 83' lang='lat' dir='ltr'><strong>mentio-</strong></span> 
     </span>
    </p>
   </div>
   <div class='ocr_carea' id='block_1_82' title="bbox 1929 3551 3512 3623">
    <p class='ocr_par' dir='ltr' id='par_1_82' title="bbox 1929 3551 3512 3623">
     <span class='ocr_line' id='line_1_82' title="bbox 1929 3551 3512 3623; baseline -0.008 -7"><span class='ocrx_word' id='word_1_629' title='bbox 1929 3576 2076 3623; x_wconf 89' lang='lat' dir='ltr'><strong>nem,</strong></span> <span class='ocrx_word' id='word_1_630' title='bbox 2119 3576 2137 3609; x_wconf 75' lang='grc' dir='ltr'><strong><em>ι</em></strong></span> <span class='ocrx_word' id='word_1_631' title='bbox 2169 3569 2237 3609; x_wconf 91' lang='lat' dir='ltr'><strong>ne</strong></span> <span class='ocrx_word' id='word_1_632' title='bbox 2271 3562 2577 3623; x_wconf 77' lang='lat' dir='ltr'><strong>retractans</strong></span> <span class='ocrx_word' id='word_1_633' title='bbox 2603 3552 2668 3606; x_wconf 89' lang='lat' dir='ltr'><strong>de</strong></span> <span class='ocrx_word' id='word_1_634' title='bbox 2703 3551 2926 3623; x_wconf 86' lang='lat' dir='ltr'><strong>residuo</strong></span> <span class='ocrx_word' id='word_1_635' title='bbox 2955 3551 3164 3606; x_wconf 81' lang='lat' dir='ltr'><strong>auxilio</strong></span> <span class='ocrx_word' id='word_1_636' title='bbox 3189 3551 3512 3623; x_wconf 66' lang='lat' dir='ltr'><strong>paenitendi,</strong></span> 
     </span>
    </p>
   </div>
   <div class='ocr_carea' id='block_1_83' title="bbox 1926 3620 3512 3700">
    <p class='ocr_par' dir='ltr' id='par_1_83' title="bbox 1926 3620 3512 3700">
     <span class='ocr_line' id='line_1_83' title="bbox 1926 3620 3512 3700; baseline -0.006 -14"><span class='ocrx_word' id='word_1_637' title='bbox 1926 3620 2162 3700; x_wconf 84' lang='lat' dir='ltr'><strong>spatium</strong></span> <span class='ocrx_word' id='word_1_638' title='bbox 2194 3624 2372 3700; x_wconf 83' lang='lat' dir='ltr'><strong>adhuc</strong></span> <span class='ocrx_word' id='word_1_639' title='bbox 2410 3620 2758 3700; x_wconf 67' lang='lat' dir='ltr'><strong>delinquendi</strong></span> <span class='ocrx_word' id='word_1_640' title='bbox 2783 3622 3192 3700; x_wconf 84' lang='lat' dir='ltr'><strong>_denionstrare</strong></span> <span class='ocrx_word' id='word_1_641' title='bbox 3239 3621 3512 3700; x_wconf 74' lang='lat' dir='ltr'><strong>videatur.</strong></span> 
     </span>
    </p>
   </div>
   <div class='ocr_carea' id='block_1_84' title="bbox 1922 3690 3512 3760">
    <p class='ocr_par' dir='ltr' id='par_1_84' title="bbox 1922 3690 3512 3760">
     <span class='ocr_line' id='line_1_84' title="bbox 1922 3690 3512 3760; baseline -0.008 -3"><span class='ocrx_word' id='word_1_642' title='bbox 1922 3690 1992 3756; x_wconf 56' lang='lat' dir='ltr'><strong>At</strong></span> <span class='ocrx_word' id='word_1_643' title='bbox 2018 3714 2150 3754; x_wconf 80' lang='lat' dir='ltr'><strong>vero</strong></span> <span class='ocrx_word' id='word_1_644' title='bbox 2204 3695 2295 3748; x_wconf 86' lang='lat' dir='ltr'><strong>tibi</strong></span> <span class='ocrx_word' id='word_1_645' title='bbox 2340 3693 2485 3747; x_wconf 85' lang='lat' dir='ltr'><strong>servi</strong></span> <span class='ocrx_word' id='word_1_646' title='bbox 2519 3690 2612 3744; x_wconf 85' lang='lat' dir='ltr'><strong>Dei</strong></span> <span class='ocrx_word' id='word_1_647' title='bbox 2660 3692 2797 3760; x_wconf 89' lang='lat' dir='ltr'><strong>lapsi</strong></span> <span class='ocrx_word' id='word_1_648' title='bbox 2828 3700 3026 3753; x_wconf 86' lang='lat' dir='ltr'><strong>erant,</strong></span> <span class='ocrx_word' id='word_1_649' title='bbox 3079 3701 3131 3745; x_wconf 93' lang='lat' dir='ltr'><strong>et</strong></span> <span class='ocrx_word' id='word_1_650' title='bbox 3162 3691 3512 3746; x_wconf 86' lang='lat' dir='ltr'><strong>sanctitatem</strong></span> 
     </span>
    </p>
   </div>
   <div class='ocr_carea' id='block_1_85' title="bbox 1922 3761 3513 3840">
    <p class='ocr_par' dir='ltr' id='par_1_85' title="bbox 1922 3761 3513 3840">
     <span class='ocr_line' id='line_1_85' title="bbox 1922 3761 3513 3840; baseline -0.007 -14"><span class='ocrx_word' id='word_1_651' title='bbox 1922 3766 2267 3840; x_wconf 89' lang='lat' dir='ltr'><strong>baptismatis</strong></span> <span class='ocrx_word' id='word_1_652' title='bbox 2296 3764 2616 3840; x_wconf 77' lang='lat' dir='ltr'><strong>amiserant,</strong></span> <span class='ocrx_word' id='word_1_653' title='bbox 2645 3772 2758 3840; x_wconf 83' lang='lat' dir='ltr'><strong>tum</strong></span> <span class='ocrx_word' id='word_1_654' title='bbox 2791 3763 2964 3840; x_wconf 76' lang='lat' dir='ltr'><strong>sancti</strong></span> <span class='ocrx_word' id='word_1_655' title='bbox 2993 3761 3187 3840; x_wconf 77' lang='lat' dir='ltr'><strong>Patres</strong></span> <span class='ocrx_word' id='word_1_656' title='bbox 3218 3761 3513 3840; x_wconf 59' lang='lat' dir='ltr'><strong>laboriOsze</strong></span> 
     </span>
    </p>
   </div>
   <div class='ocr_carea' id='block_1_86' title="bbox 1919 3830 3512 3907">
    <p class='ocr_par' dir='ltr' id='par_1_86' title="bbox 1919 3830 3512 3907">
     <span class='ocr_line' id='line_1_86' title="bbox 1919 3830 3512 3907; baseline -0.008 -9"><span class='ocrx_word' id='word_1_657' title='bbox 1919 3855 1976 3898; x_wconf 87' lang='lat' dir='ltr'><strong>et</strong></span> <span class='ocrx_word' id='word_1_658' title='bbox 1995 3830 2156 3896; x_wconf 52' lang='lat' dir='ltr'><strong>&#39;durze</strong></span> <span class='ocrx_word' id='word_1_659' title='bbox 2186 3835 2638 3907; x_wconf 46' lang='lat' dir='ltr'><strong>paenitentiaut</strong></span> <span class='ocrx_word' id='word_1_660' title='bbox 2666 3833 2906 3907; x_wconf 82' lang='lat' dir='ltr'><strong>loquitur</strong></span> <span class='ocrx_word' id='word_1_661' title='bbox 2936 3833 3037 3887; x_wconf 92' lang='lat' dir='ltr'><strong>hoc</strong></span> <span class='ocrx_word' id='word_1_662' title='bbox 3060 3832 3186 3907; x_wconf 68' lang='lat' dir='ltr'><strong>loco</strong></span> <span class='ocrx_word' id='word_1_663' title='bbox 3224 3830 3512 3907; x_wconf 72' lang='lat' dir='ltr'><strong>Origenes,</strong></span> 
     </span>
    </p>
   </div>
   <div class='ocr_carea' id='block_1_87' title="bbox 1922 3901 3515 3969">
    <p class='ocr_par' dir='ltr' id='par_1_87' title="bbox 1922 3901 3515 3969">
     <span class='ocr_line' id='line_1_87' title="bbox 1922 3901 3515 3969; baseline -0.009 0"><span class='ocrx_word' id='word_1_664' title='bbox 1922 3901 2220 3969; x_wconf 82' lang='lat' dir='ltr'><strong>remedium</strong></span> <span class='ocrx_word' id='word_1_665' title='bbox 2254 3907 2336 3960; x_wconf 89' lang='lat' dir='ltr'><strong>eis</strong></span> <span class='ocrx_word' id='word_1_666' title='bbox 2372 3903 2703 3957; x_wconf 84' lang='lat' dir='ltr'><strong>indicabant.</strong></span> <span class='ocrx_word' id='word_1_667' title='bbox 2736 3901 3010 3957; x_wconf 68' lang='lat' dir='ltr'><strong>Czelerum</strong></span> <span class='ocrx_word' id='word_1_668' title='bbox 3042 3901 3147 3955; x_wconf 88' lang='lat' dir='ltr'><strong>dici</strong></span> <span class='ocrx_word' id='word_1_669' title='bbox 3195 3903 3356 3956; x_wconf 88' lang='lat' dir='ltr'><strong>etiam</strong></span> <span class='ocrx_word' id='word_1_670' title='bbox 3393 3916 3515 3969; x_wconf 86' lang='lat' dir='ltr'><strong>pos-</strong></span> 
     </span>
    </p>
   </div>
   <div class='ocr_carea' id='block_1_88' title="bbox 1923 3973 3513 4045">
    <p class='ocr_par' dir='ltr' id='par_1_88' title="bbox 1923 3973 3513 4045">
     <span class='ocr_line' id='line_1_88' title="bbox 1923 3973 3513 4045; baseline -0.009 -5"><span class='ocrx_word' id='word_1_671' title='bbox 1923 3986 1993 4041; x_wconf 88' lang='lat' dir='ltr'><strong>sit</strong></span> <span class='ocrx_word' id='word_1_672' title='bbox 2031 3984 2134 4038; x_wconf 88' lang='lat' dir='ltr'><strong>hoc</strong></span> <span class='ocrx_word' id='word_1_673' title='bbox 2164 3979 2284 4031; x_wconf 87' lang='lat' dir='ltr'><strong>loco</strong></span> <span class='ocrx_word' id='word_1_674' title='bbox 2319 3974 2609 4045; x_wconf 87' lang='lat' dir='ltr'><strong>Origeneni</strong></span> <span class='ocrx_word' id='word_1_675' title='bbox 2641 3974 3011 4045; x_wconf 81' lang='lat' dir='ltr'><strong>quorumdam</strong></span> <span class='ocrx_word' id='word_1_676' title='bbox 3056 3973 3513 4045; x_wconf 82' lang='lat' dir='ltr'><strong>Montanistarum</strong></span> 
     </span>
    </p>
   </div>
   <div class='ocr_carea' id='block_1_89' title="bbox 1923 4042 3513 4125">
    <p class='ocr_par' dir='ltr' id='par_1_89' title="bbox 1923 4042 3513 4125">
     <span class='ocr_line' id='line_1_89' title="bbox 1923 4042 3513 4125; baseline -0.008 -16"><span class='ocrx_word' id='word_1_677' title='bbox 1923 4056 2013 4125; x_wconf 85' lang='lat' dir='ltr'><strong>qui</strong></span> <span class='ocrx_word' id='word_1_678' title='bbox 2044 4064 2153 4106; x_wconf 90' lang='lat' dir='ltr'><strong>tum</strong></span> <span class='ocrx_word' id='word_1_679' title='bbox 2182 4049 2323 4125; x_wconf 64' lang='lat' dir='ltr'><strong>forte</strong></span> <span class='ocrx_word' id='word_1_680' title='bbox 2349 4042 2600 4100; x_wconf 80' lang='lat' dir='ltr'><strong>concioni</strong></span> <span class='ocrx_word' id='word_1_681' title='bbox 2628 4044 2893 4108; x_wconf 85' lang='lat' dir='ltr'><strong>aderant,</strong></span> <span class='ocrx_word' id='word_1_682' title='bbox 2927 4042 3139 4111; x_wconf 77' lang='lat' dir='ltr'><strong>objeCta</strong></span> <span class='ocrx_word' id='word_1_683' title='bbox 3170 4043 3274 4098; x_wconf 90' lang='lat' dir='ltr'><strong>sibi</strong></span> <span class='ocrx_word' id='word_1_684' title='bbox 3307 4056 3513 4111; x_wconf 85' lang='lat' dir='ltr'><strong>propo-</strong></span> 
     </span>
    </p>
   </div>
   <div class='ocr_carea' id='block_1_90' title="bbox 1925 4118 2403 4181">
    <p class='ocr_par' dir='ltr' id='par_1_90' title="bbox 1925 4118 2403 4181">
     <span class='ocr_line' id='line_1_90' title="bbox 1925 4118 2403 4181; baseline -0.019 0"><span class='ocrx_word' id='word_1_685' title='bbox 1925 4118 2055 4181; x_wconf 76' lang='lat' dir='ltr'><strong>nere</strong></span> <span class='ocrx_word' id='word_1_686' title='bbox 2088 4136 2152 4176; x_wconf 86' lang='lat' dir='ltr'><strong>ac</strong></span> <span class='ocrx_word' id='word_1_687' title='bbox 2172 4118 2403 4175; x_wconf 87' lang='lat' dir='ltr'><strong>diluere.</strong></span> 
     </span>
    </p>
   </div>
   <div class='ocr_carea' id='block_1_91' title="bbox 1995 4180 3508 4268">
    <p class='ocr_par' dir='ltr' id='par_1_91' title="bbox 1995 4180 3508 4268">
     <span class='ocr_line' id='line_1_91' title="bbox 1995 4180 3508 4268; baseline -0.008 -19"><span class='ocrx_word' id='word_1_688' title='bbox 1995 4192 2108 4268; x_wconf 79' lang='grc'>(56)</span> <span class='ocrx_word' id='word_1_689' title='bbox 2139 4190 2296 4253; x_wconf 62' lang='lat' dir='ltr'><strong>Mss,</strong></span> <span class='ocrx_word' id='word_1_690' title='bbox 2335 4204 2356 4240; x_wconf 73' lang='grc' dir='ltr'>ι</span> <span class='ocrx_word' id='word_1_691' title='bbox 2391 4193 2641 4241; x_wconf 90' lang='lat' dir='ltr'><strong>mortuus</strong></span> <span class='ocrx_word' id='word_1_692' title='bbox 2671 4190 2773 4239; x_wconf 87' lang='lat' dir='ltr'><strong>est.</strong></span> <span class='ocrx_word' id='word_1_693' title='bbox 2812 4202 2834 4238; x_wconf 70' lang='grc' dir='ltr'><strong><em>ι</em></strong></span> <span class='ocrx_word' id='word_1_694' title='bbox 2875 4180 3035 4238; x_wconf 90' lang='lat' dir='ltr'><strong>Libb.</strong></span> <span class='ocrx_word' id='word_1_695' title='bbox 3062 4182 3194 4238; x_wconf 86' lang='lat' dir='ltr'><strong>editi</strong></span> <span class='ocrx_word' id='word_1_696' title='bbox 3235 4200 3250 4237; x_wconf 87' lang='lat'><strong>:</strong></span> <span class='ocrx_word' id='word_1_697' title='bbox 3291 4200 3312 4235; x_wconf 73' lang='grc' dir='ltr'>ι</span> <span class='ocrx_word' id='word_1_698' title='bbox 3349 4182 3508 4239; x_wconf 89' lang='lat' dir='ltr'><strong>obla-</strong></span> 
     </span>
    </p>
   </div>
   <div class='ocr_carea' id='block_1_92' title="bbox 1924 4273 3507 4408">
    <p class='ocr_par' dir='ltr' id='par_1_92' title="bbox 1924 4273 3507 4408">
     <span class='ocr_line' id='line_1_92' title="bbox 1924 4273 3507 4408; baseline -0.005 -22"><span class='ocrx_word' id='word_1_699' title='bbox 1924 4273 2283 4408; x_wconf 50' lang='grc' dir='ltr'><strong>ιυῗὸξῗιᾏῖςάὶ</strong></span> <span class='ocrx_word' id='word_1_700' title='bbox 2311 4344 2468 4408; x_wconf 69' lang='lat' dir='ltr'><strong>nunc,</strong></span> <span class='ocrx_word' id='word_1_701' title='bbox 2493 4324 2844 4408; x_wconf 63' lang='lat' dir='ltr'><strong>etc._Citatur</strong></span> <span class='ocrx_word' id='word_1_702' title='bbox 2876 4325 2977 4408; x_wconf 49' lang='grc' dir='ltr'><strong>ξύει</strong></span> <span class='ocrx_word' id='word_1_703' title='bbox 3002 4322 3150 4408; x_wconf 74' lang='lat' dir='ltr'><strong>locus</strong></span> <span class='ocrx_word' id='word_1_704' title='bbox 3174 4339 3239 4378; x_wconf 82' lang='lat' dir='ltr'><strong>ex</strong></span> <span class='ocrx_word' id='word_1_705' title='bbox 3278 4324 3507 4408; x_wconf 70' lang='lat' dir='ltr'><strong>bomilia</strong></span> 
     </span>
    </p>
   </div>
   <div class='ocr_carea' id='block_1_93' title="bbox 257 4394 3511 4483">
    <p class='ocr_par' dir='ltr' id='par_1_93' title="bbox 257 4394 3511 4483">
     <span class='ocr_line' id='line_1_93' title="bbox 257 4394 3511 4483; baseline -0.009 -9"><span class='ocrx_word' id='word_1_706' title='bbox 257 4394 1815 4483; x_wconf 69' lang='lat' dir='ltr'><strong>occultabant:</strong></span> <span class='ocrx_word' id='word_1_707' title='bbox 1852 4408 1895 4464; x_wconf 90' lang='lat' dir='ltr'><strong>D</strong></span> <span class='ocrx_word' id='word_1_708' title='bbox 1924 4394 2104 4483; x_wconf 50' lang='lat' dir='ltr'><strong>pri‘ttta&#39;</strong></span> <span class='ocrx_word' id='word_1_709' title='bbox 2128 4401 2468 4483; x_wconf 48' lang='lat' dir='ltr'><strong>Origenisjn</strong></span> <span class='ocrx_word' id='word_1_710' title='bbox 2496 4396 2800 4483; x_wconf 48' lang='lat' dir='ltr'><strong>Leviticutn</strong></span> <span class='ocrx_word' id='word_1_711' title='bbox 2838 4396 2929 4483; x_wconf 29' lang='lat' dir='ltr'><strong>ab“</strong></span> <span class='ocrx_word' id='word_1_712' title='bbox 2952 4394 3086 4483; x_wconf 44' lang='lat' dir='ltr'><strong>Jn’na</strong></span> <span class='ocrx_word' id='word_1_713' title='bbox 3123 4394 3511 4452; x_wconf 70' lang='lat' dir='ltr'><strong>Aurelianensi</strong></span> 
     </span>
    </p>
   </div>
   <div class='ocr_carea' id='block_1_94' title="bbox 256 4482 1814 4561">
    <p class='ocr_par' dir='ltr' id='par_1_94' title="bbox 256 4482 1814 4561">
     <span class='ocr_line' id='line_1_94' title="bbox 256 4482 1814 4561; baseline -0.003 -21"><span class='ocrx_word' id='word_1_714' title='bbox 256 4491 392 4545; x_wconf 89' lang='lat' dir='ltr'><strong>verbi</strong></span> <span class='ocrx_word' id='word_1_715' title='bbox 423 4491 630 4561; x_wconf 87' lang='lat' dir='ltr'><strong>gratia,</strong></span> <span class='ocrx_word' id='word_1_716' title='bbox 661 4487 914 4543; x_wconf 88' lang='lat' dir='ltr'><strong>Clemens</strong></span> <span class='ocrx_word' id='word_1_717' title='bbox 945 4482 1222 4561; x_wconf 61' lang='lat' dir='ltr'><strong>Romanius</strong></span> <span class='ocrx_word' id='word_1_718' title='bbox 1250 4485 1421 4561; x_wconf 78' lang='lat' dir='ltr'><strong>__epis_t.</strong></span> <span class='ocrx_word' id='word_1_719' title='bbox 1451 4482 1584 4561; x_wconf 61' lang='lat' dir='ltr'><strong>Qad</strong></span> <span class='ocrx_word' id='word_1_720' title='bbox 1616 4482 1814 4561; x_wconf 69' lang='lat' dir='ltr'><strong>Curiu-</strong></span> 
     </span>
    </p>
   </div>
   <div class='ocr_carea' id='block_1_95' title="bbox 257 4553 1817 4628">
    <p class='ocr_par' dir='ltr' id='par_1_95' title="bbox 257 4553 1817 4628">
     <span class='ocr_line' id='line_1_95' title="bbox 257 4553 1817 4628; baseline -0.006 -14"><span class='ocrx_word' id='word_1_721' title='bbox 257 4562 403 4625; x_wconf 80' lang='lat' dir='ltr'><strong>tbios,</strong></span> <span class='ocrx_word' id='word_1_722' title='bbox 425 4553 552 4627; x_wconf 62' lang='lat' dir='ltr'><strong>cap.</strong></span> <span class='ocrx_word' id='word_1_723' title='bbox 583 4561 617 4614; x_wconf 85' lang='lat'><strong>6</strong></span> <span class='ocrx_word' id='word_1_724' title='bbox 640 4599 658 4625; x_wconf 85' lang='lat'><strong>,</strong></span> <span class='ocrx_word' id='word_1_725' title='bbox 684 4561 763 4615; x_wconf 88' lang='lat' dir='ltr'><strong>sic</strong></span> <span class='ocrx_word' id='word_1_726' title='bbox 791 4561 1027 4628; x_wconf 87' lang='lat' dir='ltr'><strong>loquitur</strong></span> <span class='ocrx_word' id='word_1_727' title='bbox 1053 4576 1067 4611; x_wconf 88' lang='lat'><strong>:</strong></span> <span class='ocrx_word' id='word_1_728' title='bbox 1108 4558 1298 4626; x_wconf 77' lang='grc' dir='ltr'>Ἡμεῖς</span> <span class='ocrx_word' id='word_1_729' title='bbox 1326 4553 1420 4608; x_wconf 82' lang='grc' dir='ltr'><strong>ἐὰν</strong></span> <span class='ocrx_word' id='word_1_730' title='bbox 1454 4555 1529 4628; x_wconf 67' lang='grc' dir='ltr'><strong>μὴ</strong></span> <span class='ocrx_word' id='word_1_731' title='bbox 1562 4553 1817 4628; x_wconf 60' lang='grc' dir='ltr'><strong>τηρήςξῳ-</strong></span> 
     </span>
    </p>
   </div>
   <div class='ocr_carea' id='block_1_96' title="bbox 261 4622 1819 4715">
    <p class='ocr_par' dir='ltr' id='par_1_96' title="bbox 261 4622 1819 4715">
     <span class='ocr_line' id='line_1_96' title="bbox 261 4622 1819 4715; baseline -0.007 -30"><span class='ocrx_word' id='word_1_732' title='bbox 261 4622 426 4715; x_wconf 80' lang='grc' dir='ltr'><strong>μεν</strong></span> <span class='ocrx_word' id='word_1_733' title='bbox 457 4622 737 4715; x_wconf 54' lang='grc' dir='ltr'><strong>ξᾶπτεάμξ</strong></span> <span class='ocrx_word' id='word_1_734' title='bbox 763 4622 915 4715; x_wconf 36' lang='grc' dir='ltr'><strong>ἆγθιόν</strong></span> <span class='ocrx_word' id='word_1_735' title='bbox 946 4631 1043 4715; x_wconf 46' lang='grc' dir='ltr'><strong>θεαί).</strong></span> <span class='ocrx_word' id='word_1_736' title='bbox 1075 4622 1819 4715; x_wconf 15' lang='grc' dir='ltr'><strong>ἁξίὸιντονἏπὲήίᾳξπέποξβή-</strong></span> 
     </span>
    </p>
   </div>
   <div class='ocr_carea' id='block_1_97' title="bbox 261 4694 1815 4772">
    <p class='ocr_par' dir='ltr' id='par_1_97' title="bbox 261 4694 1815 4772">
     <span class='ocr_line' id='line_1_97' title="bbox 261 4694 1815 4772; baseline -0.005 -17"><span class='ocrx_word' id='word_1_737' title='bbox 261 4694 332 4756; x_wconf 70' lang='lat' dir='ltr'><strong>Em</strong></span> <span class='ocrx_word' id='word_1_738' title='bbox 358 4694 769 4772; x_wconf 68' lang='grc' dir='ltr'><strong>εἰσέλευσόμξεθα</strong></span> <span class='ocrx_word' id='word_1_739' title='bbox 797 4694 879 4764; x_wconf 71' lang='lat' dir='ltr'><strong>si;</strong></span> <span class='ocrx_word' id='word_1_740' title='bbox 908 4700 972 4753; x_wconf 83' lang='grc' dir='ltr'><strong>τὸ</strong></span> <span class='ocrx_word' id='word_1_741' title='bbox 1006 4694 1273 4772; x_wconf 70' lang='grc' dir='ltr'><strong>βασίλεων</strong></span> <span class='ocrx_word' id='word_1_742' title='bbox 1296 4696 1389 4750; x_wconf 75' lang='grc' dir='ltr'><strong>τοῦ</strong></span> <span class='ocrx_word' id='word_1_743' title='bbox 1415 4694 1550 4749; x_wconf 80' lang='grc' dir='ltr'>Θεὸῦ</span> <span class='ocrx_word' id='word_1_744' title='bbox 1585 4711 1600 4761; x_wconf 86' lang='grc'><strong>;</strong></span> <span class='ocrx_word' id='word_1_745' title='bbox 1634 4713 1661 4772; x_wconf 41' lang='grc' dir='ltr'>ι.</span> <span class='ocrx_word' id='word_1_746' title='bbox 1689 4694 1815 4758; x_wconf 72' lang='lat' dir='ltr'><strong>Nos,</strong></span> 
     </span>
    </p>
   </div>
   <div class='ocr_carea' id='block_1_98' title="bbox 260 4767 1814 4843">
    <p class='ocr_par' dir='ltr' id='par_1_98' title="bbox 260 4767 1814 4843">
     <span class='ocr_line' id='line_1_98' title="bbox 260 4767 1814 4843; baseline -0.008 -14"><span class='ocrx_word' id='word_1_747' title='bbox 260 4775 351 4829; x_wconf 86' lang='lat' dir='ltr'><strong>nisi</strong></span> <span class='ocrx_word' id='word_1_748' title='bbox 373 4767 644 4843; x_wconf 69' lang='lat' dir='ltr'><strong>baptisma</strong></span> <span class='ocrx_word' id='word_1_749' title='bbox 664 4787 857 4840; x_wconf 89' lang='lat' dir='ltr'><strong>purum</strong></span> <span class='ocrx_word' id='word_1_750' title='bbox 880 4780 936 4826; x_wconf 85' lang='lat' dir='ltr'><strong>et</strong></span> <span class='ocrx_word' id='word_1_751' title='bbox 958 4767 1367 4843; x_wconf 82' lang='lat' dir='ltr'><strong>immaculatum</strong></span> <span class='ocrx_word' id='word_1_752' title='bbox 1387 4767 1814 4843; x_wconf 60' lang='lat' dir='ltr'><strong>servaverimus,</strong></span> 
     </span>
    </p>
   </div>
   <div class='ocr_carea' id='block_1_99' title="bbox 260 4835 1817 4911">
    <p class='ocr_par' dir='ltr' id='par_1_99' title="bbox 260 4835 1817 4911">
     <span class='ocr_line' id='line_1_99' title="bbox 260 4835 1817 4911; baseline -0.006 -13"><span class='ocrx_word' id='word_1_753' title='bbox 260 4860 349 4911; x_wconf 88' lang='lat' dir='ltr'><strong>qua</strong></span> <span class='ocrx_word' id='word_1_754' title='bbox 396 4835 722 4898; x_wconf 71' lang='lat' dir='ltr'><strong>continentia</strong></span> <span class='ocrx_word' id='word_1_755' title='bbox 765 4843 1088 4896; x_wconf 80' lang='lat' dir='ltr'><strong>intrabinius</strong></span> <span class='ocrx_word' id='word_1_756' title='bbox 1143 4843 1194 4892; x_wconf 90' lang='lat' dir='ltr'><strong>in</strong></span> <span class='ocrx_word' id='word_1_757' title='bbox 1231 4840 1433 4909; x_wconf 80' lang='lat' dir='ltr'><strong>regiam</strong></span> <span class='ocrx_word' id='word_1_758' title='bbox 1489 4836 1582 4911; x_wconf 73' lang='lat' dir='ltr'><strong>Dei</strong></span> <span class='ocrx_word' id='word_1_759' title='bbox 1622 4835 1652 4911; x_wconf 85' lang='lat'><strong>?_</strong></span> <span class='ocrx_word' id='word_1_760' title='bbox 1694 4854 1713 4887; x_wconf 72' lang='grc' dir='ltr'><strong>ι</strong></span> <span class='ocrx_word' id='word_1_761' title='bbox 1753 4837 1817 4911; x_wconf 60' lang='grc' dir='ltr'><strong>Ιξι</strong></span> 
     </span>
    </p>
   </div>
   <div class='ocr_carea' id='block_1_100' title="bbox 261 4905 1818 4985">
    <p class='ocr_par' dir='ltr' id='par_1_100' title="bbox 261 4905 1818 4985">
     <span class='ocr_line' id='line_1_100' title="bbox 261 4905 1818 4985; baseline -0.008 -15"><span class='ocrx_word' id='word_1_762' title='bbox 261 4905 364 4985; x_wconf 75' lang='lat' dir='ltr'><strong>cap.</strong></span> <span class='ocrx_word' id='word_1_763' title='bbox 390 4930 506 4985; x_wconf 76' lang='lat' dir='ltr'><strong>seq.</strong></span> <span class='ocrx_word' id='word_1_764' title='bbox 528 4932 543 4969; x_wconf 88' lang='lat'><strong>:</strong></span> <span class='ocrx_word' id='word_1_765' title='bbox 566 4912 690 4967; x_wconf 87' lang='grc' dir='ltr'><strong>Τῶν</strong></span> <span class='ocrx_word' id='word_1_766' title='bbox 715 4911 792 4985; x_wconf 72' lang='grc' dir='ltr'><strong>μὴ</strong></span> <span class='ocrx_word' id='word_1_767' title='bbox 812 4912 1166 4985; x_wconf 66' lang='grc' dir='ltr'><strong>τηρησάντωγ</strong></span> <span class='ocrx_word' id='word_1_768' title='bbox 1190 4905 1609 4985; x_wconf 59' lang='grc' dir='ltr'><strong>τῆν’ᾳφραγῖδα,</strong></span> <span class='ocrx_word' id='word_1_769' title='bbox 1630 4907 1658 4959; x_wconf 80' lang='grc' dir='ltr'><strong>ὁ</strong></span> <span class='ocrx_word' id='word_1_770' title='bbox 1682 4905 1818 4959; x_wconf 86' lang='grc' dir='ltr'><strong>σκώ-</strong></span> 
     </span>
    </p>
   </div>
   <div class='ocr_carea' id='block_1_101' title="bbox 260 4982 1817 5058">
    <p class='ocr_par' dir='ltr' id='par_1_101' title="bbox 260 4982 1817 5058">
     <span class='ocr_line' id='line_1_101' title="bbox 260 4982 1817 5058; baseline -0.006 -19"><span class='ocrx_word' id='word_1_771' title='bbox 260 4982 344 5058; x_wconf 81' lang='grc' dir='ltr'><strong>ληξ</strong></span> <span class='ocrx_word' id='word_1_772' title='bbox 366 4983 543 5039; x_wconf 74' lang='grc' dir='ltr'><strong>αὐτῶν</strong></span> <span class='ocrx_word' id='word_1_773' title='bbox 589 4984 650 5037; x_wconf 81' lang='grc' dir='ltr'><strong>οὐ</strong></span> <span class='ocrx_word' id='word_1_774' title='bbox 695 4982 1027 5058; x_wconf 63' lang='grc' dir='ltr'><strong>⁸ιᾷελευιτῆσεει.</strong></span> <span class='ocrx_word' id='word_1_775' title='bbox 1068 5001 1088 5034; x_wconf 76' lang='lat' dir='ltr'><strong>t</strong></span> <span class='ocrx_word' id='word_1_776' title='bbox 1131 4982 1520 5058; x_wconf 45' lang='lat' dir='ltr'><strong>Qni&#39;sigillum</strong></span> <span class='ocrx_word' id='word_1_777' title='bbox 1536 4993 1817 5058; x_wconf 38' lang='lat' dir='ltr'><strong>punger-</strong></span> 
     </span>
    </p>
   </div>
   <div class='ocr_carea' id='block_1_102' title="bbox 261 5046 1814 5119">
    <p class='ocr_par' dir='ltr' id='par_1_102' title="bbox 261 5046 1814 5119">
     <span class='ocr_line' id='line_1_102' title="bbox 261 5046 1814 5119; baseline -0.006 -9"><span class='ocrx_word' id='word_1_778' title='bbox 261 5046 523 5119; x_wconf 63' lang='lat' dir='ltr'><strong>varerunt,</strong></span> <span class='ocrx_word' id='word_1_779' title='bbox 554 5056 757 5110; x_wconf 90' lang='lat' dir='ltr'><strong>vermis</strong></span> <span class='ocrx_word' id='word_1_780' title='bbox 788 5046 977 5109; x_wconf 79' lang='lat' dir='ltr'><strong>eorum</strong></span> <span class='ocrx_word' id='word_1_781' title='bbox 1008 5067 1115 5108; x_wconf 90' lang='lat' dir='ltr'><strong>non</strong></span> <span class='ocrx_word' id='word_1_782' title='bbox 1151 5046 1434 5107; x_wconf 60' lang='lat' dir='ltr'><strong>moriet&#39;ur.</strong></span> <span class='ocrx_word' id='word_1_783' title='bbox 1478 5068 1497 5102; x_wconf 68' lang='grc' dir='ltr'><strong>ι</strong></span> <span class='ocrx_word' id='word_1_784' title='bbox 1535 5046 1628 5103; x_wconf 83' lang='lat' dir='ltr'><strong>Sic</strong></span> <span class='ocrx_word' id='word_1_785' title='bbox 1676 5046 1814 5119; x_wconf 83' lang='lat' dir='ltr'><strong>lier-</strong></span> 
     </span>
    </p>
   </div>
   <div class='ocr_carea' id='block_1_103' title="bbox 264 5117 1819 5191">
    <p class='ocr_par' dir='ltr' id='par_1_103' title="bbox 264 5117 1819 5191">
     <span class='ocr_line' id='line_1_103' title="bbox 264 5117 1819 5191; baseline -0.005 -11"><span class='ocrx_word' id='word_1_786' title='bbox 264 5143 362 5181; x_wconf 85' lang='lat' dir='ltr'><strong>nias</strong></span> <span class='ocrx_word' id='word_1_787' title='bbox 384 5127 476 5180; x_wconf 89' lang='lat' dir='ltr'><strong>lib.</strong></span> <span class='ocrx_word' id='word_1_788' title='bbox 506 5117 582 5189; x_wconf 80' lang='lat' dir='ltr'><strong>it,</strong></span> <span class='ocrx_word' id='word_1_789' title='bbox 612 5126 870 5179; x_wconf 88' lang='lat' dir='ltr'><strong>mandato</strong></span> <span class='ocrx_word' id='word_1_790' title='bbox 900 5123 969 5191; x_wconf 70' lang='grc'><strong>4,</strong></span> <span class='ocrx_word' id='word_1_791' title='bbox 1003 5124 1139 5179; x_wconf 82' lang='lat' dir='ltr'><strong>dixit</strong></span> <span class='ocrx_word' id='word_1_792' title='bbox 1168 5124 1444 5176; x_wconf 81' lang='lat' dir='ltr'><strong>audivisse</strong></span> <span class='ocrx_word' id='word_1_793' title='bbox 1476 5135 1536 5175; x_wconf 89' lang='lat' dir='ltr'><strong>se</strong></span> <span class='ocrx_word' id='word_1_794' title='bbox 1574 5137 1593 5172; x_wconf 72' lang='grc' dir='ltr'><strong><em>ι</em></strong></span> <span class='ocrx_word' id='word_1_795' title='bbox 1636 5134 1667 5173; x_wconf 91' lang='lat' dir='ltr'><strong>a</strong></span> <span class='ocrx_word' id='word_1_796' title='bbox 1695 5117 1819 5188; x_wconf 87' lang='lat' dir='ltr'><strong>qui-</strong></span> 
     </span>
    </p>
   </div>
   <div class='ocr_carea' id='block_1_104' title="bbox 261 5191 1812 5265">
    <p class='ocr_par' dir='ltr' id='par_1_104' title="bbox 261 5191 1812 5265">
     <span class='ocr_line' id='line_1_104' title="bbox 261 5191 1812 5265; baseline -0.006 -14"><span class='ocrx_word' id='word_1_797' title='bbox 261 5197 465 5252; x_wconf 86' lang='lat' dir='ltr'><strong>busdam</strong></span> <span class='ocrx_word' id='word_1_798' title='bbox 500 5194 819 5253; x_wconf 88' lang='lat' dir='ltr'><strong>doctoribus</strong></span> <span class='ocrx_word' id='word_1_799' title='bbox 865 5195 1008 5265; x_wconf 88' lang='lat' dir='ltr'><strong>quod</strong></span> <span class='ocrx_word' id='word_1_800' title='bbox 1048 5194 1153 5248; x_wconf 88' lang='lat' dir='ltr'><strong>alia</strong></span> <span class='ocrx_word' id='word_1_801' title='bbox 1200 5191 1519 5262; x_wconf 72' lang='lat' dir='ltr'><strong>poenitentia</strong></span> <span class='ocrx_word' id='word_1_802' title='bbox 1565 5205 1684 5265; x_wconf 76' lang='lat' dir='ltr'><strong>non</strong></span> <span class='ocrx_word' id='word_1_803' title='bbox 1705 5199 1812 5257; x_wconf 91' lang='lat' dir='ltr'><strong>est,</strong></span> 
     </span>
    </p>
   </div>
   <div class='ocr_carea' id='block_1_105' title="bbox 266 5260 1814 5334">
    <p class='ocr_par' dir='ltr' id='par_1_105' title="bbox 266 5260 1814 5334">
     <span class='ocr_line' id='line_1_105' title="bbox 266 5260 1814 5334; baseline -0.005 -14"><span class='ocrx_word' id='word_1_804' title='bbox 266 5268 352 5323; x_wconf 87' lang='lat' dir='ltr'><strong>nisi</strong></span> <span class='ocrx_word' id='word_1_805' title='bbox 376 5268 459 5321; x_wconf 84' lang='lat' dir='ltr'><strong>illa</strong></span> <span class='ocrx_word' id='word_1_806' title='bbox 489 5284 612 5322; x_wconf 90' lang='lat' dir='ltr'><strong>cum</strong></span> <span class='ocrx_word' id='word_1_807' title='bbox 653 5268 706 5320; x_wconf 91' lang='lat' dir='ltr'><strong>in</strong></span> <span class='ocrx_word' id='word_1_808' title='bbox 740 5260 933 5334; x_wconf 82' lang='lat' dir='ltr'><strong>aquaiu</strong></span> <span class='ocrx_word' id='word_1_809' title='bbox 964 5260 1374 5327; x_wconf 86' lang='lat' dir='ltr'><strong>descendimus,</strong></span> <span class='ocrx_word' id='word_1_810' title='bbox 1413 5270 1475 5334; x_wconf 82' lang='lat' dir='ltr'><strong>et</strong></span> <span class='ocrx_word' id='word_1_811' title='bbox 1508 5260 1814 5334; x_wconf 84' lang='lat' dir='ltr'><strong>accipimus</strong></span> 
     </span>
    </p>
   </div>
   <div class='ocr_carea' id='block_1_106' title="bbox 266 5331 1811 5407">
    <p class='ocr_par' dir='ltr' id='par_1_106' title="bbox 266 5331 1811 5407">
     <span class='ocr_line' id='line_1_106' title="bbox 266 5331 1811 5407; baseline -0.005 -17"><span class='ocrx_word' id='word_1_812' title='bbox 266 5340 614 5394; x_wconf 87' lang='lat' dir='ltr'><strong>remissionem</strong></span> <span class='ocrx_word' id='word_1_813' title='bbox 650 5331 998 5407; x_wconf 73' lang='lat' dir='ltr'><strong>peccatorum</strong></span> <span class='ocrx_word' id='word_1_814' title='bbox 1028 5345 1383 5396; x_wconf 87' lang='lat' dir='ltr'><strong>nostrorum,</strong></span> <span class='ocrx_word' id='word_1_815' title='bbox 1428 5331 1657 5407; x_wconf 77' lang='lat' dir='ltr'><strong>ulterius</strong></span> <span class='ocrx_word' id='word_1_816' title='bbox 1702 5344 1811 5383; x_wconf 92' lang='lat' dir='ltr'><strong>non</strong></span> 
     </span>
    </p>
   </div>
   <div class='ocr_carea' id='block_1_107' title="bbox 266 5402 1814 5477">
    <p class='ocr_par' dir='ltr' id='par_1_107' title="bbox 266 5402 1814 5477">
     <span class='ocr_line' id='line_1_107' title="bbox 266 5402 1814 5477; baseline -0.006 -13"><span class='ocrx_word' id='word_1_817' title='bbox 266 5423 483 5476; x_wconf 79' lang='lat' dir='ltr'><strong>peccare,</strong></span> <span class='ocrx_word' id='word_1_818' title='bbox 511 5411 609 5464; x_wconf 89' lang='lat' dir='ltr'><strong>sed</strong></span> <span class='ocrx_word' id='word_1_819' title='bbox 643 5402 696 5462; x_wconf 77' lang='lat' dir='ltr'><strong>in</strong></span> <span class='ocrx_word' id='word_1_820' title='bbox 733 5407 985 5461; x_wconf 86' lang='lat' dir='ltr'><strong>castitate</strong></span> <span class='ocrx_word' id='word_1_821' title='bbox 1011 5420 1353 5477; x_wconf 88' lang='lat' dir='ltr'><strong>permanere.</strong></span> <span class='ocrx_word' id='word_1_822' title='bbox 1394 5421 1413 5456; x_wconf 75' lang='grc' dir='ltr'><strong><em>ι</em></strong></span> <span class='ocrx_word' id='word_1_823' title='bbox 1450 5402 1545 5456; x_wconf 87' lang='lat' dir='ltr'><strong>Sic</strong></span> <span class='ocrx_word' id='word_1_824' title='bbox 1581 5402 1814 5477; x_wconf 68' lang='lat' dir='ltr'><strong>tremens</strong></span> 
     </span>
    </p>
   </div>
   <div class='ocr_carea' id='block_1_108' title="bbox 269 5470 1811 5544">
    <p class='ocr_par' dir='ltr' id='par_1_108' title="bbox 269 5470 1811 5544">
     <span class='ocr_line' id='line_1_108' title="bbox 269 5470 1811 5544; baseline -0.005 -13"><span class='ocrx_word' id='word_1_825' title='bbox 269 5470 343 5533; x_wconf 86' lang='lat' dir='ltr'><strong>lib.</strong></span> <span class='ocrx_word' id='word_1_826' title='bbox 365 5494 411 5534; x_wconf 86' lang='lat' dir='ltr'><strong>tv</strong></span> <span class='ocrx_word' id='word_1_827' title='bbox 438 5470 707 5535; x_wconf 65' lang='lat' dir='ltr'><strong>Adversus</strong></span> <span class='ocrx_word' id='word_1_828' title='bbox 736 5478 959 5532; x_wconf 76' lang='lat' dir='ltr'><strong>Iuercscs</strong></span> <span class='ocrx_word' id='word_1_829' title='bbox 995 5470 1212 5531; x_wconf 61' lang='lat' dir='ltr'><strong>veretur</strong></span> <span class='ocrx_word' id='word_1_830' title='bbox 1239 5490 1304 5528; x_wconf 89' lang='lat' dir='ltr'><strong>ne</strong></span> <span class='ocrx_word' id='word_1_831' title='bbox 1331 5484 1451 5544; x_wconf 90' lang='lat' dir='ltr'><strong>post</strong></span> <span class='ocrx_word' id='word_1_832' title='bbox 1479 5470 1811 5544; x_wconf 78' lang='lat' dir='ltr'><strong>agnitionem</strong></span> 
     </span>
    </p>
   </div>
   <div class='ocr_carea' id='block_1_109' title="bbox 268 5540 1813 5616">
    <p class='ocr_par' dir='ltr' id='par_1_109' title="bbox 268 5540 1813 5616">
     <span class='ocr_line' id='line_1_109' title="bbox 268 5540 1813 5616; baseline -0.007 -11"><span class='ocrx_word' id='word_1_833' title='bbox 268 5550 435 5607; x_wconf 79' lang='lat' dir='ltr'><strong>Christi</strong></span> <span class='ocrx_word' id='word_1_834' title='bbox 459 5591 476 5616; x_wconf 85' lang='lat'><strong>.</strong></span> <span class='ocrx_word' id='word_1_835' title='bbox 512 5549 894 5605; x_wconf 86' lang='lat' dir='ltr'><strong>remissionem</strong></span> <span class='ocrx_word' id='word_1_836' title='bbox 927 5545 1067 5602; x_wconf 87' lang='lat' dir='ltr'><strong>ultra</strong></span> <span class='ocrx_word' id='word_1_837' title='bbox 1100 5561 1206 5599; x_wconf 93' lang='lat' dir='ltr'><strong>non</strong></span> <span class='ocrx_word' id='word_1_838' title='bbox 1254 5540 1813 5616; x_wconf 19' lang='lat' dir='ltr'><strong>habeamusgdelicto-</strong></span> 
     </span>
    </p>
   </div>
   <div class='ocr_carea' id='block_1_110' title="bbox 269 5610 1811 5692">
    <p class='ocr_par' dir='ltr' id='par_1_110' title="bbox 269 5610 1811 5692">
     <span class='ocr_line' id='line_1_110' title="bbox 269 5610 1811 5692; baseline -0.01 -14"><span class='ocrx_word' id='word_1_839' title='bbox 269 5636 375 5689; x_wconf 78' lang='lat' dir='ltr'><strong>rum,</strong></span> <span class='ocrx_word' id='word_1_840' title='bbox 406 5610 529 5692; x_wconf 79' lang='lat' dir='ltr'><strong>quia</strong></span> <span class='ocrx_word' id='word_1_841' title='bbox 558 5620 823 5692; x_wconf 83' lang='lat' dir='ltr'><strong>Christus</strong></span> <span class='ocrx_word' id='word_1_842' title='bbox 842 5632 956 5692; x_wconf 67' lang='lat' dir='ltr'><strong>non</strong></span> <span class='ocrx_word' id='word_1_843' title='bbox 984 5616 1216 5692; x_wconf 79' lang='lat' dir='ltr'><strong>amplius</strong></span> <span class='ocrx_word' id='word_1_844' title='bbox 1249 5614 1533 5692; x_wconf 58' lang='lat' dir='ltr'><strong>morietur.</strong></span> <span class='ocrx_word' id='word_1_845' title='bbox 1565 5610 1811 5692; x_wconf 69' lang='lat' dir='ltr'><strong>Denique</strong></span> 
     </span>
    </p>
   </div>
   <div class='ocr_carea' id='block_1_111' title="bbox 263 5681 1811 5756">
    <p class='ocr_par' dir='ltr' id='par_1_111' title="bbox 263 5681 1811 5756">
     <span class='ocr_line' id='line_1_111' title="bbox 263 5681 1811 5756; baseline -0.01 -5"><span class='ocrx_word' id='word_1_846' title='bbox 263 5681 630 5752; x_wconf 68' lang='lat' dir='ltr'><strong>Tertullianiqu</strong></span> <span class='ocrx_word' id='word_1_847' title='bbox 658 5688 803 5744; x_wconf 83' lang='lat' dir='ltr'><strong>libro</strong></span> <span class='ocrx_word' id='word_1_848' title='bbox 830 5685 906 5742; x_wconf 84' lang='lat' dir='ltr'><strong>De</strong></span> <span class='ocrx_word' id='word_1_849' title='bbox 943 5681 1277 5756; x_wconf 58' lang='lat' dir='ltr'><strong>pwni&#39;tentia,</strong></span> <span class='ocrx_word' id='word_1_850' title='bbox 1306 5700 1429 5754; x_wconf 87' lang='lat' dir='ltr'><strong>cap.</strong></span> <span class='ocrx_word' id='word_1_851' title='bbox 1474 5683 1506 5737; x_wconf 90' lang='lat'><strong>7</strong></span> <span class='ocrx_word' id='word_1_852' title='bbox 1542 5701 1557 5739; x_wconf 89' lang='lat'><strong>:</strong></span> <span class='ocrx_word' id='word_1_853' title='bbox 1598 5699 1617 5735; x_wconf 73' lang='grc' dir='ltr'>ι</span> <span class='ocrx_word' id='word_1_854' title='bbox 1653 5681 1811 5754; x_wconf 80' lang='lat' dir='ltr'><strong>Piget</strong></span> 
     </span>
    </p>
   </div>
   <div class='ocr_carea' id='block_1_112' title="bbox 1926 4465 3043 4547">
    <p class='ocr_par' dir='ltr' id='par_1_112' title="bbox 1926 4465 3043 4547">
     <span class='ocr_line' id='line_1_112' title="bbox 1926 4465 3043 4547; baseline -0.014 -15"><span class='ocrx_word' id='word_1_855' title='bbox 1926 4465 2178 4547; x_wconf 76' lang='lat' dir='ltr'><strong>episcopo</strong></span> <span class='ocrx_word' id='word_1_856' title='bbox 2210 4465 2305 4547; x_wconf 74' lang='lat' dir='ltr'><strong>lib.</strong></span> <span class='ocrx_word' id='word_1_857' title='bbox 2337 4470 2617 4547; x_wconf 41' lang='lat' dir='ltr'><strong>iUDejnst.</strong></span> <span class='ocrx_word' id='word_1_858' title='bbox 2656 4467 2803 4547; x_wconf 68' lang='lat' dir='ltr'><strong>laic.,</strong></span> <span class='ocrx_word' id='word_1_859' title='bbox 2837 4480 2956 4536; x_wconf 89' lang='lat' dir='ltr'><strong>cap.</strong></span> 
     </span>
    </p>
   </div>
   <div class='ocr_carea' id='block_1_113' title="bbox 1998 4534 3515 4616">
    <p class='ocr_par' dir='ltr' id='par_1_113' title="bbox 1998 4534 3515 4616">
     <span class='ocr_line' id='line_1_113' title="bbox 1998 4534 3515 4616; baseline -0.006 -16"><span class='ocrx_word' id='word_1_860' title='bbox 1998 4534 2124 4616; x_wconf 77' lang='grc'>(58)</span> <span class='ocrx_word' id='word_1_861' title='bbox 2144 4544 2322 4597; x_wconf 74' lang='lat' dir='ltr'><strong>Editio</strong></span> <span class='ocrx_word' id='word_1_862' title='bbox 2356 4540 2566 4616; x_wconf 77' lang='lat' dir='ltr'><strong>Merliui</strong></span> <span class='ocrx_word' id='word_1_863' title='bbox 2589 4548 2645 4592; x_wconf 90' lang='lat' dir='ltr'><strong>ct</strong></span> <span class='ocrx_word' id='word_1_864' title='bbox 2674 4534 3312 4616; x_wconf 36' lang='lat' dir='ltr'><strong>codexnis._Sangerm.,</strong></span> <span class='ocrx_word' id='word_1_865' title='bbox 3342 4553 3364 4587; x_wconf 70' lang='grc' dir='ltr'><strong>ε</strong></span> <span class='ocrx_word' id='word_1_866' title='bbox 3392 4553 3515 4607; x_wconf 72' lang='lat' dir='ltr'><strong>qua:</strong></span> 
     </span>
    </p>
   </div>
   <div class='ocr_carea' id='block_1_114' title="bbox 1926 4606 3511 4687">
    <p class='ocr_par' dir='ltr' id='par_1_114' title="bbox 1926 4606 3511 4687">
     <span class='ocr_line' id='line_1_114' title="bbox 1926 4606 3511 4687; baseline -0.009 -15"><span class='ocrx_word' id='word_1_867' title='bbox 1926 4606 2024 4687; x_wconf 78' lang='lat' dir='ltr'><strong>pro</strong></span> <span class='ocrx_word' id='word_1_868' title='bbox 2086 4606 2427 4683; x_wconf 73' lang='lat' dir='ltr'><strong>eleemosyna</strong></span> <span class='ocrx_word' id='word_1_869' title='bbox 2485 4612 2644 4663; x_wconf 84' lang='lat' dir='ltr'><strong>datur</strong></span> <span class='ocrx_word' id='word_1_870' title='bbox 2686 4626 2702 4675; x_wconf 88' lang='lat'><strong>;</strong></span> <span class='ocrx_word' id='word_1_871' title='bbox 2747 4627 2778 4687; x_wconf 69' lang='lat' dir='ltr'><strong>_i</strong></span> <span class='ocrx_word' id='word_1_872' title='bbox 2825 4606 3250 4687; x_wconf 42' lang='lat' dir='ltr'><strong>cheb‘rartlush</strong></span> <span class='ocrx_word' id='word_1_873' title='bbox 3281 4606 3465 4687; x_wconf 72' lang='lat' dir='ltr'><strong>autem</strong></span> <span class='ocrx_word' id='word_1_874' title='bbox 3495 4647 3511 4673; x_wconf 91' lang='lat'><strong>,</strong></span> 
     </span>
    </p>
   </div>
   <div class='ocr_carea' id='block_1_115' title="bbox 1931 4674 3518 4758">
    <p class='ocr_par' dir='ltr' id='par_1_115' title="bbox 1931 4674 3518 4758">
     <span class='ocr_line' id='line_1_115' title="bbox 1931 4674 3518 4758; baseline -0.006 -19"><span class='ocrx_word' id='word_1_875' title='bbox 1931 4674 1950 4739; x_wconf 61' lang='grc' dir='ltr'><strong>ἱ</strong></span> <span class='ocrx_word' id='word_1_876' title='bbox 1990 4703 2110 4758; x_wconf 80' lang='lat' dir='ltr'><strong>qua:</strong></span> <span class='ocrx_word' id='word_1_877' title='bbox 2144 4700 2242 4755; x_wconf 88' lang='lat' dir='ltr'><strong>per</strong></span> <span class='ocrx_word' id='word_1_878' title='bbox 2282 4674 2695 4758; x_wconf 56' lang='lat' dir='ltr'><strong>el&#39;eemnsynam</strong></span> <span class='ocrx_word' id='word_1_879' title='bbox 2726 4681 2906 4731; x_wconf 84' lang='lat' dir='ltr'><strong>datur.</strong></span> <span class='ocrx_word' id='word_1_880' title='bbox 2945 4695 2965 4728; x_wconf 72' lang='grc' dir='ltr'><strong><em>ι</em></strong></span> <span class='ocrx_word' id='word_1_881' title='bbox 3001 4676 3170 4758; x_wconf 67' lang='lat' dir='ltr'><strong>Codd.</strong></span> <span class='ocrx_word' id='word_1_882' title='bbox 3210 4674 3518 4758; x_wconf 75' lang='lat' dir='ltr'><strong>Cadomeu-</strong></span> 
     </span>
    </p>
   </div>
   <div class='ocr_carea' id='block_1_116' title="bbox 1923 4748 3512 4819">
    <p class='ocr_par' dir='ltr' id='par_1_116' title="bbox 1923 4748 3512 4819">
     <span class='ocr_line' id='line_1_116' title="bbox 1923 4748 3512 4819; baseline -0.009 -4"><span class='ocrx_word' id='word_1_883' title='bbox 1923 4748 2023 4815; x_wconf 66' lang='lat' dir='ltr'><strong>sis&#39;</strong></span> <span class='ocrx_word' id='word_1_884' title='bbox 2043 4770 2098 4814; x_wconf 92' lang='lat' dir='ltr'><strong>et</strong></span> <span class='ocrx_word' id='word_1_885' title='bbox 2141 4748 2571 4819; x_wconf 72' lang='lat' dir='ltr'><strong>Gemeticensis,</strong></span> <span class='ocrx_word' id='word_1_886' title='bbox 2606 4767 2625 4801; x_wconf 73' lang='grc' dir='ltr'><strong><em>ι</em></strong></span> <span class='ocrx_word' id='word_1_887' title='bbox 2668 4765 2789 4818; x_wconf 77' lang='lat' dir='ltr'><strong>qua:</strong></span> <span class='ocrx_word' id='word_1_888' title='bbox 2839 4763 2938 4818; x_wconf 86' lang='lat' dir='ltr'><strong>per</strong></span> <span class='ocrx_word' id='word_1_889' title='bbox 2982 4748 3362 4818; x_wconf 82' lang='lat' dir='ltr'><strong>eleemosynas</strong></span> <span class='ocrx_word' id='word_1_890' title='bbox 3415 4750 3512 4803; x_wconf 85' lang='lat' dir='ltr'><strong>da-</strong></span> 
     </span>
    </p>
   </div>
   <div class='ocr_carea' id='block_1_117' title="bbox 1926 4838 3512 4967">
    <p class='ocr_par' dir='ltr' id='par_1_117' title="bbox 1926 4838 3512 4967">
     <span class='ocr_line' id='line_1_117' title="bbox 1926 4838 3512 4967; baseline -0.005 -14"><span class='ocrx_word' id='word_1_891' title='bbox 1926 4838 2110 4967; x_wconf 53' lang='grc' dir='ltr'><strong>ωιδδέ)</strong></span> <span class='ocrx_word' id='word_1_892' title='bbox 2164 4895 2292 4951; x_wconf 84' lang='lat' dir='ltr'><strong>Mss.</strong></span> <span class='ocrx_word' id='word_1_893' title='bbox 2326 4933 2343 4961; x_wconf 85' lang='lat'><strong>,</strong></span> <span class='ocrx_word' id='word_1_894' title='bbox 2392 4911 2411 4946; x_wconf 73' lang='grc' dir='ltr'>ι</span> <span class='ocrx_word' id='word_1_895' title='bbox 2443 4890 2789 4947; x_wconf 88' lang='lat' dir='ltr'><strong>remiseritis.</strong></span> <span class='ocrx_word' id='word_1_896' title='bbox 2825 4908 2844 4943; x_wconf 72' lang='grc' dir='ltr'><strong><em>ι</em></strong></span> <span class='ocrx_word' id='word_1_897' title='bbox 2887 4888 3045 4945; x_wconf 84' lang='lat' dir='ltr'><strong>Libb.</strong></span> <span class='ocrx_word' id='word_1_898' title='bbox 3083 4890 3248 4952; x_wconf 88' lang='lat' dir='ltr'><strong>editi,</strong></span> <span class='ocrx_word' id='word_1_899' title='bbox 3297 4908 3315 4940; x_wconf 75' lang='grc' dir='ltr'>ι</span> <span class='ocrx_word' id='word_1_900' title='bbox 3350 4889 3512 4945; x_wconf 90' lang='lat' dir='ltr'><strong>dimi-</strong></span> 
     </span>
    </p>
   </div>
   <div class='ocr_carea' id='block_1_118' title="bbox 1923 4983 2187 5027">
    <p class='ocr_par' dir='ltr' id='par_1_118' title="bbox 1923 4983 2187 5027">
     <span class='ocr_line' id='line_1_118' title="bbox 1923 4983 2187 5027; baseline -0.027 0"><span class='ocrx_word' id='word_1_901' title='bbox 1923 4983 2131 5027; x_wconf 84' lang='lat' dir='ltr'><strong>serius.</strong></span> <span class='ocrx_word' id='word_1_902' title='bbox 2169 4989 2187 5020; x_wconf 74' lang='grc' dir='ltr'><strong><em>ι</em></strong></span> 
     </span>
    </p>
   </div>
   <div class='ocr_carea' id='block_1_119' title="bbox 1995 5031 3505 5114">
    <p class='ocr_par' dir='ltr' id='par_1_119' title="bbox 1995 5031 3505 5114">
     <span class='ocr_line' id='line_1_119' title="bbox 1995 5031 3505 5114; baseline -0.003 -20"><span class='ocrx_word' id='word_1_903' title='bbox 1995 5040 2105 5114; x_wconf 72' lang='grc'>(40)</span> <span class='ocrx_word' id='word_1_904' title='bbox 2136 5038 2318 5114; x_wconf 77' lang='lat' dir='ltr'><strong>Codex</strong></span> <span class='ocrx_word' id='word_1_905' title='bbox 2346 5036 2657 5114; x_wconf 78' lang='lat' dir='ltr'><strong>Saugerm.,</strong></span> <span class='ocrx_word' id='word_1_906' title='bbox 2695 5050 2715 5083; x_wconf 74' lang='grc' dir='ltr'>σ</span> <span class='ocrx_word' id='word_1_907' title='bbox 2752 5031 2990 5114; x_wconf 88' lang='lat' dir='ltr'><strong>animam</strong></span> <span class='ocrx_word' id='word_1_908' title='bbox 3019 5046 3050 5085; x_wconf 89' lang='lat' dir='ltr'><strong>a</strong></span> <span class='ocrx_word' id='word_1_909' title='bbox 3073 5043 3274 5087; x_wconf 87' lang='lat' dir='ltr'><strong>morte.</strong></span> <span class='ocrx_word' id='word_1_910' title='bbox 3300 5051 3319 5085; x_wconf 71' lang='grc' dir='ltr'><strong><em>ι</em></strong></span> <span class='ocrx_word' id='word_1_911' title='bbox 3347 5031 3505 5089; x_wconf 85' lang='lat' dir='ltr'><strong>Libb.</strong></span> 
     </span>
    </p>
   </div>
   <div class='ocr_carea' id='block_1_120' title="bbox 1920 5106 2904 5176">
    <p class='ocr_par' dir='ltr' id='par_1_120' title="bbox 1920 5106 2904 5176">
     <span class='ocr_line' id='line_1_120' title="bbox 1920 5106 2904 5176; baseline -0.016 -7"><span class='ocrx_word' id='word_1_912' title='bbox 1920 5106 2053 5169; x_wconf 84' lang='lat' dir='ltr'><strong>editi</strong></span> <span class='ocrx_word' id='word_1_913' title='bbox 2073 5106 2095 5176; x_wconf 88' lang='grc'><em>,’</em></span> <span class='ocrx_word' id='word_1_914' title='bbox 2123 5129 2143 5163; x_wconf 74' lang='grc' dir='ltr'>ι</span> <span class='ocrx_word' id='word_1_915' title='bbox 2179 5110 2416 5163; x_wconf 88' lang='lat' dir='ltr'><strong>animam</strong></span> <span class='ocrx_word' id='word_1_916' title='bbox 2443 5106 2563 5174; x_wconf 83' lang='lat' dir='ltr'><strong>ejus</strong></span> <span class='ocrx_word' id='word_1_917' title='bbox 2592 5122 2621 5156; x_wconf 90' lang='lat' dir='ltr'><strong>a</strong></span> <span class='ocrx_word' id='word_1_918' title='bbox 2649 5113 2845 5176; x_wconf 81' lang='lat' dir='ltr'><strong>tuorte.</strong></span> <span class='ocrx_word' id='word_1_919' title='bbox 2884 5120 2904 5176; x_wconf 60' lang='grc' dir='ltr'>ξ</span> 
     </span>
    </p>
   </div>
   <div class='ocr_carea' id='block_1_121' title="bbox 1990 5171 3503 5254">
    <p class='ocr_par' dir='ltr' id='par_1_121' title="bbox 1990 5171 3503 5254">
     <span class='ocr_line' id='line_1_121' title="bbox 1990 5171 3503 5254; baseline -0.005 -19"><span class='ocrx_word' id='word_1_920' title='bbox 1990 5171 2103 5254; x_wconf 70' lang='grc' dir='ltr'>(Η)</span> <span class='ocrx_word' id='word_1_921' title='bbox 2135 5179 2267 5234; x_wconf 87' lang='lat' dir='ltr'><strong>Cum</strong></span> <span class='ocrx_word' id='word_1_922' title='bbox 2298 5193 2403 5232; x_wconf 87' lang='lat' dir='ltr'><strong>non</strong></span> <span class='ocrx_word' id='word_1_923' title='bbox 2429 5171 2684 5254; x_wconf 51' lang='lat' dir='ltr'><strong>erubescit</strong></span> <span class='ocrx_word' id='word_1_924' title='bbox 2715 5172 2980 5254; x_wconf 62' lang='lat' dir='ltr'><strong>sacerdoti</strong></span> <span class='ocrx_word' id='word_1_925' title='bbox 3011 5171 3229 5254; x_wconf 63' lang='lat' dir='ltr'><strong>Domini</strong></span> <span class='ocrx_word' id='word_1_926' title='bbox 3261 5172 3503 5254; x_wconf 56' lang='lat' dir='ltr'><strong>indicare</strong></span> 
     </span>
    </p>
   </div>
   <div class='ocr_carea' id='block_1_122' title="bbox 1920 5244 3504 5324">
    <p class='ocr_par' dir='ltr' id='par_1_122' title="bbox 1920 5244 3504 5324">
     <span class='ocr_line' id='line_1_122' title="bbox 1920 5244 3504 5324; baseline -0.006 -16"><span class='ocrx_word' id='word_1_927' title='bbox 1920 5244 2196 5324; x_wconf 74' lang='lat' dir='ltr'><strong>peccaium</strong></span> <span class='ocrx_word' id='word_1_928' title='bbox 2237 5264 2413 5324; x_wconf 68' lang='lat' dir='ltr'><strong>suum.</strong></span> <span class='ocrx_word' id='word_1_929' title='bbox 2443 5244 2645 5324; x_wconf 70' lang='lat' dir='ltr'><strong>Confer</strong></span> <span class='ocrx_word' id='word_1_930' title='bbox 2675 5258 2795 5313; x_wconf 64' lang='lat' dir='ltr'><strong>quae</strong></span> <span class='ocrx_word' id='word_1_931' title='bbox 2825 5245 2992 5324; x_wconf 82' lang='lat' dir='ltr'><strong>habet</strong></span> <span class='ocrx_word' id='word_1_932' title='bbox 3022 5245 3285 5315; x_wconf 78' lang='lat' dir='ltr'><strong>Origenes</strong></span> <span class='ocrx_word' id='word_1_933' title='bbox 3313 5244 3504 5324; x_wconf 79' lang='lat' dir='ltr'><strong>bomil.</strong></span> 
     </span>
    </p>
   </div>
   <div class='ocr_carea' id='block_1_123' title="bbox 1918 5316 3498 5394">
    <p class='ocr_par' dir='ltr' id='par_1_123' title="bbox 1918 5316 3498 5394">
     <span class='ocr_line' id='line_1_123' title="bbox 1918 5316 3498 5394; baseline -0.006 -17"><span class='ocrx_word' id='word_1_934' title='bbox 1918 5316 2038 5394; x_wconf 79' lang='lat' dir='ltr'><strong>seq.</strong></span> <span class='ocrx_word' id='word_1_935' title='bbox 2071 5338 2223 5394; x_wconf 88' lang='lat' dir='ltr'><strong>num.</strong></span> <span class='ocrx_word' id='word_1_936' title='bbox 2268 5319 2407 5394; x_wconf 66' lang='lat' dir='ltr'><strong>4_:__t</strong></span> <span class='ocrx_word' id='word_1_937' title='bbox 2441 5316 2844 5394; x_wconf 82' lang='lat' dir='ltr'><strong>Etenim_omni_</strong></span> <span class='ocrx_word' id='word_1_938' title='bbox 2863 5329 3064 5384; x_wconf 85' lang='lat' dir='ltr'><strong>genere</strong></span> <span class='ocrx_word' id='word_1_939' title='bbox 3093 5316 3498 5394; x_wconf 75' lang='lat' dir='ltr'><strong>pronuntianda</strong></span> 
     </span>
    </p>
   </div>
   <div class='ocr_carea' id='block_1_124' title="bbox 1919 5384 3508 5460">
    <p class='ocr_par' dir='ltr' id='par_1_124' title="bbox 1919 5384 3508 5460">
     <span class='ocr_line' id='line_1_124' title="bbox 1919 5384 3508 5460; baseline -0.008 -11"><span class='ocrx_word' id='word_1_940' title='bbox 1919 5384 2046 5450; x_wconf 75' lang='lat' dir='ltr'><strong>sunt</strong></span> <span class='ocrx_word' id='word_1_941' title='bbox 2073 5402 2128 5448; x_wconf 89' lang='lat' dir='ltr'><strong>et</strong></span> <span class='ocrx_word' id='word_1_942' title='bbox 2158 5393 2214 5446; x_wconf 91' lang='lat' dir='ltr'><strong>in</strong></span> <span class='ocrx_word' id='word_1_943' title='bbox 2248 5388 2521 5460; x_wconf 90' lang='lat' dir='ltr'><strong>publicum</strong></span> <span class='ocrx_word' id='word_1_944' title='bbox 2554 5384 2882 5460; x_wconf 77' lang='lat' dir='ltr'><strong>proferenda</strong></span> <span class='ocrx_word' id='word_1_945' title='bbox 2927 5398 3123 5460; x_wconf 83' lang='lat' dir='ltr'><strong>cuncta</strong></span> <span class='ocrx_word' id='word_1_946' title='bbox 3150 5398 3285 5460; x_wconf 72' lang='lat' dir='ltr'><strong>quae</strong></span> <span class='ocrx_word' id='word_1_947' title='bbox 3327 5386 3508 5455; x_wconf 79' lang='lat' dir='ltr'><strong>egeri-</strong></span> 
     </span>
    </p>
   </div>
   <div class='ocr_carea' id='block_1_125' title="bbox 1919 5455 3507 5531">
    <p class='ocr_par' dir='ltr' id='par_1_125' title="bbox 1919 5455 3507 5531">
     <span class='ocr_line' id='line_1_125' title="bbox 1919 5455 3507 5531; baseline -0.007 -11"><span class='ocrx_word' id='word_1_948' title='bbox 1919 5480 2062 5528; x_wconf 87' lang='lat' dir='ltr'><strong>mus,</strong></span> <span class='ocrx_word' id='word_1_949' title='bbox 2093 5466 2137 5519; x_wconf 87' lang='lat' dir='ltr'><strong>si</strong></span> <span class='ocrx_word' id='word_1_950' title='bbox 2170 5455 2317 5531; x_wconf 77' lang='lat' dir='ltr'><strong>quod</strong></span> <span class='ocrx_word' id='word_1_951' title='bbox 2340 5463 2626 5531; x_wconf 78' lang='lat' dir='ltr'><strong>inoccutto</strong></span> <span class='ocrx_word' id='word_1_952' title='bbox 2657 5456 2922 5531; x_wconf 78' lang='lat' dir='ltr'><strong>gerimus,</strong></span> <span class='ocrx_word' id='word_1_953' title='bbox 2948 5455 2993 5510; x_wconf 91' lang='lat' dir='ltr'><strong>si</strong></span> <span class='ocrx_word' id='word_1_954' title='bbox 3012 5456 3226 5525; x_wconf 87' lang='lat' dir='ltr'><strong>quodin</strong></span> <span class='ocrx_word' id='word_1_955' title='bbox 3251 5469 3507 5531; x_wconf 79' lang='lat' dir='ltr'><strong>sermone</strong></span> 
     </span>
    </p>
   </div>
   <div class='ocr_carea' id='block_1_126' title="bbox 1919 5524 3504 5603">
    <p class='ocr_par' dir='ltr' id='par_1_126' title="bbox 1919 5524 3504 5603">
     <span class='ocr_line' id='line_1_126' title="bbox 1919 5524 3504 5603; baseline -0.008 -13"><span class='ocrx_word' id='word_1_956' title='bbox 1919 5524 2060 5603; x_wconf 76' lang='lat' dir='ltr'><strong>solo,</strong></span> <span class='ocrx_word' id='word_1_957' title='bbox 2095 5524 2376 5589; x_wconf 45' lang='lat' dir='ltr'><strong>vel-etiam</strong></span> <span class='ocrx_word' id='word_1_958' title='bbox 2406 5530 2547 5582; x_wconf 88' lang='lat' dir='ltr'><strong>intra</strong></span> <span class='ocrx_word' id='word_1_959' title='bbox 2575 5524 3504 5603; x_wconf 71' lang='lat' dir='ltr'><strong>cogitationunisecreta_comiiiisi-</strong></span> 
     </span>
    </p>
   </div>
   <div class='ocr_carea' id='block_1_127' title="bbox 1918 5595 3507 5671">
    <p class='ocr_par' dir='ltr' id='par_1_127' title="bbox 1918 5595 3507 5671">
     <span class='ocr_line' id='line_1_127' title="bbox 1918 5595 3507 5671; baseline -0.014 -10"><span class='ocrx_word' id='word_1_960' title='bbox 1918 5595 2061 5671; x_wconf 68' lang='lat' dir='ltr'><strong>mus,</strong></span> <span class='ocrx_word' id='word_1_961' title='bbox 2109 5612 2309 5659; x_wconf 90' lang='lat' dir='ltr'><strong>cuncta</strong></span> <span class='ocrx_word' id='word_1_962' title='bbox 2341 5612 2564 5671; x_wconf 85' lang='lat' dir='ltr'><strong>necesse</strong></span> <span class='ocrx_word' id='word_1_963' title='bbox 2593 5605 2680 5671; x_wconf 82' lang='lat' dir='ltr'><strong>est</strong></span> <span class='ocrx_word' id='word_1_964' title='bbox 2716 5595 2981 5665; x_wconf 88' lang='lat' dir='ltr'><strong>publicari</strong></span> <span class='ocrx_word' id='word_1_965' title='bbox 3007 5605 3064 5652; x_wconf 91' lang='lat' dir='ltr'><strong>et</strong></span> <span class='ocrx_word' id='word_1_966' title='bbox 3095 5596 3353 5671; x_wconf 80' lang='lat' dir='ltr'><strong>protei-ri,</strong></span> <span class='ocrx_word' id='word_1_967' title='bbox 3377 5610 3507 5665; x_wconf 84' lang='lat' dir='ltr'><strong>pro-</strong></span> 
     </span>
    </p>
   </div>
   <div class='ocr_carea' id='block_1_128' title="bbox 1918 5666 3507 5741">
    <p class='ocr_par' dir='ltr' id='par_1_128' title="bbox 1918 5666 3507 5741">
     <span class='ocr_line' id='line_1_128' title="bbox 1918 5666 3507 5741; baseline -0.007 -10"><span class='ocrx_word' id='word_1_968' title='bbox 1918 5666 2058 5733; x_wconf 76' lang='lat' dir='ltr'><strong>ferri</strong></span> <span class='ocrx_word' id='word_1_969' title='bbox 2085 5687 2265 5731; x_wconf 89' lang='lat' dir='ltr'><strong>autem</strong></span> <span class='ocrx_word' id='word_1_970' title='bbox 2297 5673 2364 5728; x_wconf 89' lang='lat' dir='ltr'><strong>ab</strong></span> <span class='ocrx_word' id='word_1_971' title='bbox 2392 5669 2484 5725; x_wconf 92' lang='lat' dir='ltr'><strong>illo</strong></span> <span class='ocrx_word' id='word_1_972' title='bbox 2513 5666 2610 5738; x_wconf 87' lang='lat' dir='ltr'><strong>qui</strong></span> <span class='ocrx_word' id='word_1_973' title='bbox 2650 5674 2705 5722; x_wconf 86' lang='lat' dir='ltr'><strong>et</strong></span> <span class='ocrx_word' id='word_1_974' title='bbox 2746 5678 3039 5723; x_wconf 88' lang='lat' dir='ltr'><strong>accusator</strong></span> <span class='ocrx_word' id='word_1_975' title='bbox 3079 5667 3288 5741; x_wconf 86' lang='lat' dir='ltr'><strong>peccati</strong></span> <span class='ocrx_word' id='word_1_976' title='bbox 3327 5678 3412 5721; x_wconf 85' lang='lat' dir='ltr'><strong>est</strong></span> <span class='ocrx_word' id='word_1_977' title='bbox 3449 5676 3507 5721; x_wconf 85' lang='lat' dir='ltr'><strong>et</strong></span> 
     </span>
    </p>
   </div>
  </div>
