4024 6146
549 215 646 272 M9

1989 211 2244 268 ORIGEN
2251 213 2314 270 IS

3705 214 3819 269 420

546 337 916 393 I‘ronuntiabo
968 335 1253 392 adversum
1292 352 1376 392 me
1408 338 1728 408 injustitiam
1787 352 1960 392 meam
2017 339 2122 393 Do-
2152 344 2198 400 Α
2299 339 2351 393 5.
2389 338 2496 394 Sed
2527 337 2810 394 videamus
2844 335 2976 406 quid
3032 337 3199 391 etiam
3246 334 3312 390 de
3356 333 3443 390 his
3485 350 3606 406 qua
3637 351 3820 406 nuper

544 432 714 494 mino,
744 438 879 484 ettu
917 428 1178 484 remisisti
1218 431 1555 500 impietatem
1596 431 1782 486 cordis
1829 431 1957 486 mei.
1992 451 2010 484 ι
2062 432 2120 486 ln

544 538 652 592 quo
686 521 938 590 impletur
969 531 1024 574 et
1053 520 1210 585 illud,
1253 523 1400 592 quod
1451 521 1690 578 Jacobus
1720 523 1997 593 apostolus
2042 524 2123 578 di-

543 614 620 667 cit
652 612 696 643 "
733 626 748 664 :
786 628 805 660 ι
849 608 905 664 Si
933 609 1054 678 quis
1087 620 1266 664 autem
1308 611 1656 675 inﬁrmatur,
1703 620 1863 666 vocet
1901 612 2125 683 presby-

543 715 691 760 teros
715 702 993 768 Ecclesia,
1017 712 1072 755 et
1098 701 1380 771 imponant
1407 705 1454 759 ei
1479 719 1670 758 manus
1695 703 1827 776 (42),
1859 715 2122 775 ungentes

542 813 664 852 eum
691 797 812 851 oleo
845 798 897 852 in
933 799 1152 853 nomine
1187 797 1424 862 Domini,
1453 807 1506 852 et
1528 798 1705 854 oratio
1738 798 1861 852 ﬁdei
1893 798 2126 853 salvabit

544 889 844 954 inﬁrmum,
873 901 927 945 et
959 891 1004 946 si
1041 892 1094 945 in
1127 889 1369 960 peccatis
1401 889 1586 956 fuerit,
1624 891 1973 946 remittentur
1996 890 2066 944 ei.
2098 908 2116 941 ι

543 982 608 1036 Ει
659 993 710 1035 tu
748 997 877 1052 ergo
925 998 1047 1036 cum
1096 982 1248 1034 venis
1273 980 1385 1050 (4-5)
1421 982 1486 1034 ad
1527 983 1759 1050 gratiam
1815 983 2118 1052 baptismi,

544 1075 773 1130 vitulum
817 1077 1090 1142 obtulisti,
1145 1077 1272 1144 quia
1323 1077 1374 1130 in
1420 1086 1648 1132 mortem
1689 1077 1895 1132 Christi
1944 1077 2122 1148 bapti-

543 1174 706 1228 zaris.
742 1172 874 1227 Cmn
901 1186 1033 1226 vero
1065 1171 1128 1224 ad
1165 1171 1488 1240 martyrium
1515 1171 1749 1233 duceris,
1785 1171 1994 1225 hircum
2021 1171 2121 1224 ob-

545 1265 746 1327 tulisti,
782 1271 904 1331 quia
945 1273 1223 1318 auctorem
1259 1263 1468 1331 peccati
1522 1263 1796 1318 diabolum
1841 1263 2119 1336 jugulasti.

544 1357 680 1411 Cum
715 1373 842 1411 vero
874 1356 1276 1426 eleemosynam
1313 1356 1530 1421 feceris,
1569 1366 1622 1410 et
1651 1373 1780 1426 erga
1819 1359 2122 1429 indigentes

543 1449 797 1506 allectum
837 1450 1224 1505 misericordia:
1258 1450 1488 1503 sollicita
1526 1450 1726 1520 pietate
1775 1451 2118 1522 dependeris,

543 1542 716 1596 altare
769 1557 982 1597 sacrum
1039 1545 1214 1598 haedis
1256 1545 1546 1614 pinguibus
1579 1547 1841 1600 onerasti.
1885 1545 2020 1600 Nam
2075 1547 2120 1600 si

543 1650 613 1690 ex
647 1635 815 1690 corde
852 1638 1129 1692 remiseris
1171 1649 1455 1706 peccatum
1488 1639 1641 1692 fratri
1677 1651 1794 1703 tuo,
1823 1648 1878 1693 et
1905 1640 2122 1693 iracun-

545 1729 648 1782 diae
681 1738 892 1782 tumore
922 1730 1193 1798 deposito,
1245 1731 1430 1784 mitem
1463 1731 1602 1784 intra
1640 1741 1692 1786 te
1722 1740 1774 1785 el
1819 1730 2119 1800 simplicem

542 1819 886 1889 recollegeris
940 1819 1205 1886 animum,
1271 1820 1584 1875 immolasse
1637 1830 1691 1874 te
1731 1820 1992 1884 arietem,
2035 1819 2121 1874 vel

545 1927 748 1982 agnum
807 1911 860 1964 in
917 1912 1245 1966 sacrilicium
1323 1912 1584 1966 obtulisse
1643 1911 1873 1967 conﬁde.
1951 1912 2122 1967 Porro

542 2015 725 2058 autem
749 2003 792 2058 si
825 2005 1020 2059 divinis
1060 2005 1382 2059 lectionibus
1406 2004 1710 2059 instructus
1743 2005 1819 2058 sis
1852 2004 1965 2076 (44)
2005 2019 2119 2058 rne-

544 2094 770 2148 ditando
791 2093 929 2148 sicut
958 2093 1230 2158 columba,
1265 2104 1315 2149 ct
1349 2093 1399 2146 in
1431 2093 1547 2164 lege
1581 2094 1794 2148 Domini
1837 2093 2121 2164 vigilando

543 2187 631 2241 die
662 2202 724 2242 ac
751 2195 928 2252 nocte,
967 2187 1034 2242 ab
1083 2201 1271 2241 errore
1318 2201 1420 2241 suo
1473 2187 1814 2241 converteris
1868 2196 2122 2256 peccato-

545 2293 681 2343 rem,
717 2288 770 2332 et
802 2276 1010 2346 abjecta
1046 2279 1283 2347 nequitia
1317 2278 1383 2332 ad
1431 2278 1835 2347 simplicitatem
1868 2295 1990 2334 eum
2025 2295 2119 2335 co-

542 2367 740 2424 lumba:
782 2369 1146 2432 revocaveris,
1197 2379 1360 2438 atque
1397 2370 1725 2424 adhaerendo
1759 2372 1987 2436 sanctis,
2042 2370 2122 2427 fe-

541 2462 685 2516 ceris
719 2477 842 2516 eum
871 2462 1184 2516 societatem
1214 2464 1441 2517 turturis
1470 2463 1694 2529 imitari,
1728 2479 1826 2531 par
1852 2473 2120 2519 turturum

543 2563 638 2608 aut
690 2554 828 2610 duos
884 2554 1061 2623 pullos
1129 2554 1500 2608 columbarum
1565 2555 1794 2609 Domino
1851 2555 2117 2610 obtulisti.

541 2645 700 2712 Quod
731 2648 775 2701 si
805 2646 894 2700 illa
925 2662 1049 2716 qua:
1080 2661 1177 2714 spe
1221 2657 1277 2702 et
1325 2647 1430 2701 ﬁde
1478 2649 1649 2718 major
1694 2657 1800 2713 est,
1836 2649 2077 2703 charitas
2102 2690 2118 2715 ,

541 2741 906 2794 abundaverit
938 2741 990 2793 in
1022 2740 1188 2793 corde
1215 2748 1338 2807 tuo,
1374 2741 1446 2794 ita
1479 2748 1537 2794 ut
1572 2740 1768 2811 diiigas
1813 2741 2121 2809 proximum

541 2842 696 2885 tuum
733 2847 838 2886 non
893 2830 1066 2885 solum
1105 2833 1248 2886 sicut
1279 2832 1534 2900 teipsum,
1569 2832 1663 2884 sed
1694 2832 1834 2885 sicut
1884 2831 2123 2884 ostendit

542 2922 639 2978 ille
687 2923 781 2992 qui
835 2922 1048 2977 dicebat
1094 2922 1143 2953 ⁷⁸
1179 2941 1192 2977 :
1235 2941 1254 2975 ι
1292 2921 1552 2992 Maiorem
1603 2923 1744 2976 hanc
1799 2922 2121 2976 charitatem

2227 431 2455 487 recitata
2481 439 2632 497 sunt,
2659 430 2998 485 sentiendum
3027 430 3098 484 sit
3121 431 3166 460 ⁷⁸
3193 445 3206 481 :
3241 447 3260 480 ι
3296 425 3354 482 Si
3380 437 3585 496 autem,
3607 429 3790 500 inquit

2228 523 2409 578 anima
2438 538 2545 577 una
2577 518 2892 592 peccaverit
2935 522 3126 577 nolens
3154 536 3220 576 ex
3267 520 3465 591 populo
3502 530 3683 586 terrae,
3726 519 3821 574 fa-

2227 615 2420 670 ciendo
2460 630 2626 670 unum
2673 615 2743 669 ab
2789 613 3042 669 omnibus
3087 615 3359 671 mandatis
3405 616 3621 671 Domini
3661 618 3814 687 quod

2228 721 2335 762 non
2371 707 2484 775 ﬁet,
2531 717 2586 762 et
2611 707 2922 778 deliquerit,
2959 715 3012 761 et
3047 716 3231 761 notum
3261 707 3462 762 factum
3518 706 3682 763 fuerit
3733 709 3814 762 illi

2226 810 2506 869 peccatum
2539 801 2681 869 quod
2719 801 2986 870 peccavit,
3026 801 3260 855 adducet
3281 799 3484 856 donum
3524 815 3682 856 suum
3717 816 3821 856 ca—

2225 908 2378 962 pram
2409 893 2476 948 de
2510 893 2708 959 haedis,
2743 893 3002 948 feminam
3043 895 3162 948 sine
3200 893 3410 948 macula
3443 894 3678 950 adducet
3707 910 3819 966 pro

2227 997 2452 1056 peccato
2490 985 2632 1055 quod
2685 987 2947 1056 peccavit.
2988 1007 3006 1038 ι
3041 987 3110 1042 Εῑ
3140 1001 3355 1041 omnem
3403 997 3525 1055 post
3569 987 3686 1043 haec
3719 1003 3817 1043 sa-

2225 1079 2422 1134 criﬁcii
2454 1079 2618 1133 ritum
2645 1119 2662 1144 ,
2703 1083 3005 1135 secundum
3055 1081 3199 1149 quod
3236 1095 3400 1148 supra
3431 1081 3813 1149 exposuimus,

2225 1172 2524 1226 enarravit.
2568 1171 2644 1226 De
2671 1173 2851 1226 anima
2894 1188 3057 1242 quam
3097 1170 3199 1227 sub
3233 1182 3462 1241 peccato
3492 1171 3693 1228 factam
3728 1175 3817 1230 di-

2226 1263 2302 1318 cit
2325 1263 2547 1332 oﬂ‘erre,
2576 1264 2812 1335 qualiter
2837 1265 3178 1320 sentiendum
3208 1266 3298 1330 sit,
3330 1267 3384 1320 in
3409 1266 3814 1334 superioribus,

2224 1368 2386 1427 prout
2416 1357 2708 1424 potuimus,
2753 1357 3170 1428 explanavimus
3202 1376 3216 1412 :
3246 1358 3390 1427 quod
3444 1372 3576 1414 vero
3609 1358 3662 1412 in
3699 1358 3814 1413 hoc

2226 1449 2344 1504 loco
2378 1451 2607 1516 addidit,
2634 1453 2819 1506 dicens
2853 1472 2864 1506 :
2906 1469 2924 1503 ι
2955 1451 3150 1506 Anima
3182 1451 3226 1507 si
3259 1451 3566 1521 peccaverit
3593 1466 3662 1507 ex
3701 1467 3811 1522 po--

2224 1544 2352 1613 pulo
2387 1552 2564 1611 terrae,
2595 1563 2614 1596 ι
2646 1560 2753 1599 non
2787 1545 2920 1598 mihi
2950 1545 3167 1599 videtur
3199 1544 3460 1600 otiosum.
3493 1543 3624 1610 Quis
3653 1545 3806 1599 enim

2227 1638 2524 1706 dubitaret,
2553 1638 2684 1708 quin
2719 1652 2779 1692 ea
2813 1653 2933 1706 qua:
2963 1637 3100 1692 dicit
3132 1637 3240 1703 lex,
3261 1637 3328 1691 ad
3356 1637 3590 1701 animas,
3621 1637 3706 1690 vel
3733 1639 3806 1691 ad

2225 1730 2504 1801 populum,
2537 1730 2631 1800 qui
2661 1738 2790 1785 sunt
2823 1729 2876 1782 in
2923 1737 3092 1790 terra,
3123 1729 3483 1783 dicerentur?
3509 1727 3647 1794 Quid
3671 1743 3809 1796 ergo

2227 1821 2591 1876 necessarium
2633 1819 2768 1885 fuit,
2805 1831 2863 1872 ut
2896 1820 2962 1872 ad
3007 1819 3110 1872 hoc
3161 1818 3302 1888 quod
3337 1817 3474 1870 dixit
3507 1835 3520 1871 :
3553 1835 3572 1869 ι
3606 1817 3808 1870 Anima

2223 1925 2330 1964 una
2352 1911 2395 1964 si
2427 1909 2760 1978 peccaverit,
2795 1927 2814 1960 ι
2847 1909 3111 1962 adderet:
3147 1925 3163 1956 ι
3200 1906 3277 1960 Ex
3303 1905 3499 1976 populo
3545 1907 3742 1961 terrae?
3783 1926 3803 1957 ι

2225 2002 2330 2057 Sed
2372 2003 2660 2056 videndum
2689 2013 2794 2065 est,
2843 2016 2909 2055 nc
2940 1999 3082 2054 forte
3109 2001 3177 2055 ad
3211 1999 3617 2055 distinctionem
3661 2000 3805 2054 alte-

2224 2096 2339 2150 r-ius
2370 2095 2552 2165 populi
2586 2094 2676 2164 qui
2707 2110 2813 2148 non
2843 2103 2927 2148 est
2959 2095 3025 2148 de
3065 2102 3231 2158 terra,
3275 2095 3388 2148 haec
3443 2093 3620 2148 anima
3681 2110 3809 2163 qua:

2222 2189 2532 2257 peccaverit
2567 2187 2704 2260 (48),
2741 2187 2807 2240 de
2849 2185 3048 2256 populo
3087 2196 3245 2240 terra:
3272 2200 3391 2239 esse
3423 2185 3652 2240 dicatur.
3694 2186 3806 2238 Ne-

2223 2299 2328 2352 que
2357 2282 2505 2336 enim
2539 2280 2836 2335 convenire
2868 2280 3072 2334 dictum
3107 2277 3210 2332 hoc
3242 2286 3424 2348 potest
3464 2279 3563 2344 illi,
3595 2279 3689 2348 qui
3721 2277 3808 2332 di-

2222 2376 2379 2428 ccbat
2414 2374 2460 2404 ⁷⁸
2488 2392 2500 2426 :
2542 2391 2560 2424 ι
2602 2372 2798 2428 Nostra
2831 2380 3011 2426 autem
3043 2371 3386 2425 conversatio
3420 2371 3472 2423 in
3505 2371 3661 2426 coalis
3692 2381 3805 2433 est,

2225 2467 2368 2521 unde
2422 2478 2475 2519 ct
2543 2465 2883 2520 Salvatorem
2938 2472 3321 2533 exspectamus
3373 2463 3662 2518 Dominum
3713 2461 3809 2516 Je-

2223 2573 2364 2612 sum.
2397 2577 2413 2608 ι
2447 2556 2728 2623 Quomodo
2754 2570 2882 2624 ergo
2910 2557 3069 2611 istam
3094 2555 3328 2610 animam
3356 2556 3548 2610 merito
3572 2555 3805 2609 dixerim

2223 2653 2288 2706 de
2323 2651 2478 2722 192
2518 2649 2715 2721 populo
2751 2659 2929 2715 terrae,
2969 2665 3087 2719 quae
3119 2648 3253 2704 nihil
3303 2650 3472 2703 habet
3513 2663 3809 2702 commune

2223 2759 2349 2800 eum
2379 2755 2549 2808 terra,
2582 2743 2676 2797 sed
2708 2753 2816 2796 tota
2849 2743 2901 2796 in
2934 2742 3089 2797 caelis
3119 2752 3224 2808 est,
3257 2749 3313 2795 et
3342 2741 3413 2794 ibi
3444 2751 3810 2795 conversatur

2226 2839 2314 2892 uhi
2349 2837 2598 2893 Christus
2633 2844 2714 2890 est
2749 2835 2802 2888 in
2836 2835 3061 2889 dextera
3109 2835 3203 2888 Dei
3255 2834 3466 2898 sedens,
3491 2848 3601 2903 quo
3626 2843 3681 2888 et
3709 2850 3806 2888 re-

2225 2930 2340 2983 dire
2369 2929 2672 2992 desiderat,
2715 2935 2771 2980 et
2821 2941 2941 2982 esse
2975 2942 3097 2982 cum
3136 2926 3396 2990 Christo,
3442 2927 3612 2982 multo
3649 2927 3802 2982 enim

543 3029 706 3070 nemo
741 3016 944 3080 habet,
986 3031 1147 3084 quam
1209 3025 1267 3070 ut
1312 3015 1550 3068 animam
1607 3029 1761 3068 suam
1797 3024 1960 3083 ponat
2019 3029 2192 3093 proc
2227 3021 2419 3076 melius
2453 3021 2532 3084 ⁷⁷,
2581 3023 2674 3074 sed
2731 3032 3049 3088 permanere
3108 3019 3161 3072 in
3215 3032 3381 3073 carne
3431 3020 3803 3074 necessarium

544 3107 738 3161 amicis
784 3109 897 3162 suis
922 3148 937 3169 ,
973 3127 993 3160 ι
1027 3124 1194 3179 panes
1245 3109 1554 3162 similaceos
1587 3105 1696 3179 (45)
1733 3107 1786 3160 in
1832 3106 2119 3162 charitatis

545 3201 668 3254 oleo
697 3201 972 3264 subactos,
1009 3202 1124 3256 sine
1160 3201 1269 3254 ullo
1298 3200 1566 3254 fermento
1603 3199 1820 3253 malitiae
1849 3207 1904 3253 et
1929 3199 2120 3268 nequi-

546 3295 653 3358 tite,
683 3294 736 3346 in
759 3293 970 3362 azymis
1003 3293 1337 3349 sinceritatis
1385 3302 1440 3347 et
1487 3292 1736 3347 veritatis
1779 3301 1830 3346 te
1857 3289 2120 3344 obtulisse

545 3399 837 3455 cognosce.
877 3383 936 3439 Si
975 3395 1156 3438 autem
1209 3385 1262 3439 in
1317 3383 1680 3437 amaritudine
1713 3381 1868 3436 lletus
1896 3383 1968 3435 tui
2007 3378 2117 3453 (46)

545 3478 716 3532 fueris
745 3477 916 3542 luctu,
950 3476 1208 3546 lacrymis
1237 3487 1291 3531 et
1316 3477 1707 3530 lamentatione
1742 3473 2043 3542 confectus,
2074 3474 2120 3528 si

543 3583 767 3623 carnem
819 3577 966 3622 tuam
1019 3568 1412 3632 maceraveris,
1463 3580 1518 3622 ct
1569 3565 1791 3635 jejuniis
1839 3581 1903 3621 ac
1950 3565 2118 3620 multa

540 3661 875 3717 abstinentia
907 3659 1117 3714 aridam
1154 3661 1384 3728 feceris,
1437 3668 1491 3714 et
1532 3658 1771 3723 dixeris,
1805 3659 1928 3728 quia
1980 3657 2122 3713 sicut

541 3753 829 3809 frixorium
863 3754 1108 3810 confrixa
1139 3765 1266 3808 sunt
1300 3769 1424 3810 ossa
1463 3768 1606 3819 mea,
1642 3761 1768 3806 tunc
1791 3750 2119 3806 sacriﬁcium

543 3850 775 3906 simiiam
805 3866 832 3904 a
875 3850 1176 3920 sartagine,
1229 3851 1315 3906 vel
1371 3867 1400 3904 a
1460 3850 1721 3906 craticula
1769 3847 2035 3906 obtulisse
2067 3859 2120 3905 te

541 3944 762 3998 noveris
793 3943 904 4014 (47)
939 3963 953 3999 :
987 3955 1042 3999 et
1095 3946 1198 3999 hoc
1239 3944 1399 3998 modo
1431 3943 1696 3998 inveniris
1727 3951 1783 3997 tu
1824 3943 2025 4005 verius,
2065 3950 2121 3996 et

541 4032 838 4102 perfectius
895 4035 1190 4089 secundum
1245 4034 1596 4103 Evangelium
1662 4031 1862 4088 oﬂerre
1913 4031 2113 4087 sacriﬁ-

543 4127 647 4193 cia,
692 4141 812 4196 qua:
839 4127 1137 4182 secundum
1182 4126 1352 4198 legem
1389 4127 1501 4195 jam
1551 4124 1751 4184 oﬁerre
1787 4141 1894 4182 non
1941 4130 2125 4194 potest

540 4217 727 4274 Israel.

613 4403 658 4437 ⁷³
689 4401 804 4458 Jac.
839 4415 891 4466 v,
929 4401 1016 4454 l4.
1094 4400 1140 4432 ⁷⁸
1168 4414 1324 4454 Joan.
1349 4414 1441 4463 xv,
1478 4400 1562 4454 15.

540 4494 809 4546 incentor.
841 4489 957 4559 Ipse
979 4489 1124 4542 enim
1152 4504 1295 4542 nunc
1332 4503 1432 4559 nos
1466 4500 1522 4541 ut
1561 4484 2118 4559 peccemusinstigat,

540 4564 658 4631 ipse
689 4555 878 4628 etiam;
907 4577 1032 4613 cum
1065 4558 1496 4631 peccaverimus,
1518 4567 1759 4631 accusat.
1805 4555 1862 4611 Si
1891 4555 2026 4622 ergo
2067 4559 2118 4611 in

537 4628 648 4685 vita
697 4632 1095 4700 praeveniamus
1134 4644 1292 4700 eum,
1311 4638 1365 4700 et
1399 4628 1500 4700 ipsi
1539 4629 2119 4700 nostr-iacettsatores

539 4698 739 4760 simus,
776 4701 1078 4770 nequitiam
1115 4698 1312 4770 diaboli
1347 4699 1548 4770 inimici
1582 4698 1751 4751 nostri
1797 4707 1851 4751 et
1887 4713 2120 4770 accusa-

541 4774 675 4826 toris
707 4767 1012 4839 eliugi'mus.
1063 4770 1152 4823 Sic
1195 4769 1342 4823 enim
1388 4777 1442 4821 et
1487 4769 1612 4821 alibi
1647 4770 1908 4839 propheta
1933 4767 2068 4821 dicit
2100 4786 2114 4822 :

541 4843 640 4896 Dic
672 4854 724 4894 tu
751 4837 1054 4909 iniquitates
1102 4852 1217 4890 tuas
1265 4840 1431 4907 prior,
1465 4850 1519 4890 ut
1558 4837 1908 4906 justi/iretis,
1951 4855 1968 4888 ι
2006 4849 2112 4891 ctc.

543 4912 681 4968 llinc
727 4928 857 4965 sane
906 4914 1080 4978 quivis
1139 4914 1206 4961 ab
1257 4910 1402 4963 omni
1461 4909 1810 4976 pragiudicata
1863 4909 2118 4974 opinione

543 4984 684 5037 liher
730 4983 948 5049 colliget
983 4981 1209 5034 multum
1258 4981 1325 5033 ab
1377 4979 2115 5049 heterodosorumdoctrina

541 5055 782 5107 abfuisse
807 5047 1118 5120 Ot‘igenem,
1153 5051 1349 5118 quippe
1375 5052 1466 5118 qui
1495 5065 1614 5103 cum
1652 5047 1900 5120 Ecclesia
1926 5049 2116 5102 catho-

542 5124 645 5177 lica
685 5119 925 5176 Romana
952 5123 1110 5175 docet
1138 5137 1262 5175 vere
1282 5121 1634 5187 pmnitentem
1663 5132 1766 5170 non
1791 5119 2116 5173 erubescere

542 5193 738 5248 debere
767 5193 946 5248 omnia
981 5200 1199 5259 peccata
1233 5207 1330 5243 sua
1364 5191 1528 5244 etiam
1557 5188 1766 5242 occulta
1797 5203 1913 5259 non,
1939 5188 2112 5242 solum

543 5265 676 5329 Deo,
706 5265 796 5318 sed
831 5258 994 5317 etiam
1045 5262 1312 5316 sacerdoti
1350 5262 1627 5324 indicare,
1669 5268 1722 5312 et
1778 5258 2103 5312 medicinam

539 5339 609 5387 ah
635 5351 699 5386 eo
727 5348 990 5401 qnmrere.

615 5396 828 5476 (42)Ἐι
876 5405 1144 5476 imponant
1185 5404 1233 5476 ei
1274 5418 1484 5476 manas.
1519 5400 1598 5476 E_x
1635 5399 1898 5476 memoria
1929 5396 2111 5476 laudat

543 5467 809 5542 Origenes
825 5467 986 5526 verba
1003 5467 1197 5527 'Jacobi
1223 5472 1449 5541 apostoli
1478 5473 1568 5541 qui
1599 5471 1897 5525 secundum
1929 5469 2109 5522 omnia

539 5545 870 5614 exemplaria
900 5544 1116 5614 scripsit
1146 5563 1160 5598 :
1197 5563 1216 5594 ‹
1255 5555 1308 5597 et
1335 5551 1493 5597 orent
1522 5555 1860 5614 supereuni.
1897 5558 1918 5614 ι

614 5610 724 5687 (45)
750 5615 930 5687 Codett
963 5610 1271 5687 sattgertn.,
1303 5632 1319 5664 ι
1344 5613 1514 5666 venis.
1540 5611 1748 5687 n_Libb.
1779 5610 1932 5687 editi,
1965 5627 1983 5658 ι
2019 5625 2109 5663 ve-

541 5682 753 5742 neris.»
805 5686 970 5742 Paulo
1006 5682 1127 5754 post
1161 5685 1303 5742 idem
1353 5699 1454 5738 .lllS.
1492 5684 1661 5739 codex
1686 5723 1700 5748 ,
1737 5701 1756 5734 ι
1779 5682 1832 5737 ἱιι
1877 5691 2107 5762 mortem

1642 4398 1686 4428 ⁷⁸
1717 4396 1849 4450 Lev.
1885 4411 1960 4458 tv,
1995 4395 2064 4448 27
2093 4406 2150 4451 et
2169 4412 2322 4464 seqq.

2233 3113 2382 3168 ducit
2412 3113 2522 3184 (49)
2553 3122 2774 3182 propter
2802 3112 2935 3167 nos?
2967 3110 3091 3166 llaec
3124 3112 3267 3166 enim
3303 3112 3484 3166 anima
3518 3127 3639 3182 quae
3672 3129 3806 3183 pec-

2231 3213 2341 3268 cat,
2383 3204 2449 3256 de
2475 3201 2673 3272 popqu
2707 3213 2864 3256 terra:
2893 3210 2998 3268 est,
3027 3201 3232 3255 faciens
3257 3217 3421 3256 unum
3449 3201 3517 3257 ab
3548 3205 3804 3259 omnibus

2231 3295 2500 3350 mandatis
2554 3293 2800 3361 Domini,
2856 3296 2998 3364 quod
3039 3309 3144 3348 non
3181 3293 3291 3348 ﬁet.
3325 3294 3424 3348 Diu
3459 3310 3544 3350 me
3584 3296 3639 3349 in
3693 3297 3802 3351 hoc

2229 3401 2476 3442 sermone
2505 3386 2725 3455 quidam
2753 3395 2938 3454 stupor
2959 3385 3247 3440 attonitum
3283 3387 3474 3442 tenuit.
3503 3387 3618 3444 Non
3651 3389 3799 3444 enim

2229 3487 2630 3546 consequenter
2657 3476 2863 3531 dictmn
2897 3477 3072 3537 video,
3093 3479 3236 3546 quod
3255 3480 3563 3547 peccaverit
3589 3481 3794 3546 anitua,

2227 3578 2283 3621 ct
2313 3567 2504 3623 fecerit
2541 3583 2706 3620 unum
2735 3584 2798 3622 ev
2835 3568 3108 3622 mandatis
3133 3568 3343 3623 Domini
3377 3571 3516 3640 quod
3545 3587 3650 3627 non
3681 3572 3798 3630 ﬁet.

2229 3661 2284 3715 Si
2319 3661 2463 3716 enim
2501 3661 2817 3714 mandatum
2853 3661 3068 3715 Domini
3097 3669 3202 3726 est,
3239 3663 3509 3730 quomodo
3541 3663 3657 3718 ﬁeri
3689 3679 3797 3719 non

2225 3751 2432 3818 debuit,
2474 3765 2598 3804 cum
2640 3751 2830 3818 utique
2877 3749 2942 3802 ad
2994 3751 3097 3804 hoc
3154 3751 3350 3804 dentur
3395 3753 3645 3807 mandata
3685 3754 3796 3808 Do-

2225 3841 2380 3905 mini,
2429 3849 2487 3893 ut
2536 3839 2703 3893 ﬁant?
2744 3839 2808 3892 Et
2840 3839 3110 3907 quomodo
3161 3840 3248 3894 hic
3291 3840 3489 3894 dicitur
3538 3857 3800 3911 peccasse

2225 3933 2404 3986 anima
2437 3929 2549 4003 (50)
2579 3945 2698 4000 qua:
2730 3930 2922 3985 fecerit
2955 3945 3119 3984 unum
3153 3931 3220 3985 de
3260 3932 3529 3986 mandatis
3559 3933 3796 4000 Domini,

2221 4025 2364 4097 quod
2397 4040 2504 4080 non
2535 4025 2666 4079 ﬁet?
2706 4024 2771 4078 Et
2811 4023 3063 4080 fortassis
3093 4025 3363 4094 aliquibus
3391 4025 3662 4080 videbitur
3689 4040 3782 4081 er-

2222 4133 2315 4174 ror
2350 4117 2670 4173 elocutionis
2721 4132 2819 4186 per
2870 4118 3200 4186 interpretes
3254 4115 3430 4170 factus
3465 4116 3607 4171 :sed
3658 4118 3792 4172 mihi

2149 4223 2192 4277 ι)
2223 4209 2491 4264 curiosius
2545 4208 2838 4276 inquirenti
2888 4215 3228 4278 compertum
3277 4215 3362 4261 est
3393 4220 3582 4262 omnes
3622 4205 3795 4263 inter-

2401 4393 2447 4424 ⁷⁸
2477 4391 2706 4462 Philipp.
2738 4407 2821 4457 ιιι,
2846 4390 2937 4447 20.
3046 4392 3090 4423 τ’
3126 4389 3358 4461 Philipp.
3391 4407 3429 4456 ι,
3461 4391 3553 4458 22,
3583 4391 3676 4446 25.

2231 4485 2435 4539 Christi
2470 4485 2782 4553 baptizaris.
2811 4503 2828 4535 ι
2857 4483 3010 4538 Libb.
3041 4485 3194 4551 editi,
3224 4501 3244 4534 ι
3288 4487 3346 4538 in
3382 4494 3559 4539 morte
3585 4483 3791 4540 Christi

2229 4557 2545 4622 baptizaris.
2572 4573 2590 4606 ι

2297 4625 2405 4696 (44)
2437 4624 2737 4696 Instructus
2761 4626 2854 4678 sis.
2897 4625 3055 4678 Deest
3097 4625 3150 4678 in
3182 4635 3344 4679 antea
3377 4625 3560 4692 editis,
3589 4645 3609 4678 ι
3639 4627 3739 4693 sis,
3771 4645 3790 4680 ι

2226 4705 2281 4749 at
2311 4695 2580 4759 reperitur
2614 4697 2664 4747 in
2706 4696 2891 4748 codice
2919 4696 3400 4762 Sangermanensi.

2297 4766 2406 4836 (45)
2462 4764 2616 4818 Libb.
2667 4774 2823 4836 antea
2869 4766 3031 4830 editi,
3062 4775 3272 4834 «ponat
3299 4768 3424 4834 quis
3453 4781 3549 4835 pro
3602 4768 3794 4822 amicis

2221 4835 2354 4901 Suis,
2393 4849 2560 4902 panes
2591 4835 2988 4904 similagineos,
3027 4856 3046 4888 ι
3099 4847 3232 4901 etc.,
3268 4847 3324 4890 at
3358 4852 3488 4892 mss.
3521 4849 3582 4891 ut
3616 4838 3670 4892 in
3703 4855 3801 4892 no-

2221 4916 2333 4961 stro
2365 4914 2536 4959 textu.

2293 4975 2402 5047 (46)
2437 4975 2741 5047 Pronomen
2780 4995 2796 5026 ι
2823 4977 2897 5047 tui
2925 4995 2942 5026 ι
2982 4978 3132 5031 deest
3181 4975 3234 5029 in
3284 4987 3443 5030 antea
3479 4978 3664 5043 editis,
3697 4981 3794 5034 sed

2222 5046 2491 5116 reperitur
2520 5046 2571 5098 in
2607 5046 2796 5100 codice
2831 5046 3313 5116 Sangertnanensi.

2222 5190 2233 5201 '
2287 5115 2400 5198 (47)
2423 5115 2562 5196 idem
2585 5116 2748 5168 codex
2777 5115 3083 5187 Sangerm.,
3113 5136 3130 5168 ι
3155 5117 3420 5173 obtuleris
3438 5128 3490 5174 ct
3510 5119 3613 5174 hoc
3634 5120 3798 5174 modo

2220 5201 2536 5242 IﬂV‘L‘lllCl‘lS.
2569 5205 2586 5237 Ι

2293 5257 2400 5330 (48)
2427 5257 2570 5310 idem
2597 5255 2788 5323 codex,
2821 5275 2838 5305 ‹
2863 5257 3192 5325 peccaverit.
3219 5277 3236 5311 ι
3267 5257 3422 5314 Libb.
3451 5259 3601 5322 editi,
3635 5281 3653 5309 ι
3679 5275 3799 5328 pec-

2218 5333 2379 5385 cavit.
2416 5349 2434 5380 ι

2288 5399 2399 5468 (49)
2429 5398 2574 5452 Idem
2609 5399 2800 5461 codex,
2839 5417 2856 5448 ι
2887 5398 3051 5453 ducit.
3077 5418 3094 5450 ι
3129 5397 3280 5453 Libb.
3313 5399 3466 5463 editi,
3504 5417 3523 5450 ι
3549 5400 3701 5452 dicit.
3732 5417 3754 5452 ι

2290 5471 2403 5539 (50)
2436 5470 2586 5531 Μεδ..
2647 5487 2663 5518 ι
2692 5471 2889 5522 anima.
2926 5488 2944 5520 ι
3006 5468 3162 5522 Libh.
3199 5471 3368 5533 editi,
3426 5489 3442 5519 ι
3468 5471 3730 5522 animam.
3769 5489 3789 5522 ι

2221 5541 2388 5595 Paulo
2423 5551 2542 5607 post
2573 5555 2726 5600 mss.,
2765 5557 2783 5588 ι
2825 5555 2979 5591 error
3013 5541 3338 5593 elocutionis
3368 5555 3464 5608 per
3515 5543 3790 5607 interpre-

2221 5623 2302 5665 tes
2331 5612 2524 5664 factus.
2548 5629 2565 5659 ι
2601 5609 2756 5662 Libb.
2803 5609 2956 5675 editi,
3011 5629 3029 5660 ι
3064 5625 3304 5666 errorem
3349 5609 3643 5666 locutionis
3699 5623 3794 5679 per

2221 5684 2548 5750 interpretes
2576 5681 2795 5736 factum.
2825 5698 2844 5731 ι
