4024 6146
266 174 374 235 εει
1491 186 1556 243 ΙΝ
1592 188 1969 247 LEVITICUM
2003 192 2290 249 HOMI‘LIA
2323 190 2383 247 ll.
3472 191 3583 252 4‘22

265 309 468 373 pretes
508 302 790 359 similiter
823 300 1140 373 protulisse,
1165 313 1219 359 et
1264 304 1388 361 ideo
1434 321 1541 361 non
1575 308 1901 365 elocutionis
1927 314 1977 375 Α
2007 312 2321 367 mandatum
2381 309 2655 380 quomodo
2712 307 2798 364 vel
2844 316 3122 364 taurorum
3174 308 3261 365 vel
3315 325 3579 382 agnorum

264 405 481 461 error,
535 398 648 452 sed
697 395 1072 466 profundioris
1116 397 1487 469 intelligentiae
1543 401 1901 470 requirendus
2001 403 2181 459 hostia
2215 405 2441 460 deberet
2471 401 2682 457 olTerri.
2725 401 2831 457 Sed
2883 402 2974 471 qui
3038 401 3211 472 legem
3261 404 3583 473 spiritaliter

263 494 354 540 est
398 500 659 545 sensus.
705 489 762 544 ln
799 498 1063 560 quantum
1107 505 1237 561 ergo
1281 492 1441 546 nobis
1478 507 1767 548 occurrere
1801 509 1898 562 po-

266 590 405 643 test,
443 580 596 637 hazc
633 582 770 637 mihi
808 584 1031 637 videtur
1063 583 1361 642 absolutio.
1402 584 1652 639 Mandata
1687 585 1898 641 Domini

262 671 555 739 quaedam
594 674 722 728 data
750 681 966 728 suntut
995 672 1175 740 ﬁant,
1216 674 1465 743 quasdam
1506 685 1565 730 ut
1603 691 1707 730 non
1745 677 1894 733 ﬁant.

262 761 378 817 Sed
415 778 498 817 ea
536 780 669 835 qua:
696 766 814 819 ﬁeri
845 766 1070 832 debent,
1107 767 1414 823 necessitas
1439 769 1683 838 poposcit
1715 771 1899 824 butna-
1999 769 2246 840 peccavit
2274 770 2465 824 nolens
2498 766 2747 822 faciendo
2778 781 2949 819 unum
2977 767 3042 819 ab
3067 770 3321 823 omnibus
3352 772 3574 824 manda-

261 869 366 919 na,
402 865 478 908 ut.
515 857 737 912 inserta
768 856 877 911 illis
907 855 1304 925 proferrentur,
1337 873 1460 928 qua:
1508 860 1625 914 ﬁeri
1658 876 1770 915 non
1800 861 1897 916 de-
2001 862 2071 915 tis
2122 861 2334 914 Domiui
2386 857 2531 928 quod
2573 873 2681 912 non
2716 856 2828 920 ﬁet,
2872 866 2928 911 et
2958 858 3205 925 deliquit,
3240 869 3295 913 et
3322 859 3445 914 ideo
3476 864 3576 914 atl-

260 954 511 1005 berent.
548 949 719 1005 Verbi
752 948 952 1017 gratia,
980 959 1043 1004 ut
1076 950 1143 1005 de
1174 950 1259 1005 bis
1289 951 1419 1021 ipsis
1446 967 1566 1021 qua:
1616 968 1759 1008 nunc
1800 953 1899 1008 ha—
1992 952 2165 1022 jungit
2188 953 2242 1005 in
2270 951 2730 1021 subsequentibus
2745 949 2791 980 ⁸ο
2822 967 2835 1002 :
2873 967 2891 1000 ι
2924 948 2992 1002 Ει
3019 965 3140 1003 cum
3164 957 3347 1004 notum
3374 951 3574 1006 factum

260 1040 489 1097 bemus
522 1043 587 1098 in
612 1042 863 1097 manibus
892 1042 1181 1098 sacriﬁciis
1210 1044 1550 1113 proferamus
1566 1046 1894 1116 exemplum,
1999 1046 2163 1099 fuerit
2195 1044 2271 1099 illi
2313 1052 2598 1113 peccatum
2639 1043 2781 1112 quod
2812 1042 3079 1112 peccavit,
3114 1043 3350 1098 adducet
3381 1060 3578 1099 munus

258 1146 464 1201 agnus
504 1134 792 1187 immolari
817 1133 1040 1203 jubetur
1063 1133 1115 1187 in
1132 1132 1344 1189 Pascha
1370 1135 1440 1199 ⁷⁸,
1464 1150 1568 1188 non
1598 1137 1741 1205 quod
1767 1152 1896 1192 vere

260 1234 407 1294 agni
476 1226 732 1282 hostiam
764 1242 862 1297 per
902 1226 1147 1298 singulos
1184 1243 1355 1282 annos
1390 1229 1698 1297 requireret
1729 1230 1891 1296 Deus,

261 1318 373 1372 sed
432 1322 603 1387 quod
664 1319 975 1388 designaret
1023 1318 1136 1392 (51)
1192 1320 1466 1375 immolari
1514 1321 1713 1377 debere
1744 1322 1894 1376 illum

260 1421 535 1479 agt-mn,
590 1411 683 1482 qui
716 1411 858 1465 tollit
890 1406 1180 1479 peccatum
1214 1413 1422 1468 mundi.
1461 1412 1574 1468 Hoc
1611 1428 1745 1484 ergo
1777 1416 1892 1471 ﬁeri
1994 1423 2077 1471 est
2121 1414 2347 1484 spiritus
2398 1412 2799 1469 contribulatus
2829 1412 2894 1463 ⁸³.
2933 1430 2951 1462 ι
3011 1409 3210 1465 Notum
3258 1410 3318 1463 ﬁt
3359 1426 3489 1480 ergo
3522 1411 3574 1465 ei

260 1502 473 1556 voluit
507 1544 525 1567 ,
581 1502 710 1559 illud
743 1504 938 1560 noluit.
972 1503 1066 1559 Sic
1092 1503 1237 1558 enim
1282 1520 1380 1575 per
1411 1506 1604 1561 Isaiam
1641 1508 1774 1563 dicit
1799 1508 1844 1539 "
1875 1522 1890 1562 :
1994 1516 2275 1577 peccatum
2301 1520 2622 1571 suum,cum
2649 1504 2903 1560 didicerit
2926 1520 2955 1557 a
2987 1502 3212 1557 Domino
3257 1504 3471 1557 dicente
3490 1504 3570 1557 8':

268 1609 291 1641 ε
329 1591 479 1659 Quo
536 1595 672 1649 mihi
738 1595 1139 1650 multitudinem
1218 1596 1612 1651 sacriﬁciorum
1682 1610 1893 1654 vestro-
2001 1617 2020 1648 σ
2054 1596 2486 1654 Misericordiam
2520 1597 2666 1652 malo
2711 1611 2877 1666 quam
2910 1595 3274 1659 sacriﬁcium;
3310 1613 3327 1646 ι
3365 1603 3418 1649 et
3449 1610 3571 1649 cum

263 1699 436 1746 rum,
478 1685 619 1739 dicit
654 1684 953 1740 Dominus?
986 1685 1186 1743 Plenus
1217 1703 1337 1743 sum
1372 1686 1703 1742 holocaustis
1748 1689 1891 1743 arie-
1923 1668 1967 1723 Β
1996 1691 2279 1762 agnoverit
2313 1689 2601 1745 immolare
2633 1689 2962 1760 sacriﬁcium
2993 1687 3173 1741 laudis
3206 1687 3256 1740 iu
3304 1686 3568 1748 Ecclesia,

266 1786 435 1842 tum,
472 1787 530 1831 et
580 1778 796 1848 adipem
839 1794 1132 1849 agnorum,
1166 1789 1223 1835 et
1249 1781 1568 1851 sanguinem
1611 1780 1887 1835 hircorum
1995 1793 2049 1838 et
2080 1782 2306 1838 reddere
2334 1782 2616 1836 Altissimo
2646 1791 2771 1835 vota
2800 1795 2921 1846 sua,
2953 1795 3048 1849 per
3082 1777 3361 1833 Christqu
3392 1779 3572 1832 Domi-

266 1878 332 1921 et
370 1877 675 1923 taurorum
702 1869 849 1925 nolo.
874 1893 895 1923 ι
931 1870 1143 1925 Audisti
1174 1873 1446 1940 quomodo
1479 1887 1584 1926 non
1615 1872 1728 1924 vult
1756 1871 1885 1924 ltos-
1993 1890 2123 1929 num
2166 1883 2436 1939 nostrum,
2472 1874 2560 1928 cui
2590 1873 2711 1928 laus
2743 1881 2797 1928 et
2831 1872 3003 1944 gloria
3033 1872 3086 1925 itt
3119 1869 3313 1925 smcula
3345 1872 3571 1924 smculoo

267 1955 429 2012 tiam
466 1959 731 2025 arietum,
784 1975 885 2015 nec
922 1961 1111 2031 adipes
1163 1961 1461 2030 agnorum?
1518 1961 1671 2017 dedit
1704 1970 1882 2016 tamen
1994 1982 2135 2021 rum.
2170 1968 2366 2021 Amen.

2002 493 2281 563 intelligit,
2322 492 2645 563 Spiritaliter
2694 494 2811 547 haec
2854 492 3053 562 quaerit
3096 491 3316 549 oﬁerre.
3352 492 3409 549 Si
3446 511 3578 550 vero

2000 587 2122 655 quis
2151 586 2267 656 (59.)
2295 587 2598 640 secundum
2647 595 2883 653 spectem
2929 586 3170 640 mandati
3207 586 3446 643 carnalis
3479 588 3577 642 ob-

2001 679 2209 745 tulerit,
2268 679 2383 734 haec
2427 687 2513 734 est
2560 676 2740 731 anima
2768 691 2877 730 una
2904 691 2969 730 ex
3009 677 3208 746 populo
3244 688 3422 745 teme,
3458 693 3575 749 qua:

1996 1155 2152 1195 suum
2183 1148 2311 1194 ante
2338 1138 2626 1196 Dominum
2658 1135 2795 1209 (5'5).
2830 1155 2849 1187 ι
2880 1135 3050 1190 Debet
3093 1135 3238 1189 enim
3270 1150 3467 1189 munus
3491 1138 3575 1188 uf-

1995 1233 2143 1288 ferre
2193 1232 2411 1295 anima,
2475 1245 2596 1284 cum
2654 1229 2703 1284 ei
2752 1228 3088 1294 innotuerit,
3119 1228 3245 1297 quia
3281 1227 3421 1282 Deus
3467 1245 3574 1283 nmt

1995 1323 2191 1393 qumrit
2218 1322 2437 1379 carnale
2470 1321 2805 1376 Sacriﬁcium
2845 1343 2858 1377 ε
2890 1319 3015 1389 quia
3053 1337 3071 1371 ι
3109 1320 3435 1375 sacriﬁcium
3467 1320 3575 1375 Deo
3604 1368 3605 1371 η

1994 2184 2075 2239 Ea:
2122 2184 2365 2253 Origem's
2419 2182 2821 2238 Commentariis
2878 2183 2931 2236 in
2982 2180 3455 2238 Leviticum.——E
3486 2199 3566 2237 sec

288 2173 440 2248 Ἐκ*
469 2175 593 2231 τῶν
642 2178 979 2248 Ὧριγένους
1011 2181 1100 2246 εὶς
1136 2178 1203 2232 τὸ
1236 2181 1566 2235 Λευῖτικόν.
1613 2211 1680 2222 --
1750 2182 1883 2238 Ἀπὸ

2024 2256 2196 2311 cunda
2224 2257 2279 2308 in
2310 2253 2598 2309 Leviticum
2645 2254 2865 2308 Itomilt'a
2888 2292 2904 2317 ,
2949 2253 3129 2307 statim
3165 2270 3197 2307 α
3240 2253 3526 2324 principio.

356 2246 597 2321 τῆς-εις
622 2249 687 2303 τὸ
708 2246 1032 2321 ᾲΛευϊτικὸν
1078 2250 1313 2319 ὁμιλίας
1352 2250 1654 2320 δευτέρας,
1702 2254 1884 2321 εὐθὺς

351 2317 516 2385 μετὰ
539 2318 658 2386 τὴν
687 2319 904 2389 ἀρχήν.

356 2408 459 2480 Μὴ
484 2411 780 2481 νοήσαντες
822 2410 933 2481 (54)
980 2410 1036 2464 δὲ
1070 2410 1335 2483 διαφορὰν
1382 2412 1715 2484 Ἰουδαϊσμοῦ
1748 2416 1880 2487 ὁρα-

281 2501 389 2555 τοῦ
440 2504 539 2555 καὶ
590 2501 929 2573 Ἰουδαϊσμοῦ
969 2504 1182 2576 νοητοῦ,
1219 2503 1494 2559 τουτέστιν
1547 2505 1879 2579 Ἰουδαϊσμοῦ

284 2595 534 2666 φανεροῦ
576 2596 672 2648 καὶ
712 2595 1048 2666 Ἰουδαϊσμοῦ
1075 2594 1167 2647 τοῦ
1197 2597 1254 2647 ἐν
1287 2595 1535 2667 κρυπτῷ,
1566 2597 1614 2649 οἱ
1640 2596 1747 2650 ἀπὸ
1773 2596 1880 2653 τῶν

282 2687 621 2741 eameam
807 2688 902 2741 καὶ
941 2686 1319 2740 ἁσεὸεστάτων
1348 2687 1609 2758 αἱρέσεων
1630 2727 1644 2752 ,
1676 2686 1881 2751 εὐθέως

281 2780 584 2854 διέστησαν
629 2780 736 2834 ἀπὸ
780 2777 873 2833 τοῦ
920 2777 1276 2848 Ἰουδαϊσμοῦ,
1309 2780 1405 2831 καὶ
1456 2776 1551 2831 τοῦ
1599 2777 1733 2831 Θεοῦ
1782 2778 1891 2853 τοιξ

281 2869 472 2935 δόντος
503 2871 713 2934 ταύτας
764 2871 863 2933 τὰς
892 2869 1131 2943 Γραφὰς,
1169 2870 1261 2923 καὶ
1302 2869 1421 2922 ὅλον
1454 2869 1545 2924 τὸν
1569 2871 1752 2942 νόμον,
1786 2871 1880 2924 κα)⁵

285 2964 607 3020 ἀνέπλασαν
635 2964 822 3034 ἕτερον
843 2962 977 3016 Θεὸν
1006 2961 1159 3033 παρὰ
1182 2961 1274 3015 τὸν
1300 2960 1571 3016 δεδωκότα
1599 2964 1688 3016 τὸν
1716 2963 1878 3034 νόμον

287 3058 385 3112 καὶ
409 3058 540 3120 τοὺς
562 3057 869 3128 προφήτας,
898 3053 1049 3126 παρὰ
1073 3053 1165 3106 τὸν
1191 3054 1491 3125 ποιήσαντα
1522 3054 1748 3125 οὐρανὸν
1782 3053 1877 3107 καὶ

288 3146 416 3219 τῆν.
451 3147 528 3201 Τὸ
566 3147 622 3200 δὲ
658 3147 756 3217 οὐχ
787 3144 959 3208 οὕτως
1002 3144 1137 3214 ἔχει,
1180 3143 1294 3196 ἀλλ’
1320 3144 1348 3195 ὁ
1369 3142 1618 3207 δεδωκὼς
1657 3145 1748 3198 τὸν
1786 3143 1875 3197 νό-

293 3258 413 3313 μον,
450 3240 655 3294 δέδωκε
685 3240 777 3292 καὶ
799 3239 861 3291 τὸ
895 3237 1227 3306 Εὐαγγέλιον
1247 3253 1261 3267 ·
1293 3238 1321 3290 ὁ
1361 3238 1593 3308 ποιήσας
1642 3236 1712 3289 τὰ
1754 3236 1875 3307 βλε-

289 3334 525 3405 πόμενα,
566 3331 767 3386 δέδωκε
798 3331 892 3384 καὶ
921 3329 990 3383 τὰ
1020 3328 1096 3400 μὴ
1128 3328 1454 3399 βλεπόμενα.
1492 3328 1648 3382 Οὕτω
1677 3328 1733 3381 δὲ
1762 3328 1875 3400 ἔχει

292 3424 635 3493 συγγένειαν,
676 3421 818 3475 ὥστε
849 3421 919 3475 τὰ
954 3420 1161 3491 ἀόρατα
1189 3419 1282 3474 τοῦ
1324 3418 1457 3472 Θεοῦ
1500 3419 1608 3471 ἀπὸ
1646 3419 1875 3483 κτίσεως

292 3517 496 3587 κόσμου
524 3516 639 3578 τοῖς
665 3514 934 3585 ποιήμασι
973 3511 1239 3583 νοούμενα
1280 3510 1634 3583 καθορᾶσθαι.
1671 3512 1875 3580 Συγγέ-

290 3626 440 3662 νειαν
497 3607 611 3678 ἔχει
658 3607 753 3660 καὶ
802 3603 871 3657 τὰ
915 3603 1223 3674 βλεπόμενα
1268 3601 1358 3656 τοῦ
1419 3603 1586 3673 νόμου
1634 3602 1728 3655 κα)¹
1765 3603 1872 3656 τῶν

290 3700 589 3775 προφητῶν
627 3700 762 3772 πρὸς
805 3697 875 3752 τὰ
921 3698 997 3769 μὴ
1041 3696 1369 3767 βλεπόμενα,
1412 3694 1548 3749 ἀλλὰ
1604 3694 1871 3766 νοούμενα

286 3795 380 3848 τοῦ
418 3794 585 3865 νόμου
622 3792 718 3846 καὶ
745 3791 854 3844 τῶν
887 3788 1201 3862 προφητῶν.
1243 3789 1395 3841 Ἐπεὶ
1418 3783 1511 3842 οὖν
1545 3788 1871 3859 συνέστηκεν

286 3889 321 3959 ἡ
357 3886 553 3959 Γραφὴ
583 3886 677 3939 καὶ
716 3885 855 3956 αὑτὴ
904 3884 1065 3936 οἱονεὶ
1097 3884 1162 3935 ὲκ
1193 3881 1442 3952 σώματος
1484 3882 1583 3951 μὲν
1621 3879 1713 3934 τοῦ
1750 3880 1871 3951 βλε-

284 3978 549 4049 πομένου,
579 3975 759 4047 ψυχῆς
776 3975 834 4029 δὲ
852 3975 951 4045 τῆς
983 3976 1040 4027 ὲν
1078 3971 1226 4042 αὐτῷ
1248 3971 1544 4042 νοουμένης
1582 3973 1678 4026 καὶ
1704 3988 1870 4025 κατα-

282 4067 704 4140 λαμϐανομένης
724 4107 739 4131 ,
771 4066 868 4119 καὶ
900 4063 1210 4135 πνεύματος
1246 4061 1342 4115 τοῦ
1372 4060 1515 4116 κατὰ
1552 4062 1620 4116 τὰ
1660 4062 1870 4116 ὑποδεί-

283 4177 490 4230 γματα,
515 4160 612 4211 καὶ
635 4157 792 4212 σκιὰν
818 4155 928 4209 τῶν
955 4154 1293 4227 ἐπουρανίων
1314 4171 1328 4183 ⁸
1354 4153 1507 4225 φέρε,
1540 4152 1865 4208 ἐπικαλεσά-

286 4270 437 4323 μενοι
469 4251 562 4305 τδν
596 4251 899 4321 ποιήσαντα
928 4249 995 4319 τῇ
1025 4247 1215 4319 Γραφῇ
1259 4245 1419 4316 σῶμα
1462 4246 1554 4298 καὶ
1575 4245 1753 4315 ψυχὴν
1775 4246 1866 4298 καὶ

2055 2412 2321 2469 Judaismi
2348 2412 2439 2482 qui
2468 2411 2642 2466 oculis
2687 2411 2940 2477 videtur,
2990 2422 3042 2464 et
3090 2409 3206 2479 ejus
3236 2407 3327 2479 qui
3381 2418 3564 2464 mente

1984 2504 2302 2576 percipitur,
2335 2504 2442 2558 hoc
2476 2512 2561 2557 est
2590 2501 2859 2557 Judaismi
2911 2500 3189 2557 manifesti
3217 2509 3272 2555 et
3299 2498 3562 2556 Judaismi

1987 2599 2184 2654 occulti
2233 2596 2527 2653 discrimen
2570 2610 2692 2649 cum
2740 2611 2845 2649 non
2894 2594 3260 2664 intelligerent
3307 2592 3457 2664 impii
3503 2602 3560 2647 et

1986 2688 2133 2742 omni
2161 2686 2540 2741 exsecratione
2568 2685 2715 2752 digni
2740 2674 3002 2748 haeretici,
3030 2684 3210 2738 statim
3231 2698 3261 2738 a
3282 2682 3562 2741 Judaismo

1986 2785 2041 2830 et
2077 2777 2268 2829 harum
2300 2772 2710 2843 Scripturarum
2744 2781 3015 2844 totiusque
3036 2773 3170 2843 legis
3203 2783 3428 2829 auctore
3447 2773 3560 2831 Deo

1988 2865 2320 2930 defecerunt,
2348 2873 2403 2920 et
2435 2864 2601 2918 alium
2629 2865 2795 2920 Deum
2836 2866 2905 2920 ab
2933 2880 3000 2920 eo
3022 2867 3114 2935 qui
3138 2864 3310 2936 legem
3342 2873 3397 2919 et
3431 2881 3560 2934 pro-

1904 3008 1946 3065 ε
1987 2960 2178 3029 phetas
2212 2960 2460 3023 dederat,
2515 2958 2719 3027 quique
2765 2959 2960 3014 ccelum
2997 2968 3053 3014 et
3092 2967 3292 3014 terram
3329 2959 3554 3024 fecerat,

1980 3051 2378 3106 conﬁnxerunt.
2403 3050 2556 3118 Quod
2578 3060 2729 3105 certe
2759 3049 3152 3104 alienissimum
3172 3059 3272 3105 est.
3298 3048 3396 3116 Qui
3415 3055 3557 3104 enim

1979 3143 2125 3197 dedit
2172 3142 2342 3211 legem
2373 3143 2535 3209 Deus,
2569 3141 2716 3196 dedit
2766 3150 2822 3195 et
2856 3140 3247 3212 Evangelium;
3289 3142 3380 3210 qui
3429 3141 3560 3197 fecit

1978 3247 2042 3287 ea
2075 3247 2195 3302 quae
2240 3232 2514 3300 videntur,
2551 3231 2698 3286 dedit
2731 3240 2786 3286 et
2810 3247 2874 3286 ea
2909 3248 3029 3301 qua:
3077 3231 3252 3287 oculis
3287 3247 3392 3287 non
3435 3248 3558 3287 cer-

1977 3333 2217 3389 nuntur;
2264 3331 2320 3377 et
2373 3323 2756 3393 cognationem
2794 3323 2996 3377 habent
3045 3323 3190 3380 inter
3217 3338 3277 3379 se
3322 3339 3442 3394 qua:
3474 3323 3554 3379 vi-

1976 3414 2193 3477 dentur,
2231 3422 2288 3466 et
2315 3429 2435 3483 quae
2476 3429 2582 3466 non
2618 3412 2898 3470 videntur.
2938 3412 3066 3468 Eam
3118 3426 3298 3469 autem
3350 3431 3555 3486 cogna—

1977 3500 2176 3556 tionem
2204 3501 2428 3568 habent,
2464 3511 2523 3556 ut
2553 3501 2849 3559 invisibilia
2890 3504 2983 3558 Det
3027 3520 3057 3559 a
3087 3516 3339 3560 creatura
3367 3508 3553 3563 mundi

1973 3607 2070 3662 per
2095 3609 2156 3647 ea
2189 3609 2310 3664 quat
2341 3594 2488 3649 facta
2515 3603 2662 3662 sunt,
2696 3595 2976 3651 intellecta
3010 3597 3167 3668 193
3198 3599 3551 3668 conspician-

1977 3695 2081 3743 tur.
2115 3685 2505 3754 Cognationem
2562 3689 2766 3744 habent
2803 3706 2923 3759 qua:
2969 3692 3223 3746 videntur
3261 3693 3313 3747 iu
3346 3693 3463 3764 lege
3496 3706 3551 3749 et

1973 3764 2267 3851 preplteti‘s,
2316 3796 2441 3836 cum
2476 3782 2541 3836 iis
2570 3795 2690 3850 quae
2730 3798 2837 3837 non
2874 3784 3163 3850 videntur,
3211 3786 3312 3841 sed
3350 3787 3552 3841 intelli-

1972 3885 2171 3946 guntur
2220 3877 2275 3929 in
2325 3875 2444 3945 lege
2489 3887 2544 3932 et
2590 3877 2890 3947 prephetis.
2945 3877 3078 3933 Cum
3123 3880 3287 3948 igitur
3336 3893 3551 3938 constet

1972 3963 2251 4034 Scriptura
2299 3980 2515 4034 quoque
2550 3965 2665 4036 ipsa
2709 3964 2859 4020 velut
2906 3981 2970 4020 ex
3008 3982 3237 4037 corpore
3259 3972 3401 4040 quod
3429 3986 3548 4027 cer-

1971 4057 2137 4123 nitur,
2172 4067 2228 4111 et
2258 4071 2325 4112 ex
2351 4059 2556 4125 anima,
2586 4073 2706 4128 qua:
2738 4058 2788 4112 in
2824 4059 2941 4128 ipso
2970 4059 3293 4132 intelligitur
3332 4075 3386 4119 et
3413 4080 3549 4120 con-

1969 4150 2190 4219 cipitur,
2240 4162 2296 4204 et
2327 4166 2390 4204 ex
2423 4150 2620 4220 spiritu
2661 4153 2963 4206 secundum
2992 4154 3323 4224 exetiiplaria
3347 4166 3401 4212 et
3428 4174 3547 4212 utn-

1970 4241 2121 4296 bram
2160 4242 2485 4306 etelestium,
2516 4258 2635 4313 age,
2681 4259 2747 4299 eo
2798 4244 3052 4301 invocato
3101 4248 3193 4317 qui
3247 4248 3545 4320 Scriptura;

286 4344 531 4416 πνεῦμα,-
563 4342 725 4414 σῶμα
760 4341 857 4412 μὲν
895 4344 1007 4404 τοῖς
1053 4341 1159 4411 πρὸ
1191 4339 1367 4412 ἡμῶν,
1406 4337 1583 4410 ψυχὴν
1619 4337 1675 4392 δὲ
1705 4334 1860 4410 ἡμῖν,

1978 4350 2182 4406 corpus,
2216 4337 2455 4391 animam
2482 4346 2538 4391 et
2557 4337 2805 4405 spiritum
2834 4338 2982 4402 fecit,
3014 4355 3213 4411 corpus
3240 4342 3304 4397 iis
3328 4344 3419 4413 qui
3445 4360 3543 4402 nos

284 4434 503 4505 πνεῦμα
525 4434 584 4487 δὲ
608 4434 722 4497 τοῖς
744 4434 802 4485 ἐν
830 4430 908 4502 τῷ
942 4430 1185 4498 μέλλοντι
1217 4429 1374 4483 αἰῶνι
1399 4428 1862 4500 κληρονομήσουσι

285 4521 426 4595 ζωὴν
460 4520 678 4576 αἰώνιον
697 4560 712 4584 ,
761 4520 856 4574 καὶ
909 4519 1192 4590 μέλλουσιν
1223 4521 1380 4590 ἥκειν
1418 4520 1510 4572 ἐπὶ
1533 4520 1602 4572 τὰ
1628 4521 1863 4592 ἐπουρά-

281 4631 400 4677 νια,
444 4614 541 4668 καὶ
589 4611 819 4684 ἀληθινὰ
860 4611 953 4665 τοῦ
994 4612 1197 4682 νόμου,
1260 4612 1643 4683 ὲρευνήσωμεν
1687 4611 1747 4663 οὐ
1800 4612 1861 4664 τὸ

282 4704 536 4776 γράμμα,
584 4704 718 4758 ἀλλὰ
754 4704 853 4775 τὴν
894 4703 1071 4774 ψυχὴν
1121 4703 1215 4757 ἐπὶ
1246 4702 1340 4756 τοῦ
1388 4702 1676 4774 παρόντος.
1705 4703 1769 4756 Εἰ
1796 4703 1855 4756 δὲ

281 4792 461 4850 οἷοίτε
483 4799 672 4868 ἐσμεν,
704 4793 1094 4867 ἀναϐησόμεθα
1122 4794 1233 4866 (56)
1264 4795 1357 4848 καὶ
1390 4794 1487 4848 ἐπὶ
1512 4796 1572 4849 τὸ
1615 4795 1853 4867 πνεῦμα,

284 4888 422 4943 κατὰ
460 4889 555 4943 τὸν
596 4887 754 4956 λόγον
801 4887 892 4940 τὸν
932 4885 1062 4957 περὶ
1106 4883 1213 4939 τῶν
1261 4884 1375 4956 (57)
1407 4884 1855 4953 ἀναγνωσθεισῶν

284 4979 501 5037 θυσιῶν.

1966 4434 2379 4496 praecesserunt,
2426 4424 2662 4480 animam
2714 4427 2893 4495 nobis,
2937 4431 3184 4498 spiritum
3228 4432 3294 4488 iis
3340 4435 3430 4504 qui
3485 4436 3540 4491 in

1963 4517 2147 4571 futuro
2172 4516 2370 4572 saeculo
2409 4516 2576 4570 vitam
2625 4526 2887 4572 aeternam
2947 4521 3337 4589 possidebunt,
3374 4534 3430 4580 et
3476 4530 3543 4584 ad

1961 4608 2205 4664 coelestia
2237 4648 2253 4673 ,
2299 4606 2689 4676 veritatemque
2760 4608 2894 4678 legis
2938 4613 3152 4664 venturi
3203 4621 3364 4679 sunt;
3422 4618 3543 4671 ani-

1963 4717 2129 4768 mam,
2184 4715 2291 4755 non
2324 4700 2559 4755 litteram
2608 4701 2662 4755 in
2712 4706 2971 4770 praesenti
3024 4705 3462 4778 investigemus:
3504 4715 3543 4766 si

1961 4810 2089 4850 vero
2141 4803 2348 4848 tantum
2393 4791 2607 4848 ellicere
2664 4810 2995 4865 possumus,
3056 4799 3211 4869 juxta
3264 4802 3441 4856 ration
3460 4810 3541 4858 en”.

1959 4886 2350 4943 sacriﬁciorum
2376 4924 2392 4951 ,
2426 4900 2547 4954 qua:
2578 4886 2737 4943 modo
2771 4889 2911 4946 lecta
2965 4901 3113 4959 sunt,
3162 4892 3229 4948 ad
3276 4894 3542 4967 spiritum

1961 4977 2339 5034 ascendamus.

344 5099 390 5133 ’⁸
416 5097 588 5154 Exod.
616 5111 718 5152 xu.
791 5097 838 5129 "
865 5095 968 5151 lsa.
997 5112 1042 5163 ι,
1220 5093 1274 5127 ⁸⁰
1301 5093 1474 5154 Levii.
1502 5112 1574 5162 tv,
1600 5096 1689 5151 28.
1769 5098 1815 5128 ⁸¹
1848 5098 1873 5153 ἱ

1978 5136 1993 5152 .
2028 5113 2081 5163 ι,
2113 5096 2200 5151 l9.
2277 5096 2323 5128 δ’
2346 5094 2486 5153 Osee
2507 5113 2582 5163 v1,
2610 5098 2658 5156 6.

349 5212 462 5283 (51)
512 5211 698 5267 Codex
739 5211 1050 5281 Sangerm.,
1090 5230 1110 5263 ι
1139 5212 1516 5283 designaret”
1570 5223 1624 5267 et
1679 5214 1837 5282 paulo

280 5281 396 5351 post
421 5281 451 5344 ,⁷
499 5301 518 5335 ι
548 5285 638 5350 qui
682 5283 819 5337 tollit
858 5293 1141 5351 peccatum
1183 5281 1389 5335 mundi.
1418 5301 1437 5333 ι
1474 5281 1631 5337 Libb.
1681 5281 1833 5349 editi,

282 5372 301 5404 ι
330 5355 689 5434 signiﬁcaret.
815 5391 830 5404 .
853 5352 945 5422 qui
980 5352 1192 5434 tolleret
1221 5362 1448 5434 peccata"
1471 5353 1678 5434 mundi.
1709 5372 1730 5406 ι

345 5422 458 5507 (52)
488 5426 633 5505 Idem
658 5422 980 5503 cpde;_rns.,
1020 5441 1041 5475 ι
1069 5423 1214 5491 quis,
1232 5441 1259 5503 ι»
1286 5431 1335 5475 et
1364 5423 1503 5476 infra
1522 5465 1538 5487 ,
1574 5440 1593 5473 ι
1625 5424 1737 5503 haec
1759 5430 1840 5477 est

276 5509 527 5570 animai!
552 5493 702 5547 Ltbrt
723 5493 877 5570 _edttt,
897 5513 931 5570 Σ
950 5509 1089 5570 quae,
1116 5511 1135 5543 ι
1157 5503 1209 5547 et
1231 5491 1391 5570 Infra,
1420 5512 1439 5544 ι
1463 5495 1576 5570 [nec
1598 5509 1831 5570 a_uttu:t.i

474 5566 620 5641 Iden}
636 5565 830 5625 codex,
852 5581 873 5615 ι
897 5557 1201 5641 Domitium.
1214 5557 1597 5641 tLibb,edili.,t
1617 5563 1798 5641 Deum.
1814 5583 1832 5615 ι

339 5632 455 5709 (54)
482 5633 855 5701 Νσήσαντες.
906 5632 1064 5689 lluet.
1099 5632 1267 5689 editio
1294 5633 1347 5687 in
1390 5632 1630 5703 margine
1675 5635 1838 5689 habet

1945 5213 2287 5284 νομίσαντες.

2017 5282 2128 5356 (55)
2171 5286 2233 5338 Οἱ
2259 5285 2379 5338 ἀπὸ
2420 5282 2541 5358 τῶν
2577 5285 2942 5353 ἀθεωτάτων,
2993 5300 3097 5345 etc.
3146 5291 3518 5358 Marcionitas,

1945 5354 2242 5425 eorumque
2266 5357 2503 5410 asseclas
2530 5354 2767 5411 lacessit.
2798 5358 3057 5415 HUETIUS.

1948 5422 2127 5565 μεὲεέιϐ)
2155 5422 2635 5493 ’Ἀναϐησόμεθα.
2684 5426 2908 5483 lluetius
2954 5431 3190 5488 malebat
3228 5433 3520 5505 ἀναϐησὼ-

2018 5565 2129 5637 (57)
2162 5565 2271 5620 Τὸν
2298 5566 2596 5636 περὶτῶν,
2625 5578 2733 5623 ctc.
2766 5566 2857 5624 Sic
2891 5567 3099 5625 Philoc.
3138 5588 3239 5628 ms.
3273 5572 3329 5627 1η
3364 5572 3522 5632 libris

1946 5646 2103 5692 antea
2134 5637 2294 5692 editis
2336 5641 2510 5705 deest,
2538 5638 2646 5721 τόν.
