2012 3073
178 110 235 139 ιῖδ

765 111 799 139 IN
819 110 1005 139 LEVITICUM
1025 109 1163 138 HOMILIA
1184 111 1227 139 111.

1750 116 1802 144 ιὲϐ

178 168 309 195 testibus.
327 167 367 195 Ne
380 175 445 202 ergo
457 168 509 196 hoc
525 168 642 200 accidat,
660 169 760 197 idcirco
772 171 841 198 duos
852 171 891 197 vel
912 176 968 198 tres
982 171 1004 199 Α
1021 177 1097 204 passa
1112 176 1163 203 est,
1175 176 1202 197 et
1215 171 1337 205 erogavit
1351 178 1457 199 omnem
1475 172 1654 201 substantiam
1678 182 1755 202 suam
1775 177 1801 203 iu

176 218 267 241 testes
283 214 309 240 in
319 215 437 241 secunda
457 215 635 242 conventione
652 215 733 250 jussit
753 216 888 244 adhiberi.
901 217 967 243 Cum

175 267 248 294 ergo
263 260 402 295 Evangelii
417 260 473 296 (66)
485 260 538 288 tale
552 261 708 288 mandatum
721 262 764 293 sit,
778 267 805 288 et
817 262 858 289 lex
874 263 968 297 pneci-

176 306 237 340 piat
250 307 314 341 quia
331 308 353 334 si
370 307 493 339 tacuerit,
504 307 617 342 accipiet
635 313 774 342 peccatum
790 308 866 342 ejus:
881 309 968 336 scien—

174 352 244 379 dum
258 358 310 386 est,
338 354 409 388 quod
423 354 445 380 si
463 354 524 388 quis
535 361 566 380 ea
581 361 643 388 qua;
660 355 731 382 videt
752 356 777 382 in
794 356 891 384 delicto
906 365 968 391 pro-

175 399 247 425 ximi
267 399 321 432 sui,
338 400 379 426 vel
395 408 447 427 non
466 401 567 428 indicat
583 402 731 428 secundum
754 403 873 437 regulam
889 411 968 437 supe-

175 445 239 472 rius
259 446 364 477 datam,
387 446 429 473 vel
450 446 478 473 in
498 447 684 474 testimonium
700 454 823 480 vocatus,
842 456 894 476 non
908 456 968 483 qum

175 497 245 516 vera
273 495 337 517 sunt
365 490 475 522 dixerit,
500 495 641 524 peccatum
671 492 742 526 quod
768 492 902 519 commisit
923 492 967 519 ille

178 546 261 572 quem
273 538 355 571 celat,
371 539 429 573 ipse
443 540 580 573 suscipiet,
593 543 621 566 et
636 546 715 573 poena
728 538 865 565 commissi
879 538 967 565 revol-

175 590 260 611 vetur
279 585 313 611 ad
327 587 475 612 conscium.
494 585 667 613 Sul'licienter
683 592 747 619 ergo
758 585 784 610 in
803 584 854 611 hoc
867 584 966 617 capite,

175 630 240 665 ipse
266 638 317 658 nos
346 631 491 658 aediﬁcavit
515 635 606 659 textus
630 630 759 658 historiae.
786 630 854 658 Puto
878 634 967 657 tamen

176 677 253 710 quod
268 681 296 703 et
313 676 356 703 illa
375 677 475 709 anima,
494 684 554 711 quae
569 676 634 711 legit
646 676 776 710 scriptum
792 676 817 702 in
836 676 894 711 lege
909 676 965 708 Dei,

174 721 245 756 quia
269 731 278 746 ‹
296 721 399 756 juravit
414 721 555 754 Dominus,
572 728 622 749 nec
643 728 705 748 eum
722 721 873 754 paenitebit,
897 728 923 749 tu
937 729 966 749 es

176 767 312 794 sacerdos
324 767 351 793 in
364 771 496 795 aeternum
512 768 661 794 secundum
681 768 804 795 ordinem
824 767 966 795 Melchise-

177 812 249 838 dech
261 812 295 844 ⁸³,
313 821 323 838 ι
340 812 415 839 audit
428 819 521 840 vocem
532 812 688 846 iuramenti,
704 817 732 839 ut
751 812 853 840 faciunt
865 812 966 840 Scriba;

176 862 207 885 et
225 858 353 885 Pharisaei
367 866 474 893 semper
486 859 542 885 haec
559 858 732 891 meditantes,
746 859 793 886 sed
813 863 911 890 tacent,
939 865 967 886 et

180 905 324 931 enuntiare
337 905 371 931 ad
392 904 521 938 populum
544 905 647 936 nolunt,
664 913 698 933 ne
712 905 814 932 Christi
833 909 966 932 testentur

178 950 337 978 adventum.
351 950 495 984 Propterea
510 958 574 985 ergo
590 951 639 985 ipsi
661 951 796 986 accipient
814 955 965 986 peccatum,

180 996 207 1023 in
219 1004 274 1032 quo
286 1005 339 1024 non
359 999 531 1027 enuntiantes
544 1000 578 1026 ad
592 999 719 1034 populum
736 1005 795 1033 qua:
813 1006 877 1025 vera
892 1002 964 1029 sunt.

180 1049 296 1076 peccare
312 1043 416 1070 faciunt
433 1044 489 1079 (67)
507 1045 600 1074 Israel.

216 1088 243 1116 5.
259 1089 325 1116 Post
348 1090 406 1117 btec
419 1089 471 1117 alia
494 1090 535 1117 lex
552 1090 746 1125 promulgatur.
763 1099 773 1116 ί
790 1090 898 1123 Anima,
929 1090 967 1116 in-

181 1135 278 1169 quit”,
293 1143 460 1170 quaecunque
471 1138 587 1171 tetigerit
598 1144 704 1163 onmem
719 1144 774 1163 rem
788 1136 965 1167 immundam,

183 1186 228 1208 aut
249 1182 423 1208 morticinum
448 1182 632 1216 jumentorum
654 1183 863 1213 immundorum,
885 1186 911 1208 et
933 1182 967 1207 la-

182 1227 264 1254 tuerit
281 1234 358 1258 eum,
386 1232 413 1254 et
438 1229 593 1262 inquinatus
616 1234 665 1259 est.
686 1234 731 1255 aut
752 1229 774 1255 si
796 1229 914 1261 tetigerit
934 1228 966 1253 ab

181 1272 351 1300 immunditia
370 1274 499 1305 hominis,
517 1275 551 1301 ab
566 1275 638 1301 onmi
661 1274 841 1305 imumnditia,
864 1282 896 1300 ex
914 1282 964 1307 qua

181 1319 351 1352 inquinetur,
372 1329 381 1345 ι
398 1326 450 1347 etc.
474 1320 535 1347 Hace
551 1321 658 1353 quidem
675 1321 743 1355 apud
763 1320 870 1347 Judteos
889 1320 966 1347 inde-

179 1370 274 1392 center
286 1366 353 1392 satis
373 1370 398 1392 et
416 1366 549 1393 inutiliter
564 1367 751 1393 observantur.
772 1366 873 1400 thuid
892 1367 965 1392 enim

179 1411 336 1439 immundus
360 1412 491 1439 habeatur
516 1413 561 1446 qui
590 1414 746 1446 contigerit,
775 1413 847 1439 verbi
873 1420 965 1443 causa,

179 1458 280 1484 animal
308 1463 455 1490 mortuum,
481 1464 528 1486 aut
556 1467 655 1493 corpus
684 1459 801 1485 hominis
826 1459 967 1485 defuncti?

180 1503 249 1536 Quid
272 1503 295 1530 si
314 1504 450 1538 propheta:
473 1512 571 1539 corpus
598 1505 651 1531 sit?
666 1506 730 1538 quid
746 1506 767 1531 si
794 1505 964 1538 patriarcha},
981 1515 1001 1544 ο

180 1550 220 1576 vel
236 1550 319 1576 etiam
346 1550 428 1584 ipsius
453 1551 567 1577 Abrahm
589 1551 711 1585 corpus?
735 1551 798 1584 quid
819 1551 840 1577 si
860 1556 886 1577 et
905 1559 964 1578 Ossa

180 1595 316 1623 Samuelis
329 1598 484 1631 contigerit,
500 1598 653 1625 imumndus
671 1598 740 1624 erit?
753 1598 820 1631 Quid
834 1598 854 1624 si
877 1598 965 1625 Elismi

180 1649 242 1669 ossa
258 1644 399 1677 conlingat
413 1651 472 1677 qum
485 1648 511 1669 et
527 1648 661 1670 mortuum
678 1644 828 1670 suscitant?
848 1644 965 1670 Immun-

181 1688 231 1716 dus
246 1689 299 1715 erit
327 1689 372 1716 ille
399 1689 443 1722 qui
470 1689 613 1723 contingit,
629 1694 656 1714 et
675 1689 840 1715 immundum
865 1689 966 1715 faciunt

181 1741 241 1760 ossa
255 1734 393 1768 propheta:
406 1735 486 1761 etiam
507 1735 580 1760 illum
608 1735 706 1767 ipsum,
723 1742 802 1768 quem
824 1742 837 1760 τι
853 1734 966 1761 mortuis

181 1780 331 1807 suscitant?
347 1780 413 1807 Vide
426 1788 506 1814 quam
524 1780 715 1807 inconveniens
736 1781 772 1806 sit
787 1780 899 1807 Judaica
927 1781 966 1806 in-

183 1825 339 1861 telligentia.
369 1826 422 1852 Sed
445 1834 493 1853 nos
520 1826 658 1852 videamus
673 1826 759 1859 primo
782 1827 845 1860 quid
862 1828 896 1852 sit
913 1832 966 1852 tau-

180 1879 254 1906 gere,
263 1877 290 1900 et
300 1872 362 1906 quis
371 1873 407 1898 sit
421 1877 507 1898 tactus
517 1873 561 1906 qui
574 1872 653 1898 faciat
663 1873 841 1898 immumlum.
850 1874 965 1906 Aposto—

181 1918 223 1944 lus
236 1919 301 1946 dicit
315 1919 338 1934 "‘
353 1927 360 1945 :
374 1928 382 1943 ε
401 1919 502 1945 [ianum
519 1924 561 1945 est
574 1919 675 1945 homini
687 1918 827 1944 mulierem
841 1927 891 1945 non
907 1924 965 1944 tan-

182 1971 257 1999 gere.
275 1973 286 1990 ι
313 1964 361 1992 Hic.
383 1969 469 1992 tactus
493 1965 647 1991 immundus
670 1969 724 1996 est;
751 1965 801 1991 hoc
827 1970 867 1991 est
895 1966 964 1991 enim

182 2011 261 2043 illttd,
288 2011 359 2045 quod
383 2011 512 2038 Dominus
540 2012 565 2037 in
592 2011 735 2045 Evangelio
758 2011 826 2037 dixit
842 2012 863 2026 9‘
882 2019 888 2036 :
910 2020 919 2035 (
937 2011 964 2037 Si

181 2057 244 2090 quis
262 2056 359 2084 viderit
372 2057 552 2084 mulieremad
567 2056 821 2088 concupiscemlum,
832 2057 886 2090 jam
904 2064 966 2082 mm-

180 2101 279 2128 chatus
305 2107 347 2129 est
366 2110 425 2128 eam
451 2103 477 2129 in
493 2103 575 2129 corde
603 2111 661 2129 suo.
682 2112 690 2127 ι
711 2102 809 2137 Tetigit
824 2103 894 2128 enim
920 2111 965 2129 cor

180 2148 238 2183 ejus
251 2149 479 2183 concupiscentim
501 2149 604 2180 vitium,
626 2153 653 2175 et
679 2148 814 2174 iunnunda
839 2148 908 2174 facta
924 2153 963 2175 est

1020 216 1150 248 medicos,
1168 224 1217 243 nec
1231 217 1332 251 aliquid
1353 218 1485 250 prolicere
1504 220 1600 253 potuit,
1619 228 1666 254 per
1682 221 1803 249 immun-

1020 262 1113 288 ditiam
1135 262 1238 296 peccati
1255 262 1280 289 in
1297 263 1347 290 hoc
1361 263 1484 291 devoluta
1505 271 1558 292 est.
1573 265 1712 301 Tetigerat
1728 268 1800 295 enim

1020 313 1170 340 peccatum,
1191 312 1218 334 et
1243 308 1346 334 idcirco
1368 308 1501 344 ﬂagellum
1528 312 1620 338 carnis
1648 320 1800 348 acceperat.

1020 352 1072 380 Sed
1087 358 1230 389 postquam
1246 354 1297 382 lide
1312 355 1388 390 plena
1400 356 1627 391 tetigitlimbriam
1639 357 1714 390 .Iesu,
1728 361 1803 388 stetit

1018 396 1106 425 ﬂuxns
1121 399 1260 432 sanguinis
1281 400 1350 434 ejus,
1371 405 1398 427 et
1415 405 1525 435 repente
1543 401 1613 429 facta
1628 408 1669 430 est
1692 405 1800 439 munda,

1019 451 1079 478 quae
1086 449 1148 470 ante
1156 452 1204 479 per
1214 449 1316 472 tantttm
1325 451 1429 480 tempus
1436 447 1502 473 vixit
1510 448 1657 475 immunda.
1670 450 1701 476 Et
1710 458 1803 484 quem.

1019 490 1162 517 admodum
1181 498 1241 518 cum
1256 492 1388 526 tetigisset
1410 491 1552 519 Dominum
1574 498 1600 520 et
1619 495 1801 529 Salvatorcm,

1021 535 1099 570 195
1116 536 1184 562 dixit
1200 536 1256 570 ipse
1271 536 1293 551 "
1309 545 1316 563 :
1335 546 1344 562 ι
1363 536 1430 569 Quis
1453 544 1495 564 me
1519 539 1605 572 tetigit
1624 539 1635 566 ?
1651 539 1706 574 Ego
1729 543 1801 569 enim

1018 582 1091 609 sensi
1119 582 1245 608 virtutem
1269 582 1360 609 exisse
1381 582 1414 609 de
1440 590 1506 615 me;
1524 592 1533 608 ι
1554 584 1625 611 illam
1640 585 1697 612 sine
1720 587 1802 615 dubio

1018 627 1158 660 virtutem,
1174 635 1234 662 qua;
1251 628 1390 655 mulierem
1407 633 1560 661 sanaverat,
1577 635 1604 656 et
1625 630 1726 659 fecerat
1742 640 1802 660 eam

1018 672 1158 705 mundam,
1173 673 1212 700 sic
1232 673 1433 708 intelligendum
1450 678 1500 707 est,
1516 675 1577 708 quia
1594 676 1616 702 si
1634 676 1694 710 quis
1714 678 1803 705 couti-

1017 720 1088 754 gerit
1106 717 1162 754 (68)
1187 724 1339 753 peccatum,
1360 724 1439 746 exeat
1453 727 1487 746 ex
1509 720 1567 755 ipso
1588 727 1698 755 peccato
1716 725 1803 752 virtus

1017 765 1139 798 quaedam
1157 765 1285 800 maligna,
1303 774 1363 800 quae
1378 775 1439 793 eum
1460 767 1505 801 qui
1526 775 1555 794 se
1581 768 1695 803 contigit
1719 768 1803 797 faciat

1018 811 1194 844 immundum,
1212 817 1241 838 et
1259 812 1310 839 hoc
1327 817 1370 840 est
1384 821 1446 840 vere
1461 813 1606 849 contigisse
1623 815 1801 844 immundum.

1018 857 1105 884 Simili
1126 857 1229 884 ratione
1248 858 1330 884 etiam
1349 858 1382 886 de
1402 859 1547 887 morticino
1562 860 1689 894 hominis,
1709 862 1752 889 vel
1768 863 1802 890 de

1018 904 1163 931 morticino
1174 905 1281 938 pecoris
1294 904 1387 931 mundi
1403 905 1586 933 autimmundi
1595 907 1737 935 dicendum
1747 913 1796 937 est.

1019 948 1191 976 Morticinum
1202 956 1318 984 namque
1333 950 1450 978 hominis
1463 952 1594 986 contingit
1607 953 1629 980 is
1641 954 1686 987 qui
1702 954 1728 980 iu
1740 961 1803 988 pec-

1017 995 1086 1022 catis
1096 995 1152 1022 suis
1163 1003 1299 1023 mortuum
1314 997 1467 1031 quempiam
1485 997 1527 1024 vel
1540 998 1677 1032 sequitur,
1686 999 1726 1026 vel
1742 1000 1803 1027 imi-

1017 1045 1100 1068 tatur.
1116 1041 1170 1069 Sed
1187 1043 1248 1076 quia
1269 1042 1436 1077 singulorum
1457 1042 1512 1078 (69)
1532 1044 1693 1072 dilferentias
1712 1046 1802 1081 requi-

1016 1088 1107 1115 renda:
1122 1095 1195 1122 sunt,
1211 1089 1316 1123 singula
1331 1096 1531 1117 recenseamus.
1548 1091 1670 1119 Hominis
1686 1093 1803 1120 mortici-

1017 1142 1092 1167 num,
1111 1135 1181 1162 sicut
1197 1142 1276 1169 supra
1302 1135 1429 1169 diximus,
1452 1136 1515 1164 illud
1532 1144 1677 1171 possumus
1700 1140 1801 1173 dicere,

1018 1181 1088 1215 quod
1108 1181 1252 1216 Apostolus
1264 1182 1297 1208 ad
1313 1182 1469 1210 Corinthios
1486 1183 1551 1210 dicit
1572 1191 1579 1209 :
1602 1193 1611 1210 ι
1626 1183 1739 1219 Scripsi,
1758 1187 1802 1213 in-

1016 1227 1076 1261 quit
1089 1227 1122 1260 ”,
1145 1227 1220 1255 vobis
1242 1229 1269 1254 in
1290 1228 1420 1262 epistola,
1442 1234 1468 1255 ut
1497 1237 1550 1256 non
1573 1231 1801 1259 commisceamini

1018 1272 1185 1306 fornicariis;
1201 1281 1252 1300 non
1269 1274 1362 1308 utique
1378 1273 1532 1302 fornicariis
1546 1275 1624 1310 hujus
1638 1278 1739 1310 mttndi,
1755 1285 1803 1304 aut

1018 1318 1122 1350 avaris,
1136 1323 1183 1344 aut
1199 1319 1352 1352 rapacibus,
1372 1323 1418 1345 aut
1432 1319 1511 1347 idolis
1525 1322 1716 1355 Servientibus,
1734 1322 1802 1351 alio-

1018 1361 1082 1395 quin
1099 1361 1254 1389 debueratis
1270 1362 1302 1389 de
1318 1363 1369 1389 hoc
1385 1364 1484 1391 nmndo
1500 1365 1600 1393 exisse.
1614 1365 1690 1394 Nunc
1711 1372 1801 1394 autem

1018 1407 1113 1442 scripsi
1127 1407 1213 1440 vobis,
1226 1412 1256 1434 ut
1276 1415 1328 1435 non
1344 1410 1586 1444 commisceamini,
1601 1412 1623 1439 si
1639 1413 1700 1447 quis
1717 1413 1803 1441 frater

1019 1453 1175 1481 nominatur
1199 1453 1357 1486 fornicator,
1381 1460 1428 1482 aut
1448 1456 1613 1491 immundus,
1633 1464 1679 1485 aut
1693 1466 1800 1493 avarus,

1019 1504 1066 1525 aut
1078 1499 1157 1526 idolis
1168 1500 1300 1532 serviens,
1317 1505 1363 1527 aut
1378 1501 1536 1536 maledicus,
1549 1508 1594 1530 aut
1608 1504 1743 1538 ebriosus,
1756 1510 1804 1534 aut

1021 1552 1114 1579 rapax,
1136 1553 1197 1573 cum
1215 1546 1368 1579 hujusmodi
1386 1554 1437 1574 nec
1460 1548 1551 1575 cibum
1570 1557 1687 1577 sumere.
1700 1560 1709 1576 ι
1735 1551 1802 1579 Illud

1017 1596 1134 1627 estergo
1152 1591 1269 1618 hominis
1285 1593 1458 1620 morticinum
1482 1595 1649 1628 contingere,
1670 1597 1715 1631 qui
1731 1597 1755 1624 ei
1773 1605 1802 1626 se

1018 1638 1120 1664 socium
1135 1637 1230 1664 saltem
1248 1638 1274 1664 iu
1288 1638 1349 1665 cibo
1362 1639 1518 1673 praebuerit,
1528 1642 1572 1674 qui
1589 1641 1615 1667 in
1629 1642 1739 1670 Christo
1755 1643 1803 1670 ho-

1017 1690 1061 1710 mo
1072 1682 1193 1716 ellectus,
1210 1691 1315 1711 rursum
1332 1684 1358 1711 iu
1372 1686 1491 1719 peccatis
1499 1692 1541 1713 est
1556 1694 1686 1714 mortuus.
1696 1688 1762 1715 Nam
1774 1693 1802 1716 et

1017 1729 1062 1756 illa
1080 1730 1170 1762 vidua,
1183 1731 1215 1757 de
1228 1738 1280 1764 qua
1298 1730 1364 1758 dicit
1378 1732 1523 1766 Apostolus
1532 1734 1568 1765 ",
1584 1742 1593 1758 ι
1614 1741 1674 1768 quae
1693 1735 1718 1760 in
1735 1734 1803 1761 deli-

1017 1776 1067 1803 ciis
1087 1777 1180 1804 vivens
1197 1784 1300 1805 mortua
1322 1782 1374 1811 est,
1395 1787 1403 1803 )
1428 1779 1599 1805 morticinttm
1615 1780 1731 1807 hominis
1748 1780 1801 1808 dici

1017 1827 1116 1855 potest.
1134 1821 1185 1849 Sed
1202 1828 1229 1849 et
1251 1823 1378 1849 animalia
1397 1823 1536 1850 morticina
1554 1824 1728 1852 nihilominus
1742 1833 1801 1860 qua:

1017 1872 1080 1893 sunt
1103 1867 1129 1894 in
1148 1868 1279 1900 Ecclesia,
1302 1869 1462 1902 requirenda
1479 1872 1552 1896 sunt.
1570 1869 1597 1896 Si
1623 1871 1801 1905 simpliciOres

1017 1912 1117 1946 quique
1126 1913 1158 1940 ad
1173 1914 1222 1940 hoc
1231 1914 1301 1948 quod
1313 1914 1379 1941 nihil
1392 1915 1541 1948 prudentiae
1551 1922 1673 1951 egerunt,
1681 1918 1762 1944 etiam
1774 1919 1800 1946 in

1018 1964 1188 1993 peccatorum
1204 1961 1328 1988 sordibus
1345 1961 1508 1995 volutentur,
1524 1962 1571 1989 bos
1592 1962 1613 1988 si
1630 1963 1690 1996 quis
1704 1971 1800 1998 sequa-

1019 2010 1072 2038 tur,
1084 2005 1126 2032 vel
1140 2010 1232 2041 tangat
1244 2013 1275 2033 eo
1288 2011 1360 2033 tactu
1373 2014 1426 2041 quo
1436 2015 1516 2042 supra
1529 2008 1713 2042 exposuimus,
1728 2016 1802 2035 mor-

1019 2053 1130 2080 ticinum
1149 2053 1304 2080 animalium
1319 2052 1375 2089 (70)
1393 2054 1490 2088 tetigit.
1508 2053 1583 2087 Quod
1600 2059 1689 2080 autem
1709 2054 1803 2082 Eccle-

1009 2101 1056 2127 -sia
1072 2100 1169 2128 habeat
1183 2105 1208 2127 et
1226 2100 1363 2133 animalia,
1379 2101 1441 2127 audi
1457 2100 1591 2135 quomodo
1605 2101 1670 2128 dicit
1685 2101 1711 2127 in
1727 2100 1802 2128 Psal-

1018 2146 1108 2173 mis":
1120 2155 1130 2172 ι
1140 2145 1267 2173 Homines
1279 2153 1306 2173 et
1315 2146 1437 2181 jumenta
1448 2147 1537 2174 salvos
1551 2146 1646 2180 facies,
1659 2146 1799 2174 Domine.)

180 2195 270 2222 anima
286 2196 355 2230 ejus.
371 2195 400 2222 Si
417 2196 477 2229 quis
493 2203 557 2229 ergo
577 2196 627 2221 hoc
650 2195 729 2222 modo
747 2194 831 2228 tangit
847 2195 962 2228 aliquam
980 2188 1002 2215 Ῑ)
1018 2192 1049 2219 1Ιὶ
1068 2199 1133 2227 ergo
1149 2194 1193 2227 qui
1218 2192 1291 2219 verbi
1314 2193 1359 2219 Dei
1379 2197 1404 2219 et
1421 2192 1591 2219 rationabilis
1610 2192 1727 2220 instituti
1744 2197 1802 2219 stu-

181 2250 251 2274 rem,
260 2242 286 2269 id
298 2246 340 2269 est
354 2242 396 2269 vel
406 2250 454 2277 per
463 2242 583 2268 mulieris
597 2241 854 2275 concupiscentiam,
866 2241 905 2266 Vel
919 2248 966 2275 per

181 2290 303 2322 pecuniae
319 2289 504 2323 cupiditatem,
518 2288 559 2315 vel
574 2288 627 2315 alin
643 2288 763 2322 quolibet
775 2287 877 2322 peccati
895 2287 965 2313 desi-

182 2335 268 2366 derio,
285 2335 453 2362 immundum
467 2334 564 2369 tetigit,
578 2340 606 2361 et
618 2334 774 2367 inquinatus
788 2338 840 2360 est.
853 2333 967 2367 Oportet

180 2389 247 2415 ergo
260 2385 287 2408 te
301 2381 322 2408 si
339 2380 403 2415 quid
427 2380 479 2408 tale
494 2380 649 2415 contigeris,
667 2380 738 2407 scire
753 2379 887 2414 quomodo
903 2378 969 2405 olle-

181 2435 227 2455 ras
237 2427 412 2460 sacriﬁcium,
437 2427 584 2454 secundum
604 2434 634 2453 ea
657 2434 716 2460 qua:
737 2426 764 2452 in
780 2426 965 2459 superioribus

181 2474 401 2506 memoravimus,
430 2477 460 2500 ut
486 2474 600 2500 mundus
625 2472 692 2499 edici
718 2472 815 2506 possis.
846 2471 891 2498 Vis
916 2472 962 2498 tibi

181 2520 321 2548 ostendam
339 2527 398 2555 quae
412 2524 454 2546 est
482 2519 571 2546 anima
601 2526 660 2553 qu:e
681 2519 767 2552 tetigit
784 2517 963 2548 immundum,

181 2572 209 2594 et
222 2567 360 2594 immunda
378 2567 447 2594 facta
470 2571 520 2597 est.
542 2570 569 2593 et
582 2573 689 2593 rursum
712 2565 800 2600 tetigit
821 2564 962 2594 mundmn,

182 2617 209 2640 et
221 2612 292 2640 facta
307 2617 350 2639 est
372 2612 492 2640 munda?
505 2612 551 2639 Illa
568 2619 628 2647 qua
648 2610 807 2646 proﬂuvium
823 2609 963 2644 sanguinis

217 2660 239 2676 ³⁸
253 2660 326 2687 Psal.
339 2660 433 2692 c1x,4.
470 2661 491 2676 ⁸⁸
518 2660 602 2687 Levit.
620 2668 645 2691 v,
669 2660 696 2692 2,
716 2659 743 2685 3.

183 2695 210 2728 9,
227 2696 261 2723 10
282 2700 310 2722 et
332 2703 389 2730 seq.
426 2697 449 2712 δ’
467 2695 475 2722 1
492 2695 562 2723 Tim.
585 2704 610 2728 v,
632 2696 658 2721 6.
695 2694 801 2721 “Psal.
828 2701 913 2722 xxxv,
932 2693 958 2719 7.

218 2744 274 2779 (66)
303 2743 369 2770 Cum
392 2751 453 2778 ergo
481 2742 627 2778 Evangelii,
643 2747 695 2769 etc.
716 2741 812 2779 Exstat
831 2741 873 2768 hic
892 2741 964 2779 locus

184 2775 251 2813 apud
264 2775 361 2807 Ionam
376 2775 516 2805 Aurelian.
533 2775 578 2805 lib.
593 2787 601 2805 ι
617 2779 652 2805 [)e
665 2778 749 2804 instit.
762 2778 834 2805 laic.,
848 2783 907 2809 cap.
921 2775 963 2802 18.

230 2815 275 2847 6⁵1)
291 2815 375 2846 Idetn,
393 2823 402 2839 α
422 2814 540 2847 faciunt;
560 2825 569 2839 ι
587 2814 652 2839 libb.
670 2813 745 2841 editi.
763 2821 770 2837 ε
792 2812 900 2847 faciant.
918 2820 927 2836 I

230 2815 262 2841 6⁵1
291 2815 375 2846 Idetn,
393 2823 402 2839 α
422 2815 540 2847 faciunt;
560 2825 569 2839 ι
587 2815 652 2839 libb.
670 2815 745 2841 editi.
763 2821 770 2837 ε
792 2815 900 2837 lactant.
918 2820 927 2836 ι

219 2815 275 2887 i683
297 2849 369 2877 Idem
389 2857 451 2880 ms.,
473 2857 481 2873 ι
502 2849 653 2882 coiitigerit.
669 2859 677 2874 ι
695 2847 771 2875 Libb.
787 2846 860 2879 editi,
879 2856 887 2871 ι
905 2854 967 2873 cou-

345 2898 477 2926 ΡΔτιιοι..
494 2896 552 2926 Gn.
575 2895 645 2925 XII.

1013 2656 1039 2682 9..
1077 2655 1099 2671 ἰ
1115 2655 1210 2681 Matth.
1230 2662 1257 2687 v,
1271 2654 1315 2682 9.8.

997 2692 1020 2708 "
1033 2690 1065 2717 IV
1093 2690 1158 2725 Reg.
1175 2690 1242 2722 |,I0.

782 2658 828 2683 "I
852 2658 914 2684 Cor.
941 2665 988 2689 \lll,

1016 2238 1089 2265 dium
1106 2243 1215 2273 gerunt,
1227 2238 1352 2266 homines
1367 2238 1543 2273 appellantur.
1558 2237 1608 2271 Qui
1622 2244 1687 2264 vero
1701 2238 1802 2272 absque

1017 2283 1168 2317 huiusmodi
1184 2283 1281 2311 studiis
1300 2284 1394 2311 vivunt
1409 2288 1436 2311 et
1458 2285 1581 2311 scientia:
1597 2284 1727 2311 exercitia
1746 2291 1802 2311 non

1017 2331 1168 2366 requirunt,
1185 2331 1276 2359 lldeles
1291 2336 1379 2359 tamen
1393 2336 1465 2363 sunt,
1480 2330 1604 2358 animalia
1621 2330 1741 2365 quidem,
1753 2330 1803 2357 sed

1018 2377 1117 2404 munda
1135 2376 1271 2404 dicuntur.
1296 2376 1372 2405 Sicut
1394 2377 1467 2404 enim
1491 2381 1554 2404 sunt
1578 2377 1689 2411 quidam
1714 2376 1803 2403 homi-

1018 2430 1067 2450 nes
1092 2422 1159 2456 Dei,
1188 2424 1223 2451 ita
1250 2428 1314 2451 sunt
1343 2423 1453 2458 quidam
1481 2427 1509 2450 et
1538 2430 1603 2451 oves
1637 2423 1694 2450 Dei.
1727 2422 1802 2450 Scri-

1019 2475 1093 2504 ptum
1117 2473 1159 2497 est
1184 2469 1256 2497 enim
1281 2470 1344 2504 quia
1375 2469 1482 2505 Moyses
1503 2476 1556 2496 non
1580 2473 1639 2496 erat
1659 2468 1717 2497 ovii
1742 2466 1821 2502 Dei,

1016 2516 1064 2543 sed
1091 2516 1170 2543 homo
1198 2515 1255 2543 Dei.
1279 2515 1312 2542 Et
1337 2515 1409 2543 Elias
1436 2523 1488 2542 non
1518 2520 1577 2542 erat
1593 2515 1652 2542 ovis
1670 2514 1727 2547 Dei,
1754 2514 1803 2542 sed

1021 2561 1102 2588 homo
1120 2560 1179 2588 Dei.
1195 2560 1241 2588 Sic
1256 2561 1328 2588 enim
1352 2559 1410 2595 ipse
1432 2559 1533 2587 dicit"
1549 2568 1555 2585 :
1573 2567 1583 2584 ι
1600 2558 1628 2585 Si
1652 2559 1732 2585 homo
1755 2556 1802 2585 Dei

1019 2614 1079 2635 sum
1093 2614 1154 2642 ego,
1176 2607 1323 2634 descendat
1342 2606 1412 2642 ignis
1427 2606 1460 2634 de
1479 2605 1547 2633 ctelo
1561 2610 1588 2632 et
1610 2608 1750 2632 consumat
1764 2608 1801 2636 te,

1358 2655 1380 2670 "
1400 2654 1467 2682 Luc.
1482 2661 1542 2685 vui,
1555 2653 1600 2681 46.
1637 2653 1660 2670 ’³
1673 2652 1682 2679 1
1695 2652 1757 2679 Cor.
1775 2659 1803 2684 ν,

1023 2742 1201 2808 “8(ltiii))ldcm
1218 2781 1280 2805 ms.,
1297 2783 1307 2798 ‹
1326 2773 1371 2800 sed
1385 2773 1406 2799 si
1421 2772 1598 2808 singulorum,
1617 2780 1626 2796 ι
1642 2775 1694 2808 etc.

1054 2800 1111 2844 (703
1132 2809 1203 2835 Idem
1218 2800 1281 2840 ms.;
1299 2817 1308 2834 ε
1328 2800 1493 2834 θιιὶιιιςιιξιιιῖι.
1509 2816 1518 2833 ι
1536 2800 1614 2834 Libb.
1627 2806 1703 2837 editi,
1721 2812 1730 2829 t
1743 2800 1804 2830 ani-

1021 2844 1085 2871 mal.
1103 2853 1112 2869 ι

1628 2884 1664 2914 η
