4024 6146
413 176 516 233 ἇὲτ

1882 163 2204 222 ORIGENIS

3540 168 3651 222 4‘28

413 304 469 348 et
505 290 893 362 quinquaginta
951 295 1094 342 tuos.
1133 305 1155 339 ι
1195 285 1287 343 Vis
1340 293 1521 339 autem
1552 282 1663 356 (7|)
1695 283 1883 338 audire
1916 286 1985 338 de
2013 287 2057 344 Α
2087 281 2290 352 aliquid
2316 282 2383 338 de
2417 281 2555 349 istis,
2592 282 2909 353 pronuntiet
2952 289 3230 353 peccatum
3263 283 3404 352 quod
3457 299 3652 353 pecca-

416 382 607 438 ovibus
637 379 772 434 Dei?
802 378 1011 434 Dicitur
1033 391 1128 445 per
1157 376 1476 444 prophetam
1497 374 1573 427 9":
1611 393 1629 424 ι
1658 373 1799 430 Oves
1830 389 1980 438 meae,

416 485 547 526 oves
581 476 777 523 sanctae
806 477 949 530 sunt,
980 466 1112 520 dicit
1148 465 1429 521 Dominus.
1471 483 1490 516 ι
1532 463 1599 518 Ει
1643 465 1838 519 iterum
1866 463 1986 519 Sal-

415 573 571 616 vator
612 559 743 614 dicit
792 558 846 611 in
897 556 1187 627 Evangelio
1226 557 1316 612 9t’:
1362 574 1382 608 ι
1425 556 1565 613 Oves
1612 570 1744 611 meae
1798 571 1984 612 vocem

416 667 589 709 meam
620 651 862 705 audiunt.
902 667 921 701 ι
965 648 1031 702 Ει
1064 664 1169 704 non
1219 658 1348 719 puto
1374 650 1496 718 quia
1532 649 1759 704 dixisset
1783 650 1849 705 de
1881 648 1984 704 bo-

413 742 824 811 minibus,quia
860 756 1050 796 vocem
1085 756 1259 796 meam
1306 740 1532 796 audiunt
1558 742 1805 797 homines
1831 781 1847 807 ,
1890 743 1983 797 sed

412 853 564 893 oves.
609 836 717 890 Sed
763 836 878 889 haec
928 838 1023 906 qui
1071 836 1234 889 habet
1277 846 1437 889 aures
1481 834 1730 889 audiendi
1781 835 1981 899 audiat,

414 930 690 1000 quomodo
717 942 903 984 vocem
939 927 1165 981 audiunt
1184 939 1337 990 oves,
1368 926 1616 980 homines
1654 935 1833 981 autem
1860 941 1985 982 ver-

412 1024 542 1081 bum
566 1021 677 1095 ('72)
707 1022 826 1093 ejus
853 1021 1096 1076 audiunt.
1117 1020 1224 1076 Ista
1259 1034 1388 1091 ergo
1409 1029 1539 1076 sunt
1559 1019 1810 1075 animalia
1835 1035 1991 1074 mun-

415 1115 484 1170 da
520 1114 738 1185 quidem
772 1121 991 1183 pr0pter
1018 1110 1314 1176 Christum,
1343 1110 1630 1165 morticina
1654 1120 1836 1165 autem
1862 1126 1985 1180 pro-

413 1215 534 1276 pter
580 1214 887 1277 peccatum.
918 1204 1048 1271 Quae
1095 1203 1142 1259 si
1190 1203 1313 1272 quis
1350 1202 1611 1273 tetigerit,
1647 1201 1750 1257 hoc
1793 1210 1909 1268 est,
1940 1202 1985 1257 si

415 1308 634 1355 secutus
663 1298 971 1367 fueritquis
997 1297 1049 1350 in
1083 1307 1324 1366 peccato,
1360 1293 1673 1351 immundus
1693 1293 1817 1349 erit.
1852 1294 1915 1348 Et
1940 1293 1986 1349 si

415 1393 539 1462 quis
581 1391 903 1460 hujusmodi
933 1389 1169 1444 hominis
1216 1389 1562 1444 morticinum
1590 1387 1904 1458 contigerit,
1934 1386 1987 1440 id

414 1494 500 1541 est
543 1483 662 1554 ejus
692 1482 783 1552 qui
817 1481 1113 1536 secundum
1158 1480 1421 1535 rationem
1452 1480 1665 1544 vivens,
1708 1478 1906 1546 primo,
1936 1486 1990 1531 et

415 1576 470 1632 in
494 1576 658 1631 verbo
691 1575 784 1630 Dei
814 1573 1162 1643 semetipsum
1202 1586 1489 1637 exercens,
1508 1571 1851 1641 postmodum
1891 1569 1987 1623 de—

2085 376 2182 440 vit,
2208 384 2261 430 et
2284 373 2477 430 offeret
2498 390 2596 445 pro
2630 375 2716 431 his
2747 392 2868 446 quae
2892 375 3117 445 deliquit
3150 377 3380 430 Domino
3408 391 3506 446 pro
3526 392 3654 447 pee-

2086 474 2206 522 cato
2239 467 2379 537 quod
2410 468 2674 537 peccavit,
2707 466 2962 523 feminam
2987 468 3055 523 de
3083 467 3298 530 ovibus,
3326 486 3345 521 ι
3371 478 3478 523 etc.
3507 468 3655 537 Quo-

2087 560 2248 617 modo
2298 561 2512 632 quidem
2569 562 2612 614 si
2673 559 3096 629 pronuntiavero
3144 560 3303 616 labiis
3359 560 3526 628 meis,
3568 561 3658 617 vel

2080 654 2337 724 juravero
2373 653 2715 718 benefacere,
2756 662 2812 706 et
2842 666 2950 705 non
3004 650 3200 705 faciam
3224 691 3240 716 ,
3274 654 3481 720 peccati
3530 667 3657 709 reus

2085 746 2211 811 sim,
2237 744 2521 801 difficultas
2566 762 2671 800 non
2712 754 2797 801 est
2825 745 3116 800 ostendere
3151 764 3164 798 :
3198 745 3357 816 196
3383 747 3659 815 quomodo

2086 849 2266 893 autem
2302 839 2347 894 si
2385 837 2562 908 jurem
2586 837 2671 893 vel
2710 841 3056 909 pronuntiem
3097 839 3436 902 malefacere,
3460 847 3517 894 et
3547 853 3656 893 non

2088 930 2288 997 fecero,
2332 932 2695 1000 peccaverim,
2745 932 2911 987 verbo
2964 931 3250 1001 assignare
3290 930 3507 1001 difﬁcile
3549 942 3658 986 est.

2083 1022 2389 1079 Absurdum
2420 1024 2563 1078 enim
2586 1024 2822 1091 videtur,
2859 1024 3008 1080 verbi
3037 1026 3236 1094 gratia,
3268 1033 3327 1078 ut
3349 1024 3394 1078 si
3433 1038 3528 1092 per
3551 1023 3662 1076 ira-

2086 1113 2335 1183 cundiam
2367 1112 2556 1167 dixero
2584 1126 2669 1166 me
2701 1113 2973 1167 hominem
3004 1111 3333 1175 occisurum,
3360 1118 3418 1164 et
3453 1124 3559 1177 non
3588 1108 3665 1162 fe.

2087 1218 2232 1268 cero,
2257 1218 2324 1257 ne
2360 1203 2605 1273 pejerare
2638 1201 2751 1273 (76)
2783 1212 2875 1257 aut
2923 1200 3115 1257 fallere
3161 1201 3370 1264 videar,
3402 1213 3569 1269 cogar
3595 1198 3663 1252 ad

2088 1294 2407 1364 explendum
2447 1309 2604 1365 opus,
2636 1295 2780 1364 quod
2827 1305 3029 1350 temere
3081 1301 3135 1349 et
3177 1292 3364 1348 illicite
3413 1290 3662 1361 promisi.

2088 1386 2401 1453 Quaaramus
2421 1401 2550 1454 ergo
2578 1401 2698 1456 quae
2730 1387 2801 1441 sit
2831 1401 2951 1453 res,
2985 1386 3036 1440 in
3065 1400 3196 1455 qua,
3220 1385 3264 1440 si
3297 1382 3664 1455 promittimus

2089 1496 2189 1534 nos
2231 1479 2554 1534 malefacere
2576 1520 2591 1544 ,
2623 1489 2678 1535 et
2711 1494 2814 1534 non
2869 1479 3197 1543 fecerimus,
3235 1489 3568 1545 peccamus;
3614 1472 3665 1528 si

2092 1587 2228 1627 vero
2274 1572 2581 1638 fecerimus,
2616 1586 2946 1627 excusemur
2976 1586 3004 1623 a
3039 1579 3294 1640 peccato,
3329 1576 3389 1622 ut
3420 1567 3638 1623 rationa

414 1668 550 1724 cidit
576 1668 629 1721 in
669 1674 984 1735 peccatum;
1009 1634 1071 1719 ἐἰ
1120 1662 1242 1734 quis
1290 1677 1413 1717 eum
1441 1634 1702 1731 sequatur
1737 1669 1831 1714 aut
1865 1659 1991 1714 imi—
2023 1634 2066 1688 Β
2096 1661 2275 1716 biliter
2320 1669 2465 1716 stare
2508 1634 2758 1731 praecepti
2806 1662 3006 1716 veritas
3039 1634 3247 1731 possit.
3294 1660 3567 1726 Quantum
3609 1657 3664 1712 in

417 1768 581 1824 tetur,
631 1755 870 1812 hominis
920 1754 1184 1824 contingit
1216 1752 1591 1817 morticinum,
1635 1760 1691 1807 et
1744 1751 1855 1806 erit
1887 1750 1991 1804 im-

414 1848 671 1903 mundus.
702 1846 806 1901 Sed
857 1854 914 1899 et
956 1859 986 1897 a
1020 1843 1133 1898 fera
1169 1852 1388 1913 captum
1442 1841 1488 1897 si
1543 1840 1860 1911 contigeris,
1894 1839 1989 1893 im-

418 1940 654 1994 mundus
684 1939 815 1993 eris.
844 1936 977 2004 Qum
1007 1946 1089 1991 est
1123 1934 1284 1989 fera?
1317 1933 1402 1988 leo
1436 1941 1539 1998 est,
1572 1947 1639 1987 an
1668 1932 1842 2001 lupus,
1873 1946 1993 2002 qum

416 2032 559 2103 rapit
606 2030 879 2096 homines,
908 2027 995 2082 vel
1035 2027 1281 2097 iumenta
1322 2026 1346 2080 ?
1378 2025 1497 2090 llla,
1524 2024 1712 2089 credo,
1744 2024 1860 2078 fera
1884 2032 1990 2091 est,

419 2123 485 2179 de
514 2138 619 2193 qua
649 2122 780 2177 dicit
804 2120 998 2175 Petrus
1031 2119 1303 2188 apostolus
1327 2120 1396 2183 9°,
1437 2136 1456 2170 ι
1489 2117 1616 2188 quia
1646 2116 1989 2173 adversarius

417 2226 603 2272 vester
633 2214 904 2279 diabolus,
937 2213 1076 2267 sicut
1107 2213 1188 2268 leo
1224 2212 1446 2282 rugiens
1488 2210 1704 2275 circuit,
1737 2225 1991 2279 quaerens

419 2323 576 2378 quem
611 2316 913 2361 trausvoret
939 2302 1072 2377 (73).
1102 2305 1198 2360 Cui
1227 2305 1459 2359 resistite
1501 2301 1670 2356 fortes
1703 2302 1758 2356 in
1802 2302 1926 2357 fide.
1965 2320 1985 2354 ι

418 2400 489 2456 Ει
519 2414 730 2454 rursum
756 2399 821 2452 de
847 2398 1043 2467 quibus
1070 2396 1203 2451 dicit
1227 2394 1504 2466 apostolus
1533 2392 1730 2448 Paulus
1756 2394 1772 2423 ¹
1806 2412 1820 2447 :
1849 2412 1868 2444 ‹
1906 2390 1990 2446 ln-

421 2492 644 2546 trabunt
672 2488 817 2545 enim
850 2496 970 2558 post
1007 2487 1307 2542 discessum
1359 2500 1537 2539 meum
1574 2484 1687 2552 lupi
1744 2498 1987 2554 rapaces,

421 2599 529 2638 non
564 2591 849 2652 parcentes
879 2577 1090 2650 gregi.»
1112 2577 1193 2632 Ab
1221 2576 1342 2631 istis
1369 2590 1501 2645 ergo
1533 2574 1662 2629 feris
1696 2574 1741 2628 si
1771 2584 1987 2644 captum

416 2674 643 2740 videris,
694 2671 807 2726 noli
835 2686 958 2725 eum
988 2669 1165 2738 sequi,
1213 2667 1320 2721 noli
1362 2666 1701 2734 contingere,
1737 2680 1806 2719 ne
1840 2674 1895 2720 et
1934 2676 1988 2719 tu

418 2764 674 2821 eliiciaris
703 2762 1036 2818 immundus.
1068 2760 1207 2815 Sunt
1241 2768 1504 2826 prmterea
1534 2767 1587 2810 et
1615 2756 1720 2812 alia
1753 2757 1989 2811 inminu-

422 2860 491 2915 da
530 2855 806 2919 animalia,
858 2868 1089 2923 quorum
1136 2851 1481 2906 morticinum
1527 2857 1676 2905 vetat
1723 2848 1987 2918 contingi.

420 2950 699 3008 lmmunda
744 2947 1001 3002 animalia
1032 2954 1160 3001 sunt
1190 2943 1458 3010 homines,
1484 2944 1578 3013 qui
1628 2951 1781 2997 extra
1832 2940 1989 2997 Chri-
2014 2973 2058 3031 α

421 3056 565 3101 ειυιη
582 3052 727 3106 sunt,
752 3041 805 3094 in
830 3039 1025 3109 quibus
1055 3052 1231 3105 neque
1265 3038 1430 3100 ratio,
1463 3049 1641 3105 neque
1668 3033 1858 3103 religio
1882 3031 1988 3087 ulla

421 3145 525 3191 est.
546 3133 746 3188 Horum
775 3144 902 3198 ergo
931 3128 1173 3182 omnium
1207 3126 1515 3191 morticina,
1556 3126 1609 3180 id
1637 3134 1715 3180 est
1745 3131 1990 3195 peccata,

423 3200 476 3282 si
496 3226 702 3289 videas,
740 3222 872 3278 dicit
894 3219 987 3275 tibi
1016 3218 1314 3290 legislator,
1348 3231 1416 3271 ne
1447 3216 1762 3285 contigeris,
1798 3229 1866 3268 ne
1893 3215 1991 3264 atl-

423 3318 705 3375 tamiueris
723 3314 856 3383 (74),
878 3328 945 3367 ηε
974 3309 1369 3365 attrectaveris.
1387 3308 1449 3363 Et
1467 3308 1586 3362 ista:
1607 3315 1734 3362 sunt
1759 3306 1995 3379 immun-

425 3413 589 3477 dititr,
612 3423 733 3479 qua:
764 3405 957 3461 merito
985 3401 1255 3468 fugienda!
1277 3411 1421 3454 sunt.
1439 3398 1686 3453 Hominis
1705 3404 1882 3450 autem
1912 3405 1993 3447 ta-

425 3514 572 3560 ctum
610 3501 720 3557 noli
755 3497 1005 3569 refugere
1032 3496 1118 3550 vel
1154 3492 1349 3547 mortui
1397 3491 1664 3560 corporis,
1690 3488 1777 3543 cui
1825 3486 1995 3556 magis

421 3595 704 3666 sepultura
737 3591 987 3661 religiose
1006 3586 1296 3644 deferenda
1320 3593 1420 3639 est.
1448 3583 1686 3639 Judaic:e
1730 3583 1843 3636 ista:
1870 3591 1998 3635 sunt

425 3699 480 3743 et
521 3686 737 3742 inutiles
769 3680 985 3746 fabulae,
1015 3678 1250 3750 Speciem
1298 3675 1515 3745 quidem
1547 3672 1766 3744 pietatis
1795 3673 1997 3726 haben-

424 3790 529 3845 tes,
562 3780 815 3832 virtutem
848 3791 976 3829 vero
1026 3772 1197 3843 ipsius
1248 3770 1599 3839 denegantes.
1632 3767 1814 3821 Prima
1868 3780 1996 3835 ergo

424 3873 510 3927 lex
540 3873 605 3926 de
638 3866 994 3924 immunditiis
1033 3867 1161 3920 data
1193 3872 1298 3917 est.
1330 3859 1388 3915 Si
1419 3860 1541 3931 quis
1569 3857 1866 3929 jurameuti
1899 3858 1997 3910 ali-

422 3964 578 4033 cujus
608 3962 692 4017 vel
737 3960 920 4016 delicti
969 3958 1127 4014 testis
1173 3954 1293 4020 fuit,
1325 3962 1380 4009 et
1417 3968 1523 4007 non
1563 3949 1819 4005 iudicavit
1857 3948 1994 4021 (75),

2092 1751 2196 1806 hoc
2241 1752 2359 1807 loco
2385 1753 2789 1824 intelligendum
2825 1754 3072 1816 videtur,
3106 1751 3430 1830 malefacere
3460 1751 3653 1805 adverc

2091 1843 2200 1900 sari
2230 1844 2391 1899 alicui
2420 1853 2523 1908 est,
2565 1855 2622 1898 et
2666 1859 2774 1898 non
2819 1843 3101 1914 indulgere
3132 1845 3180 1898 ei
3215 1854 3273 1897 ut
3317 1842 3477 1897 faciat
3519 1842 3669 1911 quod

2090 1934 2225 1989 vult.
2256 1935 2323 1989 Et
2354 1950 2453 1989 nos
2478 1950 2610 2005 ergo
2641 1950 2763 1989 cum
2801 1937 3048 1990 venimus
3082 1936 3147 1988 ad
3184 1934 3372 1999 Deum,
3402 1942 3458 1989 et
3495 1947 3670 1988 vove-

2090 2042 2213 2083 mus
2242 2027 2291 2082 ei
2327 2043 2425 2083 nos
2460 2029 2511 2082 in
2555 2029 2812 2085 castitate
2854 2029 3081 2093 servire,
3122 2028 3540 2096 pronuntiamus
3579 2027 3666 2082 lac

2090 2121 2194 2177 biis
2229 2121 2434 2176 nostris
2482 2129 2536 2176 et
2579 2121 2827 2189 iuramus
2854 2134 2954 2175 nos
3004 2123 3275 2192 castigare
3312 2135 3530 2176 carnem
3562 2136 3669 2175 uo-

2090 2213 2379 2278 stram,vel
2415 2212 2556 2267 male
2584 2213 2637 2267 ei
2682 2211 2880 2279 facere,
2913 2223 3077 2284 atque
3105 2215 3159 2269 iu
3184 2214 3497 2269 servitutem
3539 2227 3667 2267 eam

2092 2305 2360 2374 redigere,
2391 2313 2450 2358 ut
2496 2304 2745 2374 spiritum
2793 2304 3003 2359 salvum
3039 2306 3222 2360 facere
3255 2305 3545 2373 possimus.
3573 2302 3670 2358 Sic

2090 2394 2234 2449 enim
2272 2403 2327 2448 et
2367 2395 2455 2449 ille
2482 2395 2698 2462 jurasse
2740 2410 2799 2450 se
2844 2397 3017 2460 dixit,
3065 2398 3153 2466 qui
3177 2394 3670 2459 ait’:«.luravi,et

2090 2485 2253 2540 statui
2310 2500 2529 2542 servare
2579 2485 2761 2539 omnia
2802 2496 3073 2556 praecepta
3125 2496 3240 2541 tua.
3290 2504 3310 2538 ι
3358 2485 3496 2552 Quia
3535 2500 3670 2553 ergo

2090 2578 2270 2632 carnis
2300 2592 2403 2633 vox
2432 2587 2531 2643 est,
2567 2591 2688 2648 quae
2715 2578 2848 2633 dicit
2868 2579 2891 2610 ’⁵
2922 2601 2934 2634 ;
2982 2597 3001 2631 ‹
3042 2577 3157 2633 Non
3197 2578 3340 2633 enim
3372 2579 3515 2648 quod
3541 2576 3672 2632 volo

2091 2685 2213 2740 ago,
2247 2671 2341 2725 sed
2373 2670 2514 2740 quod
2563 2670 2651 2724 odi
2698 2669 2825 2723 illud
2870 2669 3035 2735 facio,
3066 2688 3085 2721 ι
3125 2668 3325 2725 afllicta
3354 2670 3473 2725 sine
3502 2669 3671 2726 dubio

2090 2763 2157 2818 ab
2183 2761 2470 2832 spiritu,et
2499 2768 2772 2816 coarctata
2792 2759 2906 2830 (77)
2923 2770 3008 2816 est
3035 2777 3048 2825 ;
3090 2761 3298 2815 resistit
3322 2760 3463 2815 enim
3492 2769 3549 2816 et
3580 2776 3673 2816 re-

2091 2861 2295 2922 pugnat
2327 2854 2610 2908 adversum
2640 2853 2923 2922 spiritum,
2966 2862 3022 2906 et
3056 2852 3159 2907 uisi
3188 2851 3330 2907 male
3361 2853 3411 2906 ei
3454 2851 3580 2916 fiat,
3609 2861 3674 2908 ut

2093 2944 2359 3016 aflligatur
2378 2956 2433 3000 et
2460 2946 2786 3006 infirmetur,
2809 2960 2915 2999 non
2944 2953 3121 3014 potest
3151 2945 3331 2998 dicere
3372 2944 3629 3014 spiritus'
3650 2963 3670 3002 :

2099 3056 2118 3090 ι
2157 3037 2290 3093 Cum
2321 3039 2588 3104 infirmor,
2609 3048 2736 3093 tunc
2765 3048 2959 3109 potens
2980 3052 3111 3093 sum.
3147 3055 3165 3088 ι
3192 3034 3331 3091 Πιιῐε
3357 3049 3486 3107 ergo
3514 3037 3671 3091 carni

2098 3130 2364 3185 resistenti
2389 3138 2444 3183 et
2478 3129 2800 3199 repugnanti
2850 3131 3134 3184 adversum
3166 3129 3442 3197 Spiritum,
3474 3129 3517 3182 si
3548 3131 3675 3197 quis

2088 3220 2356 3289 iuraverit
2401 3231 2457 3275 et
2501 3223 2932 3292 prouuutiaverit
2972 3220 3313 3285 malefacere,
3351 3232 3407 3276 et
3436 3219 3675 3289 afﬂigere

2098 3329 2163 3368 ac
2191 3328 2469 3367 macerare
2503 3328 2644 3378 eam,
2681 3324 2735 3369 et
2770 3330 2877 3370 non
2922 3314 3138 3379 fecerit,
3172 3315 3381 3383 peccati
3414 3330 3538 3370 reus
3563 3323 3671 3380 est,

2098 3406 2150 3459 in
2181 3421 2287 3476 quo
2311 3394 2515 3474 juravit
2563 3409 2806 3461 cruciare
2834 3421 2894 3462 se
2921 3421 3141 3460 carnem
3191 3421 3344 3461 suam
3367 3447 3383 3473 ,
3415 3417 3470 3462 et
3498 3408 3674 3463 servi-

2101 3497 2198 3551 tuti
2248 3496 2535 3564 subjicere,
2579 3507 2634 3551 et
2671 3514 2775 3551 nou
2839 3496 2987 3552 fecit.
3038 3495 3241 3550 Eodem
3288 3507 3470 3553 autem
3512 3495 3674 3566 jura-

2099 3599 2284 3645 mento
2316 3600 2370 3644 et
2392 3590 2602 3658 spiritui
2634 3590 2880 3644 decernit
2927 3588 3270 3644 benefacere.
3300 3588 3357 3644 lu
3388 3607 3494 3661 quo
3520 3590 3671 3647 enim

2099 3682 2248 3738 carui
2284 3682 2579 3747 malefacit,
2603 3682 2816 3752 spiritui
2851 3683 3141 3737 benefacit.
3176 3682 3231 3737 Si
3262 3686 3383 3753 quis
3407 3700 3537 3754 ergo
3565 3686 3671 3741 hoc

2094 3774 2380 3844 juraverit,
2404 3784 2460 3828 et
2506 3789 2611 3828 non
2646 3772 2857 3839 fecerit,
2899 3774 3105 3842 peccati
3134 3773 3363 3829 efﬁcitur
3409 3791 3554 3831 reus.
3578 3776 3672 3832 Vis

2099 3874 2279 3920 autem
2310 3866 2451 3921 scire
2495 3866 2623 3935 quia
2663 3880 2762 3920 nec
2801 3875 2981 3934 potest
3028 3867 3120 3920 uni
3170 3882 3355 3921 eorum
3386 3866 3668 3937 benefieri,

2098 3953 2200 4008 nisi
2231 3953 2317 4008 alii
2345 3953 2695 4020 malefeceris,
2724 3955 2847 4009 audi
2870 3956 3031 4010 etiam
3058 3956 3343 4012 Dominum
3380 3957 3554 4027 ipsum
3588 3960 3669 4013 di-

423 4066 483 4113 et
518 4070 615 4126 per
669 4054 771 4109 hoc
825 4051 1133 4106 immundus
1188 4042 1583 4118 quodammodo
1631 4040 1858 4097 effectus
1918 4051 2001 4096 est
2100 4054 2314 4099 ceutem
2339 4045 2398 4097 ἐ
2431 4065 2448 4095 ι
2479 4045 2590 4116 Ego
2623 4046 2893 4111 occidam,
2932 4055 2987 4101 et
3021 4047 3200 4102 vivere
3237 4048 3449 4103 faciam.
3482 4067 3501 4099 ι
3526 4047 3666 4115 Quid

423 4154 587 4206 etiam
642 4149 756 4216 ipse
813 4145 1077 4200 societate
1133 4141 1365 4212 peccati.
1424 4138 1673 4195 Secunda
1727 4136 1835 4205 lex,
1892 4153 1998 4208 qua
2097 4136 2294 4191 occidit
2319 4136 2753 4191 Deus?Carnem
2798 4137 3002 4207 utique.
3029 4139 3096 4192 Et
3119 4139 3247 4208 quid
3283 4140 3464 4195 vivere
3502 4139 3667 4196 facit?

420 4247 738 4316 contingere
782 4240 1119 4295 immundqu
1163 4236 1367 4309 aliquid
1394 4249 1460 4289 ac
1501 4231 1846 4289 morticinum
1900 4245 1999 4287 ve-
2027 4310 2066 4316 ᾧ
2097 4221 2363 4300 δρίιίῑιιιιι’
2393 4230 2510 4285 sine
2549 4230 2733 4285 dubio.
2770 4230 2838 4284 Et
2879 4245 3092 4283 rursum
3121 4230 3176 4283 in
3198 4232 3552 4300 sequentibus
3578 4232 3668 4289 di-

427 4350 591 4396 ιαιυτ,
613 4310 637 4316 ⁷
2026 4310 2202 4375 Dcit’
2232 4338 2244 4372 :
2277 4340 2295 4373 ι
2329 4321 2650 4384 Percutiam,
2677 4329 2731 4375 et
2768 4336 2867 4392 ego
2909 4321 3129 4376 sanabo.
3168 4341 3187 4372 ι
3218 4321 3358 4388 Quid
3397 4322 3665 4393 percutit?

494 4434 550 4489 4.
591 4430 774 4487 Tertia
807 4440 952 4482 nunc
990 4424 1076 4480 lex
1110 4422 1481 4494 promulgatur
1522 4417 1859 4492 huiusmudi:
1882 4434 1903 4470 ι
1930 4415 2000 4473 Et

426 4526 608 4581 anima
630 4562 646 4589 ,
674 4520 911 4590 inquit',
944 4534 1067 4589 qua:
1110 4516 1405 4585 iuraverit,
1432 4512 1792 4583 pronuntians
1841 4507 1999 4566 labiis

420 4617 541 4674 suis
572 4614 924 4679 malefacere,
965 4620 1059 4666 aut
1096 4607 1419 4665 benefacere
1471 4607 1767 4660 secundum
1813 4602 2000 4657 omnia

426 4721 762 4781 quaecunque
808 4705 1009 4762 dixerit
1058 4700 1262 4758 homini
1299 4714 1421 4755 cum
1461 4699 1794 4768 iuramento,
1829 4705 1885 4752 et
1916 4694 1998 4749 la-

428 4804 591 4860 tuerit
615 4817 763 4870 eum,
792 4809 849 4856 et
875 4799 965 4855 hic
990 4794 1334 4867 cognoverit,
1366 4800 1422 4848 et
1471 4792 1781 4861 peccaverit
1832 4804 1998 4845 unum

492 4925 539 4958 "'
564 4923 763 4978 Ezech.
806 4934 991 4974 xxxrv.
1069 4917 1116 4949 "
1138 4913 1294 4970 Joan.
1337 4929 1394 4974 x.
1442 4912 1532 4966 27.

1633 4912 1678 4944 ⁹⁹
1709 4910 1727 4964 1
1760 4910 1992 4973 Petrau,
2025 4910 2078 4965 8.

2096 4410 2345 4467 Carnem.
2366 4410 2506 4477 Quid
2528 4413 2713 4466 sanat?
2733 4410 3012 4482 Spiritum.
3053 4411 3283 4467 Prorsus
3318 4420 3377 4468 ut
3410 4414 3496 4467 illa
3528 4413 3662 4469 defi-

2096 4504 2221 4568 ciat,
2260 4503 2361 4558 iste
2402 4503 2673 4574 proficiat;
2707 4512 2764 4557 ut
2802 4502 2961 4557 faciat
2985 4512 3036 4557 te
3070 4504 3448 4559 mortificatum
3480 4521 3661 4569 carne,

2095 4593 2421 4649 vivificatum
2448 4593 2667 4662 Spiritu;
2694 4608 2764 4646 ne
2788 4591 2924 4646 forte
2949 4603 3003 4647 et
3029 4603 3084 4648 tu
3111 4606 3293 4650 mente
3333 4595 3533 4651 servias
3560 4596 3663 4668 legi

2095 4692 2210 4758 Dei,
2240 4708 2401 4747 carne
2426 4701 2629 4757 autem,
2657 4691 2701 4745 si
2727 4689 3049 4746 mortificata
3074 4708 3185 4746 non
3207 4691 3390 4760 fuerit,
3422 4694 3661 4749 obstrim-

2095 4782 2238 4854 garis
2268 4782 2376 4855 (78)
2412 4782 2514 4853 legi
2557 4781 2784 4852 peccati.
2817 4779 2873 4835 Si
2901 4796 3030 4853 ergo
3062 4781 3223 4837 istum
3258 4784 3503 4839 ordinem
3535 4800 3662 4851 pro-

2182 4906 2204 4938 ¹
2243 4906 2362 4959 Act.
2386 4898 2592 4968 “,29.
2657 4970 2663 4971 ί
2692 4904 2713 4933 ²
2747 4899 2924 4957 Levit.
2955 4915 3041 4966 Ill,
3070 4900 3105 4955 4
3133 4909 3186 4956 et
3220 4915 3375 4971 seqq.
3477 4900 3501 4933 ³
3526 4900 3669 4958 Psal.

424 4970 763 5059 exvule-ti;
806 4970 1036 5044 Titum.
1070 5003 1164 5052 vu,
1195 4986 1284 5040 15.
1348 4970 1445 5038 ιἰι
1483 4984 1607 5038 Cor.
1632 4998 1729 5048 xu,
1754 4982 1842 5036 l0.
1917 4970 1990 5036 οι

2092 4998 2118 5035 ι.
2142 4984 2314 5041 xxxii,
2350 4974 2441 5030 59.
2514 4970 2693 5027 "ibid.

495 5136 605 5209 (71)
648 5133 979 5209 [ιγῑωῃεᾱίιῑ.
1004 5151 1024 5184 ι
1075 5130 1239 5190 enim,
1286 5147 1305 5180 ι
1341 5128 1437 5183 sed
1470 5141 1629 5209 mss.,
1664 5144 1682 5177 ι
1724 5132 1927 5209 alitem.
1967 5143 1987 5175 ι

425 5196 570 5262 fnl’ra
589 5196 769 5260 'codex
803 5206 1113 5271 Sangerm.,
1138 5219 1157 5251 ι
1183 5210 1360 5254 etnon
1385 5208 1527 5271 puto
1558 5212 1684 5265 quia
1713 5196 1987 5249 dixisset.»

425 5279 583 5343 Libb.
614 5277 763 5334 editi.
799 5293 817 5325 ι
849 5285 903 5329 ει
925 5269 1029 5328 non
1066 5282 1195 5342 puto
1219 5285 1342 5325 eum
1367 5269 1588 5343 dixisse.
1624 5285 1737 5343 ιω
1879 5333 1910 5343 η
1942 5333 1953 5343 ,

498 5342 608 5418 (72)
649 5333 827 5400 Codex
881 5333 1163 5412 διωθεῖ-ιιι.
1218 5359 1237 5391 ι
1287 5340 1530 5393 verbum.
1564 5356 1583 5390 ι
1622 5335 1778 5391 Libb.
1827 5333 1991 5398 editi,

433 5436 455 5470 ι
839 5499 970 5551 ms.,
1012 5501 1032 5535 ι
1074 5487 1404 5538 trausvoret.
1432 5496 1451 5530 ι
1490 5474 1650 5533 Libb.
1674 5474 1828 5538 editi,
1851 5491 1879 5527 -ι
1902 5472 1996 5528 de-

428 5569 611 5701 γοῖξὶ)
637 5576 816 5684 ἰιιθιῐι
869 5640 998 5693 ms.,
1033 5643 1051 5677 ι
1089 5617 1525 5679 adtaminaveris.
1564 5637 1582 5672 ι
1621 5615 1775 5674 Libb.
1818 5613 1995 5682 editi,

2112 5139 2128 5175 ι
2170 5117 2542 5176 ailtamineris.
2585 5135 2604 5169 ι

2171 5190 2282 5262 (75)
2318 5189 2489 5262 Codd.
2522 5185 2804 5262 Sangerm.
2829 5193 2885 5240 et
2921 5184 3214 5251 Gemetic.,
3262 5203 3282 5238 ι
3321 5184 3607 5240 indicavit.
3647 5202 3667 5236 ι

2096 5258 2272 5316 ιιίὺΙῇ
2308 5260 2465 5325 editi,
2506 5277 2525 5310 ‹
2570 5258 2850 5313 indicabit.
2890 5276 2909 5309 ι
3298 5323 3315 5325 _
3362 5323 3371 5325 4
3418 5268 3425 5275 ’

2171 5330 2280 5412 (76)
2319 5321 2460 5385 Cod.
2509 5327 2816 5398 Saugerm.,
2854 5344 2873 5378 ι
2920 5326 3183 5397 pejerare.
3222 5344 3242 5377 ι
3292 5323 3453 5380 Libb.
3501 5321 3672 5390 editi,

2104 5420 2124 5454 ι
2160 5414 2463 5471 periurare.
2499 5417 2521 5452 ›

2160 5418 2463 5523 ρυιᾶμπὶὶΐϐ.
2499 5418 2521 5452 ι

2140 5471 2226 5554 ,(7
2268 5476 2287 5540 )
2322 5468 2464 5525 idem
2505 5483 2631 5535 ms.,
2663 5486 2682 5520 ι
2705 5475 3003 5523 coarctata.
3043 5465 3236 5521 iLibb.
3267 5465 3422 5530 editi,
3458 5482 3478 5515 ι
3516 5477 3670 5518 coer-

2105 5554 2234 5597 Ct'la.
2278 5560 2296 5593 ι

2175 5610 2286 5686 (73)
2328 5610 2387 5666 ln
2413 5608 2532 5665 cod.
2563 5608 2848 5679 Sangerm.
2887 5607 3038 5666 deest
3066 5624 3084 5661 ι
3117 5604 3501 5678 obstringaris.
3540 5621 3561 5655 ι
