4024 6146
427 225 527 281 499

1586 225 1654 280 ΙΝ
1689 225 2061 282 LEVITICUM
2103 227 2388 287 HOMILIA
2424 231 2513 288 lll.

3565 241 3668 294 450

387 329 658 407 "miseris,
686 350 741 396 et
796 357 1018 399 servare
1069 359 1175 398 non
1232 345 1496 413 quiveris,
1532 347 1654 400 audi
1709 347 1833 415 quid
1865 347 1995 417 legis
2023 350 2072 406 Α
2097 347 2240 413 dem,
2265 349 2315 404 id
2345 348 2745 406 estdivinitatis
2783 347 2897 417 ejus
2919 360 3128 405 secreta
3177 351 3414 419 velabat;
3441 357 3662 412 renibus

421 431 554 489 ordo
615 434 935 506 prtecipiat:
968 457 986 487 ι
1037 436 1094 491 Si
1146 438 1489 505 peccaverit,
1539 438 1714 508 inquit
1746 441 1787 502 ⁸,
1830 455 1993 493 unum

423 527 625 597 aliquid
655 529 724 583 de
773 530 913 593 istis,
952 531 1269 600 pronuntiet
1300 542 1580 600 peccatmn
1629 536 1770 601 quod
1805 550 1996 603 pecca-

421 621 494 674 vit
521 620 656 692 (79).
685 641 704 673 ι
732 621 821 674 Est
841 621 1054 691 aliquod
1087 622 1138 674 in
1159 623 1262 677 hoc
1285 625 1530 679 mirabile
1545 637 1836 690 secretum,
1855 628 1994 695 quod

415 714 565 784 jubet
625 715 980 782 pronuntiare
1021 723 1322 783 peccatum.
1356 715 1568 771 Etenim
1619 719 1762 772 omni
1796 735 1994 789 genere

421 806 823 875 pronuntianda
850 817 996 872 sunt,
1027 815 1082 861 et
1109 808 1160 862 in
1193 807 1466 876 publicum
1497 811 1820 877 proferenda
1855 829 1991 866 cun-

419 905 503 949 cta
527 911 658 960 qua:
689 898 927 966 gerimus
961 898 1095 968 (80).
1126 897 1182 952 Si
1225 900 1352 968 quid
1388 901 1441 955 in
1491 903 1704 957 occulto
1732 905 1988 973 gerimus,

420 987 463 1041 si
501 989 629 1055 quid
658 989 709 1041 in
745 1004 996 1044 sermone
1021 991 1160 1057 solo,
1207 991 1291 1045 vel
1334 993 1498 1048 etiam
1532 995 1672 1048 intra
1706 997 1993 1067 cogitatio-

419 1095 542 1134 nnm
575 1091 792 1137 secreta
839 1086 1231 1150 commisimus,
1271 1097 1465 1141 cuncta
1498 1105 1722 1145 necesse
1773 1101 1855 1144 est
1889 1108 1989 1159 pu-

418 1171 632 1239 blicari,
665 1183 858 1227 cuneta
891 1174 1120 1242 proferri
1151 1195 1162 1229 :
1188 1175 1418 1244 proferri
1453 1186 1632 1231 autem
1672 1178 1740 1231 ab
1773 1178 1862 1232 illo
1897 1179 1989 1248 qui

416 1270 469 1315 et
500 1275 794 1318 accusator
845 1267 1052 1334 peccati
1105 1278 1187 1323 est
1239 1278 1294 1320 et
1354 1268 1621 1323 incentor.
1674 1269 1794 1338 Ipse
1843 1270 1988 1322 enim

417 1371 558 1410 nunc
595 1372 696 1412 nos
747 1365 806 1411 ut
859 1373 1146 1427 peccemus
1197 1359 1441 1429 instigat,
1486 1360 1602 1423 ipse
1647 1363 1808 1415 etiam
1866 1378 1988 1416 cum

416 1450 822 1517 peccaverimus
857 1459 1097 1504 accusat.
1130 1449 1185 1504 Si
1221 1466 1348 1520 ergo
1373 1454 1425 1505 itt
1457 1452 1560 1506 vita
1595 1455 1990 1522 prteveniamus

415 1552 558 1604 eum,
601 1547 655 1594 et
703 1541 800 1608 ipsi
837 1543 1004 1596 nostri
1058 1550 1409 1597 accusatores
1455 1546 1649 1609 simus,
1688 1546 1985 1615 nequitiam

417 1632 613 1685 diaboli
653 1631 858 1686 inimici
890 1633 1062 1686 nostri
1112 1640 1166 1687 et
1195 1635 1529 1688 accusatoris
1555 1636 1861 1705 ell‘ugimus.
1895 1636 1987 1693 Sic

415 1725 554 1777 enim
580 1731 634 1778 et
655 1723 780 1778 alibi
813 1726 1075 1794 propheta
1113 1725 1245 1779 dicit
1273 1743 1287 1779 :
1319 1745 1336 1777 ι
1381 1728 1475 1781 Dic
1506 1738 1581 1791 ιιι,
1612 1729 1786 1797 inquit
1813 1729 1854 1795 θ,
1883 1730 1987 1784 ini-
2017 1709 2061 1763 Β

413 1814 650 1882 quitates
701 1825 820 1870 tuas
863 1817 1051 1885 prior,
1087 1826 1145 1870 ut
1196 1815 1537 1884 justiﬁceris.
1573 1839 1591 1872 ι
1631 1819 1816 1876 Nonne
1871 1824 1986 1877 evi-

414 1906 602 1960 denter
654 1909 973 1976 mysterium
1007 1911 1073 1962 de
1104 1923 1212 1976 quo
1249 1917 1545 1962 tractamus
1568 1913 1831 1977 ostendit,
1860 1928 1983 1966 cum

414 1997 582 2054 dicit:
625 1999 720 2053 Dic
772 2009 826 2053 tu
880 1999 1073 2068 prior?
1102 2008 1159 2052 ttt
1192 2001 1440 2054 ostendat
1478 2000 1571 2054 tibi
1621 2003 1744 2071 quia
1782 2019 1985 2071 praeve-

413 2087 531 2143 nire
567 2089 718 2144 illum
760 2090 982 2156 debeas,
1013 2090 1105 2160 qui
1140 2096 1358 2158 paratus
1387 2101 1470 2144 est
1499 2092 1565 2144 ad
1594 2097 1980 2150 accusandum.

414 2181 488 2235 Tu
523 2197 678 2251 ergo,
711 2183 908 2252 inquit,
956 2185 1044 2237 dic
1091 2185 1258 2252 prior,
1297 2195 1364 2234 ne
1423 2191 1476 2237 te
1514 2183 1602 2239 ille
1635 2189 1978 2254 praeveniat:

410 2279 534 2346 quia
569 2280 614 2332 si
637 2279 790 2347 prior
825 2281 1048 2346 dixeris,
1072 2291 1126 2336 et
1160 2284 1486 2339 sacriﬁcium
1517 2285 1851 2351 pteuitentiae
1886 2285 1983 2339 ob-

412 2367 616 2436 tuleris,
646 2373 942 2426 secundum
972 2388 1036 2427 ea
1069 2388 1188 2441 quae
1219 2375 1273 2428 in
1317 2377 1691 2443 superioribus
1741 2377 1978 2432 diximus

409 2458 708 2526 oﬂ'erenda,
740 2473 794 2516 et
828 2465 1118 2519 tradideris
1168 2481 1388 2520 carnem
1416 2477 1559 2521 tuam
1596 2470 1646 2521 in
1679 2469 1976 2533 interitum,

409 2563 466 2606 ut
498 2555 723 2624 spiritus
751 2555 936 2611 salvus
964 2557 1057 2610 ﬁat
1083 2558 1134 2612 in
1165 2559 1250 2612 die
1277 2559 1509 2624 Domini,
1536 2561 1748 2615 dicetur
1776 2571 1830 2616 et
1861 2563 1978 2627 tibi,

407 2646 529 2716 quia
567 2649 855 2718 percepisti
903 2659 958 2704 et
1011 2663 1068 2704 tu
1101 2653 1153 2703 in
1193 2652 1301 2706 vita
1335 2663 1426 2706 tua
1477 2649 1640 2716 mala,
1673 2670 1816 2710 nunc
1849 2671 1978 2710 vero

408 2740 493 2795 hic
524 2741 830 2810 requiesce.
867 2740 972 2798 Sed
1005 2754 1059 2798 et
1088 2743 1256 2797 David
1291 2749 1478 2800 eodem
1515 2749 1706 2818 spiritu
1740 2750 1980 2819 loquitur

404 2833 457 2888 in
489 2833 744 2900 Psalmis,
778 2845 832 2889 et
856 2836 983 2890 dicit
1013 2837 1056 2866 “'
1086 2852 1098 2888 :
1141 2854 1159 2888 t
1189 2837 1532 2908 Iniquitatem
1570 2856 1741 2895 meam
1792 2853 1976 2896 notam

404 2926 530 2994 feci,
582 2937 636 2982 et
665 2938 944 2998 peccatum
997 2944 1174 2984 meum
1211 2947 1317 2984 non
1348 2935 1623 3002 cooperui.
1675 2934 1814 3000 Dixi,
1846 2940 1976 2993 Pro-

2095 448 2300 504 autem,
2323 442 2424 496 hoc
2447 451 2528 496 est
2544 441 2811 510 corporali
2844 443 3102 508 materiae,
3119 457 3239 512 quae
3251 459 3315 499 ex
3337 446 3489 502 nobis
3511 459 3662 505 caste

2095 542 2307 602 sumpta
2342 533 2537 599 fuerat,
2563 535 2910 600 cohaerebat;
2938 545 2993 589 et
3022 538 3198 592 media
3250 539 3395 595 inter
3437 556 3660 598 carnem

2095 623 2372 695 Deumque
2403 627 2596 696 posita,
2639 627 2999 681 deiﬁcandam
3043 628 3176 699 (εξ),
3211 633 3661 690 sanctiﬁcandam

2099 716 2254 786 197
2283 718 2452 772 sacris
2486 718 2768 784 altaribus,
2789 728 2843 773 et
2871 720 3068 775 divinis
3119 723 3331 792 ignibus
3382 725 3662 781 illustran-

2093 807 2216 861 dam
2251 817 2306 860 et
2355 810 2780 862 conservandam
2814 824 2999 864 secum
3058 813 3124 866 ad
3173 814 3362 878 caelos,
3409 827 3660 872 naturam

2093 899 2274 952 carnis
2311 899 2560 967 imponit.
2612 899 2918 955 Renunculi
2974 911 3155 957 autem
3193 904 3406 973 ignibus
3453 909 3660 975 traditi,

2093 989 2214 1057 quis
2238 989 2443 1044 dubitet
2467 989 2610 1057 quod
2660 991 2838 1046 nullos
2869 993 2921 1046 in
2946 991 3162 1049 Christo
3213 995 3383 1052 fuisse
3418 1000 3662 1056 indicent

2093 1076 2408 1144 genitalium
2435 1079 2668 1147 partium
2697 1081 2912 1134 motus?
2937 1082 3088 1148 Quod
3138 1097 3267 1136 vero
3301 1085 3366 1139 de
3405 1090 3662 1158 sanguine

2093 1169 2286 1222 hostiae
2313 1171 2511 1237 septies
2539 1180 2663 1226 ante
2700 1172 2988 1226 Dominum
3021 1174 3276 1228 sacerdos
3345 1192 3662 1250 respergere

2093 1271 2448 1324 memoratur,
2483 1262 2769 1317 evidenter
2807 1265 2987 1319 sancti
3045 1265 3286 1334 Spiritus
3316 1269 3487 1324 virtus
3538 1288 3660 1342 sep-

2095 1351 2365 1420 templicis
2416 1354 2604 1422 gratiae
2665 1355 2780 1425 (85)
2833 1357 2936 1410 sub
3004 1360 3265 1428 mysterio
3319 1361 3656 1429 designatur.

2092 1446 2332 1512 Quatuor
2357 1462 2564 1502 cornua
2619 1449 2828 1514 altaris,
2887 1467 3006 1520 qua:
3057 1454 3319 1521 sanguine
3375 1455 3657 1522 liniuntur.

2089 1539 2290 1593 Christi
2323 1542 2632 1608 passionem
2667 1541 2859 1596 referri
2891 1553 3126 1612 quatuor
3158 1546 3466 1618 Evangeliis
3515 1551 3661 1606 indi-

2090 1640 2236 1692 cant,
2269 1631 2358 1700 qui
2399 1647 2570 1701 penna
2595 1632 2800 1700 jecoris
2825 1634 3068 1690 oll‘ertur.
3100 1637 3155 1690 In
3211 1638 3394 1706 iecore
3432 1641 3513 1696 ira
3567 1643 3658 1710 ju-

2090 1722 2324 1792 gulatur.
2363 1723 2418 1777 In
2444 1740 2623 1794 penna
2656 1726 2814 1781 velox
2862 1737 2916 1781 et
2941 1731 3153 1784 concita
3182 1732 3265 1786 vis
3315 1732 3516 1790 furoris
3569 1751 3660 1790 os-

2090 1817 2358 1870 tenditur.
2391 1818 2649 1886 Reliquus
2685 1829 2865 1874 autem
2896 1824 3140 1889 sanguis,
3173 1825 3265 1893 qui
3299 1827 3364 1878 ad
3392 1827 3559 1881 basim
3585 1829 3658 1880 al-

2091 1908 2222 1962 taris
2245 1907 2558 1973 eﬂ‘unditur,
2592 1919 2720 1978 puto
2748 1914 2888 1981 quod
2917 1913 3062 1966 illius
3085 1916 3272 1984 gratiae
3302 1915 3530 1972 formam
3559 1921 3659 1973 dc-

2088 1999 2282 2066 signet,
2320 2017 2423 2070 qua
2475 2003 2525 2056 in
2559 2004 2865 2060 novissimis
2888 2006 3076 2063 diebus
3103 2019 3450 2080 posteaquam
3482 2013 3625 2080 pleni
3652 2043 3658 2048 -

2087 2094 2220 2146 tudo
2250 2095 2488 2163 gentium
2515 2097 2916 2162 subintroierit,
2943 2101 3119 2154 omnis
3148 2102 3238 2164 qui
3269 2103 3507 2172 reliqutts
3536 2104 3656 2159 fue-

2087 2184 2160 2237 rit
2197 2183 2382 2250 lsrael,
2413 2186 2477 2238 ad
2511 2187 2761 2241 ultimum
2794 2190 2937 2243 velut
2959 2191 3024 2243 ad
3065 2192 3236 2246 basim
3285 2194 3473 2249 altaris
3506 2199 3654 2265 posi-

2088 2284 2196 2337 tus,
2229 2274 2540 2332 eﬂusionem
2574 2280 2774 2334 Christi
2801 2284 3083 2350 sanguinis
3122 2286 3285 2338 etiam
3315 2287 3427 2356 ipse
3476 2290 3653 2343 susci-

2083 2365 2212 2432 piet.
2242 2366 2316 2420 De
2345 2368 2495 2436 agnis
2531 2383 2658 2423 vero
2687 2380 2741 2422 et
2784 2370 2979 2434 haedis,
3017 2373 3318 2428 turturibus
3345 2383 3400 2428 et
3448 2377 3656 2431 colum-

2085 2459 2192 2521 bis,
2223 2460 2317 2513 sed
2351 2471 2406 2513 et
2430 2460 2603 2514 simila
2637 2476 2930 2531 conspersa
2963 2465 3012 2516 in
3041 2464 3292 2528 oleo,aut
3327 2468 3377 2520 in
3416 2473 3654 2537 panibus

2084 2551 2293 2620 azymis
2337 2563 2510 2617 cocta,
2546 2561 2804 2622 quantum
2836 2568 2922 2608 res
2967 2555 3077 2623 pati
3127 2557 3324 2624 putuit,
3355 2573 3516 2628 supra
3572 2564 3654 2615 di-

2084 2652 2229 2696 ctum
2258 2651 2360 2698 εει.

2154 2735 2207 2790 6.
2235 2735 2522 2789 Videamus
2542 2753 2686 2791 nunc
2722 2754 2843 2808 quae
2874 2740 2960 2795 lex
2996 2743 3386 2811 proponiturin
3419 2747 3653 2803 oﬂ'eren~

2083 2828 2167 2882 dis
2200 2827 2395 2880 hostiis
2424 2843 2521 2896 pro
2547 2840 2793 2897 peccato.
2830 2852 2848 2884 t
2880 2833 2946 2888 Et
2979 2834 3194 2890 locutus
3218 2847 3301 2890 est
3325 2879 3340 2901 ,
3376 2838 3552 2903 inquit
3578 2843 3646 2903 “,

2084 2921 2344 2976 Dominus
2370 2919 2433 2973 ad
2467 2918 2682 2990 Moysen
2715 2924 2904 2980 dicens
2935 2948 2946 2980 :
2981 2927 3173 2980 Anima
3204 2927 3247 2982 si
3275 2942 3376 2996 qua
3408 2930 3652 3000 latuerit,

403 3022 666 3076 nuntiabo
697 3022 979 3076 adversum
1015 3039 1098 3077 me
1136 3021 1450 3090 injustitiam
1481 3041 1678 3092 meam,
1711 3037 1765 3081 et
1797 3037 1850 3081 tu
1886 3044 1973 3082 re-
2003 3042 2046 3099 ο
2081 3033 2136 3076 et
2159 3025 2465 3092 peccaverit
2505 3038 2610 3076 non
2637 3020 2825 3074 volens
2849 3036 2877 3074 a
2915 3023 3118 3077 sanctis
3157 3023 3396 3090 Domini,
3455 3026 3646 3082 oll‘erat

404 3113 604 3168 misisti
662 3114 993 3183 impietatem
1048 3115 1228 3169 cordis
1263 3116 1389 3169 mei.
1444 3135 1461 3168 ι
1509 3115 1644 3170 Vide
1691 3133 1819 3186 ergo
1849 3121 1974 3188 quia

400 3208 755 3273 pronuntiare
779 3215 1058 3273 peccatum
1083 3247 1099 3274 ,
1131 3210 1511 3263 remissionem
1555 3213 1759 3279 peccati
1793 3227 1971 3266 mere-

402 3306 506 3349 tur.
537 3295 851 3350 Prteventus
877 3300 1020 3352 enim
1067 3300 1309 3354 diabolus
1347 3301 1398 3353 in
1435 3303 1796 3366 accusatione,
1832 3303 1970 3356 ultra

399 3403 497 3443 nos
534 3404 795 3444 accusare
823 3407 926 3446 non
959 3393 1198 3460 poterit;
1243 3403 1296 3446 et
1347 3394 1390 3447 si
1431 3395 1529 3462 ipsi
1584 3395 1754 3450 nostri
1801 3398 1972 3452 simus

399 3498 769 3551 accusatores,
803 3487 1019 3556 prolicit
1060 3490 1216 3543 nobis
1248 3489 1314 3542 ad
1345 3488 1605 3551 salutem;
1638 3490 1684 3545 si
1717 3505 1842 3542 vero
1876 3505 1972 3542 ex-

397 3588 702 3646 spectemus
743 3589 802 3633 ut
849 3595 877 3632 a
912 3581 1128 3636 diabolo
1159 3595 1507 3646 accusemur,
1553 3582 1830 3635 accusatio
1879 3581 1967 3636 illa

396 3673 538 3726 cedit
567 3674 725 3728 nobis
753 3675 819 3728 ad
849 3689 1068 3743 poenam
1099 3693 1114 3741 ;
1149 3676 1372 3730 habebit
1403 3676 1548 3731 enim
1577 3678 1754 3732 socios
1789 3677 1839 3730 in
1873 3692 1967 3747 ge-

395 3763 594 3828 benna,
631 3780 767 3833 quos
799 3766 1093 3820 eonvicerit
1123 3766 1415 3820 criminum
1461 3767 1659 3821 socios.

464 3857 520 3911 5.
563 3856 788 3910 Multum
839 3859 945 3912 erit
986 3874 1130 3912 nunc
1187 3859 1484 3912 hostiarum
1520 3859 1883 3922 diversitates,
1915 3867 1968 3912 et

394 3944 788 3999 sacriﬁciorum
816 3948 974 4010 ritus,
1013 3961 1076 4001 ae
1102 3949 1402 4002 varietates
1450 3950 1695 4018 exsequi,
1732 3960 1786 4004 et
1811 3950 1967 4021 longe

395 4036 615 4092 alterius
642 4040 849 4108 Operis,
879 4055 1038 4109 quam
1082 4039 1201 4109 ejus
1228 4039 1401 4104 verbi,
1429 4042 1572 4108 quod
1609 4041 1661 4093 in
1691 4044 1965 4096 communi

393 4129 659 4184 auditorio
695 4131 888 4202 vulgus
920 4131 1175 4200 excipiat.
1196 4131 1390 4186 Verum
1423 4141 1480 4185 ut
1512 4131 1691 4201 aliqua
1719 4133 1770 4186 in
1796 4141 1967 4188 trans-

390 4238 551 4279 cursu
601 4228 971 4295 perstringere
1011 4227 1325 4292 videamur,
1365 4227 1543 4282 omnis
1580 4227 1792 4295 quidem
1828 4243 1965 4296 pene

389 4318 563 4371 hostia
605 4334 724 4386 qua:
754 4318 1001 4382 offertur,
1037 4319 1201 4372 habet
1249 4317 1452 4388 aliquid
1502 4317 1693 4373 forma:
1737 4330 1790 4373 et
1822 4320 1961 4373 ima-

389 4407 530 4476 ginis
553 4407 777 4462 Christi.
814 4409 869 4461 In
897 4408 1068 4476 ipsum
1102 4420 1339 4475 namque
1386 4407 1565 4463 omnis
1609 4407 1780 4462 hostia
1809 4424 1962 4464 reca-

388 4499 672 4568 pitulatur,
699 4499 752 4552 in
787 4508 994 4554 tantum
1033 4508 1090 4553 ut
1119 4509 1405 4570 postquam
1454 4500 1570 4568 ipse
1617 4500 1830 4555 oblatus
1856 4511 1959 4568 est,

385 4607 580 4648 omnes
607 4592 796 4646 hostiae
823 4595 1179 4658 cessaverint,
1210 4609 1330 4663 quae
1353 4609 1479 4648 eum
1507 4593 1560 4647 in
1597 4603 1722 4664 typo
1755 4607 1811 4648 et
1844 4611 1962 4648 um-

387 4686 482 4739 bra
509 4696 898 4754 praecesserant
924 4685 1026 4751 ;de
1048 4687 1265 4756 quibus,
1290 4697 1449 4756 prout
1470 4688 1772 4758 potuimus,
1795 4687 1846 4740 in
1871 4702 1963 4743 sn-

386 4777 694 4846 perioribns
717 4778 984 4847 quomodo
1001 4778 1198 4832 vitulus
1218 4779 1330 4849 (8i)
1357 4795 1386 4832 a
1416 4779 1672 4849 pontifice
1706 4779 1921 4834 oblatus
1940 4819 1957 4844 ,

387 4868 502 4923 sive
525 4870 578 4924 in
613 4884 860 4937 munere,
875 4869 989 4923 sive
1017 4885 1112 4939 pro
1137 4880 1381 4938 peccato,
1402 4869 1628 4925 formam
1651 4869 1766 4939 eius
1788 4871 1954 4925 habe-

389 4970 494 5025 ret,
512 4961 868 5016 ostendimus.
886 4961 1084 5030 Adipes
1097 4976 1223 5015 vero
1243 4962 1332 5030 qui
1353 4962 1656 5016 olferuntur
1685 4965 1734 5016 itt
1760 4978 1954 5017 mune-

390 5068 468 5116 re,
488 5053 794 5122 operientes
809 5053 1067 5108 interiora
1095 5054 1385 5109 etrembus
1404 5055 1758 5119 cohaerentes,
1778 5062 1956 5124 potest

387 5155 571 5200 saneta
603 5144 692 5198 illa
727 5145 844 5214 ejus
869 5145 1046 5199 anima
1075 5145 1298 5216 intelligi
1327 5187 1343 5214 ,
1385 5161 1505 5215 quae
1541 5145 1798 5200 interiora
1831 5147 1954 5214 qui-

452 5283 476 5316 ⁸
500 5283 670 5338 Levit.
707 5298 758 5349 v,
796 5283 852 5338 5.
925 5285 946 5316 ⁹
979 5283 1239 5348 lsa.xt.nt,
1261 5284 1352 5338 26.
1431 5284 1472 5315 ¹⁰
1499 5283 1640 5337 Psal.
1668 5297 1842 5345 xxxn,
1866 5281 1915 5334 l.

456 5404 565 5468 (79)
600 5403 659 5459 Si
705 5405 1022 5468 peccaverit,
1057 5416 1162 5458 etc.
1213 5404 1356 5458 Citat
1404 5403 1544 5454 hunc
1577 5399 1751 5453 locum
1780 5397 1944 5453 Jonas

389 5475 794 5550 Aureliattalib.
828 5473 956 5550 I__D_e
985 5476 1150 5527 instit.
1189 5474 1336 5550 laic._,
1369 5488 1488 5538 Cap.
1524 5470 1608 5550 l6.
1733 5540 1743 5550 _
1777 5539 1788 5550 .

460 5544 569 5616 (80)
610 5546 765 5599 Libb.
799 5546 950 5606 editi,
978 5564 996 5596 ι
1035 5561 1152 5612 qua:
1180 5547 1472 5616 egerimus,
1514 5541 1557 5592 si
1585 5540 1744 5616 quod
1777 5540 1826 5592 in
1855 5555 1948 5593 oc—

394 5610 826 5683 cnl'to'gerimus.
863 5616 908 5669 si
939 5610 1103 5685 quod,
1137 5634 1154 5666 ι
1198 5610 1326 5678 έιεη
1361 5614 1455 5666 sed
1497 5611 1618 5666 cod.
1664 5610 1945 5679 Sangertu.

401 5697 456 5740 ut
491 5688 542 5742 in
584 5697 770 5742 nostro
799 5696 970 5741 textu.

925 5285 946 5316 ⁹
979 5283 1239 5348 lsa.xt.ut,
1261 5284 1352 5338 26.

2080 3130 2176 3184 pro
2209 3115 2410 3169 delicto
2448 3132 2545 3169 suo
2580 3114 2806 3167 arietem
2859 3113 3272 3168 immaculatum
3314 3117 3380 3171 de
3432 3119 3649 3182 ovibus,

2079 3219 2316 3277 emptum
2352 3209 2527 3278 pretio
2556 3206 2766 3278 argenti
2790 3205 2924 3260 siclo
2958 3215 3169 3270 sancto,
3204 3209 3255 3261 in
3283 3224 3348 3263 eo
3377 3211 3519 3279 quod
3554 3212 3649 3265 dea

2079 3299 2254 3368 liquit,
2287 3310 2334 3354 et
2362 3300 2502 3366 quod
2535 3299 2778 3366 peccavit
2813 3314 2840 3350 a
2875 3299 3104 3363 sanctis,
3135 3301 3344 3366 reddet,
3400 3313 3456 3358 et
3491 3305 3650 3372 quin-

2079 3405 2160 3448 tas
2201 3394 2418 3464 adjiciet
2441 3395 2503 3447 ad
2535 3394 2685 3456 illud,
2717 3401 2767 3446 et
2800 3392 2949 3446 dabit
2973 3392 3121 3447 illum
3154 3397 3446 3461 sacerdoti,
3475 3406 3525 3451 et
3555 3413 3648 3451 sa~

2075 3485 2267 3538 cerdos
2291 3485 2536 3538 exorabit
2559 3499 2656 3551 pro
2689 3498 2754 3536 eo
2785 3484 2834 3535 in
2870 3483 3044 3538 ariete
3072 3484 3276 3548 delicti,
3309 3495 3364 3540 et
3395 3488 3646 3541 remitte-

2076 3587 2162 3629 tur
2187 3577 2257 3630 ei.
2301 3596 2319 3627 ι
2357 3577 2409 3628 In
2435 3576 2802 3644 superioribus
2830 3576 3063 3645 legibus,
3089 3593 3208 3645 qttre
3241 3578 3308 3632 de
3357 3579 3645 3634 immundi-

2075 3669 2161 3721 tia:
2193 3668 2476 3722 sacriﬁciis
2519 3668 2912 3732 referebantur,
2953 3667 3122 3721 sicubi
3172 3669 3369 3722 dixerit
3401 3667 3640 3723 offeren-

2073 3760 2224 3824 dum,
2275 3759 2422 3814 verbi
2472 3775 2658 3819 causa,
2712 3773 2891 3822 ovem,
2940 3767 3034 3811 aut
3086 3760 3328 3826 haedum,
3382 3763 3580 3816 addidit
3623 3780 3638 3814 :

2072 3851 2224 3919 Quod
2251 3853 2296 3905 si
2344 3867 2449 3904 non
2479 3851 2676 3904 sullicit
2723 3866 2917 3904 manus
2938 3851 3055 3918 ejus
3089 3851 3153 3905 ad
3182 3853 3424 3919 haedum,
3455 3867 3544 3910 aut
3572 3860 3640 3913 ad

2072 3959 2290 4014 agnum,
2315 3943 2505 3998 oﬁ‘erat
2545 3960 2641 4012 par
2673 3952 2944 3997 turturum
2972 3985 2986 4007 ,
3019 3953 3110 3996 aut
3158 3946 3294 4000 duos
3319 3948 3494 4015 pullos
3541 3965 3640 4004 co-

2072 4036 2363 4090 lumbinos.
2390 4037 2452 4089 Et
2483 4036 2879 4100 iterttszttod
2912 4038 2955 4091 si
2990 4053 3087 4092 nec
3123 4040 3188 4092 ad
3236 4043 3337 4094 hoc
3389 4043 3638 4107 sulIiciet,

2069 4128 2261 4184 offerat
2287 4128 2668 4197 similaginem.
2697 4128 2753 4182 In
2789 4129 2893 4184 hac
2924 4146 3055 4185 vero
3090 4130 3206 4201 lege
3231 4135 3365 4198 ,‘nbi
3403 4135 3468 4189 de
3514 4151 3642 4204 pec-

2069 4229 2194 4275 cato
2225 4221 2370 4289 quod
2406 4220 2458 4272 itt
2496 4221 2700 4274 sanctis
2734 4222 3116 4287 committitur,
3147 4224 3390 4289 disserit,
3432 4227 3636 4280 nullam

2068 4315 2504 4369 substitutionem
2532 4313 2804 4369 inferioris
2831 4317 3021 4370 hostias
3044 4318 3316 4384 secundat,
3351 4319 3432 4372 vel
3464 4321 3635 4374 tertiz‘e

2069 4407 2403 4476 subrogavit,
2435 4406 2530 4460 sed
2566 4406 2756 4458 statuit
2785 4406 2956 4460 solum
3001 4408 3222 4462 arietem
3251 4407 3584 4463 offerendum
3619 4426 3635 4473 ;

2068 4512 2170 4551 nec
2197 4497 2356 4550 aliter
2387 4495 2624 4551 ostendit
2657 4493 2789 4550 solvi
2827 4511 2990 4564 posse
3048 4510 3330 4567 peccatum
3382 4501 3523 4568 quod
3582 4502 3636 4555 itt

2067 4598 2255 4644 sancta
2307 4588 2689 4651 committitur,
2752 4589 2852 4641 nisi
2907 4589 3136 4642 arietem
3174 4589 3549 4658 iugulaverit:
3582 4602 3637 4648 et

2065 4697 2174 4736 non
2205 4681 2526 4750 simpliciter
2546 4681 2792 4745 arietem,
2812 4679 2905 4735 sed
2925 4681 3145 4736 arietem
3169 4684 3345 4752 pretio
3367 4692 3632 4753 emptum,

2063 4782 2121 4828 et
2154 4783 2303 4827 certo
2335 4771 2530 4839 pretio,
2563 4791 2581 4822 ς
2617 4769 2773 4833 siclo,
2813 4771 3008 4840 inquit,
3057 4783 3264 4827 sancto.
3298 4791 3318 4825 ι
3345 4772 3482 4838 Quid
3535 4773 3635 4841 igi-

2065 4859 2194 4914 tur?
2233 4859 2280 4913 si
2314 4859 2433 4929 quis
2469 4874 2672 4929 pauper
2698 4859 2888 4922 fuerit,
2919 4868 2972 4912 et
3005 4875 3111 4914 non
3149 4861 3402 4916 habuerit
3435 4861 3630 4917 siclum

2065 4961 2308 5008 sanctum
2360 4951 2501 5006 unde
2552 4951 2782 5004 mercari
2814 4949 2988 5018 possit
3046 4951 3296 5014 arietem,
3341 4962 3630 5022 peccatum

2065 5045 2184 5114 ejus
2207 5060 2309 5099 non
2343 5043 2583 5100 solvetur
2609 5044 2633 5097 ?
2667 5043 2983 5111 Quzerendte
3016 5054 3141 5097 sunt
3172 5058 3303 5112 ergo
3335 5044 3630 5112 unicuique

2063 5149 2119 5193 et
2151 5135 2371 5202 divitiae,
2399 5143 2458 5190 ut
2487 5143 2764 5205 peccaturo
2791 5132 2908 5202 ejus
2945 5134 3118 5202 possit
3143 5133 3370 5190 absolﬁ.
3424 5130 3626 5188 Verum

1994 5280 2035 5311 “
2069 5274 2241 5331 Levit.
2271 5289 2323 5340 v,
2354 5270 2441 5335 Η,
2474 5266 2672 5333 15,16.

2124 5392 2236 5463 (8i)
2277 5389 2433 5463 Libb.
2459 5386 2672 5463 editi,_<_
2717 5384 2770 5436 in
2803 5381 3179 5463 superioribus
3211 5378 3446 5463 diximus
3487 5393 3626 5446 quo-

2058 5449 2231 5519 modo
2251 5461 2470 5517 vitulus,
2497 5478 2514 5508 ι
2538 5457 2631 5509 sed
2662 5457 2711 5507 in
2749 5449 2904 5507 codd.
2939 5468 3070 5505 mss.
3088 5451 3259 5510 deest,
3281 5467 3300 5497 ‹
3323 5449 3619 5502 diximus.)

2150 5533 2238 5596 8‘2)
2282 5534 2336 5584 In
2380 5529 2566 5582 codice
2603 5524 2885 5598 Sttngertn.
2921 5523 3096 5598 deest,
3131 5539 3148 5570 t
3185 5519 3567 5598 tleilicandam.
3598 5537 3616 5568 ι

2150 5537 2238 5596 8‘2)
2282 5537 2336 5584 In
2380 5537 2566 5582 codice
2603 5537 2885 5593 Sangcrm.
2921 5537 3096 5581 deest,
3131 5539 3148 5570 t
3185 5537 3567 5598 tletttcnnttattt.
3598 5537 3616 5568 δ

2127 5537 2241 5674 ἓὸὂ)
2272 5602 2418 5655 Idem
2459 5599 2626 5653 codex
2661 5596 2843 5658 habet,
2886 5611 2904 5644 ς
2937 5593 3159 5658 Spiritus
3199 5588 3466 5654 SlltlpltClS
3497 5603 3624 5656 gra-

2062 5687 2164 5729 ιιω.
2203 5693 2222 5725 t
