4024 6146
390 311 488 367 ιῦδ

1537 303 1605 359 IN
1643 294 2020 361 LEVITICUM
2059 294 2340 353 HOMILIA
2370 296 2462 353 IV.

3510 293 3617 350 454

383 442 492 499 quo
549 433 714 491 sunt,
763 425 975 496 inquit,
1019 439 1211 490 omnes
1259 425 1498 488 thesauri
1557 425 1836 494 sapientiae
1900 429 1955 474 et
1982 421 2030 474 Α
2055 417 2232 472 cunize
2259 418 2554 474 Dominicae
2593 430 2789 472 nomen
2823 422 2927 481 est,
2965 423 3021 470 et
3056 415 3110 470 iu
3149 413 3330 472 multis
3369 412 3617 484 Scriptu-

381 518 623 575 scientize
655 516 978 572 absconditi.
1029 535 1048 568 ι
1097 517 1201 572 Sed
1225 525 1278 572 et
1313 517 1366 571 in
1411 515 1714 584 Evangeliis
1771 515 1945 570 Domi-

383 626 484 668 nus
513 609 650 664 dicit
669 609 736 673 ¹⁰,
771 608 894 677 quia
922 609 1100 670 scriba
1141 609 1289 664 dives
1332 627 1350 660 ι
1383 608 1590 679 profert
1623 607 1688 661 de
1737 608 1953 661 thesau-

383 702 462 757 ris
488 699 601 753 suis
631 714 769 754 nova
794 707 850 752 et
877 707 1079 752 vetera.
1118 716 1136 750 ι
1176 698 1250 751 De
1283 698 1365 751 his
1403 707 1458 750 et
1487 695 1764 764 apostolus
1811 693 1949 748 Pau-

383 793 467 848 lus
493 792 627 846 dicit
649 791 716 855 ²¹,
759 807 779 841 ι
815 789 940 859 quia
983 788 1036 841 in
1067 786 1318 841 omnibus
1348 786 1538 841 divites
1573 784 1700 838 facti
1731 783 1865 837 estis
1897 781 1950 835 in

385 885 496 951 illo,
531 886 585 940 in
618 884 769 940 omni
810 884 1000 946 verbo,
1024 890 1076 938 et
1111 883 1162 936 in
1185 882 1331 936 omni
1365 881 1615 936 scientia.
1649 899 1667 932 ι
1730 878 1806 932 Ex
1866 878 1951 930 his

383 993 512 1047 ergo
535 976 760 1039 divitiis,
784 989 903 1044 qua:
929 975 998 1030 de
1032 975 1306 1028 thesauris
1330 973 1608 1043 sapientiae
1634 980 1688 1028 et
1712 971 1951 1027 scientiae

386 1069 761 1141 proferuntur,
813 1067 1139 1122 mercandus
1179 1067 1331 1120 nobis
1376 1073 1459 1120 est
1495 1065 1599 1120 iste
1633 1065 1809 1128 aries,
1857 1061 1948 1133 qui

385 1159 573 1215 oﬁ‘erri
613 1158 808 1214 debeat
855 1172 952 1226 pro
1007 1156 1244 1226 peccatis
1302 1155 1408 1215 illis
1453 1154 1660 1211 scilicet
1713 1167 1830 1222 quae
1893 1153 1948 1206 in

385 1256 575 1305 sancta
627 1244 916 1304 commissa
952 1255 1101 1312 sunt,
1136 1254 1194 1304 et
1249 1243 1369 1299 sicli
1406 1243 1578 1298 sancti
1624 1256 1949 1296 annumera-

385 1341 534 1395 tione
594 1337 938 1396 mercandus.
1006 1337 1124 1394 Jam
1199 1337 1450 1406 superius
1508 1335 1744 1399 diximus
1808 1333 1952 1403 quod

382 1430 561 1488 omnis
615 1430 794 1494 hosﬁa
860 1439 1041 1499 typum
1093 1437 1246 1496 gerat
1297 1435 1350 1490 et
1408 1423 1694 1494 imaginem
1729 1423 1948 1490 Christi,

387 1520 556 1576 multo
613 1521 787 1590 magis
839 1522 1004 1582 aries,
1061 1520 1150 1588 qui
1191 1527 1244 1572 et
1287 1534 1381 1587 pro
1429 1516 1582 1569 isziac
1621 1515 1890 1583 quomiam
1921 1529 1950 1570 ιι

387 1614 496 1669 Deo
525 1613 855 1668 substitutus
913 1621 999 1666 est
1051 1610 1410 1665 immolandus
1463 1608 1532 1662 “.
1594 1607 1738 1662 Siclo
1789 1606 1953 1676 igitur

385 1715 577 1762 sancto
606 1705 1004 1771 comparandus
1044 1703 1201 1757 nobis
1234 1713 1318 1756 est
1349 1701 1623 1766 Christus,
1645 1700 1739 1769 qui
1765 1715 1953 1769 pecca-

388 1805 442 1849 ta
472 1804 656 1851 nostra
717 1793 1004 1850 dissolvat.
1059 1792 1237 1849 Siclus
1299 1804 1523 1848 sanctus
1578 1793 1702 1848 ﬁdei
1759 1803 1956 1848 nostra:

390 1889 626 1944 formam
659 1894 824 1943 tenet.
865 1885 920 1940 Si
968 1887 1110 1940 enim
1154 1887 1314 1940 ﬁdem
1377 1886 1642 1942 obtuleris
1701 1895 1955 1955 tanquam

388 1981 649 2050 pretium,
681 1980 898 2036 Christo
931 1979 1080 2033 velut
1118 1980 1288 2034 ariete
1341 1978 1689 2034 immaculato
1745 1978 1797 2033 in
1858 1979 1958 2034 ho-

388 2073 546 2128 stiam
577 2071 706 2126 dato
734 2071 1109 2128 remissionem
1146 2071 1384 2141 accipies
1418 2081 1785 2142 peccatorum.
1818 2071 1958 2130 Sen-

395 2165 466 2223 tio
488 2163 632 2232 quod
670 2164 726 2217 in
755 2161 1098 2230 explanando
1125 2163 1268 2217 vires
1312 2174 1525 2219 nostras
1573 2164 1956 2235 mysteriorum

390 2264 611 2323 superat
670 2255 999 2324 magnitudo.
1068 2252 1174 2308 Sed
1230 2255 1475 2322 quamvis
1525 2270 1628 2308 non
1680 2253 1958 2310 valeamus

390 2354 584 2402 cuncta
613 2344 911 2410 disserere,
965 2355 1142 2399 tamen
1209 2344 1472 2400 sentimus
1511 2354 1706 2402 cuncta
1757 2345 1956 2415 repleta

390 2451 509 2496 esse
551 2439 843 2506 mysteriis.
878 2436 941 2490 Et
965 2438 1083 2492 ideo
1116 2437 1374 2492 studiosis
1418 2437 1720 2507 quibusque
1761 2437 1959 2492 indicia

392 2532 637 2598 posuisse
659 2529 908 2596 sufﬁciat,
940 2531 1136 2600 quibus
1165 2531 1386 2586 excitati
1432 2532 1498 2585 ad
1537 2531 1728 2590 altiora
1768 2533 1961 2586 horum

391 2632 445 2676 et
482 2624 838 2693 profundiora
873 2625 1210 2692 perveniant,
1241 2635 1296 2680 et
1338 2625 1638 2694 intelligant
1675 2641 1741 2680 ex
1765 2626 1962 2696 quibus

391 2713 470 2770 eis
490 2717 746 2786 gregibus
777 2726 1060 2784 quaeratur
1091 2718 1291 2772 vitulus
1322 2717 1386 2776 ad
1419 2717 1650 2772 hostiam
1674 2758 1690 2782 ,
1738 2733 1803 2772 ex
1845 2718 1964 2791 qui-

391 2803 491 2858 bus
545 2805 739 2860 ovibus
781 2807 924 2861 aries
972 2807 1339 2875 providendus
1365 2809 1455 2862 sit.
1521 2826 1540 2861 σ
1593 2809 1778 2864 llabeo
1817 2809 1960 2863 enim

392 2894 608 2967 (inquit
654 2896 810 2954 Jesus
839 2899 926 2968 ’³)
967 2907 1021 2954 et
1059 2900 1192 2955 alias
1227 2915 1377 2968 oves,
1419 2917 1538 2969 quae
1583 2917 1690 2957 non
1737 2911 1864 2956 sunt
1899 2902 1966 2956 de

391 2987 494 3043 hoc
535 2988 691 3054 ovili,
723 2999 780 3044 et
839 2989 958 3045 illas
1003 2999 1217 3058 oportet
1271 3007 1356 3056 me
1385 2991 1655 3050 adducere
1702 3009 1714 3044 :
1771 3005 1830 3048 ut
1869 2992 1966 3048 ﬁat

2059 524 2241 564 rarum
2308 510 2480 577 locis,
2532 510 2761 566 diversis
2824 508 3237 578 appellationum
3302 509 3615 565 nominibus

2056 601 2284 672 pecunia
2363 601 2644 658 Dominica
2755 609 3112 656 memoratur.
3188 600 3293 656 Sed
3366 603 3613 672 quaedam

2055 693 2243 757 proba,
2273 693 2513 760 quaedam
2549 707 2676 747 vero
2731 696 2958 761 reproha
2994 694 3212 748 dicitur.
3257 693 3432 748 Proba
3495 703 3614 749 erat

2057 785 2144 839 illa
2185 784 2409 853 pecunia
2445 785 2510 848 ³³,
2551 800 2711 853 quam
2773 784 3164 853 paterfamilias
3211 801 3435 856 peregre
3491 803 3615 857 pro-

2055 877 2322 943 tecturus,
2363 877 2570 931 vocatis
2602 877 2776 931 servis
2819 877 2933 930 suis
2988 878 3141 932 dedit
3181 880 3476 949 unicuique
3529 894 3616 934 se-

2057 969 2292 1023 cundum
2349 969 2604 1022 virtutem
2656 984 2832 1024 suam.
2883 971 3057 1025 Proba
3117 980 3235 1026 erat
3283 983 3337 1028 et
3398 974 3483 1026 illa
3524 989 3618 1042 pe-

2056 1061 2238 1125 cunia,
2291 1074 2411 1128 qua:
2457 1061 2710 1117 denarius
2765 1063 3090 1128 nominatur,
3144 1064 3235 1132 qui
3309 1066 3617 1136 cum199

2058 1155 2409 1208 mercenariis
2465 1162 2655 1223 pactus
2722 1164 2845 1221 est,
2907 1166 2962 1210 et
3002 1170 3032 1209 a
3083 1157 3392 1212 novissimis
3459 1160 3616 1212 datus

2057 1255 2329 1314 estusque
2355 1247 2418 1300 ad
2440 1247 2665 1315 primos.
2697 1245 2846 1301 Scire
2878 1262 3010 1318 ergo
3038 1256 3090 1302 te
3121 1257 3352 1318 oportet,
3382 1251 3508 1318 quia
3535 1259 3620 1305 est

2057 1344 2112 1392 ct
2132 1337 2236 1391 alia
2258 1338 2480 1406 pecunia
2507 1339 2756 1407 reproba.
2773 1339 2909 1393 Audi
2930 1340 3246 1409 prophetam
3267 1341 3532 1396 dicentem
3549 1343 3614 1399 '7'.

2064 1434 2388 1504 «Argentum
2416 1441 2653 1488 vestrum
2684 1433 3023 1501 reprobum.»
3056 1432 3189 1499 Quia
3212 1449 3340 1505 ergo
3365 1444 3447 1491 est
3473 1451 3620 1506 quae-

2060 1525 2180 1579 dam
2241 1524 2442 1593 proba,
2512 1523 2754 1593 quaedam
2813 1541 2942 1581 vero
2997 1527 3265 1595 reproba,
3335 1539 3620 1597 propterea

2059 1616 2382 1685 Apostolus,
2425 1615 2570 1670 velut
2617 1617 2685 1670 ad
2732 1616 3038 1686 probabiles
3079 1619 3397 1686 trapezitas.
3452 1635 3623 1690 cpr0~

2060 1709 2276 1772 bantes,
2311 1707 2486 1779 inquit
2519 1710 2582 1775 ⁸⁸,
2617 1710 2815 1772 omnia,
2856 1710 2996 1778 quod
3031 1711 3229 1766 bonum
3266 1721 3348 1766 est
3373 1712 3621 1766 obtinen-

1984 1777 2028 1832 B
2061 1812 2188 1858 tes.»
2220 1777 2546 1858 Solus—enim
2579 1812 2662 1857 est
2684 1777 2945 1857 Dominus
2970 1813 3153 1860 noster
3176 1804 3332 1862 Jesus
3352 1807 3618 1881 Christus,

2055 1898 2149 1966 qui
2184 1907 2235 1952 te
2270 1896 2577 1966 huiusmodi
2625 1907 2793 1952 artem
2823 1898 2992 1967 possit
3023 1899 3279 1967 edocere,
3320 1917 3416 1972 per
3455 1919 3615 1973 quam

2057 1991 2198 2045 scias
2231 1990 2556 2056 discernere,
2604 2005 2723 2060 quae
2771 1991 2840 2044 sit
2883 1995 3129 2060 pecunia,
3175 2009 3297 2062 quae
3325 1995 3433 2049 veri
3478 2000 3621 2064 regis

2058 2079 2348 2148 imaginem
2391 2089 2569 2144 tenet;
2617 2095 2736 2149 qua;
2764 2095 2892 2134 vero
2931 2081 3002 2135 sit
3047 2083 3391 2148 adulterina,
3448 2095 3502 2140 et
3561 2097 3619 2142 ut

2058 2170 2214 2240 vulgo
2244 2172 2463 2235 dicitur,
2499 2180 2652 2226 extra
2685 2181 2954 2226 monetam
2993 2172 3246 2238 formata,
3275 2190 3394 2243 quae
3420 2192 3615 2232 nomen

2059 2263 2273 2330 quidem
2315 2262 2514 2318 habeat
2555 2263 2728 2332 regis,
2762 2263 3053 2318 veritatem
3084 2275 3262 2319 autem
3291 2267 3449 2337 regite
3481 2268 3617 2338 ﬁgu-

2061 2365 2135 2405 ra:
2192 2367 2297 2406 non
2349 2361 2552 2406 teneat.
2593 2352 2742 2406 Multi
2805 2369 3038 2424 namque
3087 2365 3212 2408 sunt
3272 2359 3362 2426 qui
3419 2375 3616 2415 nomen

2061 2441 2261 2498 Christi
2299 2445 2518 2509 habent,
2569 2445 2664 2499 sed
2713 2446 2997 2500 veritatem
3029 2462 3132 2500 non
3163 2448 3359 2503 habent
3394 2449 3615 2508 Christi.

2063 2532 2131 2586 Et
2154 2543 2376 2603 propter
2408 2534 2509 2589 hoc
2534 2535 2663 2590 dicit
2690 2535 2964 2606 apostolus
2995 2537 3193 2594 Paulus
3230 2541 3274 2572 "
3302 2558 3315 2594 :
3355 2560 3374 2594 ι
3397 2540 3622 2612 Oportet

2063 2624 2208 2678 enim
2257 2633 2311 2677 et
2361 2626 2597 2682 haereses
2635 2641 2791 2695 esse,
2843 2637 2902 2683 ut
2931 2630 3142 2699 probati
3180 2631 3449 2688 manifesti
3490 2634 3625 2690 ﬁant

2065 2713 2204 2770 inter
2245 2731 2361 2774 vos.
2391 2735 2411 2768 ι
2457 2716 2662 2774 Idcirco
2706 2721 2868 2788 igitur
2899 2730 2953 2774 et
2993 2723 3043 2776 in
3089 2724 3343 2792 praesenti
3391 2723 3623 2782 lectione

2065 2805 2370 2874 legislator,
2409 2817 2552 2863 tctus
2597 2810 2663 2863 ad
2702 2811 2988 2881 mysticum
3027 2821 3083 2865 et
3119 2811 3415 2882 spiritalem
3438 2814 3625 2883 _respi-

2065 2899 2214 2954 ciens
2260 2913 2496 2967 sensum,
2545 2901 2753 2955 addidit
2789 2911 2848 2955 ut
2896 2902 3038 2956 aries
3089 2901 3217 2968 iste,
3272 2903 3363 2972 qui
3411 2905 3482 2959 ob
3522 2904 3626 2960 hoc

2065 3000 2430 3060 comparatur,
2479 3000 2538 3046 ut
2585 3002 2867 3062 peccatum
2915 2993 3085 3062 possit
3136 2994 3458 3059 absolvere,
3515 3011 3621 3050 non

392 3097 532 3136 unus
573 3097 705 3152 grex
743 3091 799 3137 et
829 3098 970 3138 unus
1002 3095 1209 3153 pastor.
1243 3103 1261 3137 ι
1311 3084 1499 3139 Sciant
1529 3085 1693 3140 etiam
1718 3086 1808 3140 ubi
1851 3096 1964 3141 tur-
1989 3108 2031 3165 ο
2067 3084 2430 3153 qualicunque
2457 3084 2618 3149 siclo,
2649 3085 2752 3141 hoc
2793 3094 2897 3151 est,
2933 3101 3038 3140 non
3072 3087 3432 3156 qualicunque
3463 3101 3625 3157 pecu-

392 3183 561 3236 tures.
601 3175 688 3228 ubi
717 3174 982 3229 columba:
1009 3175 1346 3243 requirenda).
1393 3185 1539 3232 sunt.
1599 3195 1618 3228 ι
1652 3174 1827 3245 Oculi,
1876 3180 1962 3233 in-

391 3266 510 3334 quit
543 3265 611 3329 “,
645 3265 718 3319 tui
747 3266 889 3320 sicut
914 3267 1178 3322 columbae
1206 3283 1372 3336 super
1405 3268 1766 3336 plenitudines
1789 3286 1959 3340 aqua-

395 3371 534 3412 rum.
574 3357 703 3411 rAd
739 3371 1000 3424 aquarum
1061 3373 1192 3428 ergo
1247 3357 1611 3428 plenitudines
1668 3375 1964 3429 properan-

395 3447 521 3512 dum
549 3456 654 3511 est,
689 3448 740 3506 in
773 3447 858 3502 his
890 3449 1034 3508 enim
1075 3464 1287 3519 sponsae
1341 3451 1668 3506 describitur
1721 3452 1961 3521 pulchri-

398 3541 545 3595 tudo.
578 3558 597 3592 ι
630 3541 696 3596 Ει
734 3540 954 3607 collum,
998 3541 1170 3610 inquit
1195 3543 1262 3609 ³⁸,
1306 3551 1455 3598 tuum
1485 3542 1627 3598 sicut
1649 3544 1898 3598 turturis.
1935 3563 1954 3596 ι

393 3631 450 3685 In
510 3634 774 3689 columbis
811 3634 952 3688 oculi
995 3633 1375 3700 praedicantur.
1417 3635 1570 3702 Quod
1609 3638 1753 3692 enim
1801 3638 1960 3704 dixit,

397 3742 418 3777 ι
457 3727 719 3782 columbae
756 3743 920 3796 super
941 3728 1304 3796 plenitudines
1354 3745 1638 3798 aquarum,
1687 3749 1705 3783 ι
1778 3730 1962 3786 ferunt

395 3819 496 3873 hoc
525 3834 695 3889 genus
736 3821 878 3887 avis,
921 3837 1043 3876 cum
1075 3823 1142 3878 ad
1184 3837 1358 3892 aquas
1391 3823 1641 3888 venerit,
1696 3823 1822 3893 quia
1887 3824 1962 3885 ibi

397 3911 533 3966 solet
573 3913 850 3982 accipitris
898 3912 1126 3974 insidias
1177 3914 1307 3983 pati,
1349 3915 1658 3970 venientem
1731 3915 1964 3984 desuper

396 4001 700 4071 inimicum,
737 4003 1020 4058 volitantis
1050 4005 1238 4058 umbra
1276 4003 1432 4070 aquis
1467 4003 1706 4071 inspecta
1767 4002 1962 4070 depre-

395 4096 654 4161 hendere,
696 4107 748 4149 et
780 4095 1056 4151 oculorum
1098 4093 1432 4163 perspicacia
1469 4093 1711 4147 fraudem
1738 4091 1959 4162 periculi

396 4190 736 4244 imminentis
759 4190 1012 4243 evadere.
1051 4189 1203 4253 Quod
1243 4188 1286 4241 si
1326 4197 1380 4240 et
1418 4197 1473 4240 tu
1534 4187 1608 4240 ita
1649 4185 1964 4255 prospicere

393 4282 637 4350 potueris
667 4281 893 4334 insidias
926 4279 1123 4338 diaboli
1157 4288 1210 4332 ct
1239 4293 1454 4345 cavere,
1495 4278 1822 4332 sacriﬁcium
1855 4277 1962 4332 Deo

393 4373 673 4428 Columbus
708 4371 992 4425 obtuleris.
1021 4370 1127 4422 Sed
1156 4379 1210 4424 et
1234 4370 1430 4437 quibus
1463 4371 1586 4424 talia
1629 4384 1772 4424 cura!
1811 4378 1956 4434 sunt,

2065 3176 2175 3241 nia,
2231 3177 2323 3230 sed
2361 3175 2494 3230 siclo
2539 3187 2726 3230 sancto
2783 3187 3149 3246 comparetur.
3215 3176 3366 3243 Quod
3416 3178 3462 3232 si
3516 3193 3622 3232 non

2064 3267 2388 3336 respiciebat
2421 3267 2486 3320 ad
2513 3268 2846 3336 mysterium,
2880 3267 3009 3336 quid
3045 3269 3270 3323 rationis
3309 3283 3430 3324 esse
3472 3270 3622 3326 vide-

2061 3361 2244 3424 batur,
2281 3371 2338 3413 ut
2381 3359 2523 3412 aries
2567 3368 2781 3427 emptus
2819 3357 3106 3414 otferretur
3156 3358 3223 3413 ad
3267 3359 3522 3425 hostiam,
3570 3369 3626 3413 et

2063 3462 2210 3507 certo
2246 3450 2468 3520 pretio?
2515 3457 2568 3505 et
2603 3464 2708 3504 non
2750 3448 2949 3506 sufﬁcit
2975 3463 3172 3504 nomen
3215 3451 3455 3516 pecuniae
3481 3451 3618 3506 siclo

2064 3543 2393 3607 nominasse,
2434 3545 2527 3598 sed
2573 3542 2780 3596 addidit
2825 3551 2881 3596 et
2927 3551 3117 3598 sancto
3169 3541 3343 3596 siclo?
3393 3542 3530 3609 Quid
3577 3544 3626 3598 si

2064 3636 2288 3689 haberet
2316 3633 2512 3701 aliquis
2542 3631 2594 3684 in
2631 3631 2885 3702 gregibus
2913 3633 3026 3686 suis
3059 3630 3256 3686 arietes
3275 3628 3520 3700 'optimos
3570 3641 3626 3685 et

2066 3725 2262 3779 divinis
2305 3724 2587 3778 sacriliciis
2639 3722 2870 3793 dignos?
2915 3723 3179 3792 Autquid
3221 3723 3266 3777 si
3309 3723 3501 3791 aliquis
3551 3723 3624 3777 ita

2061 3829 2271 3885 pauper
2295 3822 2454 3875 esset,
2489 3822 2546 3867 ut
2565 3811 2759 3868 siclum
2791 3821 3037 3867 sanctum
3063 3812 3263 3868 habere
3290 3827 3392 3867 non
3417 3811 3626 3882 posset?

2064 3907 2190 3970 llaec
2220 3913 2303 3960 est
2335 3921 2465 3974 ergo
2509 3903 2835 3976 legislatoris
2881 3903 3215 3970 moderatio,
3247 3914 3307 3959 ut
3350 3905 3454 3960 nisi
3499 3906 3626 3976 quis

2063 3998 2259 4064 habeat
2287 4009 2497 4054 certum
2531 3998 2774 4067 pecunia:
2802 3995 3040 4064 modum,
3073 4008 3352 4068 peccatum
3376 3998 3493 4067 ejus
3516 4015 3624 4054 non

2062 4093 2236 4162 possit
2291 4092 2538 4148 absolvi?
2581 4091 2734 4158 Quod
2787 4099 2972 4161 aperte
3023 4093 3320 4148 secundum
3385 4095 3624 4149 litteram

2063 4184 2276 4255 quidem
2331 4185 2541 4238 videtur
2590 4184 2926 4251 absurdum;
2982 4186 3274 4240 secundum
3330 4185 3624 4255 spiritalem

2063 4291 2192 4330 vero
2231 4275 2645 4344 intelligentiam
2689 4283 2896 4330 certum
2927 4284 3010 4330 est
3049 4276 3189 4345 quod
3246 4279 3626 4333 remissionem

2063 4380 2411 4437 peccatorum
2437 4369 2613 4423 nullus
2645 4368 2898 4437 accipiat,
2925 4371 3034 4430 nisi
3062 4370 3312 4426 detulerit
3339 4372 3628 4440 integram,

393 4463 524 4518 illud
563 4465 726 4518 etiam
765 4465 1066 4532 requirant,
1107 4475 1173 4514 ex
1227 4463 1421 4530 quibus
1458 4464 1537 4516 eis
1567 4463 1714 4532 agris
1781 4463 1956 4517 simila
1990 4444 2038 4504 D
2069 4463 2290 4533 probam
2331 4471 2384 4516 et
2407 4473 2649 4516 sanctam
2679 4462 2864 4527 ﬁdem,
2893 4476 2990 4530 per
3012 4477 3174 4531 quam
3199 4463 3428 4518 mercari
3459 4466 3627 4534 possit

397 4557 553 4611 debet
611 4556 814 4614 oﬂ'erri.
856 4556 966 4624 Ego
1031 4557 1270 4613 arbitror
1307 4558 1449 4626 quod
1501 4572 1568 4610 ex
1615 4558 1764 4612 illius
1801 4565 1959 4614 terrae

395 4651 685 4721 segetibus,
756 4665 875 4718 qua:
910 4649 1042 4703 facit
1109 4649 1275 4706 alium
1339 4650 1692 4705 centesimum
1728 4693 1744 4718 ,
1793 4651 1958 4707 alium

398 4741 790 4810 sexagesimum
825 4778 842 4804 ,
884 4739 1048 4794 alium
1091 4739 1422 4796 tricesimum
1459 4742 1712 4797 fructum.
1756 4741 1961 4813 Requi-

397 4846 520 4887 rant
544 4833 735 4899 etiam,
768 4833 895 4900 nisi,
923 4833 1206 4904 plusquam
1235 4834 1420 4899 debet,
1451 4836 1726 4890 curiosum
1767 4837 1956 4892 videa-

399 4931 510 4989 tur,
548 4925 747 4993 quibus
781 4924 1110 4982 moleutibus
1172 4925 1352 4981 simila
1403 4925 1504 4980 ista
1571 4926 1639 4990 ad
1688 4927 1958 4982 sacriﬁcia

397 5024 747 5085 praeparetur.
787 5014 900 5072 Nec
945 5031 1040 5072 eos
1104 5017 1271 5072 lateat
1308 5019 1455 5072 .duas
1520 5032 1639 5084 esse
1677 5033 1802 5088 quae
1839 5035 1958 5076 mo-

399 5105 534 5172 lunt,
579 5122 808 5176 quarum
868 5124 972 5163 una
1005 5116 1352 5180 'assumetur,
1415 5120 1471 5164 et
1523 5110 1628 5172 alia
1691 5109 1961 5180 relinque-

399 5208 501 5255 tur.
544 5201 621 5256 Ex
673 5201 816 5256 illius
879 5216 1010 5271 ergo
1053 5201 1192 5256 mola
1262 5215 1386 5270 qua:
1445 5200 1765 5256 assumenda
1838 5210 1957 5269 est,

329 5286 346 5306 ⁸
401 5293 629 5347 similam
667 5295 940 5362 oportebit
979 5292 1197 5349 offerre.
1255 5293 1362 5347 Sed
1403 5303 1458 5347 et
1493 5293 1656 5348 siclus
1711 5304 1958 5363 sanctus,

400 5386 488 5455 qui
527 5387 592 5440 ad
645 5386 833 5440 arietis
897 5386 1126 5456 pretium
1181 5385 1521 5440 necessarius
1593 5384 1812 5452 dicitur,
1837 5386 1962 5440 vide

405 5479 540 5533 unde
601 5488 656 5534 et
703 5479 973 5548 quomodo
1036 5477 1434 5548 perquirendus
1498 5476 1591 5532 sit.
1640 5474 1814 5532 Siclus
1863 5492 1961 5547 pe-

469 5665 513 5696 ”
541 5663 737 5718 Matth.
771 5679 890 5730 xm,
918 5665 1006 5719 52.

406 5732 449 5764 "
474 5735 660 5790 Matth.
688 5748 815 5790 xxv.
888 5735 934 5768 "
971 5735 1082 5793 Jer.
1121 5752 1194 5804 vt,
1235 5736 1324 5792 '50.
1402 5735 1672 5796 '“lThess.
1701 5753 1753 5806 ν,
1799 5740 1886 5794 21.

1105 5667 1147 5698 ’ί
1187 5666 1206 5719 1
1236 5665 1359 5721 Cor.
1405 5681 1442 5728 ι,
1474 5665 1526 5720 5.
1593 5669 1637 5700 ²²
1666 5666 1860 5723 Cenes.
1895 5685 2030 5725 xxu.

2069 4553 2330 4617 arietem;
2359 4552 2510 4621 cujus
2541 4562 2736 4608 natura
2776 4553 2890 4608 [nec
2918 4563 3024 4620 est,
3055 4563 3112 4608 ut
3140 4565 3366 4624 peccata
3401 4557 3626 4612 creden-

2069 4644 2136 4699 tis
2176 4644 2472 4712 abstergat.
2501 4644 2567 4698 Et
2603 4645 2690 4699 hic
2718 4653 2804 4698 est
2825 4644 2989 4700 siclus
3016 4657 3258 4712 sanetus,
3290 4649 3536 4716 probata,
3568 4657 3629 4704 ut

2067 4736 2320 4800 diximus,
2349 4743 2404 4790 et
2443 4735 2656 4790 sincera
2688 4734 2843 4802 ﬁdes,
2883 4738 2936 4790 id
2976 4746 3098 4805 est,
3133 4738 3223 4792 ubi
3254 4739 3431 4792 nullus
3464 4739 3629 4808 perﬁ-

2066 4829 2165 4886 diae
2209 4828 2382 4894 dolus,
2433 4829 2578 4883 nulla
2619 4829 2889 4883 haeretica:
2941 4828 3253 4885 calliditatis
3302 4833 3631 4899 perversitas

2066 4921 2414 4985 admiscetur,
2468 4932 2526 4980 ut
2566 4920 2834 4976 sinceram
2878 4919 3037 4976 ﬁdem
3079 4921 3366 4978 otl‘erentes
3392 4924 3629 4992 pretioso

2064 5015 2267 5071 Christi
2325 5016 2628 5085 sanguine,
2690 5023 2947 5084 tanquam
3011 5014 3369 5070 immaculata:
3435 5016 3628 5071 hostiae

2065 5107 2353 5171 diluamur,
2399 5122 2496 5180 per
2545 5121 2705 5176 quem
2765 5116 2851 5162 est
2895 5107 3004 5162 Deo
3052 5105 3199 5161 Patri
3246 5107 3626 5176 omnipotenti,

2061 5214 2182 5265 cum
2220 5199 2425 5269 Spiritu
2454 5209 2674 5265 sancto,
2722 5199 2894 5272 gloria
2934 5209 2989 5256 et
3021 5198 3306 5271 imperium
3342 5201 3396 5254 in
3429 5199 3628 5255 saecula

2061 5292 2407 5349 saeculorum.
2436 5293 2628 5347 Amen.

2642 5383 2920 5452 HOMJLIA
2959 5383 3047 5439 IV.

2062 5479 2142 5534 De
2187 5495 2246 5534 eo
2292 5479 2432 5549 quod
2474 5479 2724 5549 scriptum
2753 5489 2827 5533 est
2856 5479 2900 5511 ⁸ο
2927 5497 2942 5534 :
2973 5497 2991 5531 ι
3017 5477 3075 5535 Si
3099 5479 3386 5550 peccaverit
3425 5477 3630 5544 anima,

2127 5668 2172 5699 ²³
2212 5667 2366 5722 Joan.
2406 5684 2459 5732 x,
2501 5665 2584 5721 16.

2679 5666 2726 5698 ’⁸
2754 5666 2910 5721 Cant.
2934 5681 2983 5731 v,
3023 5665 3111 5723 12.
3190 5663 3236 5697 ’⁸
3257 5662 3414 5721 Cant.
3461 5681 3552 5729 vn,
3577 5665 3620 5716 4.

1965 5742 2008 5774 ³³
2047 5737 2227 5797 ICor.
2269 5737 2440 5804 xt,l9.
2515 5737 2560 5771 ⁸ο
2608 5736 2782 5795 Levit.
2825 5752 2900 5799 vr.
2940 5736 2994 5793 2.
