4024 6146
370 294 475 349 455

1860 290 2180 348 ORlGENlS

3513 286 3621 342 438
3653 243 3662 250 ’

441 426 493 470 et
549 413 850 484 pra’tert'em
910 412 1222 480 prwterierit
1278 422 1537 484 priet-cpta
1589 412 1845 478 Domini,
1899 427 1946 469 et
1975 421 2022 478 Α
2054 417 2228 481 Absit,
2265 415 2428 480 absit,
2465 414 2716 484 inquam,
2777 421 2838 468 ιιι
2867 413 2986 468 haec
3018 425 3121 483 ego
3160 411 3228 468 de
3267 408 3448 480 aliquo
3493 409 3624 464 lide-

441 488 724 539 mentietur
762 484 1003 552 proximo
1035 499 1131 537 suo
1158 497 1315 549 super
1340 483 1576 551 deposito
1597 523 1614 550 ,
1655 494 1746 538 aut
1782 485 1947 542 socie-

445 568 570 617 tate,
602 574 620 606 1
684 564 732 608 et
779 563 994 608 εωιενα.

444 669 492 720 ι.
538 664 595 719 Si
644 663 942 720 secundum
1011 663 1208 719 divinae
1268 663 1404 734 legis
1451 664 1611 720 ﬁdem
1664 665 1780 721 haec
1828 681 1949 736 quae.

370 758 622 828 leguntur
687 756 864 822 nobis,
919 755 1186 812 Dominus
1219 757 1436 812 locutus
1471 769 1554 813 est
1601 759 1668 812 ad
1705 757 1944 830 Moysen,

311 829 332 890 ’
367 861 500 920 puto
537 849 679 920 quod
714 859 972 918 tanquam
1003 849 1097 905 Dei
1133 851 1296 904 verba
1342 865 1448 906 non
1484 852 1717 907 debeant
1748 829 1947 908 secun-

370 949 496 997 dum
569 941 994 1011 incapacitatem
1055 941 1434 1006 audientium,
1490 942 1584 996 sed
1651 943 1946 1000 secundmn

373 1033 714 1102 majestatem
740 1032 1010 1102 loquentis
1035 1032 1282 1102 intelligi.
1316 1050 1335 1082 ι
1362 1032 1644 1098 Dominus,
1672 1033 1848 1102 inquit
1878 1035 1944 1101 ³¹,

369 1126 582 1179 locutus
628 1134 732 1180 est.
763 1144 781 1175 ι
835 1123 973 1189 Quid
1028 1134 1112 1178 est
1149 1123 1454 1180 Dominus?
1509 1125 1801 1193 Apostolus
1850 1126 1944 1181 tibi

371 1216 718 1285 respondeat,
752 1225 806 1270 et
833 1216 901 1270 ab
923 1216 1038 1286 ipso
1069 1217 1222 1272 disce
1250 1217 1394 1286 quod
1453 1237 1471 1268 ι
1498 1218 1756 1273 Dominus
1789 1219 1949 1288 spiri-

373 1319 460 1362 tus
494 1317 578 1363 εει
614 1308 679 1364 ³².
707 1327 725 1358 ι
753 1307 904 1374 Quod
936 1308 980 1362 si
1031 1309 1126 1362 tibi
1156 1309 1401 1379 Apostoli
1439 1325 1618 1364 sermo
1651 1325 1758 1364 non
1795 1309 1946 1364 suﬁi-

368 1401 463 1464 cit,
515 1400 640 1454 audi
695 1401 867 1467 ipsum
915 1402 1201 1455 Dominum
1247 1401 1299 1455 in
1352 1403 1657 1471 Evattgeliis
1716 1405 1947 1473 loquen-

371 1505 477 1548 tem
517 1493 584 1558 ³³,
615 1494 740 1562 quia
781 1511 798 1542 ι
829 1491 969 1547 Deus
999 1492 1227 1561 spiritus
1261 1502 1361 1548 est.
1405 1513 1423 1544 ι
1481 1493 1536 1547 Si
1583 1510 1714 1565 ergo
1751 1505 1807 1549 et
1853 1496 1949 1550 Do-

368 1587 578 1650 minus,
615 1595 668 1639 et
711 1585 850 1639 Deus
887 1585 1113 1655 spiritus
1141 1595 1244 1652 εει,
1281 1601 1401 1654 qua:
1441 1588 1664 1656 Spiritus
1706 1589 1948 1658 loquitur

366 1677 688 1747 spiritaliter
729 1676 985 1732 debemus
1026 1677 1237 1732 audire.
1278 1677 1390 1748 Ego
1421 1679 1599 1734 adhuc
1631 1691 1684 1736 et
1713 1682 1946 1750 amplius

2049 507 2181 563 liunt
2213 507 2472 564 sentiam.
2501 503 2853 561 Conﬁdenter
2883 518 3016 575 ergo
3043 505 3112 558 de
3139 502 3294 558 vobis
3323 501 3466 567 dico,
3493 499 3619 570 quia

2047 617 2146 657 vos
2200 617 2309 656 non
2361 600 2434 655 ita
2471 598 2738 654 didicistis
2770 595 3080 662 Christum,
3117 607 3294 663 neque
3348 593 3422 647 ita
3475 592 3619 646 docti

2048 691 2203 753 estis,
2233 690 2326 745 sed
2384 705 2559 758 neque
2606 689 2690 742 lex
2722 687 2834 757 ipsa
2868 687 2982 740 haec
3021 684 3224 739 sanctis
3267 692 3324 738 et
3371 682 3619 736 ﬁdelibus

2047 783 2315 851 praecipit.
2366 779 2462 835 Vis
2506 783 2646 834 scire
2669 818 2684 842 ,
2715 779 2838 847 quia
2871 793 2976 830 non
3017 776 3083 828 ad
3114 785 3334 829 sanctos
3360 783 3416 827 et
3441 773 3620 841 justas

2050 875 2152 928 ista
2187 873 2482 927 dicantur?
2513 871 2652 925 Audi
2679 869 2996 938 Apostolunt
3023 870 3122 921 ista
3155 867 3616 935 distinguentem:

2055 982 2074 1015 ι
2111 963 2288 1028 .lusto,
2325 964 2501 1031 inquit
2541 963 2604 1026 ³⁸,
2664 961 2746 1014 lex
2787 977 2893 1014 non
2937 968 3018 1012 est
3059 959 3253 1028 posita,
3311 957 3473 1027 200
3525 958 3618 1011 sed

2048 1056 2289 1126 injustis,
2322 1066 2376 1110 et
2409 1070 2514 1108 non
2549 1054 2783 1108 subditis
2805 1095 2820 1121 ,
2853 1053 3097 1106 scelestis
3129 1063 3182 1105 et
3218 1051 3618 1114 contaminatis,

2049 1149 2355 1218 patricidis,
2403 1145 2724 1208 matricidis,
2754 1164 2772 1197 ι
2818 1153 2872 1199 ει
2909 1147 3101 1198 horum
3136 1143 3430 1197 similibus.
3481 1140 3617 1207 Quia

2048 1254 2178 1308 ergo
2236 1237 2544 1309 hujusmodi
2591 1235 2904 1291 hominibus
2948 1235 3240 1303 Apostolus
3286 1235 3455 1302 legem
3492 1231 3622 1285 dicit

2050 1327 2380 1395 impositam,
2424 1325 2664 1380 Ecclesia
2693 1324 2809 1390 Dei,
2859 1340 3021 1394 quam
3049 1324 3196 1378 absit
3221 1323 3274 1376 in
3308 1320 3618 1390 hujusmodi

2051 1419 2389 1474 facinoribus
2423 1418 2711 1482 maculari,
2744 1417 2935 1471 relicta
2971 1416 3092 1472 aliis
3119 1415 3300 1470 littera
3327 1454 3343 1482 ,
3373 1414 3623 1469 sanctius

2049 1511 2348 1567 aediﬁcetur
2383 1526 2412 1564 a
2448 1510 2660 1580 spiritu.

2120 1688 2175 1742 3.
2218 1687 2514 1742 Videamus
2557 1687 2739 1756 itaque
2770 1701 2913 1740 nunc
2973 1687 3117 1756 quod
3168 1697 3250 1741 est
3289 1685 3619 1754 depositum,

367 1767 571 1834 aliquid
601 1768 755 1831 dico,
790 1768 915 1838 quia
944 1783 1064 1836 qua:
1099 1767 1360 1824 Dominus
1387 1770 1650 1839 loquitur,
1693 1788 1801 1826 non
1833 1774 1943 1842 spi-
1974 1776 2016 1831 B
2047 1780 2190 1848 quod
2221 1779 2458 1833 ﬁdelium
2483 1779 2856 1846 unusquisque
2885 1778 3146 1846 suscepit.
3178 1777 3291 1846 Ego
3313 1787 3444 1846 puto
3474 1778 3620 1846 quod

369 1860 548 1914 ritalia
583 1870 791 1916 tantum
817 1901 832 1926 ,
860 1862 952 1915 sed
993 1869 1048 1916 et
1089 1863 1314 1931 spiritus
1341 1877 1460 1918 esse
1491 1865 1761 1919 credenda
1791 1875 1938 1921 sunt.

367 1957 484 2012 Non
515 1974 635 2014 meo
665 1974 828 2014 sensu
862 1961 1006 2026 haec,
1043 1961 1134 2016 sed
1167 1961 1231 2016 de
1272 1961 1580 2030 Evangeliis
1609 1964 1940 2032 approbabo.

366 2048 504 2102 Audi
536 2048 822 2105 Dominuut
865 2060 920 2105 et
952 2051 1290 2107 Salvatorem
1331 2063 1579 2107 nostrum
1607 2055 1674 2108 ad
1706 2055 1942 2125 discipu-

367 2141 450 2194 los
503 2157 632 2198 suos
682 2144 950 2199 dicentem
1001 2144 1086 2197 ³¹⁶ε
1126 2163 1144 2196 ι
1187 2143 1363 2200 Verba
1396 2161 1518 2215 qua:
1563 2145 1777 2200 locutus
1820 2162 1938 2201 sunt

368 2237 540 2298 vobis,
579 2238 808 2306 spiritus
833 2248 889 2292 et
917 2236 1028 2291 vita
1063 2248 1211 2292 sunt.
1247 2257 1266 2290 ι
1315 2237 1371 2292 Si
1407 2253 1536 2308 ergo
1561 2241 1728 2309 ipsius
1753 2239 1941 2294 Salva-

369 2329 500 2383 toris
543 2345 675 2385 voce
723 2331 1046 2395 didicimus,
1081 2331 1207 2400 quia
1239 2331 1403 2385 verba
1452 2347 1574 2400 quae
1620 2333 1832 2387 locutus
1857 2344 1942 2390 est

369 2419 646 2488 apostolis,
682 2420 908 2490 spiritus
931 2431 985 2474 et
1005 2420 1110 2473 vita
1130 2427 1280 2482 sunt,
1315 2433 1657 2487 nequaquam
1690 2419 1941 2475 dubitare

364 2509 644 2575 debemus,
672 2513 814 2580 quod
843 2514 1006 2567 etiam
1042 2526 1161 2580 quas
1202 2525 1300 2579 per
1330 2509 1447 2581 May
1466 2527 1552 2564 seu
1589 2511 1802 2566 locutus
1828 2520 1931 2577 est,

364 2600 586 2668 spiritus
623 2609 677 2655 et
717 2601 823 2655 vita
856 2603 1126 2657 credenda
1159 2601 1286 2656 sint.

433 2713 488 2768 2.
533 2714 636 2769 Sed
660 2715 942 2770 videamus
967 2732 1086 2785 qua:
1117 2717 1257 2780 sint,
1301 2717 1367 2771 de
1393 2719 1587 2786 quibus
1615 2733 1755 2772 nunc
1780 2727 1937 2788 prout

366 2822 670 2874 possumus,
706 2808 886 2878 aliqua
914 2809 1097 2863 dicere
1142 2809 1426 2863 debemus.
1463 2828 1482 2860 ι
1508 2809 1575 2864 Ει
1598 2810 1808 2864 locutus
1831 2822 1933 2879 est,

363 2897 541 2965 inquit
570 2896 638 2960 ³⁸,
672 2897 934 2952 Dominus
961 2899 1028 2952 ad
1063 2897 1308 2969 Moysen,
1337 2899 1545 2963 dicens,
1568 2903 1757 2955 Anima
1788 2917 1938 2971 qua:-

364 3007 576 3061 runque
603 2995 934 3060 peccaverit,
974 3002 1029 3048 et
1076 2995 1394 3062 praeteriens
1433 2997 1756 3064 prasterierit
1793 3012 1931 3061 prce-

2045 1881 2100 1925 et
2151 1871 2322 1940 ipsam
2374 1871 2610 1924 animam
2647 1879 2914 1934 nostram,
2957 1879 3011 1923 et
3060 1875 3260 1937 corpus
3311 1870 3620 1938 depositum

2046 1964 2353 2034 accepimus
2386 1977 2416 2015 a
2446 1962 2575 2017 Deo.
2606 1963 2673 2016 Et
2700 1963 2780 2016 vis
2815 1962 3002 2016 videre
3029 1962 3201 2030 majus
3230 1962 3381 2015 aliud
3403 1963 3619 2032 deposi-

2045 2064 2178 2120 tum,
2204 2056 2345 2123 quod
2374 2055 2628 2124 accepisti
2669 2069 2700 2108 a
2737 2055 2892 2110 Deo?
2945 2053 3047 2123 Ipsi
3104 2054 3301 2108 anima:
3337 2065 3442 2109 tua:
3476 2058 3619 2111 Deus

2043 2147 2336 2217 imaginem
2404 2162 2557 2200 suam
2615 2156 2670 2201 et
2723 2146 3129 2201 similitudinem
3193 2147 3616 2201 commendavit.

2043 2239 2189 2294 Istud
2216 2255 2345 2308 ergo
2377 2239 2680 2308 depositunt
2702 2279 2716 2304 ,
2748 2249 2854 2292 tant
2892 2239 3158 2308 integrum
3197 2239 3294 2292 tibi
3328 2240 3618 2293 restituen-

2043 2333 2168 2386 dum
2188 2341 2272 2387 est
2299 2331 2432 2404 (89),
2466 2349 2628 2402 quam
2667 2350 2696 2386 ιι
2725 2343 2776 2386 ιε
2805 2342 3020 2386 constat
3047 2347 3168 2386 esse
3190 2343 3526 2402 susceptum.
3557 2331 3616 2386 Si

2041 2425 2186 2478 enim
2211 2425 2285 2480 sis
2313 2426 2646 2491 misericors,
2679 2428 2818 2482 sicut
2847 2427 3010 2480 Pater
3039 2436 3163 2480 tuus
3191 2426 3243 2478 in
3276 2426 3429 2480 caelis
3455 2427 3618 2482 mise-

2043 2519 2220 2573 ricors
2256 2528 2364 2583 est,
2407 2521 2586 2589 imago
2623 2520 2716 2574 Dei
2753 2521 2806 2574 in
2843 2531 2894 2575 te
2924 2529 3038 2588 est,
3069 2530 3124 2574 et
3154 2520 3420 2586 integrum
3453 2520 3618 2590 depo-

2041 2611 2204 2666 situm
2236 2626 2444 2666 servas.
2497 2611 2551 2666 Si
2600 2612 2872 2681 perfectus
2898 2627 2978 2678 es,
3015 2612 3158 2665 sicut
3193 2609 3356 2664 Pater
3399 2621 3523 2668 tuus
3561 2614 3614 2668 in

2040 2703 2196 2757 caelis
2228 2704 2501 2772 perfectus
2540 2714 2658 2769 est,
2699 2704 2952 2773 imaginis
2998 2705 3089 2760 Dei
3131 2705 3185 2761 in
3223 2717 3277 2763 te
3313 2707 3614 2777 depositum

2041 2805 2245 2850 manet.
2275 2793 2538 2851 Similiter
2565 2807 2619 2851 et
2651 2807 2847 2852 caetera
2876 2801 3060 2854 omnia
3083 2841 3098 2865 ,
3126 2801 3173 2856 si
3202 2801 3343 2868 pius,
3371 2799 3414 2854 si
3437 2799 3618 2868 justus

2041 2904 2120 2952 es,
2154 2892 2195 2943 si
2238 2900 2481 2957 sanctus,
2515 2892 2557 2944 si
2586 2893 2821 2947 mundus
2861 2894 3064 2960 corde;
3104 2905 3156 2950 et
3204 2894 3384 2948 omnia
3418 2908 3537 2963 qua:
3562 2893 3618 2947 in

2045 2985 2154 3038 Deo
2197 2994 2390 3052 prznsto
2435 2992 2562 3038 sunt
2605 2999 2702 3054 per
2731 2995 3006 3051 naturam,
3044 2987 3087 3041 si
3135 2988 3229 3042 tibi
3278 3002 3374 3057 per
3433 2986 3615 3040 imita-

364 3091 521 3148 r-cpta
551 3079 786 3146 Domini,
815 3093 870 3136 et
897 3085 1185 3137 mentietur
1203 3087 1453 3152 proximo
1477 3102 1641 3154 super
1664 3089 1931 3156 deposito.

2046 3077 2243 3129 tionem
2323 3077 2676 3140 subsistant,
2744 3077 3048 3146 depositum
3114 3081 3253 3147 apud
3318 3091 3369 3134 te
3423 3079 3618 3134 divina:

366 3184 458 3227 aut
493 3173 774 3241 societate,
801 3185 896 3228 aut
922 3177 1106 3243 rapina
1136 3194 1148 3229 :
1179 3188 1276 3232 aut
1305 3179 1489 3232 nocuit
1520 3180 1720 3248 aliquid
1757 3185 1939 3249 proxi-

365 3280 478 3332 mo,
524 3275 620 3319 aut
659 3265 869 3343 invenit
903 3268 1288 3335 perditionem,
1343 3279 1396 3324 et
1426 3272 1719 3324 mentietur
1754 3275 1820 3327 de
1849 3289 1936 3338 ea,

366 3367 461 3410 aut
488 3357 754 3425 juraverit
789 3358 973 3428 inique
1017 3359 1083 3412 de
1130 3375 1238 3413 uno
1285 3360 1353 3413 ab
1388 3360 1640 3414 omnibus
1684 3377 1940 3430 quaecun-

367 3463 473 3515 que
524 3445 717 3503 fecerit
762 3450 948 3515 homo,
997 3459 1056 3502 ut
1093 3459 1286 3519 peccet
1327 3450 1382 3504 in
1435 3452 1517 3505 his
1548 3470 1560 3503 :
1592 3462 1647 3505 et
1684 3454 1789 3506 erit
1817 3468 1935 3506 cum

367 3544 697 3611 peccaverit,
728 3555 781 3598 et
821 3544 1135 3614 deliquerit,
1176 3553 1232 3598 et
1273 3545 1465 3601 reddet
1499 3550 1742 3614 rapinam
1773 3563 1934 3616 quant

367 3635 566 3703 rapuit,
616 3643 711 3688 aut
759 3634 1013 3701 injuriam
1068 3649 1171 3702 qua
1230 3638 1436 3702 nocuit,
1496 3647 1589 3690 aut
1634 3638 1934 3706 depositum

362 3727 505 3797 quod
544 3725 980 3780 commendatum
1027 3725 1138 3797 (87)
1170 3738 1254 3781 est
1278 3728 1324 3782 ei
1348 3769 1364 3793 ,
1419 3739 1514 3781 aut
1554 3729 1932 3797 perditionem,

363 3836 525 3889 quam
556 3820 755 3874 invenit
775 3819 842 3874 ab
869 3821 1015 3874 omni
1045 3837 1122 3883 re,
1150 3836 1250 3890 pro
1272 3837 1377 3890 qua
1415 3822 1686 3888 juraverit
1719 3823 1933 3890 injuste,

364 3923 420 3966 et
455 3912 705 3965 restituet
734 3912 905 3980 ipsum
951 3922 1132 3980 caput,
1173 3925 1226 3967 et
1264 3914 1484 3983 quintus
1516 3915 1736 3985 insuper
1769 3931 1936 3987 auge-

365 4003 467 4064 bit,
499 4011 553 4055 et
578 4001 730 4069 cujus
749 4013 832 4055 est
856 4005 904 4056 ei
934 4003 1142 4068 reddet,
1168 4019 1270 4072 qua
1295 4006 1380 4058 die
1406 4006 1689 4060 convictus
1713 4005 1929 4062 fuerit.»

270 4082 273 4085 ’
366 4093 659 4162 llucusque
690 4093 906 4147 interim
945 4092 1056 4166 (88)
1088 4096 1292 4162 peccati
1329 4097 1534 4164 species
1568 4111 1931 4168 exponuntur,

361 4193 547 4254 postea
595 4199 724 4240 vero
761 4185 1014 4253 purgatio
1061 4185 1177 4254 ejus
1225 4203 1322 4256 per
1372 4186 1576 4242 hostias
1607 4189 1929 4258 imperatur.

363 4277 421 4334 Si
477 4279 570 4348 qui
639 4277 837 4332 inﬁrmi
910 4285 1037 4330 sunt
1087 4288 1142 4333 et
1197 4279 1484 4348 incapaces
1558 4280 1934 4350 profundioris

361 4372 631 4442 mysterii,
672 4371 1009 4425 aediﬁcentur
1041 4383 1107 4424 ex
1139 4369 1346 4435 littera,
1394 4382 1449 4425 et
1481 4374 1662 4426 sciant
1712 4376 1843 4444 quia
1885 4377 1930 4430 si

2043 3167 2295 3238 imaginis
2345 3167 2551 3222 salvum
2608 3177 2712 3222 est.
2753 3166 2810 3222 Si
2857 3185 2985 3224 vero
3011 3171 3319 3226 econtrario
3355 3186 3511 3242 agas,
3561 3181 3619 3226 et

2041 3275 2140 3328 pro
2201 3260 2552 3314 misericorde
2604 3263 2864 3326 crudelis,
2924 3278 3021 3332 pro
3077 3264 3166 3332 pio
3228 3263 3456 3330 impius,
3517 3278 3617 3333 pro

2040 3351 2278 3420 benigno
2333 3351 2628 3417 violentus,
2689 3368 2789 3423 pro
2846 3355 3029 3424 quieto
3077 3353 3456 3420 turbulentus,
3518 3369 3618 3423 pro

2040 3441 2248 3496 liberali
2298 3454 2488 3510 raptor
2519 3445 2778 3509 exsistas,
2813 3446 3024 3516 abjecta
3072 3447 3306 3516 imagine
3343 3446 3466 3510 Dei,
3500 3446 3617 3501 dia-

2038 3535 2146 3589 boli
2183 3535 2235 3588 in
2295 3545 2345 3590 te
2382 3536 2675 3604 imaginem
2723 3539 3042 3608 suscepisti,
3087 3551 3140 3594 et
3169 3539 3366 3593 bonum
3400 3540 3618 3611 deposi-

2043 3636 2155 3681 tunt
2209 3627 2302 3682 tibi
2353 3629 2614 3685 divinitus
2665 3635 3105 3686 commendatum
3153 3632 3448 3701 abnegasti.
3505 3634 3614 3685 Aut

2039 3735 2144 3773 non
2175 3721 2276 3774 hoc
2308 3731 2429 3775 erat
2477 3726 2621 3792 quod
2672 3725 2773 3779 sub
2808 3726 3068 3795 mysterio
3117 3724 3402 3795 Apostolus
3440 3723 3613 3778 electo

2040 3812 2302 3878 discipulo
2331 3816 2625 3869 mandabat
2655 3815 2965 3879 Timotheo,
3000 3819 3188 3872 dicens
3218 3817 3260 3848 ³⁷
3303 3835 3317 3871 :
3363 3817 3407 3872 Ο
3430 3815 3614 3873 Timeo

2044 3902 2189 3967 thec,
2221 3922 2240 3954 ι
2272 3905 2468 3959 bonum
2498 3907 2802 3976 depositum
2833 3909 3067 3964 custodi.
3104 3927 3123 3960 ι
3160 3909 3267 3978 Ego
3291 3908 3455 3963 etiam
3486 3908 3613 3964 illud

2039 3995 2200 4064 addo,
2225 3998 2368 4067 quod
2400 4009 2453 4053 et
2483 3999 2766 4054 Christum
2794 4000 3078 4055 Dominum
3104 4001 3402 4070 depositum
3431 4017 3615 4057 susce-

2038 4089 2239 4158 pimus,
2283 4099 2337 4145 et
2377 4101 2624 4145 sanctum
2671 4092 2934 4161 Spiritum
2986 4093 3288 4162 depositum
3331 4095 3610 4150 habemus.

2038 4181 2339 4236 Videndum
2383 4199 2514 4254 ergo
2547 4185 2702 4239 nobis
2734 4195 2856 4251 est,
2899 4199 2964 4239 ne
3001 4187 3103 4240 hoc
3139 4193 3327 4239 sancto
3370 4185 3613 4256 deposito

2035 4291 2142 4329 ιιοιι
2173 4287 2362 4332 sancte
2397 4289 2618 4331 utamur
2641 4319 2656 4343 ,
2687 4287 2740 4332 et
2775 4295 2897 4333 cum
2939 4295 3036 4333 nos
3080 4280 3130 4333 in
3170 4295 3494 4335 consensum
3531 4283 3611 4334 sui

2034 4378 2256 4438 peccata
2310 4371 2642 4437 sollicitant,
2689 4371 2938 4438 juremus
2991 4387 3089 4426 nos
3143 4388 3248 4426 non
3301 4375 3614 4442 suscepisse

360 4463 485 4532 quis
542 4461 857 4528 pratteriens
892 4462 1219 4530 praeterierit
1274 4474 1542 4532 praecepta
1596 4465 1830 4532 Domini,
1880 4479 1933 4523 et
1965 4463 2361 4532 Ddepositum.
2430 4463 2582 4530 Quod
2649 4464 2841 4533 utique
2877 4463 2922 4516 si
2985 4463 3280 4519 habeamus
3331 4467 3383 4519 in
3435 4467 3607 4534 nobis,

360 4551 621 4606 mentitus
658 4550 827 4606 fuerit
857 4553 1108 4620 proximo
1138 4567 1300 4620 super
1332 4554 1597 4622 deposito,
1631 4566 1722 4611 aut
1755 4559 1932 4612 socie-

361 4651 496 4705 tate,
547 4649 640 4695 aut
687 4641 899 4710 rapina,
953 4642 1158 4710 peccati
1207 4643 1440 4708 ingentis
1469 4655 1739 4702 statuetur
1781 4665 1926 4705 reus.

360 4733 469 4787 Sed
501 4733 643 4788 absit
666 4733 770 4788 boc
795 4734 864 4788 ab
889 4734 1130 4788 Ecclesia
1167 4734 1284 4796 Dei,
1325 4743 1382 4788 ut
1417 4750 1516 4806 ego
1548 4738 1766 4791 credant
1810 4754 1931 4794 esse

361 4826 599 4894 aliquem
637 4827 690 4880 in
727 4835 872 4880 cmtu
905 4827 1006 4880 isto
1056 4836 1392 4890 sanctorum,
1417 4829 1506 4896 qui
1533 4845 1590 4882 se
1621 4838 1725 4882 tam
1751 4830 1931 4885 infeli-

359 4920 498 4973 citcr
534 4928 682 4990 agat,
731 4931 788 4974 ut
841 4920 1146 4989 depositum
1176 4920 1407 4986 proximi
1457 4922 1542 4974 sui
1586 4931 1784 4991 neget,
1834 4932 1930 4977 aut

359 5014 675 5066 societatem
711 5011 900 5066 fraude
931 5013 1299 5077 contaminet,
1339 5021 1432 5066 aut
1463 5011 1543 5066 vel
1585 5013 1698 5082 ipse
1747 5013 1924 5068 aliena

360 5105 607 5173 diripiat,
639 5116 730 5158 aut
756 5105 824 5158 ab
855 5104 976 5159 aliis
1009 5113 1160 5174 rapta
1194 5103 1475 5174 suscipiat,
1527 5113 1582 5158 et
1611 5120 1711 5174 pro
1751 5106 1836 5159 his
1881 5108 1924 5160 si

359 5196 428 5251 ab
485 5212 551 5251 eo
618 5198 986 5265 requirantur,
1040 5205 1230 5252 contra
1291 5198 1684 5252 conscientiam
1754 5199 1924 5266 juret.

430 5383 474 5416 “
513 5385 644 5440 Ibid.
681 5386 732 5438 1.

360 5455 404 5494 δῖ
444 5456 486 5510 ll
526 5455 666 5509 Tim.
703 5473 742 5520 1,
780 5457 864 5514 14.

411 5597 545 5679 χεῖ)
594 5599 803 5679 _(_)ntnes
862 5604 1250 5679 manuscripti,
1325 5624 1342 5658 ι
1392 5606 1848 5662 commendatum.
1895 5625 1913 5659 ι

361 5667 670 5725 ΙιὶΙιΙι.“ει1ἰιί
697 5712 710 5736 ,
765 5691 782 5722 ι
817 5667 1244 5728 commodatum.
1286 5694 1303 5725 ι

433 5739 541 5813 (88)
572 5741 726 5800 Libb.
774 5747 927 5810 editi,
980 5765 997 5798 ι
1028 5746 1194 5811 enim,
1231 5765 1249 5798 ι
1289 5757 1340 5800 ει
1398 5747 1558 5818 paulo
1591 5757 1732 5819 post,
1783 5767 1800 5802 ι
1828 5748 1920 5806 sed

810 5384 918 5440 "ll
961 5386 1084 5442 Cor.
1116 5401 1198 5454 ιιι,
1232 5385 1317 5440 t7.
1395 5386 1621 5443 "Joatt.
1660 5403 1737 5455 tv,
1767 5388 1860 5444 24.
1935 5389 1980 5420 ³³
2007 5388 2163 5444 Joan.
2193 5402 2265 5452 vt,
2312 5385 2403 5441 64.

2039 4565 2265 4624 peccato
2287 4556 2601 4610 consentire
2629 4570 2734 4608 non
2759 4569 3062 4624 possumus.
3086 4554 3188 4610 Sed
3211 4567 3263 4610 et
3286 4557 3398 4626 ipse
3423 4572 3611 4612 sensus

2041 4649 2404 4711 rationabilis,
2439 4649 2528 4716 qui
2557 4649 2606 4700 in
2642 4662 2726 4702 mc
2766 4658 2880 4710 est,
2911 4649 3318 4701 commendatus
3349 4649 3479 4701 mihi
3506 4660 3610 4711 est,

2040 4755 2099 4798 ut
2129 4761 2194 4799 eo
2231 4754 2354 4796 utar
2393 4745 2460 4797 ad
2494 4741 2900 4811 intelligentiam
2925 4742 3228 4797 divinorum
3261 4759 3274 4807 ;
3311 4743 3609 4810 ingenium,

2039 4839 2320 4900 memoria,
2355 4837 2656 4908 judicium,
2701 4837 2860 4900 ratio,
2903 4847 2958 4889 et
2993 4851 3180 4890 omnes
3216 4835 3306 4905 qui
3346 4837 3491 4890 intra
3528 4852 3613 4892 me

2037 4938 2165 4982 sunt
2195 4938 2396 4994 ntotus,
2443 4927 2808 4982 commendati
2847 4927 2980 4982 mihi
3024 4928 3274 4982 videntur
3311 4943 3339 4980 a
3369 4927 3514 4992 Deo,
3552 4938 3611 4983 ut

2038 5020 2118 5074 eis
2153 5030 2274 5073 utar
2308 5021 2361 5074 in
2413 5020 2498 5076 bis
2545 5035 2666 5091 quae
2709 5022 2965 5090 praecepit
3012 5021 3095 5074 lex
3134 5020 3338 5074 divina.
3380 5020 3436 5075 Si
3485 5037 3612 5076 vero

2037 5113 2102 5165 ad
2145 5112 2314 5168 malas
2346 5123 2495 5168 artes
2531 5112 2704 5168 solers
2742 5121 2797 5167 et
2833 5115 3110 5183 perspicax
3143 5122 3420 5168 vertamus
3461 5114 3611 5184 inge—

2034 5205 2206 5272 nium,
2244 5216 2299 5260 et
2339 5207 2498 5263 rebus
2541 5207 2639 5264 Dei
2685 5209 2975 5265 abutamur
3002 5208 3054 5262 in
3084 5207 3168 5262 his
3195 5223 3314 5277 qua:
3355 5223 3461 5262 non
3495 5211 3608 5264 vult

2481 5387 2526 5418 ³⁵
2551 5386 2808 5454 Levit.vt,
2844 5389 2868 5443 1
2898 5396 2953 5442 ει
2980 5401 3131 5456 seqq.
3208 5386 3253 5418 ⁸⁸
3278 5385 3297 5440 l
3322 5386 3460 5440 Tim.
3486 5402 3525 5453 ι,
3548 5384 3605 5441 9.

2029 5607 2120 5675 qui
2153 5605 2354 5667 inﬁrmi
2395 5612 2540 5661 sunt.
2565 5621 2585 5655 ι
2622 5604 2694 5659 Αι
2727 5617 2861 5675 mss.
2897 5613 2957 5675 ut
2985 5600 3036 5654 in
3074 5607 3264 5675 nostro
3289 5607 3457 5675 textu.

2105 5677 2216 5747 (89)
2245 5677 2336 5730 Sic
2371 5675 2759 5747 manuscripti;
2789 5672 2913 5729 libri
2966 5687 3100 5729 vero
3136 5671 3303 5740 editi,
3348 5689 3366 5722 ι
3391 5671 3601 5739 integre

2034 5746 2128 5803 tibi
2163 5746 2560 5804 restituendum
2595 5757 2696 5800 est.
2736 5764 2754 5795 ι
