4024 6146
399 301 506 364 ,137

1559 304 1627 360 IN
1661 300 2035 360 LEVITICUM
2069 300 2352 357 HOMILIA
2386 299 2475 355 lV.

3535 295 3637 350 458

410 419 582 484 Deus;
635 421 740 479 hoc
793 431 876 481 est
929 423 1188 496 abjurare
1233 426 1562 498 depositum,
1615 435 1670 482 et
1715 426 1973 482 beneficia
2001 425 2327 492 A'rapaces,
2396 433 2625 492 regnum
2682 415 2778 472 Dei
2831 411 3243 485 possidebunt.»
3303 409 3398 466 Est
3461 419 3638 468 tamen

407 520 617 570 vertere
640 514 692 569 iu
716 516 1023 585 perﬁdiam.

471 608 526 659 ι.
571 603 866 662 Videamus
905 624 1048 664 nunc
1095 609 1225 680 quid
1272 611 1438 666 etiam
1487 611 1720 668 societas
1773 611 1971 668 intelli-

404 695 574 765 genda
602 695 697 750 sit.
739 697 905 754 Putas
928 708 1012 754 est
1040 700 1258 771 aliquis,
1293 701 1385 771 qui
1416 704 1710 758 secundum
1739 702 1970 758 litteram

405 790 743 843 commoneri
794 790 1009 858 debeat,
1059 807 1125 847 ne
1168 793 1306 848 forte
1360 796 1413 850 in
1459 795 1674 850 ratione
1709 796 1972 865 pecuniae,

406 879 487 933 vel
532 880 776 949 qualibet
830 881 932 935 alia
967 885 1146 953 specie
1189 885 1495 950 societatis,
1538 887 1744 941 socium
1787 887 1974 941 fraude

407 975 684 1044 decipiat?
713 976 928 1034 Ultimae
966 979 1358 1035 misericordiae
1403 988 1487 1034 est
1521 978 1702 1033 anima
1747 979 1866 1041 illa,
1919 977 1973 1033 in

406 1080 566 1135 quam
625 1071 823 1125 cadere
869 1071 1048 1126 adhuc
1107 1071 1314 1124 fraudis
1379 1071 1484 1124 hoc
1544 1085 1716 1139 genus
1772 1078 1970 1139 potest.

411 1155 794 1215 Verumtamen
821 1165 1075 1232 quoniam
1103 1165 1268 1216 multa
1304 1172 1386 1218 est
1419 1164 1473 1217 in
1523 1163 1742 1218 homine
1770 1163 1973 1235 fragili-

409 1259 510 1315 tas,
545 1251 713 1306 etiam
737 1253 804 1307 de
837 1254 920 1308 his
945 1269 1387 1310 commoneamus
1410 1295 1425 1320 ,
1465 1257 1590 1325 quia
1623 1271 1721 1311 nec
1741 1257 1972 1326 Aposto-

409 1343 517 1398 lum
550 1344 726 1412 piguit
753 1344 854 1398 ista
883 1347 1161 1401 mandare.
1201 1347 1342 1401 Dicit
1372 1349 1517 1401 enim
1553 1348 1597 1379 ³⁸
1633 1367 1646 1402 :
1693 1367 1710 1401 ι
1741 1348 1817 1404 Ne
1852 1353 1974 1420 quis

408 1435 825 1491 circumscribat
879 1437 931 1490 in
974 1438 1192 1508 negotio
1221 1438 1450 1493 fratrem
1491 1455 1646 1494 suum
1669 1481 1684 1505 ,
1715 1442 1974 1510 quoniam

407 1526 605 1580 vindex
669 1536 752 1582 est
803 1528 872 1583 de
931 1529 1015 1583 his
1046 1530 1296 1585 omnibus
1354 1531 1560 1586 Deus.»
1619 1531 1773 1588 Nunc
1844 1547 1974 1588 vero

408 1623 775 1687 requiramus,
813 1635 932 1689 qua:
963 1621 1035 1674 sit
1067 1622 1230 1675 etiam
1262 1623 1496 1680 societas
1540 1626 1783 1695 spiritus.
1837 1627 1974 1680 Audi

405 1709 474 1763 de
526 1708 613 1763 his
666 1709 797 1777 ipsis
846 1711 1026 1765 verbis
1077 1712 1389 1781 Apostolum
1441 1715 1704 1770 dicentem
1746 1717 1790 1749 ”
1825 1734 1837 1769 :
1872 1715 1972 1770 «Si

2079 517 2281 586 aliquid
2330 514 2442 586 (90)
2473 523 2529 569 et
2561 510 2858 569 secundum
2892 506 3188 577 Spiritalem
3233 505 3641 574 intelligentiam

2077 608 2419 677 culpabiliter
2448 621 2656 676 rapere,
2718 604 2860 659 sicut
2898 601 2974 655 illi
3025 600 3370 654 laudabiliter
3425 597 3644 665 rapiunt

2080 716 2241 771 regna
2270 700 2551 754 caelorum.
2584 698 2653 753 Ut
2689 695 2841 752 verbi
2881 709 3071 758 causa,
3113 693 3376 756 dicamus,
3406 690 3451 745 si
3481 690 3642 744 homo

2079 793 2314 847 nondum
2364 801 2626 862 purgatus
2672 805 2700 846 a
2733 789 2902 854 vitiis,
2970 789 3205 843 nonduin
3254 793 3567 854 segregatus
3609 796 3641 836 a

2077 882 2318 953 profanis
2356 891 2410 937 et
2455 883 2688 938 sordidis
2740 882 2984 943 actibus,
3021 879 3152 933 velit
3202 891 3261 932 se
3297 875 3461 931 ctetui
3518 888 3646 927 san-

2080 985 2287 1032 ctorum
2327 985 2382 1031 et
2403 975 2766 1047 perfectorum
2801 977 3031 1029 latenter
3062 973 3308 1042 ingerere
3339 977 3394 1022 et
3432 980 3642 1022 sermo-

2081 1082 2203 1122 nem
2248 1085 2354 1135 quo
2405 1068 2644 1138 perfecta
2699 1078 2753 1123 et
2793 1067 3019 1138 mystica
3079 1071 3379 1118 tractantur
3433 1060 3641 1124 audire,

2080 1164 2384 1233 hujusmodi
2417 1163 2576 1218 homo
2610 1169 2945 1216 secretorum
2984 1167 3038 1211 et
3067 1156 3431 1228 perfectorum
3466 1155 3644 1208 scien-

2084 1259 2211 1312 tiam
2249 1271 2352 1309 non
2396 1255 2532 1310 bene
2562 1253 2723 1323 rapit.
2755 1250 3066 1306 Meminisse
3095 1249 3236 1304 enim
3271 1255 3482 1316 oportet
3509 1259 3645 1314 prte-

2081 1351 2220 1421 cepti
2259 1347 2592 1411 Salvatoris,
2640 1361 2745 1416 quo
2789 1341 3014 1407 dicit“,
3043 1341 3167 1410 quia
3221 1357 3238 1391 ι
3287 1353 3445 1394 nemo
3479 1338 3646 1391 mittit

2079 1445 2264 1498 vinum
2303 1455 2500 1496 novum
2547 1437 2602 1491 in
2660 1442 2810 1490 utres
2841 1443 3078 1497 veteres,
3134 1430 3370 1500 alioquin
3413 1437 3467 1482 et
3495 1437 3644 1482 utres

2083 1530 2238 1599 201
2286 1536 2622 1598 rumpentur,
2678 1531 2733 1579 et
2777 1522 2962 1576 vinum
3011 1521 3246 1590 peribit:
3283 1540 3302 1572 ι
3353 1518 3645 1573 ostendens

2082 1623 2222 1694 quod
2267 1621 2461 1675 animae
2504 1618 2739 1673 nondum
2783 1624 3090 1681 renovatae,
3131 1613 3226 1668 sed
3277 1612 3328 1666 in
3377 1618 3645 1666 vetustate

2084 1716 2275 1771 litterae
2341 1711 2451 1785 (9|)
2504 1709 2854 1781 perduranti,
2906 1721 3010 1761 non
3071 1712 3319 1774 oporteat
3377 1717 3643 1758 novorum

404 1799 552 1866 quod
585 1799 840 1854 solatium
873 1802 1158 1857 cliaritatis
1181 1842 1196 1868 ,
1233 1803 1278 1858 si
1320 1819 1424 1872 qua
1460 1805 1692 1860 societas
1729 1805 1972 1874 spiritus,
2009 1783 2051 1842 Β
2082 1783 2485 1879 mysteriorum,
2526 1819 2646 1874 qua:
2678 1818 2776 1873 per
2815 1801 3094 1857 Christum
3132 1797 3364 1853 mundus
3393 1795 3640 1866 agnovit,

404 1891 451 1945 si
511 1906 619 1960 qua
690 1893 901 1946 viscera
971 1895 1392 1962 miserationis,
1456 1897 1672 1967 implete
1724 1899 1976 1968 gaudium

404 1997 611 2038 meum.
648 2002 666 2034 ι
712 1981 876 2038 Vides
928 1987 1209 2042 societatis
1250 1991 1454 2058 legem,
1502 1990 1770 2056 quomodo
1817 1990 1976 2045 intel-

408 2073 540 2128 lexit
573 2076 850 2144 apostolus
874 2075 1091 2133 Paulus.
1141 2079 1276 2135 Audi
1302 2090 1355 2134 et
1395 2079 1681 2146 Joannem,
1711 2084 1980 2150 quomodo

411 2181 521 2219 uno
547 2167 849 2237 eodemque
873 2171 1062 2238 spiritu
1095 2171 1468 2241 proloquatur.
1522 2173 1618 2227 «Et
1643 2175 1976 2240 societatem,

407 2256 588 2326 inquit
617 2257 684 2320 ⁸⁸,
726 2259 986 2315 habemus
1027 2277 1148 2314 cum
1199 2261 1382 2326 Patre,
1441 2273 1497 2318 et
1546 2280 1669 2318 cum
1703 2263 1840 2318 Filio
1868 2265 1981 2333 ejus

401 2341 537 2402 Jesu
577 2349 816 2404 Christo.
849 2369 867 2402 ι
923 2351 988 2406 Ει
1022 2352 1218 2406 iterum
1273 2353 1464 2408 Petrus
1499 2355 1676 2412 dicit;
1713 2373 1730 2406 ι
1758 2354 1982 2409 Consor-

407 2449 512 2507 tes,
541 2441 719 2511 inquit
747 2443 814 2508 ⁸⁸,
847 2442 972 2498 facti
996 2445 1128 2499 estis
1156 2446 1350 2499 divinae
1389 2455 1618 2510 naturas,
1643 2465 1661 2498 ι
1715 2447 1857 2516 quod
1899 2455 1982 2502 est

401 2533 563 2588 socii.
603 2535 668 2588 Et
709 2537 903 2590 iterum
948 2537 1081 2592 dicit
1120 2538 1400 2607 apostolus
1438 2537 1634 2593 Paulus
1673 2541 1760 2593 “z
1801 2558 1820 2591 ‹
1846 2539 1976 2606 Quae

403 2625 554 2679 enim
595 2627 830 2682 societas
865 2628 970 2684 luci
1000 2630 1067 2684 ad
1104 2630 1437 2685 tenebras?»
1481 2630 1636 2697 Quod
1680 2633 1724 2686 si
1773 2633 1878 2688 luci
1913 2633 1980 2687 ad

403 2716 662 2773 tenebras
702 2720 938 2775 societas
976 2721 1121 2775 nulla
1151 2731 1252 2787 est,
1289 2731 1468 2791 potest
1504 2738 1633 2792 ergo
1660 2725 1980 2778 societatem

403 2807 501 2862 lux
528 2809 734 2866 habere
764 2827 886 2866 cum
914 2813 1058 2869 luce.
1092 2813 1258 2884 Igitur
1295 2814 1338 2868 si
1385 2815 1540 2870 nobis
1569 2831 1693 2871 cum
1724 2817 1905 2884 Patre,
1929 2827 1985 2874 et

403 2899 570 2967 Filio,
607 2912 663 2956 et
702 2903 907 2973 Spiritu
964 2917 1154 2961 sancto
1205 2908 1441 2962 societas
1480 2909 1604 2963 data
1647 2919 1750 2973 est,
1791 2910 1982 2966 viden-

405 2993 538 3047 dum
607 2996 767 3051 nobis
827 3005 948 3064 est,
1007 3013 1072 3051 ne
1115 3007 1363 3052 sanctam
1418 3000 1575 3054 istam
1639 3001 1982 3073 divinamque

2081 1908 2289 1957 secreta
2317 1897 2608 1952 committi.

2153 1991 2206 2046 5.
2238 1991 2400 2044 Addit
2449 1989 2644 2043 dehinc
2672 1987 2951 2058 legislator
2977 1985 3021 2018 ⁸⁸
3055 2003 3069 2041 :
3098 2003 3116 2036 ε
3149 1984 3256 2038 Aut
3297 1982 3342 2036 si
3379 1981 3506 2050 quid
3536 1994 3638 2035 no-

2081 2083 2192 2138 cuit
2218 2083 2582 2152 proximo,vel
2617 2079 3220 2147 invenitperditionem.
3255 2095 3273 2128 ι
3305 2075 3418 2129 Lex
3449 2073 3644 2128 litterae

2082 2176 2168 2230 hic
2203 2174 2415 2228 videtur
2475 2173 2754 2236 mandare,
2787 2182 2844 2227 ut
2891 2173 2935 2228 si
2961 2173 3082 2242 quis
3102 2170 3308 2225 invenit
3331 2167 3472 2238 quod
3505 2166 3644 2220 alius

2081 2267 2334 2335 perdidit,
2364 2274 2418 2320 et
2449 2266 2769 2334 requisitum
2811 2263 2993 2327 fuerit,
3032 2263 3244 2325 reddat,
3269 2275 3365 2314 nec
3405 2257 3645 2327 periuret

2081 2371 2179 2424 pro
2213 2371 2296 2412 eo.
2353 2357 2445 2411 Est
2475 2365 2528 2411 et
2569 2356 2681 2410 hare
2728 2355 2876 2410 utilis
2918 2353 3276 2409 audientibus
3330 2350 3639 2404 aediﬁcatio.

2083 2448 2234 2502 Multi
2293 2449 2436 2503 enim
2489 2449 2610 2503 sine
2645 2455 2871 2517 peccato
2902 2454 3094 2516 putant
3149 2460 3290 2509 esse,
3327 2443 3371 2497 si
3409 2442 3641 2496 alienum

2082 2543 2228 2611 quod
2263 2539 2588 2604 invenerint,
2617 2547 2834 2592 teneant
2868 2547 2922 2590 et
2951 2537 3136 2592 dicant
3167 2553 3180 2588 :
3210 2536 3352 2588 Deus
3384 2533 3512 2586 mihi
3545 2531 3642 2585 de-

2081 2633 2194 2699 dit;
2223 2632 2309 2687 cui
2335 2631 2507 2686 habeo
2543 2628 2812 2684 reddere?
2838 2627 3058 2682 Discant
3077 2640 3205 2695 ergo
3226 2633 3506 2694 peccatum
3536 2622 3650 2676 hoc‘

2082 2739 2201 2780 esse
2260 2723 2440 2779 simile
2510 2721 2732 2790 rupium,
2783 2720 2826 2774 si
2858 2718 2981 2788 quis
3032 2716 3249 2772 inventa
3285 2730 3390 2770 non
3428 2714 3644 2768 reddat.

2086 2813 2468 2868 Verumtamen
2494 2811 2536 2866 si
2555 2812 2658 2865 hoc
2683 2817 2890 2863 tantum
2918 2807 3058 2876 quod
3090 2806 3382 2861 secundum
3407 2807 3642 2858 litteram

2082 2914 2321 2976 putatur,
2374 2905 2652 2975 legislator
2696 2901 2954 2957 voluisset
2989 2899 3239 2967 intelligi,
3279 2907 3532 2966 potuerat
3564 2897 3648 2952 di-

2084 3013 2250 3056 cere:
2287 2999 2346 3053 Si
2393 2996 2602 3052 invenit
2643 2995 2785 3064 quod
2839 2992 3103 3063 perierat,
3144 2990 3228 3046 vel
3268 2992 3409 3059 quod
3453 2989 3648 3060 aliquis

407 3089 736 3143 societatem
785 3089 1058 3157 peccando
1086 3090 1438 3160 abnegemus.
1492 3090 1548 3144 Si
1590 3093 1732 3146 enim
1761 3108 1981 3162 agamus
2007 3120 2050 3177 ρ
2085 3091 2408 3162 perdiderat.
2468 3090 2622 3145 Nunc
2655 3097 2834 3141 autem
2871 3099 2991 3138 cum
3037 3082 3165 3136 dicit
3195 3100 3208 3137 :
3242 3100 3259 3133 ι
3295 3081 3500 3138 Invenit
3527 3099 3648 3152 per—

407 3194 574 3248 opera
633 3179 1011 3245 tenebrarum,
1083 3192 1291 3234 certum
1347 3192 1432 3236 est
1479 3183 1602 3252 quia
1663 3185 1980 3241 societatem

407 3270 734 3340 negavimus
765 3268 928 3324 lucis.
963 3269 1068 3324 Sed
1092 3279 1146 3324 et
1177 3279 1492 3325 sanctorum
1525 3272 1704 3326 socios
1735 3287 1830 3326 nos
1854 3273 1986 3328 dicit

406 3362 725 3430 Apostolus,
770 3376 870 3416 nec
906 3363 1125 3420 mirum.
1154 3362 1210 3416 Si
1249 3363 1393 3417 enim
1422 3379 1545 3418 cum
1579 3363 1739 3418 Patre
1771 3375 1826 3420 et
1849 3365 1984 3420 Filio

409 3455 609 3509 dicitur
638 3455 794 3508 nobis
831 3469 952 3510 esse
989 3455 1251 3518 societas,
1316 3455 1590 3526 quomodo
1629 3472 1732 3510 non
1765 3466 1820 3510 et
1850 3472 1973 3512 cum

409 3535 638 3611 sanctis,
670 3561 775 3601 non
814 3546 987 3601 solum
1020 3547 1110 3615 qui
1141 3546 1193 3599 in
1227 3556 1372 3601 terra
1405 3556 1551 3612 sunt,
1585 3548 1679 3602 sed
1729 3557 1783 3602 et
1815 3549 1983 3618 quiin

409 3638 608 3693 cmlis?
635 3639 759 3706 quia
793 3647 846 3692 et
877 3636 1127 3693 Christus
1165 3653 1261 3707 per
1291 3639 1614 3708 sanguinem
1649 3656 1801 3694 suum
1835 3643 1982 3710 paci-

412 3729 596 3782 ﬁcavit
629 3727 868 3782 caelestia
900 3737 954 3780 et
987 3728 1272 3782 terrestria
1297 3768 1311 3789 .
1345 3738 1402 3782 ut
1430 3729 1741 3784 cmlestihus
1769 3740 1981 3785 terrena

411 3821 672 3878 sociaret.
707 3819 859 3886 Quod
889 3821 1170 3876 evidenter
1203 3821 1426 3886 indicat,
1460 3821 1549 3875 ubi
1579 3821 1710 3876 dicit
1732 3824 1982 3892 gaudium

411 3926 535 3967 esse
597 3914 653 3965 in
717 3911 872 3966 ctelis
951 3925 1113 3981 super
1183 3927 1289 3967 uno
1361 3921 1648 3981 peccatore
1709 3913 1983 3983 poeniten-

413 4003 546 4056 tiam
571 4013 764 4072 agente
793 4002 857 4056 ⁸³.
893 4002 958 4056 Et
991 4017 1206 4056 rursum
1235 4017 1357 4056 cum
1383 4001 1536 4066 dicit,
1561 4017 1657 4057 eos
1682 4003 1774 4072 qui
1809 4017 1988 4058 resur-

412 4105 546 4165 gunt
582 4110 612 4150 a
636 4095 900 4160 .mortuis,
935 4093 1144 4149 futuros
1179 4109 1300 4149 esse
1353 4096 1496 4150 sicut
1545 4097 1765 4166 angelos
1793 4096 1888 4151 Dei
1930 4099 1984 4152 iu

411 4187 556 4242 caalo
606 4187 672 4252 ⁸⁸,
731 4197 784 4242 et
836 4202 958 4241 cum
1011 4201 1076 4240 ex
1122 4187 1336 4258 integro
1369 4187 1680 4242 hominibus
1725 4189 1984 4243 caelorum

415 4295 580 4347 regna
609 4280 897 4350 promittit.
935 4275 1086 4332 Hanc
1115 4293 1252 4347 ergo
1277 4280 1590 4334 societatem
1625 4280 1902 4350 dirumpit,
1933 4291 1988 4336 et

413 4368 670 4439 abnegat,
725 4369 1032 4440 quicunque
1081 4367 1239 4422 malis
1283 4369 1495 4424 actibus
1542 4370 1656 4424 suis
1713 4371 1982 4439 malisque

2085 3188 2368 3252 ditionem,
2407 3203 2426 3236 ι
2461 3182 2694 3252 amplius
2735 3194 2832 3236 nos
2874 3178 3078 3248 aliquid
3107 3175 3280 3233 voluit
3316 3175 3644 3246 intelligere.

2085 3280 2187 3348 Qui
2251 3278 2411 3332 nimis
2471 3283 2719 3346 peccant,
2758 3277 2810 3327 in
2861 3270 3159 3340 Scripturis
3206 3268 3439 3338 perditio
3468 3269 3650 3338 appel-

2085 3370 2282 3432 lantur,
2304 3369 2442 3423 sicut
2464 3367 2514 3420 in
2541 3365 2828 3419 Ezechiele
2854 3363 3113 3433 propheta
3148 3360 3377 3431 legimus
3405 3360 3603 3414 dictum
3627 3374 3643 3413 :

2092 3481 2111 3514 ε
2143 3461 2399 3524 Perditio,
2437 3458 2614 3527 inquit
2647 3456 2714 3520 ⁵ο,
2758 3455 2929 3509 factus
2959 3468 3036 3515 es,
3069 3463 3124 3508 et
3173 3468 3274 3508 non
3304 3453 3565 3507 subsistes
3592 3450 3647 3505 in

2087 3564 2347 3610 aeternum
2378 3560 2610 3619 tempus.
2642 3567 2661 3600 ι
2698 3547 2794 3601 Est
2821 3561 2950 3616 ergo
2974 3545 3262 3600 ostendere
3300 3545 3390 3613 qui
3419 3543 3644 3596 multum

2086 3645 2380 3714 quaerendo
2401 3639 2606 3694 invenit
2637 3637 2997 3708 perditionem
3029 3655 3042 3690 :
3070 3644 3130 3690 ut
3169 3635 3314 3689 verbi
3350 3634 3544 3703 gratia,
3575 3633 3650 3694 di-

2086 3751 2274 3790 camus
2323 3751 2336 3786 :
2384 3731 2623 3788 haeretici
2656 3729 2724 3784 ad
2780 3725 3142 3784 construenda
3199 3735 3254 3780 et
3306 3724 3650 3780 defendenda

2088 3825 2338 3896 dogmata
2376 3838 2473 3877 sua
2529 3821 2753 3874 multum
2801 3819 3122 3889 perquirunt
3169 3827 3224 3872 et
3263 3815 3559 3870 discutiunt
3593 3815 3649 3869 in

2087 3915 2382 3986 Scripturis
2411 3913 2626 3979 divinis,
2663 3920 2720 3965 ut
2768 3909 3047 3965 inveniant
3085 3908 3466 3978 perditionem.
3512 3906 3646 3962 Cum

2088 4009 2231 4063 enim
2275 4006 2438 4060 multa
2502 4004 2614 4077 (92)
2670 4001 2986 4072 quaesierint
3030 4001 3385 4066 teStimonia,
3447 3999 3646 4070 quibus

2089 4109 2334 4156 astruaut
2359 4114 2481 4168 qua:
2521 4110 2684 4167 prave
2727 4095 2990 4162 sentiunt,
3031 4095 3395 4163 perditionem
3437 4093 3536 4148 sibi
3564 4093 3651 4147 in-

2084 4194 2302 4248 venisse
2339 4190 2553 4246 dicendi
2601 4197 2745 4244 sunt.
2776 4186 2886 4242 Sed
2939 4187 2983 4242 si
3036 4188 3178 4243 forte
3217 4189 3416 4258 aliquis
3453 4189 3649 4241 horum

2087 4286 2310 4340 audiens
2337 4285 2388 4337 iu
2426 4281 2664 4337 Ecclesia
2699 4281 2924 4336 verbum
2975 4281 3069 4336 Dei
3098 4280 3367 4336 catliolice
3402 4280 3647 4345 tractari,

2089 4377 2393 4449 resipiscat,
2417 4385 2472 4431 et
2495 4375 2758 4447 intelligat
2787 4376 2912 4446 quia
2941 4377 3082 4445 quod
3111 4375 3392 4428 invenerat
3419 4372 3650 4440 perditio

416 4464 669 4517 sensibus
704 4464 773 4517 ab
821 4477 1005 4518 eorum
1068 4461 1449 4530 conjunctione
1498 4472 1810 4530 separatur.
1857 4462 1984 4518 Post
2013 4463 2060 4522 D
2087 4479 2191 4535 est,
2240 4470 2450 4534 reddet,
2493 4468 2690 4538 inquit,
2723 4469 2869 4538 quod
2910 4467 3134 4522 invenit.
3176 4464 3242 4518 Et
3278 4464 3326 4518 is
3357 4463 3447 4532 qui
3476 4461 3651 4532 perdi-

415 4559 532 4613 liaac
590 4557 656 4610 de
723 4556 909 4624 rapina
973 4555 1218 4610 dicitur:
1270 4569 1516 4624 raptores
1575 4565 1701 4609 sunt
1752 4555 1874 4608 mali
1930 4565 1987 4610 et

418 4650 580 4716 boni;
611 4661 666 4704 et
696 4649 821 4703 boni
845 4649 1057 4717 quidem
1101 4648 1196 4714 illi,
1231 4649 1296 4702 de
1332 4649 1529 4717 quibus
1556 4649 1686 4702 dicit
1715 4647 1983 4715 Salvator,

415 4741 541 4810 quia
579 4755 803 4809 regnum
838 4739 1100 4793 caelorum
1140 4739 1405 4809 diripiunt
1430 4739 1498 4794 ⁸⁸.
1546 4737 1685 4792 Sunt
1716 4748 1898 4793 autem
1932 4747 1988 4795 et

420 4833 542 4886 mali
580 4842 864 4901 raptores,
921 4832 987 4885 de
1027 4812 1224 4900 quibus
1264 4832 1394 4885 dicit
1441 4831 1703 4900 pr0pheta
1739 4831 1785 4864 ⁸⁸
1817 4850 1828 4884 :
1878 4849 1894 4882 ι
1921 4832 1986 4886 Et

419 4929 604 4996 rapina
646 4941 942 4995 pauperum
997 4927 1049 4980 in
1105 4927 1353 4980 domibus
1387 4925 1584 4981 vestris
1625 4934 1729 4980 est.
1757 4944 1776 4978 ι
1833 4925 1986 4995 Apo-

421 5019 592 5074 stolus
626 5032 754 5072 vero
781 5019 1008 5088 abrupte
1042 5022 1386 5086 pronuntiat,
1417 5018 1606 5073 dicens
1632 5018 1675 5049 ⁸⁷
1704 5036 1718 5071 :
1761 5037 1779 5068 ‹
1812 5018 1987 5074 Nolite

419 5129 628 5181 errare,
671 5114 796 5184 quia
832 5125 1008 5180 neque
1039 5109 1301 5176 adulteri,
1337 5124 1511 5178 neque
1550 5109 1775 5174 molles,
1813 5125 1986 5178 neque

421 5208 783 5264 masculorum
840 5204 1261 5270 concubitores,
1329 5218 1504 5272 neque
1560 5203 1745 5269 fures,
1809 5216 1986 5270 neque

489 5338 534 5370 ⁸⁸
560 5338 579 5391 1
604 5337 794 5393 Thess.
824 5352 898 5402 tv,
926 5334 979 5391 6.
1055 5335 1099 5369 ³ο
1121 5334 1316 5404 Philip.
1363 5352 1436 5398 tv,
1468 5335 1518 5390 1.

423 5403 466 5438 ⁸⁸
509 5409 700 5462 Matth.
752 5423 879 5466 un.
919 5406 1009 5460 20.
1084 5405 1129 5452 ⁸³
1179 5406 1370 5462 Matth.
1425 5421 1508 5473 XI,
1552 5405 1638 5457 12.

2087 4563 2289 4616 tionem
2315 4560 2539 4624 invenit,
2576 4569 2630 4614 et
2679 4559 2769 4614 ille
2797 4558 2889 4630 qui
2923 4555 3320 4625 rapinam,_sed
3353 4565 3407 4609 et
3434 4554 3525 4608 ille
3556 4553 3647 4622 qui

2088 4653 2392 4723 depositum
2426 4653 2732 4724 abnegavit,
2772 4661 2826 4707 et
2849 4651 3026 4706 omnis
3052 4650 3362 4719 quicunque
3385 4649 3566 4718 aliqua
3582 4662 3650 4702 ex

2086 4752 2243 4814 parte
2276 4743 2470 4798 anima:
2509 4743 2694 4798 nocuit
2749 4743 3020 4813 proximo,
3046 4750 3140 4796 aut
3168 4741 3374 4811 iuravit
3403 4739 3601 4809 injuste
3629 4755 3644 4792 :

2096 4821 2115 4885 ὲ
2159 4833 2449 4901 Restituet,
2500 4834 2675 4905 inquit
2696 4835 2764 4901 ⁵⁸,
2786 4835 2964 4904 ipsum
3003 4843 3184 4905 caput,
3217 4844 3272 4889 et
3306 4833 3524 4903 quintas
3555 4849 3648 4890 su-

2091 4939 2190 4993 per
2216 4925 2453 4995 augebit,
2479 4934 2532 4981 et
2556 4927 2604 4981 ei
2631 4925 2787 4995 cujus
2806 4935 2905 4990 est,
2933 4925 3138 4990 reddet,
3165 4944 3183 4976 ›
3204 4925 3497 4980 secundum
3530 4939 3650 4979 eam

2093 5016 2354 5071 duntaxat
2405 5017 2796 5088 expositionem
2849 5034 3011 5088 quam
3061 5018 3126 5072 de
3160 5017 3369 5088 quintis
3393 5016 3653 5072 addendis

2092 5116 2218 5161 ante
2268 5107 2380 5177 jam
2413 5110 2665 5164 diximus.
2697 5127 2716 5160 ι
2762 5109 2828 5163 Ει
2871 5108 3084 5172 offeret,
3116 5107 3291 5178 inquit
3320 5108 3390 5168 ⁸⁸.
3425 5107 3653 5162 Domino

2093 5203 2317 5258 arietem
2354 5203 2418 5257 de
2440 5199 2630 5256 ovibus
2657 5200 2774 5254 sine
2811 5199 3044 5266 macula,
3077 5199 3251 5269 pretio
3301 5197 3355 5252 iu
3405 5197 3458 5251 id
3505 5195 3649 5266 quod

1595 5333 1686 5387 ⁸⁰Ι
1718 5332 1872 5389 Joan.
1909 5351 1948 5399 ι,

1595 5405 1638 5456 2.
1736 5404 1781 5436 ⁸⁸
1834 5404 1931 5458 lsa.
1975 5423 1979 5458 λ

2119 5332 2160 5364 ⁸¹
2197 5332 2238 5386 ll
2266 5332 2410 5388 Petr.
2442 5332 2569 5399 1,4.
2647 5334 2692 5364 “
2722 5330 2764 5391 ll
2789 5331 2912 5388 Cor.
2956 5348 3034 5396 vt,
3069 5331 3153 5385 14.
3233 5331 3278 5362 ⁸³
3299 5329 3429 5386 Luc.
3464 5344 3552 5393 xv,
3596 5329 3648 5382 7.

2095 5404 2179 5458 14.
2279 5404 2323 5435 ⁸⁷
2365 5406 2382 5458 l
2423 5406 2548 5460 Cor.
2589 5419 2665 5463 v1.
2706 5405 2794 5460 10.
2869 5403 2913 5435 ⁸⁸
2963 5403 3152 5458 Matth.
3192 5419 3271 5463 Ix,
3301 5404 3386 5457 17.
3463 5399 3508 5432 ⁸⁸
3544 5400 3646 5456 Lc-

2279 5404 2323 5435 ⁸⁷
2365 5406 2382 5458 l
2423 5406 2548 5460 Cor.
2589 5419 2665 5471 v1,
2706 5405 2794 5460 10.
2869 5403 2913 5435 ⁸⁸
2963 5403 3152 5458 Matth.
3192 5419 3271 5470 Ix,
3301 5404 3386 5457 17.
3463 5399 3508 5432 ⁸⁸
3544 5400 3646 5456 Lc-

423 5476 614 5540 vit.vi.
642 5478 699 5544 2,
728 5479 780 5532 3.
859 5477 905 5509 ”
927 5476 1127 5532 Ezecb.
1160 5490 1327 5542 xxv",
1351 5477 1443 5533 36.
1517 5476 1559 5507 ⁵⁸
1585 5474 1838 5540 Levit.vt,
1873 5475 1924 5530 5.
2000 5473 2048 5504 ⁸⁸
2075 5474 2206 5530 ibid.
2238 5474 2291 5543 6,
2325 5475 2376 5530 7.

495 5594 600 5666 (90)
659 5595 753 5649 Es!
810 5603 982 5667 tamen
1034 5595 1256 5666 aliquid.
1323 5596 1398 5650 lta
1457 5595 1629 5651 codex
1698 5594 1982 5667 Sangerm.

430 5659 544 5716 libri
582 5659 716 5719 vero
747 5666 898 5728 editi,
933 5685 952 5717 ε
979 5675 1032 5720 et
1065 5659 1243 5720 tamen
1285 5667 1445 5734 aliqui
1481 5668 1678 5720 sciunt.
1715 5685 1733 5717 ι

507 5734 609 5808 (91)
637 5737 825 5793 Codex
886 5736 1195 5808 Sangerm.,
1237 5753 1259 5791 ι
1319 5737 1530 5796 litteras.
1571 5755 1590 5790 ι
1629 5735 1782 5795 Libb.
1818 5735 1987 5802 editi.

2101 5614 2121 5648 ι
2157 5595 2396 5652 malitiae.
2426 5615 2445 5647 ι

2150 5668 2260 5739 (92)
2285 5664 2441 5722 Libb.
2484 5663 2634 5734 editi,
2676 5683 2694 5716 ‹
2739 5663 2987 5722 multum.
3022 5684 3039 5718 ι
3083 5663 3230 5731 Mss.,
3260 5679 3279 5714 ι
3317 5659 3504 5716 multa.
3545 5675 3563 5710 2
