4024 6146
330 226 434 280 459

1801 219 2126 277 οιιιςΕΝιδ

332 345 579 412 deliquit,
621 348 676 396 et
700 339 878 394 orabit
904 353 1022 408 pro
1070 353 1136 393 eo
1178 338 1435 393 sacerdos
1475 346 1666 393 contra
1717 337 1899 392 Domi—
1928 345 1970 400 Α
2003 337 2162 404 latus,
2194 352 2291 392 cor
2318 338 2620 393 contritum
2653 346 2710 391 et
2742 335 3084 391 humiliatum
3112 335 3255 391 Deus
3279 348 3384 388 non
3417 343 3562 405 aper-

332 450 487 500 nnm,
511 445 564 490 et
606 432 915 487 remittetur
935 431 984 485 ei
1024 445 1122 499 pro
1153 445 1260 484 uno
1298 431 1367 485 ab
1396 431 1652 486 omnibus
1678 445 1798 500 qua:
1823 429 1902 485 fe-

328 531 406 587 cit
460 538 517 582 et
563 525 789 594 deliquit
833 527 887 580 in
931 537 1064 578 eo.»
1105 523 1355 579 Diximus
1405 524 1456 577 in
1505 523 1900 594 superioribus,

329 620 459 690 quid
483 625 565 672 est
596 616 794 671 oﬁ'erre
827 618 1080 682 arietem,
1113 620 1335 673 ethunc
1369 620 1546 686 pretio
1574 618 1694 673 sicli
1721 617 1899 672 sancti

330 724 590 778 emptum.
624 709 779 764 Nunc
823 719 1091 778 superest,
1140 717 1200 764 ut
1238 710 1601 766 differentiam
1644 710 1790 764 illam
1821 711 1905 764 di-

330 816 514 856 camus
544 818 557 854 :
588 801 731 870 quod
782 801 854 855 ibi
883 801 1116 871 pretium
1163 801 1344 870 posuit
1389 801 1509 856 sicli
1557 801 1755 862 sancti,
1815 799 1903 854 hic

334 895 709 948 tantummodo
733 892 967 962 pretium
998 891 1168 956 dicit,
1204 906 1305 946 nec
1330 891 1685 959 quantitatem
1718 891 1900 960 pretii,

332 1006 434 1044 nec
486 1003 680 1042 nomen
735 983 978 1054 pecunia:
1024 984 1350 1052 designavit.
1411 985 1468 1037 In
1525 983 1903 1051 superioribus

331 1082 474 1135 enim
516 1079 604 1132 ubi
652 1092 749 1147 pro
790 1081 1014 1144 peccato
1056 1075 1199 1143 quod
1230 1075 1280 1128 in
1327 1084 1517 1130 sancta
1548 1075 1898 1129 commissum

333 1173 522 1233 fuerit,
555 1172 639 1225 lex
688 1168 939 1231 dabatur,
971 1165 1162 1220 siclum
1185 1178 1436 1221 sanctum
1470 1167 1706 1221 diximus
1730 1165 1903 1219 nomi-

333 1267 543 1322 natum,
590 1264 644 1309 et
683 1256 878 1310 siclum
923 1269 1120 1309 nomen
1181 1271 1302 1321 esse
1347 1257 1620 1326 pecuniae;
1670 1265 1726 1309 ut
1773 1255 1902 1309 alibi

334 1353 548 1420 obolus,
601 1351 727 1406 alibi
776 1352 1061 1416 drachma,
1116 1351 1247 1407 alibi
1292 1367 1438 1418 mna,
1477 1351 1560 1405 vel
1610 1351 1900 1415 talentum,

335 1450 418 1502 vel
443 1447 711 1502 minutum
737 1460 812 1500 aes
839 1445 922 1500 vel
955 1445 1209 1500 denarius
1232 1445 1452 1500 dicitur.
1484 1444 1582 1499 Hic
1601 1459 1731 1515 ergo
1765 1443 1900 1496 nihil

334 1541 527 1594 horum
559 1541 890 1606 nominatur,
916 1540 1007 1595 sed
1033 1550 1236 1594 tantum
1269 1539 1442 1608 pretio
1458 1536 1899 1608 oﬁerendus(93)

338 1636 486 1690 aries
511 1634 734 1688 dicitur.
789 1634 1022 1688 Interest
1058 1634 1202 1688 enim
1243 1647 1470 1701 peccare
1504 1632 1555 1684 in
1587 1629 1815 1694 sanctis,
1845 1637 1902 1684 et

332 1741 559 1794 peccare
589 1735 741 1779 extra
802 1734 1012 1779 sancta.
1058 1725 1152 1779 Vis
1187 1732 1240 1778 et
1274 1722 1401 1775 alibi
1435 1721 1622 1775 videre
1658 1719 1801 1773 hanc
1827 1721 1900 1789 ip—

331 1835 447 1874 sam
497 1817 1117 1872 distinctionem?Audi
1178 1814 1531 1884 quomodoin
1587 1811 1902 1881 Regnorum

333 1909 490 1964 libris
541 1908 673 1961 dicit
725 1906 844 1960 Heli
898 1907 1159 1960 sacerdos
1189 1905 1256 1958 ad
1294 1904 1434 1957 ﬁlios
1490 1917 1621 1956 suos
1653 1901 1698 1932 ⁸³
1732 1917 1746 1953 :
1785 1920 1803 1951 ι
1844 1900 1901 1954 Si

333 2000 478 2054 enim
509 1997 820 2068 peccaverit
859 1998 982 2066 quis
1017 2000 1070 2050 in
1105 1997 1402 2058 hominem,
1434 1993 1680 2048 exorabit
1705 2007 1802 2062 pro
1836 2007 1901 2048 eo

335 2093 614 2146 sacerdos.
653 2088 708 2144 Si
745 2098 926 2141 autem
957 2089 1010 2140 in
1047 2088 1214 2143 Deum
1251 2086 1580 2154 peccaverit,
1611 2085 1738 2152 quis
1766 2097 1901 2137 exo-

333 2181 480 2234 rabit
513 2195 610 2249 pro
641 2194 706 2234 eo
733 2179 756 2232 ?
785 2198 804 2230 ι
843 2177 1102 2233 Similiter
1148 2189 1202 2232 et
1223 2177 1461 2232 Joannes
1505 2176 1780 2246 apostolus
1821 2177 1904 2230 di-

339 2272 528 2329 cit":
565 2292 582 2323 ι
621 2273 719 2328 Est
784 2282 1064 2342 peccatum
1112 2271 1178 2326 ad
1218 2280 1469 2335 mortem,
1519 2260 1629 2324 non
1669 2285 1768 2340 pro
1811 2268 1904 2322 illo

337 2366 460 2419 dico
486 2375 765 2420 uteretur.
797 2385 817 2416 ι
847 2365 984 2430 Quia
1011 2378 1141 2432 ergo
1169 2365 1519 2418 diversitates
1555 2371 1900 2432 peccatorum

335 2457 546 2511 discere
592 2470 660 2510 ex
713 2454 947 2524 spiritali
983 2454 1102 2526 lege
1137 2455 1421 2517 debemus,
1454 2454 1507 2507 in
1545 2453 1742 2522 quibus
1779 2466 1906 2520 pec-

333 2547 475 2601 catis
531 2546 906 2601 tantummodo
951 2546 1212 2600 emendus
1266 2546 1338 2599 sit
1398 2543 1562 2608 aries,
1611 2543 1664 2597 in
1710 2541 1906 2608 quibus

332 2654 464 2692 vero
514 2638 646 2693 siclo
700 2646 894 2692 sancto
950 2636 1296 2700 mcrcandus,
1337 2633 1428 2705 qui
1470 2634 1635 2689 etiam
1674 2633 1785 2686 sint
1812 2631 1902 2685 isti

333 2729 424 2796 qui
455 2729 689 2782 vendant
727 2727 948 2790 arietes,
989 2727 1362 2796 requiramus.
1410 2725 1520 2794 Ego
1547 2723 1784 2777 arbitror
1826 2723 1905 2790 ip-

336 2835 426 2874 sos
452 2833 573 2875 esse
607 2821 766 2883 istos,
803 2818 896 2888 qui
955 2818 1158 2871 arietes
1212 2821 1282 2871 ad
1333 2815 1664 2868 sacriﬁcium
1698 2813 1902 2868 distra-

333 2914 492 2980 lmnt,
526 2913 618 2982 qui
650 2919 776 2967 sunt
810 2920 864 2965 et
890 2909 1000 2975 illi,
1033 2909 1122 2979 qui
1157 2908 1334 2962 oleum
1371 2907 1437 2962 ad
1482 2906 1761 2976 lampadas
1790 2905 1902 2957 vir-

333 3001 520 3071 ginum
551 3001 812 3064 vendunt,
849 3002 914 3052 de
944 2999 1144 3068 quibus
1181 2998 1436 3052 dicebant
1475 2996 1580 3050 illa:
1609 2996 1904 3064 prudentes

334 3092 520 3148 stultis
563 3091 866 3158 virginibus
898 3091 984 3142 πε
1025 3108 1044 3141 ι
1087 3090 1162 3144 lle
1192 3090 1258 3143 ad
1308 3090 1619 3149 vendentes,
1651 3097 1705 3141 et
1739 3087 1905 3141 emite

334 3184 509 3238 vobis.
563 3202 583 3236 ›
637 3180 890 3236 Vendunt
940 3195 1069 3250 ergo
1099 3182 1183 3236 vel
1226 3181 1403 3236 oleum
1466 3180 1783 3245 luminibus,
1821 3180 1905 3234 vel

335 3276 538 3331 arietes
569 3274 878 3339 sacriﬁciis,
907 3274 998 3342 qui
1031 3274 1122 3327 alii
1179 3274 1285 3328 nisi
1331 3273 1611 3343 prophetae
1650 3273 1822 3326 sancti
1853 3279 1907 3326 et

336 3368 590 3437 aposmli,
645 3370 734 3437 qui
785 3368 919 3422 tnihi
966 3382 1089 3420 cum
1145 3380 1445 3435 peccavero
1491 3367 1803 3428 ostendunt,
1853 3375 1906 3419 et

336 3459 618 3514 consilium
651 3460 780 3514 dant
805 3459 1076 3528 quomodo
1115 3458 1339 3512 debeam
1369 3456 1646 3526 corrigere
1691 3471 1906 3511 errores

337 3566 487 3606 meos
548 3562 603 3606 et
651 3551 942 3606 emendare
985 3550 1240 3620 peccata?
1303 3547 1500 3605 Vendit
1565 3549 1697 3604 mihi
1741 3547 1906 3604 Isaias

337 3643 564 3697 arietem
611 3645 678 3697 ad
727 3641 1140 3698 sacriﬁcandum
1177 3657 1276 3710 pro
1321 3650 1566 3712 peccato,
1606 3657 1729 3696 cum
1773 3643 1903 3696 mihi

336 3734 489 3800 dicit,
541 3745 794 3805 tanquam
859 3751 927 3790 ex
977 3736 1068 3790 Dei
1122 3750 1352 3804 persona
1393 3736 1484 3789 “:
1523 3753 1542 3786 ι
1581 3733 1903 3789 Holocansta

334 3825 588 3891 arietum,
636 3837 692 3882 et
721 3827 908 3895 adipes
959 3842 1247 3897 agnorum,
1278 3837 1332 3882 et
1370 3827 1690 3897 sanguinem
1722 3828 1904 3881 hirco-

339 3933 455 3971 rum
490 3928 546 3972 et
573 3928 850 3973 taurorum
881 3919 1027 3974 nolo.
1055 3919 1334 3990 iEtpaulo
1359 3927 1484 3986 post
1515 3918 1795 3988 subjungit
1825 3918 1901 3970 ’τε

342 4027 360 4059 ε
397 4009 614 4064 Auferte
643 4011 912 4079 nequitias
945 4009 1012 4064 ab
1048 4011 1246 4065 animis
1280 4013 1498 4074 vestris,
1540 4024 1570 4063 a
1610 4019 1902 4077 conspectu

335 4103 618 4157 oculorum
639 4103 1202 4167 vestrorum;discite
1236 4105 1437 4157 bonum
1474 4102 1675 4165 facere,
1712 4101 1905 4170 eripite

336 4196 589 4266 injuriatn
639 4196 1018 4265 accipientem,
1061 4196 1304 4266 judicate
1355 4195 1583 4264 pupillo,
1613 4205 1667 4249 et
1700 4193 1902 4264 justiﬁ-

335 4298 456 4344 cate
490 4289 728 4353 viduam,
761 4296 816 4342 et
843 4288 1024 4341 venite
1061 4287 1419 4356 disputemus,
1448 4288 1580 4341 dicit
1619 4286 1900 4340 Dominus.

2003 430 2105 484 nit.
2137 448 2157 482 ο
2211 429 2345 484 Cum
2401 444 2536 500 ergo
2585 430 2783 501 singuli
2825 432 3235 500 prophetarum,
3279 429 3362 484 vel
3406 429 3568 483 etiam

2004 522 2372 590 apostolorum
2415 522 2702 577 consilium
2753 522 2838 576 his
2889 523 2979 591 qui
3024 523 3365 592 delinquunt,
3411 522 3567 577 dede-

2005 611 2136 675 rint,
2167 627 2274 682 quo
2299 611 2510 681 possint
2532 613 2811 682 corrigere
2836 612 2921 665 vel
2951 613 3243 666 emendare
3263 620 3570 682 peccatum,

2006 704 2201 758 merito
2234 704 2322 758 his
2365 705 2675 760 vendidisse
2706 707 2908 758 arietes
2941 705 3006 758 ad
3040 705 3374 759 sacriﬁcium
3413 705 3566 758 vide-

2003 794 2229 852 buntur.
2279 794 2420 861 Quid
2474 806 2657 850 autem
2695 795 2858 864 pretii
2907 810 2936 849 a
2985 797 3429 866 comparantibus
3479 813 3570 852 su-

2004 895 2177 954 mant,
2229 888 2360 942 illud
2401 888 2612 956 opinor,
2671 887 2887 958 legendi
2916 889 3182 949 studium,
3215 889 3425 963 vigilias
3474 905 3571 944 au-

2003 980 2184 1034 diendi
2212 981 2360 1034 verbi
2393 981 2509 1044 Dei,
2543 989 2599 1036 et
2625 995 2789 1050 super
2815 981 2993 1034 omnia
3024 981 3399 1051 dignissimum
3446 996 3570 1050 pre-

2006 1071 2139 1124 tium
2170 1070 2536 1125 obedientiam
2583 1082 2730 1141 puto,
2785 1073 2851 1126 de
2876 1087 2982 1142 qua
3019 1073 3155 1127 dicit
3200 1073 3462 1127 Dominus
3489 1073 3567 1124 “z

2009 1178 2028 1210 ‹
2059 1160 2434 1216 Obedientiam
2470 1161 2612 1215 malo
2639 1177 2801 1229 quam
2831 1163 3181 1229 sacrilicium,
3213 1171 3269 1218 et
3293 1164 3435 1219 dicto
3476 1179 3572 1218 au-

2003 1251 2261 1305 dientiam
2295 1253 2469 1321 magis
2497 1267 2662 1321 quam
2694 1254 3028 1309 holocausta.
3051 1275 3070 1307 ι

2070 1339 2126 1395 6.
2145 1341 2272 1396 Post
2290 1343 2404 1395 hate
2419 1342 2764 1410 subsequitur
2784 1346 2826 1382 οι
2849 1360 2862 1394 :
2885 1365 2902 1395 ι
2933 1345 2996 1399 Et
3012 1346 3218 1399 locutus
3229 1355 3338 1410 est,
3367 1347 3565 1416 inquit,

2005 1432 2265 1488 Dominus
2287 1435 2353 1487 ad
2379 1434 2617 1505 Moysen,
2648 1436 2832 1492 dicens
2862 1456 2874 1490 ε
2903 1437 3137 1507 [’ttecipe
3160 1441 3338 1492 Aaron
3363 1450 3418 1493 et
3447 1441 3570 1495 ﬁliis

2002 1529 2140 1596 ejus,
2167 1527 2353 1582 dicens
2386 1545 2400 1581 :
2436 1527 2560 1581 llaec
2580 1538 2661 1582 est
2691 1530 2774 1583 lex
2799 1530 2958 1599 202
2983 1531 3310 1587 holocausti:
3330 1531 3440 1588 lloc
3473 1535 3570 1588 ho-

2005 1621 2310 1674 locaustum
2349 1619 2402 1673 in
2436 1622 2773 1675 crematione
2792 1638 2884 1675 sua
2918 1623 3023 1677 erit
3055 1638 3218 1692 super
3255 1623 3430 1679 altare
3458 1634 3568 1680 tota

1932 1692 1974 1745 Β
2008 1721 2163 1764 nocte
2199 1710 2438 1778 usquein
2474 1726 2630 1765 mane
2671 1721 2766 1765 :et
2793 1713 2932 1778 ignis
2955 1713 3143 1768 altaris
3176 1714 3572 1784 ardebitsuper

2007 1800 2156 1864 illud,
2193 1816 2296 1855 nec
2346 1801 2748 1869 exstinguctnr.
2780 1803 2842 1856 Et
2879 1805 3063 1857 induet
3101 1820 3160 1858 se
3195 1807 3450 1861 sacerdos
3477 1819 3564 1861 tu-

2007 1893 2186 1946 nicam
2235 1892 2458 1956 lineam,
2511 1903 2566 1946 et
2619 1904 2926 1963 campestre
2957 1895 3156 1950 Iineum
3205 1897 3390 1952 induet
3421 1901 3571 1956 circa

2004 1996 2204 2052 corpus
2224 1996 2414 2047 suum;
2444 1982 2725 2036 etauferet
2756 1985 3012 2048 hostiam,
3039 2001 3199 2053 quam
3226 2002 3572 2056 consumpse-

2006 2073 2077 2126 rit
2108 2073 2274 2142 ignis,
2319 2084 2375 2127 et
2427 2073 2810 2128 holocaustum
2841 2073 2906 2128 de
2940 2075 3123 2141 altari,
3156 2087 3210 2130 et
3239 2087 3403 2146 ponet
3435 2079 3569 2134 illud

2004 2179 2161 2220 secus
2184 2165 2392 2230 altare;
2427 2174 2481 2219 et
2515 2165 2838 2232 despoliabit
2870 2179 2928 2219 se
2961 2166 3094 2219 stola
3132 2181 3250 2230 sua,
3283 2179 3337 2223 et
3367 2170 3568 2225 indue-

2007 2265 2096 2310 tur
2123 2255 2256 2310 stola
2310 2256 2447 2321 alia;
2506 2265 2561 2310 et
2587 2256 2766 2325 ejiciet
2812 2257 3042 2310 hostiam
3075 2274 3194 2326 quae
3219 2271 3458 2316 cremata
3487 2271 3572 2317 est

2004 2358 2156 2403 extra
2181 2356 2360 2402 castra
2390 2348 2444 2402 in
2493 2347 2671 2402 locum
2711 2349 2988 2402 mundum.
3024 2348 3091 2402 Et
3125 2350 3262 2419 ignis
3295 2367 3461 2421 super
3491 2353 3573 2406 al-

2005 2450 2122 2495 tare
2151 2440 2386 2507 ardebit,
2418 2456 2518 2494 nec
2560 2442 2958 2509 exstinguetur,
3008 2451 3062 2496 et
3097 2445 3380 2499 comburet
3409 2461 3572 2514 super

2007 2534 2134 2587 illud
2195 2534 2452 2588 sacerdos
2499 2533 2639 2603 ligna
2676 2546 2858 2595 mane,
2898 2541 2954 2586 et
2991 2535 3319 2604 constipabit
3355 2537 3408 2590 in
3437 2537 3569 2594 illud

2008 2627 2400 2690 holocaustum,
2428 2635 2484 2679 et
2535 2624 2775 2692 imponet
2809 2639 2970 2692 super
2995 2623 3126 2679 illud
3169 2627 3383 2697 adipem
3425 2630 3570 2684 salu-

2010 2719 2163 2784 taris,
2207 2727 2262 2772 et
2317 2718 2458 2788 ignis
2499 2731 2714 2784 semper
2753 2715 2963 2770 ardebit
3017 2732 3183 2785 super
3230 2719 3419 2788 altare,
3471 2735 3571 2778 nec

2011 2811 2413 2880 exstinguetur.
2453 2829 2472 2861 ι
2524 2809 2660 2862 Audi
2726 2821 2944 2875 semper
2996 2807 3190 2862 debere
3223 2824 3344 2864 esse
3391 2810 3570 2883 ignem

2005 2921 2170 2974 super
2221 2905 2395 2959 altare
2431 2913 2486 2956 et
2525 2913 2602 2965 tu,
2637 2902 2683 2956 si
2720 2901 2801 2955 vis
2849 2917 2971 2958 esse
3017 2905 3271 2960 sacerdos
3298 2905 3414 2973 Dei,
3460 2906 3570 2961 sic-

1931 3033 1973 3089 ο
2015 3009 2074 3052 ut
2129 3000 2394 3066 scriptum
2443 3010 2524 3053 est
2553 3001 2595 3031 “
2624 3018 2666 3053 ει
2713 3001 2910 3055 Omnes
2963 3001 3106 3052 enim
3154 3015 3246 3054 vos
3311 3003 3572 3054 sacerdo-

2011 3103 2090 3145 tes
2149 3089 2358 3143 Domini
2407 3091 2584 3144 eritis.
2632 3111 2650 3142 ι
2696 3091 2763 3144 Ει
2811 3091 2876 3145 ad
2935 3101 2985 3144 le
3025 3092 3168 3144 enim
3219 3090 3426 3146 dicitur
3475 3090 3562 3144 ⁶⁸ε

2010 3198 2029 3230 ι
2058 3180 2202 3234 Gens
2228 3179 2416 3242 electa,
2456 3181 2633 3251 regale
2654 3183 3036 3246 sacerdotium,
3063 3182 3289 3251 populus
3318 3184 3374 3236 in
3393 3184 3574 3253 acqui-

2005 3273 2280 3327 sitionem.
2318 3292 2336 3324 ι
2365 3274 2421 3326 Si
2475 3288 2604 3344 ergo
2645 3277 2725 3328 vis
2772 3275 3136 3329 sacerdotium
3182 3291 3345 3345 agere
3373 3278 3571 3331 animm

2007 3374 2137 3424 tum,
2167 3379 2440 3433 nunquam
2476 3367 2697 3419 recedat
2724 3367 2861 3434 ignis
2900 3367 2966 3421 de
2996 3367 3154 3421 altari
3203 3379 3314 3420 tuo.
3347 3367 3458 3422 Hoc
3488 3381 3572 3422 est

2007 3457 2148 3526 quod
2207 3465 2262 3511 et
2307 3457 2568 3512 Dominus
2620 3459 2671 3512 in
2723 3459 3028 3528 Evangeliis
3091 3461 3334 3530 praecipit
3382 3463 3459 3527 ⁵⁸,
3516 3470 3573 3516 ut

2012 3566 2031 3599 ι
2056 3549 2166 3602 sint
2197 3549 2359 3603 lumbi
2391 3551 2552 3604 vestri
2577 3552 2876 3619 pra'cinCti,
2905 3563 2956 3604 et
2981 3553 3215 3606 lucernae
3233 3563 3423 3606 vestrm
3437 3568 3572 3607 sem-

2004 3657 2101 3710 per
2155 3645 2429 3697 ardentes.
2470 3663 2487 3694 ι
2521 3644 2746 3712 Semper
2797 3643 2910 3716 (94)
2943 3659 3070 3714 ergo
3125 3646 3221 3700 tibi
3255 3646 3393 3715 ignis
3422 3646 3567 3712 ﬁdei,

2005 3745 2059 3790 et
2090 3735 2306 3789 lucerna
2333 3737 2575 3790 scientiae
2611 3755 2840 3794 accensa
2884 3739 2973 3793 sit.
3005 3739 3112 3793 Sed
3147 3748 3201 3792 et
3226 3739 3366 3808 quod
3412 3739 3568 3805 dixit,

2011 3848 2029 3880 ι
2070 3828 2236 3881 lumbi
2266 3828 2428 3881 vestri
2462 3830 2758 3896 praecincti,
2797 3849 2814 3881 ι
2855 3831 3113 3885 Dominus
3145 3831 3195 3883 in
3231 3829 3523 3899 Evangelio
3553 3844 3570 3882 :

2005 3921 2105 3974 hoc
2130 3919 2272 3972 idem
2301 3929 2406 3981 est,
2439 3921 2581 3987 quod
2624 3932 2678 3974 ct
2720 3936 2867 3974 nunc
2903 3920 3180 3990 legislator
3207 3921 3484 3989 praecepit,
3514 3931 3574 3974 ut

2005 4009 2295 4080 campestri
2327 4010 2472 4063 lineo
2504 4012 2869 4081 pra-cingatur
2902 4012 3181 4074 sacerdos,
3212 4021 3265 4065 et
3293 4012 3364 4064 ita
3401 4011 3572 4065 veteri

2006 4106 2187 4159 cinere
2204 4104 2474 4175 deposito,
2507 4105 2725 4158 innovet
2760 4121 2948 4160 sacros
2974 4105 3146 4174 ignes.
3171 4104 3399 4173 Oportet
3428 4105 3569 4157 enim

2005 4199 2172 4252 etiam
2226 4214 2319 4255 nos
2377 4197 2559 4252 dicere
2589 4199 2674 4251 “z
2711 4217 2727 4248 ι
2763 4197 2906 4252 Ecce
2969 4208 3154 4251 vetera
3208 4197 3571 4262 transierunt,

2007 4302 2058 4345 et
2083 4290 2222 4345 facta
2255 4293 2590 4346 suntomnia
2637 4307 2799 4348 nova.
2841 4310 2860 4342 ι
2891 4289 3196 4358 Campestri
3247 4289 3390 4343 enim
3425 4289 3573 4343 lineo

335 4379 401 4433 Et
423 4381 466 4434 si
488 4379 692 4434 fuerint
720 4387 938 4450 peccata
969 4388 1151 4432 vestra
1179 4380 1611 4447 utphmnicium,
1643 4391 1700 4433 ut
1724 4381 1899 4433 nivem
1933 4391 1976 4444 ι)
2008 4384 2265 4452 cingitur,
2303 4385 2412 4451 vel,
2443 4386 2585 4440 sicut
2619 4383 2748 4437 alihi
2801 4383 3030 4447 dicitur,
3065 4381 3422 4436 femoralibus
3466 4381 3572 4433 uti-

335 4471 624 4537 dcalbaho;
662 4472 708 4526 si
745 4481 923 4525 autem
963 4479 1022 4524 ut
1068 4472 1374 4538 coccinum,
1408 4483 1465 4525 ut
1505 4473 1683 4525 lanam
1716 4473 1902 4526 candi-

334 4565 454 4617 dam
481 4562 732 4617 elﬁciam.
757 4581 776 4614 ι
816 4563 1019 4618 Vendit
1055 4561 1188 4616 mihi
1221 4564 1450 4618 arietem
1475 4575 1529 4617 et
1565 4563 1746 4617 Daniel
1774 4578 1898 4617 cum

337 4655 472 4709 dicit
494 4654 560 4720 ⁵⁸,
616 4655 742 4724 quia
772 4673 790 4706 t
822 4672 929 4711 non
956 4663 1040 4710 est
1095 4655 1247 4711 locus
1275 4655 1343 4708 ad
1392 4655 1807 4709 sacriﬁcandum
1844 4654 1897 4707 in

341 4758 635 4817 conspectu
656 4757 765 4815 tuo,
798 4759 857 4802 ut
881 4749 1151 4818 possimus
1171 4747 1410 4802 invenire
1440 4747 1895 4801 misericordiam.

343 4840 449 4893 Sed
507 4840 560 4892 in
615 4841 794 4894 anima
853 4841 1212 4897 contribulata
1259 4848 1314 4894 et
1339 4838 1532 4908 spiritu
1573 4837 1900 4892 humilitatis

336 4931 701 4999 suscipiamur
760 4932 902 4987 velut
947 4935 1000 4988 in
1055 4932 1408 4989 multitudine
1470 4945 1730 5000 agnorum
1783 4930 1901 5000 pin-

335 5023 540 5091 guium,
571 5022 652 5077 sic
681 5023 776 5076 ﬁat
796 5024 1122 5078 sacriﬁcium
1148 5034 1392 5076 nostrum
1417 5021 1470 5075 in
1494 5029 1785 5091 conspectu
1809 5030 1902 5076 tuo

340 5116 522 5169 hodie.
549 5133 567 5166 ι
599 5115 798 5170 Vendit
841 5116 1000 5170 nobis
1025 5125 1080 5170 et
1124 5117 1287 5169 David
1337 5115 1564 5169 arietem
1607 5115 1899 5180 sacriﬁcii,

311 5221 459 5294 ‘cum
499 5205 627 5260 dicit
657 5206 743 5258 '9:
779 5224 799 5256 ‹
845 5207 1188 5262 Sacriﬁcium
1222 5207 1334 5261 Deo
1361 5207 1583 5275 spiritus
1625 5207 1902 5287 contribu-

406 5299 451 5329 ⁵³
479 5299 495 5351 l
525 5299 657 5368 Reg.
693 5316 759 5368 ιι,
790 5301 881 5354 25.

336 5366 538 5442 l_’>_8,_59.
613 5366 678 5402 τ’
713 5366 1066 5442 rsat.u.t9.
1167 5372 1258 5424 σοι
1298 5373 1429 5442 Reg.
1481 5384 1569 5439 xv,
1606 5371 1698 5426 22.

337 5437 384 5471 ⁵⁸
415 5437 542 5493 Luc.
565 5455 666 5504 xu,
692 5443 781 5496 ‘55.
858 5443 901 5475 ⁸⁵⁵
922 5441 1104 5497 llCor.
1140 5459 1195 5508 v,
1236 5442 1325 5497 17.

410 5530 520 5602 (95)
562 5531 738 5606 Pretio
763 5536 1083 5604 offerendas.
1114 5537 1189 5589 lta
1231 5538 1397 5606 codex
1427 5535 1713 5606 Sangerm.
1747 5536 1895 5594 Libri

340 5613 518 5675 autem
547 5604 702 5675 editi,
739 5623 758 5655 ι
786 5608 1019 5675 pretium
1053 5624 1159 5674 quo
1190 5605 1520 5665 ollercndus.
1546 5604 1582 5658 ἦ

415 5671 524 5744 (94)
551 5671 901 5745 Advcrbiutn,
937 5695 954 5728 ι
997 5671 1232 5748 semper,
1270 5696 1292 5764 ι
1340 5678 1494 5734 deest
1521 5679 1572 5734 in
1596 5689 1752 5735 antea
1781 5679 1919 5759 edi-1

959 5301 1007 5333 ⁵⁵
1044 5303 1060 5355 l
1097 5301 1254 5356 Joan.
1290 5317 1343 5365 ν,
1378 5302 1467 5356 16.
1542 5302 1588 5334 ⁵⁸
1624 5300 1814 5356 Matth.
1846 5317 1971 5364 xxv,
2002 5303 2054 5357 9.
2144 5305 2196 5336 "
2221 5307 2313 5362 lsa.

979 5373 1066 5426 t9.
1167 5372 1212 5403 °°
1245 5373 1258 5424 l
1298 5373 1429 5430 Reg.
1481 5384 1569 5430 xv.
1606 5371 1698 5426 22.
1803 5372 1845 5403 ⁶¹
1876 5372 2047 5428 Levit.
2090 5388 2167 5430 τι.
2201 5375 2234 5430 8
2258 5387 2313 5430 et

2033 5415 2047 5428 .
2090 5391 2167 5442 vt,
2201 5391 2234 5430 δ
2258 5391 2313 5431 et
2331 5394 2482 5449 seqq.

2010 4485 2116 4542 tur,
2143 4477 2230 4543 qui
2256 4475 2522 4530 luxuriam
2556 4477 2713 4531 ﬂuxa;
2758 4477 2998 4531 libidinis
3022 4476 3244 4547 cingulo
3271 4475 3572 4529 restrinxe-

2010 4569 2079 4620 rit
2111 4568 2401 4622 castitatis.
2430 4570 2570 4623 Ante
2596 4569 2778 4622 omnia
2814 4569 2955 4622 enim
3005 4569 3261 4623 sacerdos
3307 4569 3398 4637 qui
3437 4568 3573 4621 divi-

2007 4655 2091 4708 nis
2149 4655 2356 4708 assistit
2399 4655 2663 4711 altaribus
2705 4658 2956 4711 castitate
2997 4658 3154 4712 debet
3193 4657 3426 4726 accingi,
3474 4670 3573 4710 nec

2006 4745 2165 4798 aliter
2213 4761 2443 4816 purgare
2491 4757 2672 4802 vetera
2705 4759 2758 4804 et
2797 4750 3105 4804 instaurare
3147 4751 3350 4820 poterit
3406 4763 3566 4813 nova,

2008 4841 2110 4895 nisi
2142 4841 2571 4899 lineisinduatur
2597 4845 2730 4917 (95).
2759 4845 2836 4899 De
2862 4846 3022 4902 lineis
3056 4862 3196 4915 saepe
3224 4845 3334 4914 jam
3368 4845 3570 4898 dictum

2007 4941 2111 4998 est,
2137 4939 2191 4983 et
2223 4939 2351 4984 tunc
2377 4934 2615 4987 maxime
2645 4950 2767 4988 cum
2796 4935 2864 4991 de
2911 4935 3238 4991 indumentis
3259 4935 3572 4989 sacerdota-

2007 5020 2149 5078 libus
2194 5023 2530 5088 dicebamus,
2565 5031 2710 5095 quod
2743 5030 2956 5098 species
2987 5029 3092 5082 ista
3131 5027 3361 5082 l‘ormam
3392 5035 3572 5081 teneat

2006 5117 2309 5174 castitatis:
2333 5118 2458 5186 quia
2487 5120 2638 5188 origo
2667 5119 2760 5173 lini
2785 5121 2867 5174 ita
2904 5137 2934 5175 e
2978 5131 3120 5174 terra
3157 5120 3392 5183 ducitur,
3427 5127 3480 5172 et
3505 5117 3574 5172 de

2010 5216 2156 5262 terra
2186 5210 2388 5277 editur,
2426 5223 2486 5268 ut
2535 5229 2599 5268 ex
2646 5214 2788 5285 nulla
2821 5213 3147 5267 admistione
3182 5221 3441 5280 concepta
3474 5211 3567 5264 sit.

2144 5305 2196 5336 "
2221 5307 2326 5362 lsa.
2355 5323 2393 5372 ι,
2419 5309 2507 5363 Η.
2580 5309 2626 5341 ³⁷
2681 5309 2809 5362 ibid.
2845 5309 2926 5365 16.
2961 5308 3048 5373 l7,
3088 5307 3171 5360 t8.
3247 5306 3295 5338 ⁸⁸
3325 5306 3454 5361 Dan.
3485 5320 3571 5368 ιιι,

2596 5380 2640 5411 ⁶¹
2670 5380 2773 5434 lsa.
2809 5395 2921 5444 ut,
2947 5380 3002 5433 6.
3105 5378 3151 5408 ⁸³
3175 5377 3202 5430 -Ι
3229 5375 3375 5430 Petr.
3411 5392 3475 5442 ιι,
3508 5374 3565 5431 9.

2009 5537 2220 5613 tis,_s__ed
2237 5537 2521 5613 reperitur
2543 5537 2593 5590 in
2621 5551 2748 5590 mss.
2862 5606 2875 5613 _
2941 5606 2952 5613 _
3225 5603 3248 5613 _
3277 5603 3307 5613 η
3332 5603 3344 5613 _

2078 5608 2193 5678 (95)
2228 5603 2414 5661 Codex
2451 5607 2760 5677 Sangerm.,
2799 5625 2817 5658 ι
2862 5606 3143 5662 induatur.
3176 5623 3194 5656 ι
3225 5603 3382 5659 Lihb.
3415 5603 3570 5669 editi,

2011 5698 2028 5732 ι
2061 5679 2301 5734 indutus.
2338 5695 2359 5728 ι

3466 214 3646 270 M0.
