4024 6146
359 296 454 352 Ml

1511 285 1582 342 IN
1624 286 1996 343 LEVlTlCUM
2033 284 2316 343 HOMlLlA
2350 284 2441 343 IV.

3477 283 3582 340 ua

362 405 769 465 Observandum
821 414 1000 462 tamen
1023 411 1106 460 est
1147 403 1290 475 quod
1316 403 1442 461 aliis
1471 403 1802 459 indumentis
1830 417 1918 458 sa-
1947 409 1993 466 Α
2026 405 2167 459 hanc
2218 403 2338 458 dedi
2385 403 2454 458 ab
2498 400 2691 457 hostiis
2739 400 2972 458 Domini.
3014 399 3218 457 Sancta
3268 410 3578 460 sanctorum

363 498 555 554 cerdos
577 498 748 552 utitur
776 497 904 552 dum
925 505 1008 552 est
1048 495 1103 551 in
1145 494 1544 550 sacriﬁciorum
1588 494 1913 560 ministerio,

363 600 416 642 et
448 587 576 643 aliis
618 601 741 642 cum
769 587 1014 658 procedit
1046 586 1112 642 ad
1161 585 1439 655 populum.
1468 583 1582 640 Hoc
1609 583 1842 639 faciebat
1866 591 1922 638 et

361 679 564 735 Paulus
597 679 988 735 scientissimus
1006 678 1411 748 pontiﬁcum,et
1437 677 1804 748 peritissimus
1829 691 1922 732 sa-

361 770 926 838 cerdmum.Quicum
971 771 1191 826 essetin
1229 779 1372 827 cmtu
1397 769 1923 840 perfectorum,tan-

361 878 520 933 quam
552 863 692 916 intra
717 863 916 918 Sancta
946 871 1255 916 sanctorum
1277 865 1503 933 positus,
1547 873 1601 917 et
1637 864 1774 919 stula
1797 879 1921 934 per-

362 955 612 1012 fectionis
641 956 855 1010 indutus
875 955 1088 1010 dicebat
1115 955 1161 986 “
1188 971 1202 1008 :
1234 973 1253 1006 t
1288 955 1617 1024 Sapientiam
1646 956 1922 1025 loquimur

364 1047 508 1103 inter
533 1046 832 1116 perfectos,
860 1047 1181 1116 sapientiam
1216 1057 1393 1100 autem
1412 1062 1518 1102 non
1542 1048 1700 1117 hujus
1716 1049 1920 1115 mundi,

359 1152 532 1206 neque
577 1137 890 1208 principum
951 1136 1110 1205 hujus
1158 1137 1368 1204 mundi,
1400 1138 1492 1207 qui
1549 1139 1921 1207 destruuntur,

360 1230 448 1284 sed
479 1229 754 1297 loquimur
793 1226 890 1282 Dei
923 1227 1242 1295 sapientiam
1270 1228 1324 1282 in
1356 1232 1614 1301 mysterio
1639 1233 1920 1286 abscondi-

362 1329 489 1386 tam,
504 1334 668 1391 quam
689 1335 853 1376 nemo
872 1319 1176 1388 principum
1198 1319 1354 1389 hujus
1372 1322 1552 1376 saeculi
1572 1323 1846 1393 cognovit.
1866 1324 1923 1377 Si

355 1417 498 1470 enim
529 1415 938 1484 cognovissent,
997 1428 1270 1482 nunquam
1305 1415 1590 1471 Dominum
1622 1417 1922 1485 majestatis

355 1506 778 1563 cruciﬁxissent.
811 1523 828 1560 ι
869 1503 973 1560 Sed
1007 1514 1128 1575 post
1153 1507 1268 1560 haec
1291 1514 1544 1576 tanquam
1576 1507 1642 1562 ad
1669 1510 1921 1579 populum

355 1599 542 1653 exiens
594 1605 768 1654 mutat
820 1596 1037 1660 stolam,
1063 1605 1119 1650 et
1166 1597 1270 1652 alia
1310 1599 1551 1654 induitur
1593 1601 1756 1672 longe
1787 1601 1922 1656 infe-

349 1689 520 1754 riore,
586 1703 755 1758 quam
798 1689 908 1744 illa.
955 1690 1022 1744 Et
1063 1691 1190 1760 quid
1251 1690 1386 1745 dicit
1414 1691 1494 1745 ‘7?
1529 1710 1549 1743 ι
1581 1690 1724 1747 Nihil
1751 1694 1915 1759 aliud,

2027 505 2174 561 sunt,
2201 494 2338 549 sicut
2370 505 2453 552 est
2492 509 2589 564 pro
2632 503 2851 562 peccato
2885 501 2940 548 et
2989 507 3088 561 pro
3116 493 3336 548 delicto.
3381 493 3581 552 Omnes

2021 587 2248 642 masculi
2285 588 2627 642 sacerdotum
2669 586 2830 640 edent
2868 599 3012 641 eam.
3046 583 3368 655 Legititnum
3424 597 3582 640 aeter-

2022 694 2148 732 num
2181 679 2236 733 itt
2263 678 2548 748 progenies
2597 687 2811 732 vestras
2859 676 2929 730 ab
2963 677 3154 730 hostiis
3194 675 3581 734 Domini.0m-

2026 770 2110 824 nis
2152 769 2244 837 qui
2295 768 2533 836 tetigerit
2582 781 2669 832 ea,
2711 765 3164 822 sanctiﬁcabitur.
3200 785 3219 818 ι
3258 766 3313 820 1η
3351 768 3436 822 bis
3463 785 3584 837 qua:

2021 862 2294 934 proposita
2325 869 2480 924 sunt,
2519 875 2636 916 mos
2668 861 2886 930 quidem
2917 860 3260 914 sacrificandi
3284 864 3584 917 sacerdoti-

2023 957 2120 1010 bus
2144 957 2320 1019 datur,
2351 961 2408 1007 et
2427 952 2785 1007 observantiae
2817 953 3016 1020 quibus
3040 953 3141 1007 coli
3179 954 3340 1019 Deus,
3369 955 3453 1008 vel
3489 972 3582 1024 pu-

2025 1047 2224 1102 riﬁcari
2255 1044 2480 1114 populus
2519 1045 2816 1110 videretur,
2857 1044 2940 1098 vel
2971 1045 3136 1099 etiam
3165 1046 3218 1098 in
3258 1050 3582 1104 necessariis

2023 1139 2197 1192 victus
2218 1151 2383 1192 causa
2416 1135 2794 1190 consuleretur
2818 1137 3192 1192 sacerdotibus
3213 1145 3269 1192 et
3297 1139 3582 1194 ministris.

2023 1226 2319 1284 Offerenda:
2345 1227 2489 1280 enim
2529 1226 2724 1281 simila:
2758 1227 2810 1280 in
2836 1226 3103 1281 sacriﬁcio
3133 1243 3384 1282 mensura
3410 1232 3584 1298 posita

2023 1328 2271 1387 est,quaa
2315 1315 2528 1370 decima
2564 1330 2690 1386 pars
2720 1316 2846 1385 eplti
2875 1317 3202 1385 appellatur,
3251 1317 3378 1372 huic
3404 1321 3583 1374 oleum

2024 1408 2451 1478 superfunditur,
2491 1418 2548 1462 et
2603 1408 2728 1462 thus
2773 1413 3176 1478 superponitur.
3224 1411 3331 1469 Sed
3368 1428 3490 1466 cum
3517 1415 3583 1468 ad

2025 1498 2194 1554 altare
2226 1497 2557 1568 pervenerit,
2587 1499 2859 1565 sacerdos,
2896 1499 3090 1568 inquit,
3118 1502 3332 1570 plenam
3363 1518 3584 1558 manum

2023 1611 2092 1650 ex
2115 1611 2180 1653 eo
2217 1604 2415 1660 sumet,
2437 1596 2508 1648 ita
2541 1601 2601 1646 ut
2631 1593 2774 1648 intra
2807 1593 3198 1664 plenitudinem
3231 1613 3422 1653 manus
3455 1613 3586 1652 con-

2023 1689 2202 1744 cludat
2245 1689 2404 1760 203
2439 1697 2495 1743 et
2540 1686 2716 1743 oleum
2765 1687 2908 1755 quod
2956 1686 3189 1742 infusum
3226 1698 3330 1752 est,
3375 1697 3430 1743 et
3462 1691 3589 1744 thns

352 1779 548 1850 inquit,
574 1780 820 1850 jutlicavi
842 1795 928 1836 me
951 1749 1098 1837 scire
1124 1783 1260 1836 inter
1286 1797 1401 1848 vos,
1421 1783 1526 1838 nisi
1553 1783 1734 1839 Jesum
1761 1749 1918 1840 Chri;
1948 1749 1990 1804 Β
2018 1779 2157 1849 quod
2195 1749 2587 1850 superpositum
2613 1787 2714 1841 est,
2747 1787 2807 1831 ut
2829 1778 2900 1831 sit
2929 1778 3031 1832 hoc
3061 1779 3293 1834 libamen
3324 1789 3380 1835 et
3403 1781 3586 1836 sacri-

352 1883 521 1941 stum,
546 1885 601 1928 et
643 1875 796 1932 hunc
833 1875 1175 1930 cruciﬁxum.
1209 1895 1229 1928 »
1270 1875 1427 1930 Vides
1460 1890 1588 1946 ergo
1623 1877 1782 1931 istum
1820 1878 1918 1932 do-
2020 1872 2202 1926 ficium
2251 1871 2358 1926 Deo
2407 1872 2460 1925 in
2510 1872 2726 1926 odorem
2766 1871 3072 1926 suavitatis.
3111 1869 3343 1936 Caetera,
3388 1871 3584 1940 inquit,

353 1965 652 2019 etissimum
699 1967 1058 2033 sacerdotem,
1093 1967 1361 2036 quomodo
1401 1969 1618 2022 indutus
1654 1969 1747 2023 sit.
1783 1969 1916 2025 Cum
2018 1973 2276 2020 maneant
2305 1965 2675 2021 sacerdotibus
2709 1966 2775 2020 ad
2807 1967 3096 2032 edendum,
3148 1967 3240 2021 sed
3280 1968 3486 2021 edenda
3523 1981 3586 2020 ea

352 2066 433 2112 est
455 2058 635 2113 iturus
670 2059 814 2114 inter
854 2058 1149 2128 perfectos,
1177 2058 1325 2113 velut
1366 2059 1420 2113 in
1468 2059 1670 2116 Sancta
1703 2071 1919 2118 sancto.
2018 2057 2234 2112 tradidit
2260 2057 2344 2111 lex
2375 2059 2430 2110 in
2458 2058 2577 2113 loco
2611 2069 2820 2125 sancto,
2859 2059 2911 2114 in
2939 2061 3082 2114 atrio
3121 2057 3480 2124 tabernaculi,
3512 2056 3587 2110 ita

355 2162 492 2214 rum,
517 2145 623 2200 alia
665 2148 835 2202 utitur
874 2148 1011 2203 stola
1054 2148 1334 2204 doctrinm.
1360 2149 1494 2205 Cum
1539 2165 1667 2207 vero
1701 2155 1814 2208 exit
1852 2155 1918 2210 ad
2016 2156 2078 2200 υι
2103 2147 2235 2202 nihil
2281 2147 2635 2204 Γετιηθηιϐιυτ
2685 2167 2751 2207 ex
2813 2152 2913 2206 eis.
2969 2149 3120 2205 Hanc
3161 2151 3330 2214 enim.
3386 2149 3584 2218 inquit.

351 2251 465 2304 eos,
490 2237 583 2306 qui
609 2237 894 2308 incapaces
920 2247 1256 2304 sunt,mntat
1283 2239 1473 2294 stolam
1497 2242 1648 2296 verbi
1692 2251 1749 2297 et
1786 2244 1920 2298 infe.
2013 2239 2139 2292 dedi
2174 2248 2380 2308 partem
2409 2243 2801 2306 sacerdOtibus,
2834 2253 2888 2296 et
2920 2244 3032 2296 lucc
3077 2250 3202 2295 sunt
3229 2239 3427 2295 Sancta
3463 2255 3589 2294 san-

353 2329 498 2384 riora
530 2329 728 2396 docet;
761 2338 817 2384 et
848 2328 982 2384 alios
1015 2330 1159 2385 lacte
1200 2338 1446 2398 po~tat,ut
1473 2332 1754 2400 parvulos;
1787 2335 1921 2391 alios
2014 2339 2247 2384 'ctorum.
2297 2330 2401 2386 Sed
2448 2343 2503 2387 et
2552 2333 2679 2387 illud
2713 2332 2993 2388 observari
3026 2331 3214 2394 voluit,
3247 2340 3302 2384 ut
3335 2330 3432 2384 soli
3471 2346 3587 2384 ma-

352 2419 596 2473 oieribus
627 2420 829 2485 nutrit,
877 2429 937 2474 ut
964 2421 1245 2486 inﬁrmos;
1274 2422 1396 2477 aliis
1426 2437 1556 2477 vero
1579 2424 1753 2480 fortes
1777 2442 1918 2496 prm-
2017 2422 2152 2477 sculi
2181 2423 2346 2477 edant
2379 2440 2444 2478 ex
2473 2439 2559 2488 eo,
2591 2423 2784 2477 femina
2819 2423 2962 2476 nulla
3007 2423 3303 2488 contingat.
3336 2421 3502 2474 Addit
3529 2429 3588 2475 et

352 2519 510 2582 parat
545 2509 724 2575 cibos,
753 2511 838 2566 his
880 2510 1088 2566 scilicet
1124 2530 1143 2563 ‹
1194 2512 1286 2580 qui
1311 2528 1410 2582 pro
1435 2515 1790 2582 possibilitate
1829 2532 1920 2570 su-

353 2602 532 2658 mendi
561 2603 896 2657 exercitatos
942 2601 1144 2656 habent
1194 2617 1385 2658 sensus
1425 2606 1491 2658 ad
1531 2605 1915 2663 discretionem

357 2692 507 2758 boni,
533 2691 619 2745 vel
650 2692 774 2747 mali
797 2692 860 2746 ⁸⁸.
891 2711 910 2743 ι
949 2692 1038 2748 Sic
1077 2693 1287 2749 sciebat
1327 2691 1524 2749 Paulus
1552 2706 1763 2750 mutare
1803 2709 1918 2754 sto-

353 2785 455 2845 las,
492 2794 547 2840 et
575 2786 678 2841 alia
699 2787 774 2840 uti
812 2787 877 2838 ad
905 2787 1181 2856 populum,
1213 2787 1318 2840 alia
1363 2788 1416 2841 in
1453 2787 1757 2842 ministerio
1795 2804 1919 2843 san-

355 2888 592 2932 ctorum.
628 2875 748 2944 Ipse
792 2886 969 2931 autem
1011 2877 1328 2945 pontiﬁcum
1370 2879 1632 2946 pontifex,
1657 2889 1712 2933 et
1737 2895 1919 2935 sacer—

357 2972 543 3024 dotum
599 2968 852 3023 sacerdos
897 2967 1156 3024 Dominus
1194 2978 1251 3024 et
1289 2969 1539 3022 Salvator
1587 2980 1791 3036 noster,
1852 2973 1919 3027 de

357 3069 464 3130 quo
500 3058 634 3112 dicit
662 3056 950 3126 Apostolus
964 3056 1029 3122 “,
1051 3057 1180 3127 quia
1201 3075 1223 3111 ι
1254 3057 1493 3128 pontifex
1513 3059 1584 3113 sit
1611 3061 1911 3116 futurorum
1945 3091 1990 3152 Ο

358 3152 647 3215 bonorum,
687 3167 707 3200 ι
751 3148 876 3202 audi
899 3149 1170 3216 quomodo
1232 3149 1436 3218 primus
1479 3151 1592 3204 haec
1624 3151 1834 3218 fecerit,
1862 3164 1917 3208 et

357 3243 429 3296 ita
461 3240 742 3309 discipulis
771 3241 882 3294 suis
906 3241 1022 3294 haec
1064 3240 1320 3294 imitanda
1352 3239 1649 3309 reliquerit.
1676 3244 1918 3314 Evange-

354 3335 486 3389 lium
516 3332 686 3389 refert
718 3334 783 3388 de
804 3347 887 3397 eo,
937 3343 992 3388 et
1022 3334 1155 3389 dicit
1195 3334 1268 3401 ⁷ο,
1315 3335 1440 3403 quia
1483 3354 1502 3388 ι
1546 3336 1599 3389 in
1646 3337 1918 3406 parabolis

354 3425 678 3495 loquebatur
710 3426 776 3480 ad
802 3425 1011 3493 turbas,
1054 3434 1109 3479 et
1134 3426 1252 3480 sine
1283 3426 1555 3494 parabolis
1599 3443 1705 3483 non
1733 3428 1918 3498 loque-

359 3516 520 3567 batur
565 3514 665 3570 eis.
705 3533 724 3565 ι
759 3513 1026 3569 Seorsum
1055 3522 1232 3568 autem
1272 3514 1517 3570 solvebat
1552 3532 1614 3570 ea
1639 3519 1918 3588 discipulis

357 3605 492 3658 suis.
531 3603 689 3658 Vides
711 3604 982 3673 quomodo
1027 3603 1141 3672 ipse
1199 3605 1381 3660 docuit
1427 3605 1548 3660 aliis
1583 3605 1919 3664 indumentis

357 3700 433 3753 uti
479 3700 678 3755 debere
726 3699 1076 3770 pontificem,
1133 3713 1254 3753 cum
1305 3701 1548 3770 procedit
1594 3701 1660 3753 ad
1698 3701 1916 3767 turbas;

357 3791 502 3858 aliis,
537 3806 661 3845 cum
698 3791 926 3845 eruditis
952 3799 1007 3845 et
1037 3789 1295 3859 perfectis
1321 3792 1591 3845 ministrat
1617 3791 1667 3844 in
1693 3793 1912 3846 sanctis.

358 3881 512 3937 Unde
541 3883 831 3951 Optandum
865 3882 1019 3937 nobis
1043 3894 1127 3938 est
1162 3892 1219 3936 et
1245 3883 1535 3954 agendum,
1570 3899 1636 3938 ne
1662 3883 1794 3938 tales
1816 3899 1915 3940 nos

357 3975 600 4030 inveniat
641 3973 818 4038 Jesus,
856 3975 927 4029 ita
969 3974 1267 4045 imparatos
1303 3983 1357 4031 et
1394 3975 1469 4028 ita
1505 3975 1686 4030 saeculi
1713 3976 1917 4031 sollici-

356 4067 632 4122 tudinibus
685 4066 955 4136 alligatos,
983 4075 1040 4120 ut
1088 4081 1213 4122 cum
1253 4067 1430 4122 turbis
1470 4067 1723 4136 loquatur
1755 4069 1912 4123 nobis

359 4161 410 4213 in
436 4158 727 4226 parabolis,
764 4167 822 4211 ut
866 4157 1107 4214 videntes
1138 4173 1243 4212 non
1268 4160 1570 4224 videamus,
1601 4170 1660 4217 'et
1690 4163 1912 4216 audien—

359 4259 439 4302 tes
484 4264 589 4302 non
639 4248 957 4315 audiamus;
1003 4250 1097 4303 sed
1140 4250 1322 4319 potius
1367 4251 1507 4304 inter
1551 4267 1642 4306 eos
1683 4253 1910 4307 inveniri

358 4357 684 4406 mereamur,
735 4341 801 4394 ad
857 4355 994 4407 quos
1031 4342 1165 4395 dicit
1206 4342 1248 4373 '“
1283 4359 1299 4397 :
1338 4363 1357 4396 t
1410 4341 1573 4399 Vobis
1623 4344 1803 4398 datum
1832 4355 1912 4402 est

358 4449 518 4489 nosse
545 4433 799 4505 mysteria
831 4432 983 4502 regni
1009 4432 1123 4488 Dei.
1161 4451 1180 4484 ι

426 4526 480 4581 7.
509 4525 638 4579 Post
671 4525 772 4578 hoc
805 4540 820 4577 :
857 4543 874 4574 ι
903 4523 1026 4579 Haec
1052 4534 1155 4590 est,
1197 4525 1374 4595 inquit
1423 4528 1494 4592 ⁷³,
1534 4525 1622 4581 lex
1658 4528 1913 4583 sacriﬁcii

355 4624 497 4694 quod
521 4623 756 4678 oﬁ'erent
786 4624 879 4678 ﬁlii
911 4626 1086 4680 Aaron
1118 4624 1415 4679 sacerdotis
1437 4634 1561 4679 ante
1591 4623 1760 4679 altare
1786 4640 1915 4680 con-

359 4727 438 4769 tra
491 4715 799 4771 Dominum.
860 4716 1084 4771 Auferet
1125 4718 1192 4772 ab
1213 4732 1280 4772 eo
1319 4717 1534 4786 plenam
1579 4732 1797 4771 manum
1849 4717 1915 4772 de

354 4807 662 4876 similagine
718 4809 971 4864 sacriﬁcii
1023 4824 1144 4863 cum
1187 4808 1309 4862 oleo
1356 4807 1494 4876 ejus,
1527 4817 1734 4863 etcum
1767 4809 1912 4863 omni

355 4898 514 4952 thure
531 4899 667 4968 ejus,
693 4913 814 4968 quae
839 4906 965 4952 sunt
987 4901 1051 4953 ad
1087 4900 1435 4962 sacriﬁcium,
1470 4908 1523 4953 et
1554 4899 1792 4968 imponet
1822 4914 1914 4952 su-

354 5003 450 5058 per
476 4989 646 5045 altare
685 4990 915 5045 hostiam
965 4991 1184 5046 odorem
1234 4991 1517 5045 suavitatis
1546 5031 1561 5055 ,
1602 4990 1916 5046 memoriale

350 5085 468 5152 ejus
491 5082 741 5138 Domina.
772 5084 923 5150 Quod
960 5093 1142 5137 autem
1185 5083 1516 5152 superfuerit
1545 5098 1610 5136 ex
1644 5097 1730 5146 ea,
1757 5097 1914 5136 man-

355 5175 574 5230 ducabit
591 5174 768 5228 Aaron
807 5185 862 5229 et
901 5175 994 5228 ﬁlii
1023 5174 1159 5244 ejus.
1215 5177 1416 5246 Azyma
1463 5176 1656 5230 edetur
1699 5175 1750 5228 in
1791 5175 1910 5230 loco

355 5276 561 5332 sancto,
595 5266 647 5320 in
700 5267 840 5320 atrio
879 5266 1210 5322 tabernaculi
1270 5267 1563 5323 testimonii
1616 5267 1907 5322 manduca-

354 5355 482 5410 bunt
514 5373 658 5413 eam.
685 5357 800 5414 Non
825 5368 1087 5428 coquetur
1111 5357 1520 5423 fermentatum,
1559 5366 1768 5428 partem
1797 5358 1903 5414 illis

356 5507 360 5511 -
421 5473 656 5541 i‘lCor.
694 5489 754 5538 ll,
787 5473 841 5538 6,
869 5473 922 5538 7,
953 5473 1007 5528 8.
1083 5473 1126 5504 ⁸⁷
1157 5471 1284 5527 ibid.
1329 5473 1386 5526 2.
1464 5472 1508 5505 ⁸⁸
1537 5472 1700 5528 Hebr.
1739 5489 1794 5541 v,
1834 5473 1921 5528 M.

355 5541 400 5573 ”
424 5540 594 5599 Levit.
622 5559 698 5609 vt,
736 5543 801 5597 M
827 5553 881 5598 et
908 5558 1060 5614 seqq.

2027 2515 2150 2579 hoc,
2175 2516 2316 2585 quod
2347 2517 2438 2585 qui
2473 2515 2704 2586 tetigerit
2749 2531 2811 2570 ea
2851 2515 3238 2570 sanctiﬁcetur.
3268 2512 3373 2567 Sed
3405 2513 3450 2567 si
3492 2527 3582 2567 ve-

2013 2609 2179 2662 timus
2211 2623 2352 2662 nunc
2379 2607 2446 2662 ab
2479 2608 2544 2662 iis
2581 2609 2670 2677 qui
2704 2608 2756 2662 in
2789 2606 3079 2662 manifesto
3120 2603 3286 2660 Judaei
3319 2613 3467 2671 sunt,
3493 2617 3583 2658 re-

2017 2701 2238 2768 quirere
2267 2700 2333 2754 de
2368 2699 2592 2770 singulis
2623 2714 2726 2769 qua
2762 2699 2968 2752 ratione
3018 2697 3145 2752 illud
3174 2697 3276 2751 hoc
3309 2697 3467 2750 modo
3497 2693 3586 2748 di-

2017 2801 2164 2846 ctum
2199 2792 2290 2857 sit,
2323 2800 2415 2845 aut
2448 2791 2576 2846 illud
2613 2791 2720 2844 alio
2769 2791 2946 2852 modo,
2999 2788 3240 2844 absoluta
3289 2787 3445 2842 nobis
3497 2801 3585 2841 re-

2020 2885 2310 2952 sponsione
2353 2884 2722 2947 satisfacient,
2765 2882 3002 2936 dicentes
3033 2897 3046 2935 :
3075 2879 3152 2934 lta
3189 2882 3360 2935 visunt
3396 2890 3476 2934 est
3510 2879 3588 2934 le-

2020 2990 2139 3044 gem
2168 2976 2338 3039 danti,
2378 2991 2536 3032 nemo
2576 2975 2796 3030 discutit
2838 2973 3124 3028 Dominum
3151 2988 3327 3028 suum.
3361 2973 3427 3027 Et
3466 2973 3586 3027 ideo

2019 3069 2271 3125 cedentes
2298 3068 2378 3122 eis
2413 3069 2465 3122 in
2503 3067 2734 3133 cmteris,
2764 3069 2829 3122 de
2869 3071 2970 3121 hoc
3016 3065 3309 3120 novissimo
3335 3080 3588 3122 sermone

2021 3158 2378 3226 requiramus,
2407 3165 2466 3212 ut
2512 3157 2694 3212 dicant
2765 3157 3033 3226 quomodo
3057 3157 3235 3212 omnis
3274 3159 3364 3226 qui
3400 3160 3588 3229 tetige-

2020 3251 2092 3302 rit
2121 3263 2187 3303 ex
2218 3247 2486 3303 sacrificio
2531 3255 2866 3315 sanctorum,
2908 3249 3294 3308 sanctiﬁcetur.
3327 3250 3383 3304 Si
3416 3251 3586 3304 homi-

2019 3337 2136 3390 cida
2159 3338 2416 3407 tetigerit,
2440 3338 2483 3393 si
2503 3339 2782 3408 profanus,
2802 3339 2844 3394 si
2869 3340 3099 3406 adulter,
3115 3340 3160 3394 si
3187 3340 3422 3394 incestus
3445 3340 3582 3414 (96),

2019 3429 2388 3484 sanetilicatus
2431 3429 2576 3484 erit?
2613 3430 2728 3484 Non
2769 3431 2913 3485 enim
2955 3432 3169 3500 excepit
3209 3431 3464 3502 aliquem,
3493 3435 3584 3488 sed

2020 3522 2157 3575 dixit
2187 3537 2202 3574 :
2238 3537 2258 3570 ‹
2293 3519 2480 3575 Omnis
2503 3520 2610 3588 'qui
2665 3520 2904 3588 tetigerit
2937 3535 3020 3584 ea,
3070 3522 3519 3576 sanctiﬁcabitur.
3559 3541 3580 3575 ι

2021 3612 2287 3667 Ponamus
2314 3613 2478 3676 enim,
2511 3611 2656 3680 quod
2693 3612 2854 3665 etiam
2886 3626 3033 3666 nunc.
3069 3611 3279 3679 integer
3309 3613 3380 3666 sit
3412 3623 3586 3668 status

2022 3707 2163 3763 illius
2221 3704 2428 3775 templi,
2478 3703 2774 3761 oﬁ‘erantur
2821 3703 3032 3768 hostiae,
3065 3703 3330 3758 sacrificia
3388 3719 3588 3758 consu-

2020 3809 2256 3853 mantur.
2290 3797 2564 3866 Ingressus
2613 3803 2696 3848 est
2733 3793 2930 3861 aliquis
2982 3792 3240 3862 templum
3300 3793 3582 3860 scelestus,

2020 3889 2261 3957 iniquus,
2293 3889 2555 3956 impurus,
2593 3885 2796 3941 invenit
2824 3899 3019 3940 carnes
3055 3901 3121 3940 ex
3149 3888 3433 3943 sacriﬁciis
3463 3904 3586 3958 pro-

2020 3983 2243 4052 positas,
2277 3989 2331 4033 et
2365 3978 2540 4048 tetigit
2582 3993 2694 4042 eas,
2745 3976 3117 4032 sanctiﬁcatus
3159 3979 3414 4033 continuo
3462 3995 3587 4050 pro-

2020 4069 2392 4127 nuntiabitur?
2419 4069 2708 4123 Enimvero
2747 4067 2894 4123 nullo
2923 4069 3099 4135 modo,
3138 4069 3220 4122 vel
3254 4071 3330 4124 rei
3368 4081 3583 4138 natura,

2019 4165 2105 4221 vel
2131 4165 2332 4220 veritas
2381 4163 2658 4233 religionis
2690 4161 2792 4214 hoc
2829 4160 3057 4228 recipit:
3090 4171 3145 4217 et
3188 4162 3309 4216 ideo
3356 4163 3585 4217 redeun-

2023 4261 2146 4316 dum
2200 4258 2355 4313 nobis
2401 4266 2484 4312 est
2529 4259 2594 4311 ad
2644 4259 3007 4326 expositiones
3050 4256 3387 4326 evangelicas
3421 4265 3593 4325 atque-

2025 4351 2368 4422 apostolicas,
2411 4359 2470 4402 ut
2503 4348 2583 4402 lex
2616 4350 2784 4417 possit
2815 4348 3061 4417 intelligi.
3095 4347 3204 4402 Nisi
3247 4349 3390 4402 enim
3433 4349 3580 4401 vela-

1946 4431 1993 4488 D
2022 4457 2141 4495 men
2198 4441 2487 4496 abstulerit
2529 4439 2875 4508 Evangelium
2924 4441 2990 4494 de
3039 4440 3180 4495 facie
3221 4439 3422 4510 Moysi,
3475 4453 3595 4493 non»

2020 4543 2197 4604 potest
2223 4534 2393 4588 videri
2427 4532 2603 4586 vultus
2633 4531 2769 4600 ejus,
2805 4547 2905 4586 nec
2947 4547 3138 4586 sensus
3172 4531 3290 4600 ejus
3331 4531 3578 4600 intelligi.

2021 4625 2152 4680 Vide
2187 4639 2317 4694 ergo
2363 4623 2629 4692 quomodo
2664 4626 2714 4677 in
2747 4621 2985 4676 Ecclesia
3021 4622 3385 4692 apostolorum
3417 4620 3594 4675 disci«

2018 4715 2128 4784 puli
2160 4715 2354 4769 adsunt
2378 4713 2464 4768 bis
2507 4730 2628 4783 quae
2674 4714 2886 4785 Moyses
2922 4715 3246 4782 scripsit,-et
3284 4711 3593 4766 defendunt.

2019 4820 2106 4870 ea,
2129 4804 2270 4874 quod
2295 4815 2349 4860 et
2380 4804 2592 4874 impleri
2618 4816 2836 4874 queant,
2869 4813 2923 4860 et
2950 4803 3344 4858 rationabiliter
3377 4802 3595 4868 scripta-

2017 4904 2166 4952 sunt.
2191 4893 2498 4951 Judaeorum
2527 4909 2658 4949 vero
2686 4895 2960 4960 doctores,
2989 4902 3043 4950 et
3087 4892 3439 4960 impossibilia
3465 4891 3580 4946 haec

2015 4995 2071 5044 et
2103 4986 2514 5048 irrationabilia,
2546 4996 2834 5054 sequentes
2858 4985 3092 5040 litteram
3127 4983 3349 5038 faciant.

2081 5081 2136 5134 8.
2164 5080 2327 5149 lgitur
2358 5078 2703 5141 sacriﬁcium,
2737 5092 2834 5146 pro
2867 5091 2975 5146 quo
3013 5077 3128 5130 haec
3154 5075 3336 5129 omnia
3363 5072 3587 5129 sacrm--

2011 5172 2093 5226 cia
2125 5173 2178 5226 in
2205 5181 2330 5242 typo
2356 5183 2411 5224 et
2455 5173 2624 5240 ﬁgura
2653 5180 3062 5239 praecesserant,
3095 5184 3256 5222 unum
3302 5177 3355 5222 et
3394 5167 3585 5237 perfe-

2008 5275 2176 5328 ctum,
2208 5263 2514 5318 immolatus
2557 5272 2642 5318 est
2670 5262 2940 5317 Christus.
2974 5261 3144 5330 Hujus
3175 5259 3426 5316 sacriﬁcii
3456 5273 3580 5313 car-

2007 5372 2127 5413 nem
2179 5357 2222 5412 si
2279 5357 2402 5427 quis
2453 5357 2723 5425 tetigerit,
2774 5355 3030 5412 continuo
3080 5354 3474 5410 sanctiﬁcatur.
3516 5353 3580 5410 Si

2021 5474 2068 5507 ⁶⁹
2106 5473 2269 5531 Hebr.
2323 5489 2398 5543 tx,
2454 5473 2540 5530 ll.
2640 5472 2687 5507 "°
2709 5471 2898 5529 Matth.
2941 5487 3060 5540 xm,
3088 5471 3178 5527 54.
3252 5471 3297 5505 τί
3327 5471 3458 5528 ibid.
3485 5472 3576 5530 li.

424 5683 531 5753 (96}
559 5684 708 5743 Idem
735 5698 859 5751 ms,
892 5703 912 5738 ι
946 5686 992 5741 si
1018 5685 1275 5742 incestus.
1309 5705 1328 5739 ›
1369 5684 1528 5742 Libb.
1561 5685 1709 5752 editi,
1747 5703 1766 5736 ς
1800 5685 1842 5741 si
1871 5685 2229 5741 incestuosus.
2260 5701 2280 5734 ι
