4024 6146
498 246 606 304 445

1953 255 2277 314 ORIGENIS

3628 264 3726 316 444

498 365 809 423 immundus
834 372 938 432 est,
966 366 1288 434 mandatur;
1322 369 1369 425 si
1406 371 1459 426 in
1499 370 1656 441 plaga
1693 381 1778 428 cst
1807 372 1939 445 (97),
1972 389 2062 429 sa-
2091 378 2139 434 Α
2165 373 2248 428 vir
2275 373 2653 445 quaeritur,qui
2681 388 2877 432 carnes
2904 382 3122 432 sanctas
3149 375 3322 447 possit
3344 376 3649 445 comedere,
3677 391 3727 437 et

497 470 681 515 natur.
712 457 803 513 Sic
829 457 1063 529 denique
1083 459 1349 516 intellexit
1377 462 1489 527 illa,
1518 465 1585 520 de
1621 480 1727 534 qua
1752 466 1910 535 paulo
1939 477 2066 521 ante

497 548 816 611 memoravi,
847 564 968 618 quae
997 548 1314 619 profluvium
1347 554 1627 625 sanguinis
1657 556 1963 626 patiebatur
1988 558 2061 624 ",

494 640 620 710 quia
652 638 765 709 ipse
809 648 953 693 esset
980 655 1110 695 caro
1140 641 1412 709 sacriﬁcii,
1445 655 1499 698 et
1536 661 1666 700 caro
1707 645 1905 703 Sancta
1938 663 2063 705 sau-

495 742 740 794 ctorum;
773 739 827 783 et
855 731 981 801 quia
1009 747 1144 787 vere
1171 733 1438 790 intellexit
1463 751 1582 805 qua:
1605 748 1747 793 esset
1775 755 1903 795 caro
1932 739 2064 795 San-

493 830 576 875 cta
611 830 944 889 sanctorum,
996 825 1197 881 idcirco
1234 828 1486 883 accessit.
1518 828 1584 883 Et
1627 829 1796 900 ipsam
1845 833 2059 902 quidem

490 925 707 966 carnem
753 924 997 969 sanctam
1043 917 1355 986 contingere
1406 932 1510 970 non
1561 921 1722 975 audet
1763 939 1778 975 :
1822 924 2059 978 nondum

490 1003 636 1057 enim
664 1005 918 1059 mundata
956 997 1153 1071 fuerat,
1204 1025 1304 1064 nec
1350 1025 1467 1078 quae
1514 1012 1751 1081 perfecta
1784 1025 1929 1081 sunt,
1962 1032 2058 1086 ap-

491 1095 885 1163 prehenderat;
928 1099 1019 1153 sed
1059 1099 1324 1154 ﬁmbriam
1379 1102 1552 1172 tetigit
1585 1107 1916 1174 vestimenti,
1952 1125 2058 1179 quo

489 1196 675 1240 Sancta
705 1203 833 1244 caro
866 1192 1171 1258 tegebatur,
1208 1202 1262 1248 et
1307 1196 1450 1253 ﬁdeli
1484 1209 1627 1255 tactu
1660 1200 1909 1255 virtutem
1958 1203 2057 1256 eli-

488 1278 601 1331 cuit
631 1294 696 1333 ex
720 1295 904 1347 carne,
937 1297 1057 1351 qua:
1095 1300 1154 1339 se
1180 1296 1236 1340 et
1273 1286 1342 1341 ab
1372 1288 1711 1345 immunditia
1741 1293 2057 1348 sanctifica-

488 1378 595 1432 ret,
621 1379 676 1423 et
716 1386 746 1425 a
793 1372 945 1443 plaga
983 1389 1146 1444 quam
1182 1378 1491 1445 patiebatur
1525 1392 1764 1439 sanaret.
1812 1384 1926 1439 Non
1960 1386 2055 1442 tibi

489 1459 741 1515 videntur
772 1463 876 1519 isto
909 1467 1077 1536 magis
1105 1469 1294 1525 ordine
1321 1479 1468 1527 stare
1498 1489 1656 1542 posse
1688 1475 1832 1529 dicta
1864 1476 2051 1547 Moysi,

488 1552 684 1619 quibus
717 1555 848 1610 dicit
875 1573 889 1610 :
922 1556 1109 1614 Omnis
1138 1562 1227 1630 qui
1269 1563 1507 1632 tetigerit
1536 1580 1600 1621 ex
1641 1566 1896 1624 carnibus
1925 1584 2052 1625 san-

486 1643 591 1698 ctis
634 1646 1100 1704 sanctiﬁcabitur?
1146 1651 1249 1707 llas
1289 1656 1433 1709 enim
1506 1672 1722 1721 carnes,
1764 1675 1901 1729 quas
1956 1676 2052 1716 nos

486 1738 851 1805 exposuimus,
881 1742 1173 1812 tetigerunt
1206 1759 1395 1802 omnes
1425 1749 1515 1817 qui
1559 1765 1625 1804 ex
1654 1753 1904 1819 gentibus
1930 1769 2050 1809 cre-

485 1826 754 1885 diderunt.
800 1829 909 1886 Has
944 1834 1116 1904 tetigit
1143 1845 1195 1890 et
1228 1836 1336 1903 ille,
1363 1840 1454 1908 qui
1509 1840 1827 1898 dicebat”:
1862 1863 1881 1896 ‹
1928 1844 2056 1901 Fui-

487 1934 607 1975 mus
636 1922 781 1976 enim
818 1934 870 1977 et
903 1940 1001 1979 nos
1043 1926 1336 1997 aliquando
1364 1931 1517 1986 stulti
1551 1940 1606 1987 et
1648 1935 1930 2003 increduli,
1961 1952 2052 1992 er-

486 2019 693 2094 rantes,
723 2015 1020 2071 servientes
1071 2018 1351 2076 desideriis
1379 2030 1434 2076 et
1464 2023 1832 2094 voluptatibus
1861 2028 2048 2094 variis,

485 2093 541 2148 in
566 2095 767 2150 malitia
789 2105 844 2151 et
868 2096 1066 2153 invidia
1092 2108 1330 2169 agentes,
1370 2093 1617 2171 odibiles,
1647 2106 1893 2163 odientes
1918 2093 2060 2164 invi-

483 2199 623 2240 cem.
654 2184 760 2242 Sed
788 2203 911 2242 cum
940 2188 1244 2260 benignitas
1266 2202 1319 2248 et
1344 2194 1652 2252 humanitas
1677 2199 1850 2256 illuxit
1872 2200 2060 2257 Salva-

483 2279 619 2335 toris
646 2282 817 2337 nostri
849 2283 964 2348 Dei,
994 2286 1168 2342 salvos
1196 2304 1296 2343 nos
1325 2289 1453 2344 fecit
1480 2307 1577 2361 per
1602 2292 1874 2349 lavacrum
1901 2313 2059 2369 rege-

481 2369 780 2428 nerationis
804 2380 859 2428 et
896 2377 1261 2434 renovationis
1287 2379 1520 2451 Spiritus
1541 2384 1732 2439 sancti.
1781 2405 1799 2436 »
1830 2387 1900 2442 Et
1932 2388 2059 2445 alibi

479 2462 644 2518 dicit:
671 2485 689 2517 ε
720 2467 788 2520 Et
809 2467 944 2536 haec,
969 2469 1142 2539 inquit
1162 2473 1227 2537 ⁷⁸,
1255 2475 1472 2544 quidem
1513 2476 1710 2543 fuistis,
1740 2481 1834 2535 sed
1855 2481 2057 2551 justiﬁ-

479 2557 584 2612 cati
606 2559 756 2626 estis,
784 2562 880 2616 sed
907 2564 1225 2621 sanctiﬁcati
1255 2568 1386 2622 estis
1411 2569 1465 2623 in
1488 2573 1707 2627 nomine
1728 2573 1939 2629 Domini
1965 2592 2057 2631 no-

477 2650 572 2705 stri
601 2649 731 2707 Jesu
756 2652 978 2721 Christi,
1008 2666 1063 2712 et
1088 2657 1143 2712 in
1175 2660 1368 2729 spiritu
1399 2662 1492 2716 Dei
1524 2665 1715 2719 nostri.
1754 2685 1773 2714 ι
1803 2667 1855 2721 Si
1881 2668 2050 2737 enim,

475 2751 537 2796 ut
566 2742 821 2810 diximus,
864 2755 1048 2820 tangat
1087 2751 1208 2820 quis
1242 2768 1461 2809 carnem
1497 2755 1624 2811 Jesu
1665 2774 1731 2814 eo
1761 2761 1921 2817 modo
1944 2778 2053 2832 quo

474 2849 636 2905 supra
659 2841 1026 2909 exposuimus,
1054 2851 1162 2898 tota
1188 2843 1311 2910 ﬁde,
1333 2847 1481 2901 omni
1501 2849 1806 2907 obedientia
1831 2856 2053 2912 accedat

472 2928 540 2982 ad
560 2928 765 2997 Iesum,
796 2940 1050 3003 tanquam
1076 2937 1142 2991 ad
1165 2936 1400 2993 Verbum
1425 2956 1645 2997 carnem
1686 2943 1909 3013 factum,
1948 2947 2051 3004 iste

2166 465 2450 522 comedere
2470 479 2578 520 non
2603 466 2657 521 in
2682 481 3004 538 quocunque
3025 466 3161 534 loco,
3181 468 3272 524 sed
3292 468 3345 524 in
3374 468 3495 525 loco
3516 480 3723 549 sancto,

2163 557 2304 612 intra
2334 557 2529 612 atrium
2557 559 2917 614 tabernaculi.
2941 559 3180 614 Audiant
3206 560 3323 616 haec
3353 561 3444 630 qui
3473 562 3724 619 scindunt

2161 647 2482 717 Ecclesiam,
2509 658 2566 704 et
2604 649 2918 721 peregrinas
2953 665 3019 705 ac
3062 665 3255 720 pravas
3297 651 3614 709 inducentes
3640 654 3727 710 do-

2161 739 2365 796 ctriuas
2399 751 2585 812 putant
2614 756 2674 798 se
2712 757 2896 797 sacras
2924 756 3113 796 carnes
3145 753 3298 796 extra
3331 744 3583 812 templum
3608 742 3726 811 Dei,

2159 840 2214 886 et
2237 842 2386 887 extra
2415 835 2593 887 aulam
2627 832 2960 889 Dominicam
2989 851 3145 904 posse
3168 836 3470 890 comedere.
3493 834 3725 891 Profaua

2159 931 2287 977 sunt
2320 939 2508 980 eorum
2538 925 2837 988 sacrificia,
2866 940 2985 994 quae
3027 935 3218 980 contra
3270 925 3504 979 mandati
3553 924 3722 995 legem

2160 1026 2440 1082 geruntur.
2473 1013 2531 1069 lu
2567 1015 2684 1070 loco
2730 1025 2919 1070 sancto
2965 1016 3048 1070 edi
3087 1015 3339 1083 iubentur
3384 1017 3524 1071 intra
3577 1018 3717 1072 atria

2163 1104 2496 1159 tabernaculi
2530 1105 2841 1163 testimonii.
2877 1106 3027 1160 Atria
3061 1106 3391 1160 tabernaculi
3426 1107 3722 1161 testimonii

2158 1202 2302 1260 sunt,
2331 1210 2451 1265 qua:
2473 1194 2594 1249 ﬁdei
2629 1210 2813 1250 murus
2837 1197 3026 1260 ambit,
3051 1197 3161 1265 spei
3193 1196 3454 1251 columna:
3489 1212 3720 1266 suspen—

2157 1282 2320 1351 dunt,
2368 1286 2647 1344 charitatis
2700 1286 2994 1355 amplitudo
3039 1287 3248 1341 dilatat.
3301 1285 3402 1341 Ubi
3444 1287 3557 1341 haec
3610 1302 3721 1341 non

2155 1384 2300 1442 sunt,
2326 1391 2516 1431 carnes
2545 1386 2743 1432 sancta:
2761 1392 2859 1433 nec
2877 1378 3061 1433 haberi
3098 1386 3341 1447 possunt,
3366 1392 3464 1432 nec
3484 1378 3716 1434 comedi.

2225 1467 2279 1521 9.
2313 1467 2460 1523 Bene
2508 1476 2686 1523 autem
2736 1470 2879 1537 quod
2928 1479 2984 1524 et
3019 1485 3116 1535 ea,
3171 1484 3291 1538 qua:
3341 1484 3407 1523 ex
3452 1469 3721 1524 sacriﬁcio

2154 1557 2317 1630 204
2355 1560 2676 1629 similaginis
2700 1560 3017 1628 offeruntur,
3049 1560 3205 1630 plena
3240 1577 3400 1615 manu
3434 1577 3556 1617 cum
3600 1561 3719 1616 oleo

2153 1648 2455 1705 offeruntur
2478 1660 2532 1706 et
2574 1651 2750 1719 thure,
2784 1653 2836 1707 in
2883 1654 3106 1707 odorem
3151 1654 3432 1708 suavitatis
3467 1653 3717 1708 Domino.

2154 1739 2317 1795 lstum
2353 1741 2530 1796 locum
2564 1743 2801 1798 breviter
2844 1744 3153 1813 explanavit
3201 1745 3479 1814 aposmlus
3519 1745 3722 1801 Paulus

2154 1834 2221 1887 ad
2273 1832 2679 1904 Philippenses,
2730 1836 2917 1891 dicens
2946 1835 2993 1867 ⁷³
3021 1853 3035 1890 :
3064 1855 3083 1889 ι
3127 1836 3376 1905 Repletus
3421 1854 3537 1894 sum
3579 1840 3722 1894 acci-

2152 1926 2309 1994 piens
2340 1927 2409 1980 ab
2434 1926 2820 1996 Epaphrodito,
2856 1944 2919 1983 ea
2948 1944 3068 1998 quae
3088 1944 3118 1983 a
3147 1931 3298 1986 vobis
3328 1931 3488 1986 missa
3513 1942 3638 1986 sunt
3664 1933 3718 1987 in

2149 2017 2366 2072 odorem
2411 2019 2728 2085 suavitatis,
2782 2021 3012 2076 hostiam
3059 2030 3369 2090 acceptam,
3413 2023 3719 2091 placentem

2149 2109 2283 2163 Deo.
2324 2127 2345 2161 ι
2378 2110 2434 2165 ιη
2465 2125 2570 2181 quo
2608 2113 2865 2179 ostendit,
2887 2115 3030 2183 quod
3076 2113 3446 2170 misericordia
3470 2114 3717 2184 quidem,

2147 2217 2270 2272 quae
2295 2218 2424 2272 erga
2446 2219 2711 2274 pauperes
2751 2206 2832 2272 ﬁt,
2871 2207 3046 2262 oleum
3091 2205 3324 2262 infundit
3361 2208 3414 2261 in
3442 2209 3721 2264 sacriﬁcio

2146 2296 2281 2362 Dei;
2315 2296 2671 2352 ministerium
2722 2313 2851 2354 vero
2891 2299 3033 2370 quod
3069 2301 3272 2356 sanctis
3301 2299 3563 2365 defertur,
3588 2316 3721 2355 sua-

2144 2386 2365 2440 vitatem
2416 2386 2587 2442 thuris
2618 2387 2864 2458 imponit.
2910 2387 3016 2443 Sed
3061 2388 3164 2444 hoc
3208 2389 3363 2457 plena
3403 2405 3559 2443 manu
3593 2391 3717 2445 fieri

2145 2474 2340 2530 debere
2362 2477 2688 2548 praecipitur.
2718 2477 2808 2532 Sic
2832 2479 2973 2533 enim
3000 2478 3141 2534 idem
3176 2480 3464 2551 Apostolus
3487 2482 3618 2537 dicit
3638 2482 3713 2549 "',

2143 2568 2270 2637 quia
2305 2587 2323 2620 t
2356 2569 2445 2638 qui
2473 2584 2637 2640 parce
2680 2571 2929 2634 seminat,
2963 2586 3126 2640 parce
3170 2583 3227 2627 et
3263 2583 3445 2629 metet.
3476 2574 3579 2641 Qui
3609 2590 3712 2628 au-

2146 2668 2251 2715 tem
2294 2660 2524 2715 seminat
2564 2662 2615 2715 in
2665 2662 3068 2728 benedictione,
3115 2664 3182 2719 de
3230 2665 3604 2721 benedictione
3655 2676 3716 2723 et

2142 2759 2306 2806 metet
2331 2752 2496 2806 vitam
2530 2761 2809 2807 aeternam.
2854 2773 2873 2806 ι
2914 2752 3010 2807 Est
3048 2764 3224 2809 tamen
3268 2757 3468 2828 aliquid
3498 2759 3551 2813 in
3594 2760 3716 2829 ipso

2142 2843 2436 2909 sacriﬁcio,
2466 2845 2608 2913 quod
2656 2844 2968 2900 memoriale
3003 2848 3320 2915 appellatur,
3350 2850 3492 2918 quod
3528 2848 3712 2906 oﬁ‘erri

2144 2934 2368 2990 Domino
2394 2936 2609 2990 dicitur.
2638 2935 2748 3006 Ego
2785 2935 2829 2991 si
2853 2951 3064 3005 possem
3095 2938 3182 2992 die
3210 2953 3275 2993 ac
3316 2948 3476 2994 nocte
3504 2941 3555 2994 iu
3594 2943 3715 3012 lege

472 3020 651 3091 tetigit
678 3038 898 3078 carnem
926 3027 1212 3095 sacriﬁcii,
1239 3039 1294 3084 et
1322 3032 1690 3091 sanctiﬁcatus
1718 3047 1822 3093 est.
1853 3036 2043 3113 Tangit

2144 3027 2354 3082 Domini
2382 3028 2651 3092 meditari,
2676 3036 2732 3081 et
2763 3041 2950 3084 omnes
2982 3030 3292 3099 Scripturas
3332 3033 3593 3087 memoria
3623 3049 3713 3088 re-

470 3120 651 3165 autem
680 3129 872 3169 carnes
893 3116 1053 3173 Verbi
1077 3129 1131 3175 et
1151 3120 1257 3188 ille,
1285 3123 1353 3177 de
1371 3139 1478 3193 quo
1499 3126 1629 3182 dicit
1651 3128 1940 3199 Apostolus
1960 3133 2006 3164 ⁷⁸
2030 3152 2042 3186 :

475 3223 495 3254 ε
542 3203 908 3294 Perfectprum
950 3220 1129 3266 autem
1169 3224 1253 3294 est
1290 3216 1443 3273 cibus
1481 3219 1687 3275 solidus
1723 3237 1912 3278 eorum
1950 3222 2042 3294 qui

476 3288 575 3343 pro
606 3278 963 3347 possibilitate
991 3288 1231 3341 sumendi
1265 3294 1589 3350 exercitatos
1617 3297 1820 3352 habent
1848 3278 2041 3360 sens‘us

475 3366 543 3418 ad
574 3367 953 3426 discretionem
985 3374 1107 3429 boui
1140 3392 1204 3431 ac
1232 3380 1377 3437 mali.
1417 3402 1436 3434 ι
1463 3382 1657 3456 Tangit
1698 3404 1828 3459 ergo
1863 3400 1915 3446 et
1950 3394 2040 3450 ille

473 3474 691 3514 carnem
729 3461 887 3518 Verbi
942 3467 1057 3535 Dei,
1101 3471 1193 3539 qui
1245 3475 1504 3532 interiora
1544 3479 1658 3548 ejus
1700 3483 1944 3551 discutit,
1987 3496 2040 3543 et

472 3552 680 3607 occulta
708 3563 885 3624 potest
913 3560 1204 3629 explanare
1238 3568 1513 3638 mysteria.
1554 3572 1615 3626 Et
1647 3588 1746 3629 nos
1779 3576 1826 3629 si
1875 3577 2039 3634 habe-

473 3659 665 3735 remus,
699 3649 856 3705 talem
910 3652 1240 3714 intellectum
1270 3700 1286 3726 ,
1326 3675 1606 3730 possemus
1655 3667 1862 3736 singula
1919 3686 2037 3741 quae

469 3739 781 3796 scribuntur
810 3744 861 3798 in
899 3745 1036 3816 lege,
1078 3751 1306 3818 spiritali
1355 3755 1800 3826 interpretatione
1834 3739 2037 3819 discer-

470 3843 621 3892 nere,
649 3842 704 3886 et
743 3835 1014 3892 obtectum
1067 3842 1490 3916 uniuscujusque
1538 3852 1804 3907 sermonis
1849 3870 2033 3910 sacra-

468 3932 730 3991 mentum,
776 3925 827 3980 in
856 3927 1026 3983 lucem
1078 3933 1319 3990 scientia:
1352 3937 1646 3995 subtilioris
1682 3945 1946 4006 educere;
1985 3948 2032 4002 si

465 4012 538 4067 ita
576 4017 769 4073 docere
790 4035 1067 4089 possemus
1096 4026 1413 4097 Ecclesiam,
1438 4042 1497 4086 ut
1525 4034 1656 4088 nihil
1696 4052 1762 4091 ex
1794 4039 1879 4094 his
1912 4056 2032 4111 quae

465 4102 601 4159 lecta
644 4116 769 4160 sunt
803 4123 1105 4169 remaneret
1148 4118 1476 4187 ambiguum,
1524 4123 1658 4178 nihil
1702 4102 2033 4198 relinquere-

463 4202 551 4248 tur
587 4196 905 4267 obscurum,
940 4202 1188 4260 fortassis
1232 4215 1289 4261 et
1331 4210 1398 4266 de
1443 4214 1597 4268 nobis
1643 4216 1749 4272 dici
1797 4196 2026 4288 poterat,

459 4286 584 4353 quia
619 4288 892 4360 tetigimus
924 4307 1117 4350 carnes
1157 4311 1373 4354 sanctas
1398 4304 1559 4360 Verbi
1619 4306 1711 4363 Dei
1744 4286 2030 4367 etisancti-

2145 3119 2335 3186 tinere,
2370 3120 2684 3173 memoriale
2705 3121 2959 3176 sacriﬁcii
2989 3121 3095 3176 mei
3117 3120 3343 3177 Domino
3365 3122 3707 3178 obtulissem.

2140 3207 2299 3262 Certe
2329 3209 2374 3263 si
2404 3225 2512 3263 non
2551 3212 2730 3266 omnia
2770 3228 3075 3282 possumus,
3099 3213 3290 3268 saltem
3327 3228 3389 3267 ea
3413 3228 3534 3282 qua:
3566 3229 3711 3269 nunc

2141 3301 2399 3355 docentur
2428 3301 2481 3356 in
2520 3302 2767 3368 ecclesia,
2804 3304 2888 3359 vel
2921 3319 3041 3373 quae
3085 3305 3400 3373 recitantur,
3428 3305 3706 3359 memoria:

2139 3393 2605 3461 commendemus;
2633 3406 2690 3448 ut
2718 3405 2979 3450 exeuntes
3001 3396 3066 3451 de
3115 3398 3367 3462 ecclesia,
3404 3407 3458 3452 et
3480 3406 3709 3465 agentes

2138 3498 2301 3553 opera
2343 3484 2749 3551 misericordiae,
2772 3496 2823 3541 et
2867 3487 3149 3557 implentes
3193 3489 3371 3543 divina
3408 3497 3704 3559 praecepta,

2137 3577 2462 3631 sacriﬁcium
2498 3593 2620 3632 cum
2656 3581 2816 3636 thure
2851 3589 2907 3635 et
2935 3581 3055 3636 oleo
3088 3580 3376 3637 oﬁ‘eramus
3415 3582 3465 3635 in
3496 3595 3707 3636 memo-

2136 3668 2271 3721 riam
2304 3669 2543 3725 Domino.
2580 3670 2653 3724 Ex
2681 3671 2762 3725 his
2788 3687 2916 3743 ergo
2950 3673 3270 3735 edocemini,
3300 3682 3360 3727 ut
3396 3687 3514 3740 qua:
3549 3672 3707 3727 audi-

2135 3759 2231 3813 stis
2251 3757 2364 3831 (98)
2383 3760 2436 3814 in
2470 3760 2719 3826 ecclesia,
2747 3772 2998 3832 tanquam
3028 3765 3221 3817 munda
3243 3763 3702 3829 animalia,veluti

2136 3851 2473 3906 rumiuantes
2497 3867 2559 3907 ea
2586 3853 2847 3908 revocetis
2867 3853 2933 3906 ad
2954 3854 3287 3918 memoriam,
3312 3863 3365 3907 et
3390 3869 3510 3907 cum
3534 3856 3704 3910 corde

2132 3953 2312 3996 vestro
2362 3957 2480 4012 quae
2526 3943 2666 3997 dicta
2707 3953 2834 3998 sunt
2881 3944 3193 4000 conferatis.
3238 3945 3391 4011 Quod
3431 3946 3474 4001 si
3520 3945 3701 4015 aliqua

2131 4034 2404 4088 memoriae
2443 4034 2831 4102 superfuerint,
2866 4045 2922 4090 et
2955 4037 3283 4091 intellectum
3323 4048 3561 4092 vestrum
3608 4052 3702 4093 su-

2130 4126 2457 4191 peraverint,
2490 4123 2657 4180 facile
2685 4130 2825 4197 quod
2869 4130 3153 4197 praesentis
3201 4128 3437 4182 mandati
3469 4131 3701 4184 auctori-

2131 4225 2212 4272 tas
2259 4220 2521 4289 prtecipil,
2565 4222 2750 4275 dicens
2778 4221 2823 4253 ⁸⁰
2856 4238 2870 4275 :
2900 4238 2918 4271 ι
2955 4220 3107 4286 Quod
3154 4230 3333 4274 autem
3366 4221 3699 4290 superfuerit

2128 4321 2193 4361 ex
2230 4310 2334 4376 his,
2378 4310 2778 4365 mauducabunt
2811 4309 2918 4382 (99)
2960 4312 3137 4366 Aaron
3172 4325 3228 4367 et
3259 4314 3352 4368 ﬁlii
3402 4317 3543 4383 ejus.
3583 4333 3600 4367 ι
3637 4314 3696 4369 Si

458 4376 603 4432 ﬁcati
631 4394 836 4437 sumus.
867 4382 959 4440 Sic
981 4395 1161 4441 autem
1194 4392 1400 4461 accipio
1422 4405 1476 4448 et
1500 4397 1627 4452 illud
1651 4400 1792 4468 quod
1816 4402 2018 4459 dictum
2051 4404 2096 4460 1)
2126 4399 2253 4467 quid
2293 4403 2629 4469 superaverit
2656 4412 2710 4457 et
2736 4376 3034 4457 excesserit
3068 4405 3399 4460 intellectum
3431 4417 3576 4460 tuum
3610 4408 3694 4462 vel

456 4478 561 4531 est,
588 4472 713 4540 quia
744 4488 933 4531 omnes
956 4478 1177 4533 masculi
1205 4495 1270 4534 ex
1300 4487 1670 4544 sacerdotibus
1696 4494 1855 4546 edent
1877 4507 2018 4550 eam.

455 4556 607 4613 Nulla
638 4563 781 4617 enim
814 4564 1033 4631 femina,
1063 4582 1165 4624 nec
1197 4573 1417 4628 remissa
1457 4585 1512 4631 et
1552 4578 1815 4637 dissoluta
1843 4584 2022 4640 anima

452 4650 655 4717 poterit
696 4654 856 4709 edere
902 4673 1095 4715 carnes
1143 4673 1357 4720 sanctas
1388 4665 1548 4722 Verbi
1603 4668 1715 4725 Dei.
1751 4672 2019 4732 Masculus

452 4740 713 4807 quaaritur
755 4746 846 4813 qui
899 4761 989 4802 cas
1025 4751 1165 4805 edat.
1207 4752 1428 4810 Masculi
1479 4758 1711 4828 denique
1746 4772 1893 4830 sunt,
1928 4766 2020 4834 qui

451 4831 815 4897 perducuntur
846 4837 915 4892 ad
954 4854 1277 4908 numerumy
1312 4861 1572 4916 nusquam
1624 4849 1856 4915 feminae,
1886 4831 2019 4909 nus-

447 4936 609 4989 quam
641 4927 848 4994 parvuli
875 4940 1250 4988 numerantur.
1281 4933 1432 4992 Unde
1462 4948 1516 4992 et
1543 4942 1834 5010 Apostolus
1872 4945 2018 5001 dice-

447 5013 540 5067 bat
566 5014 613 5047 "
642 5034 655 5071 :
695 5036 714 5069 α
753 5019 1093 5105 Cum_autem
1142 5027 1318 5082 factus
1364 5046 1480 5085 sum
1512 5032 1615 5096 vir,
1646 5034 1863 5104 deposui
1894 5053 2013 5107 quae

444 5116 605 5161 erant
631 5111 861 5177 parvuli.
907 5132 928 5165 ι
975 5113 1122 5172 Talis
1159 5134 1290 5191 ergo
1328 5122 1429 5178 iste
1474 5127 1765 5193 masculus,
1807 5138 1861 5185 et
1891 5131 2010 5187 talis

512 5251 746 5335 ’Ἥκε-
764 5270 820 5335 _V.
873 5258 943 5335 ,νδ
961 5259 1070 5318 Tit.
1093 5279 1176 5335 tu,
1198 5265 1273 5335 5.7
1326 5267 1372 5299 ⁷⁸
1399 5268 1555 5326 lCor.
1581 5287 1656 5335 vt,
1681 5272 1768 5327 ll.

2123 4496 2436 4548 memoriam
2490 4503 2655 4560 tuam,
2698 4512 2853 4552 serva
2910 4499 3088 4553 Aaron
3133 4513 3149 4552 :
3207 4499 3307 4554 hoc
3328 4509 3429 4563 est,
3476 4515 3692 4555 reserva

2122 4583 2416 4648 sacerdoti,
2451 4600 2665 4641 reserva
2702 4586 2932 4655 doctori,
2978 4599 3035 4645 ut
3079 4592 3191 4660 ipse
3231 4592 3332 4646 hoc
3377 4593 3688 4657 manducet,

2123 4675 2239 4744 ipse
2281 4677 2558 4743 discutiat,
2607 4681 2721 4750 ipse
2770 4692 3033 4751 exponat;
3085 4684 3225 4738 sicut
3277 4691 3332 4738 et
3373 4685 3498 4739 alibi
3544 4686 3688 4741 idem

2123 4766 2334 4836 Moyses
2361 4769 2492 4823 dicit
2514 4770 2558 4800 '“
2587 4789 2601 4826 :
2635 4790 2654 4822 ‹
2691 4770 2964 4844 interroga
3009 4783 3189 4842 patres
3226 4784 3363 4841 tuos,
3394 4786 3449 4831 et
3475 4792 3688 4831 annun-

2122 4858 2332 4913 tiabunt
2357 4862 2477 4925 tibi,
2512 4865 2857 4934 presbyteros
2886 4876 3025 4931 tuos,
3053 4876 3109 4921 et
3157 4868 3335 4922 dicent
3375 4868 3491 4926 tibi.
3527 4888 3544 4920 ι
3574 4868 3685 4939 lpsi

2120 4950 2263 5005 enim
2292 4953 2469 5007 sciunt
2507 4958 2775 5024 quomodo
2809 4959 2921 5013 haec
2961 4974 3147 5030 azyma
3184 4959 3413 5013 debeant
3455 4963 3683 5016 mandu-

2118 5044 2251 5107 cari,
2277 5052 2330 5099 et
2355 5046 2409 5098 in
2435 5049 2642 5117 azymis
2667 5049 2998 5106 sinceritatis
3026 5061 3082 5106 et
3113 5051 3359 5106 veritatis
3380 5053 3598 5120 exponi.

2186 5136 2274 5191 10.
2306 5136 2534 5193 Additur
2576 5141 2629 5195 in
2674 5144 3025 5212 sequentibus
3059 5141 3140 5197 ":
3176 5160 3195 5194 t
3231 5143 3298 5196 Et
3339 5143 3550 5201 locutus
3593 5153 3680 5202 est

1843 5275 2043 5360 :‘jlebr

2156 5282 2269 5360 η.-
2318 5283 2806 5353 "lCor.xtu,ll.
2879 5289 3352 5360 "Philip.tv,18.
3429 5289 3676 5349 "llCor.

441 5334 519 5388 tx,
561 5323 614 5376 6.
687 5325 733 5357 ⁸ο
761 5326 931 5385 Levit.
973 5347 1045 5397 vr,
1097 5323 1185 5389 i6.
1258 5334 1303 5368 ⁸⁸
1353 5323 1865 5410 Βθιιιξίιῖιῖίν7θ²
1894 5323 2274 5419 ιζῖνῖὶῗῦιζῖθ
2322 5323 2554 5426 et-seq'q.

844 5484 970 5555 ms.,
998 5488 1017 5522 ι
1055 5474 1418 5555 sanctiﬁcatur
1460 5480 1505 5535 si
1552 5481 1856 5541 immundus
1893 5494 1999 5555 est,

438 5542 664 5612 sanantur
689 5538 741 5612 _si
775 5539 828 5592 in
851 5541 1018 5612 plaga
1046 5553 1150 5601 est.
1191 5563 1210 5597 ι

442 5600 619 5728 ιί8ς9ξ)
649 5604 789 5664 Idem
819 5600 1017 5681 ms.,".
1052 5613 1310 5689 audistis.
1358 5635 1379 5671 θ
1411 5616 1567 5680 Libb.
1596 5621 1748 5694 editi,
1789 5643 1808 5679 ι
1843 5626 1998 5684 audi-

2176 5492 2287 5568 (Q9)
2314 5492 2469 5568 Idem
2504 5511 2629 5562 ms.,
2667 5515 2686 5550 t
2718 5511 2784 5551 ex
2827 5498 2949 5568 his,
3003 5500 3426 5556 manducabunt.
3467 5520 3486 5554 ›
3518 5501 3672 5558 Libb.

2103 5562 2276 5638 editi,
2297 5583 2316 5617 t
2345 5581 2413 5638 ex
2436 5566 2504 5638 iis
2527 5568 2884 5638 manducabit.
2916 5562 2945 5622 ί
2966 5569 3106 5624 Infra
3142 5570 3281 5624 idem
3319 5587 3446 5638 ms.,
3475 5590 3494 5623 t
3536 5574 3673 5627 idem

2105 5631 2316 5706 Moyses
2365 5635 2512 5694 dicit.
2559 5654 2578 5690 ι
2611 5634 2767 5696 Libb.
2808 5638 2961 5707 editi,
2998 5658 3018 5694 ι
3056 5641 3172 5714 ipse
3196 5639 3408 5713 Moyses
3431 5631 3606 5712 dicit.
3646 5660 3668 5695 ι
