4024 6146
344 322 447 379 M5

1535 322 1604 379 lN
1653 294 2029 380 Lavirtcun
2067 319 2351 378 HOMILIA
2393 320 2458 377 v.

3488 320 3593 377 446

350 438 609 494 Dominus
647 437 719 494 ad
752 436 996 509 Moysen,
1019 435 1256 493 'dicens:
1285 436 1397 494 Hoc
1438 456 1635 497 munus
1666 441 1847 497 Aaron
1877 451 1932 498 et
1959 446 2005 502 Α
2035 439 2271 504 ciantur,
2302 439 2438 493 sicut
2474 448 2530 495 et
2561 437 2821 493 Dominus
2849 435 3044 494 fecisse
3074 435 3307 495 refertur
3335 435 3386 492 in
3413 435 3595 493 Evan-

345 531 576 589 ﬁliorum
602 529 742 600 ejus,
776 530 921 601 quod
964 528 1193 587 offerent
1225 529 1450 611 Domino
1485 534 1537 588 in
1566 536 1655 591 die
1683 550 1788 605 qua
1822 551 1919 589 un-

343 624 489 680 xeris
518 638 666 689 eum,
692 623 957 679 decimam
983 632 1190 690 partem
1217 625 1339 695 ephi
1384 624 1705 697 similaginis
1739 626 1791 680 in
1833 640 1921 680 sa-

346 715 552 771 criﬁcio
594 729 829 784 semper,
862 714 1142 769 dimidium
1181 715 1298 783 ejus
1344 731 1523 780 mane,
1554 725 1608 772 et
1637 716 1917 771 dimidium

345 808 459 879 ejus
493 815 617 878 post
659 805 964 861 meridiem.
1013 804 1071 860 In
1122 808 1396 877 sartagine
1445 822 1512 862 ex
1564 807 1682 862 oleo
1730 808 1820 863 ﬁet
1867 818 1921 862 et

347 912 694 968 conspersam
724 895 801 970 (l)
827 895 1019 951 oﬁeret
1054 880 1173 952 eam
1200 908 1466 965 teneram,
1504 899 1831 953 sacriﬁcium
1856 900 1921 954 de

349 992 699 1062 fragmentis,
746 989 1072 1046 sacriﬁcium
1116 991 1168 1044 in
1215 992 1434 1047 odorem
1477 993 1762 1047 suavitatis
1819 991 1918 1046 Do-

347 1084 511 1138 mino.
546 1081 818 1139 Sacerdos
855 1083 944 1152 qui
983 1093 1182 1136 unctus
1222 1080 1389 1137 fuerit
1422 1098 1520 1152 pro
1565 1096 1629 1138 eo
1683 1097 1750 1137 ex
1799 1082 1920 1137 ﬁliis

347 1172 492 1243 ejus,
520 1173 686 1229 faciat
720 1189 782 1228 ea
810 1192 824 1228 :
852 1174 937 1228 lex
975 1170 1176 1228 aeterna
1205 1192 1218 1227 :
1244 1173 1425 1227 omnia
1467 1176 1923 1230 consummabun-

349 1275 453 1319 tur.
499 1265 571 1321 Et
610 1280 771 1321 omne
816 1266 1145 1322 sacriﬁcium
1194 1268 1495 1323 sacerdotis
1544 1266 1920 1322 holocaustum

345 1357 471 1423 erit,
491 1366 547 1412 et
584 1373 690 1413 non
736 1358 950 1413 edetur.
986 1358 1090 1413 »1η
1124 1361 1334 1416 caeteris
1364 1359 1577 1429 quidem
1613 1358 1919 1427 praeceptis,

348 1444 589 1516 pontifex
621 1446 675 1501 in
702 1445 992 1503 oﬁ‘erendis
1026 1447 1310 1504 sacriﬁciis
1335 1448 1533 1518 populo
1559 1449 1761 1517 praebet
1802 1446 1916 1517 οω-

347 1540 527 1605 cium;
561 1539 615 1594 in
655 1539 756 1594 hoc
789 1553 918 1595 vero
950 1540 1221 1606 mandato,
1248 1555 1369 1611 qua:
1413 1540 1629 1610 propria
1659 1547 1788 1595 sunt
1824 1554 1922 1594 cu-

348 1642 454 1698 rat,
478 1639 536 1686 et
563 1631 706 1701 quod
728 1630 797 1687 ad
819 1646 879 1687 se
908 1641 1136 1701 spectat,
1163 1633 1498 1703 exsequitur.
1523 1631 1757 1688 Jubetur
1779 1632 1921 1688 enim

349 1742 413 1780 ex
454 1725 564 1790 die,
595 1740 702 1795 qua
730 1733 923 1780 unctus
953 1724 1134 1791 fuerit,
1162 1741 1376 1797 semper
1416 1734 1471 1781 et
1512 1725 1566 1780 in
1603 1736 1918 1794 perpetuum

2023 530 2178 600 geliis
2207 530 2274 597 ⁸³,
2308 531 2393 585 ubi
2439 529 2713 585 benedixit
2754 545 2944 599 panes.
2997 540 3052 584 et
3099 530 3246 585 dedit
3291 528 3588 599 discipulis,

2022 631 2079 676 et
2123 620 2368 691 discipuli
2417 621 2822 692 confringentes
2866 627 3235 690 apposucrunt
3282 619 3475 675 turbis.
3526 617 3593 673 Et

2024 729 2146 768 cum
2198 713 2378 768 satiati
2428 712 2654 768 fuissent
2684 727 2896 775 omnes,
2948 712 3355 782 superfuerunt,
3396 709 3589 781 inquit,

2027 803 2450 875 fragmentorum
2502 804 2718 873 euphini
2778 804 3080 859 duodecim.
3134 801 3280 858 lstud
3339 812 3421 857 est
3464 818 3593 875 ergo

2025 894 2349 950 sacriﬁcium
2398 910 2463 949 ex
2512 894 2862 964 fragmentis,
2918 908 3039 948 cum
3105 895 3406 949 minutatim
3473 909 3592 964 qua:

2027 996 2153 1041 sunt
2194 986 2327 1053 legis
2372 995 2559 1040 sancta
2604 979 2941 1049 discutimus,
2994 996 3051 1038 ut
3092 985 3385 1054 spiritalem
3411 1001 3477 1040 ex
3506 986 3592 1042 his

2028 1081 2204 1133 cibum
2254 1092 2551 1147 purumque
2600 1077 2894 1145 capiamus.
2953 1076 3016 1130 Et
3063 1076 3198 1139 inec,
3256 1076 3465 1145 inquit,
3510 1087 3594 1131 est

2028 1168 2108 1222 lex
2155 1177 2380 1224 aeterna.
2437 1164 2676 1222 Joannes
2739 1165 2956 1235 quidem
3012 1166 3287 1233 apostolus
3340 1167 3394 1221 in
3443 1166 3590 1235 Apo-

2028 1260 2231 1332 calypsi
2288 1260 2421 1316 dicit
2465 1274 2584 1314 esse
2643 1257 2992 1327 Evangelinm
3047 1266 3304 1313 aeternum
3342 1258 3390 1290 ⁸⁸
3443 1277 3458 1313 :
3510 1259 3593 1313 in-

2012 1355 2275 1409 venimus
2330 1362 2385 1409 et
2441 1353 2531 1408 hic
2593 1355 2852 1423 scriptum
2900 1367 3020 1407 esse
3080 1350 3254 1421 legem
3307 1360 3589 1418 aeternam,

2030 1446 2190 1518 205
2218 1447 2313 1503 sed
2361 1447 2449 1503 isti
2489 1447 2582 1517 qui
2616 1447 2784 1518 legem
2816 1449 3112 1501 secundum
3149 1445 3389 1500 litteram
3434 1445 3590 1513 sequi

2029 1543 2241 1608 volunt,
2261 1542 2419 1597 velim
2448 1541 2576 1596 mihi
2598 1557 2740 1597 nunc
2763 1542 3004 1596 dicerent
3033 1541 3302 1610 quomodo
3325 1540 3408 1595 lex
3434 1539 3592 1608 hujus

2030 1633 2281 1689 sacriﬁcii
2309 1648 2429 1689 esse
2467 1633 2858 1702 possitaterna
2894 1649 2908 1684 :
2944 1646 3065 1685 cum
3103 1632 3291 1701 utique
3314 1632 3590 1686 destructo

2033 1723 2251 1794 templo,
2282 1723 2541 1777 subverso
2569 1721 2750 1787 altari,
2801 1731 2855 1776 et
2887 1722 3138 1777 omnibus
3165 1738 3287 1791 qua:
3334 1723 3591 1778 diceban-

348 1814 543 1872 oﬁ'erre
588 1816 952 1886 similaginem
990 1816 1110 1872 oleo
1152 1831 1533 1886 eonspersam,
1580 1825 1816 1870 teneram
1860 1830 1923 1871 ex
1958 1799 2003 1855 Β
2033 1822 2126 1868 tur
2154 1820 2341 1868 sancta
2367 1810 2690 1883 profanatis,
2739 1811 2873 1865 ritus
2913 1811 3019 1865 iste
3050 1812 3441 1866 sacriﬁciorum
3479 1827 3588 1867 non

348 1908 645 1979 sartagine.
696 1905 861 1976 quue
910 1907 1255 1978 cognominat
1302 1906 1633 1962 sacriﬁcmm
1676 1902 1765 1962 'ex
1818 1908 1927 1961 fra-

350 2000 606 2071 gmentis,
637 1999 690 2054 in
728 2000 949 2055 odorem
978 1999 1295 2065 suavitatis;
1320 1988 1379 2055 et
1418 2001 1520 2055 hoc
1563 1999 1680 2070 lege
1720 2012 1924 2056 aeterna

351 2105 692 2161 permanere,
722 2099 780 2145 et
826 2092 1116 2145 transmitti
1151 2090 1216 2145 ad
1248 2100 1496 2160 posteros
1542 2091 1717 2160 jubet.
1763 2091 1935 2159 Addit.

350 2197 479 2238 sane
507 2183 927 2248 observandum,
954 2198 1021 2237 ne
1048 2183 1210 2237 ullum
1243 2183 1577 2239 sacriﬁcium
1607 2185 1925 2252 sacerdotis,

348 2273 450 2328 hoc
477 2282 584 2340 est,
615 2272 761 2343 quod
795 2288 892 2343 pro
927 2276 1108 2345 seipso
1144 2273 1337 2330 oﬁ'eret
1368 2272 1468 2347 (2),
1498 2277 1692 2331 edatur
1730 2290 1759 2330 a
1791 2290 1927 2346 quo—

348 2379 539 2430 quam;
574 2365 667 2420 sed
694 2365 1068 2420 holocaustum
1104 2367 1221 2432 ﬁat,
1255 2366 1398 2436 quod
1431 2376 1517 2422 est
1547 2366 1656 2438 igni
1690 2366 1925 2424 absumi.

348 2456 687 2527 Prmeeptum
718 2459 935 2528 quidem
964 2459 1266 2514 secundum
1297 2460 1532 2515 litteram
1573 2459 1777 2514 clarum
1819 2469 1924 2527 est,

349 2550 504 2605 velim
537 2560 717 2608 tamen
748 2552 932 2608 videre
957 2553 1048 2623 qui
1084 2552 1138 2607 in
1182 2553 1282 2609 hoc
1322 2563 1500 2624 typus,
1533 2561 1588 2607 et
1610 2569 1729 2624 qua:
1758 2554 1928 2625 ﬁgura

348 2640 636 2701 formetur.
679 2644 965 2699 Dimidium
1000 2643 1257 2699 sacriﬁcii
1294 2644 1454 2713 hujus
1496 2659 1655 2698 mane
1676 2643 1802 2698 -vnlt
1845 2643 1929 2699 of-

347 2730 500 2798 ferri,
533 2741 590 2786 et
613 2732 899 2798 dimidium
945 2747 1190 2803 vespere,
1238 2741 1383 2788 certa
1436 2749 1686 2789 mensura
1731 2734 1925 2790 similae

348 2822 466 2878 oleo
496 2838 801 2893 conspersae
834 2834 1031 2879 tenerae
1059 2840 1087 2878 a
1118 2825 1411 2894 sartagine.
1452 2823 1585 2880 Vide
1616 2826 1664 2880 si
1695 2840 1824 2893 non,
1861 2836 1921 2881 ut

349 2928 448 2982 ego
469 2914 740 2982 suspicor,
765 2913 1092 2969 sacriﬁcium
1115 2915 1414 2969 sacerdotis
1435 2915 1553 2970 haec
1579 2916 1693 2985 ipsa
1715 2918 1788 2973 sit
1813 2918 1928 2984 lex,

347 3020 466 3073 quae
491 3019 591 3073 per
616 3003 831 3076 Moysen
854 3004 1245 3074 promulgatur,
1269 3005 1423 3075 cujus
1457 3006 1734 3062 dimidium
1768 3023 1930 3064 mane

340 3092 565 3160 jubetur
593 3095 799 3162 oﬁ‘erri,
835 3097 1113 3151 dimidium
1149 3111 1280 3152 vero
1310 3098 1391 3155 ad.
1416 3112 1721 3167 vesperam.
1748 3099 1919 3167 Quam

348 3186 517 3258 legem
549 3188 602 3242 in
647 3188 784 3243 duas
833 3198 1015 3259 partes
1061 3189 1224 3244 dividi
1276 3194 1552 3260 praecepit,
1584 3193 1636 3247 in
1684 3192 1916 3250 litteram

347 3277 604 3333 videlicet
626 3287 680 3334 et
708 3279 980 3348 spiritum.
1017 3277 1085 3332 Et
1118 3278 1395 3334 dimidiam
1433 3279 1649 3349 quidem
1688 3290 1915 3350 partem,

347 3387 469 3443 quae
502 3380 587 3427 est
613 3371 814 3438 littera,
847 3370 1030 3427 oﬁerri
1070 3372 1225 3440 jubet
1267 3386 1444 3435 mane,
1489 3373 1665 3442 primo
1714 3373 1919 3428 scilicet

346 3465 484 3534 legis
530 3475 804 3536 tempore:
836 3465 979 3536 quod
1039 3466 1144 3520 illis
1196 3464 1390 3534 quibus
1441 3474 1571 3521 tunc
1620 3469 1918 3522 secundum

347 3557 586 3612 litteram
618 3558 741 3613 data
776 3568 882 3622 est,
913 3572 1103 3612 novam
1135 3556 1308 3610 lucem
1351 3562 1404 3611 et
1456 3572 1658 3612 novum
1692 3559 1920 3628 protulit

347 3650 510 3715 diem,
553 3649 832 3703 dimidium
882 3664 1013 3704 vero
1053 3647 1168 3716 ejus
1197 3648 1376 3703 oﬁ'erri
1424 3648 1591 3720 jussit
1629 3651 1680 3704 in
1728 3666 1916 3721 vespe-

352 3755 488 3796 ram.
531 3740 588 3795 ln
622 3755 843 3809 vespera
884 3741 1027 3796 enim
1071 3741 1228 3796 nobis
1279 3742 1437 3795 datus
1471 3752 1558 3796 est
1615 3742 1915 3798 Salvatnris

348 3833 630 3897 adventus,
664 3833 717 3886 in
750 3848 858 3903 quo
887 3848 1014 3901 pars
1062 3832 1149 3887 illa
1197 3833 1439 3899 dimidia,
1472 3834 1577 3889 hoc
1611 3845 1696 3890 est
1723 3850 1917 3891 sensus

346 3922 432 3974 vel
457 3922 680 3992 spiritus
710 3921 862 3990 legis,
895 3923 1190 3976 secundum
1222 3923 1365 3992 quod
1402 3924 1487 3978 lex
1522 3924 1783 3994 spiritalis
1811 3934 1915 3991 est,

348 4012 607 4068 oﬁ’eratur
632 4016 751 4069 oleo
790 4028 1078 4082 conspersa
1122 4024 1324 4069 tenera.
1370 4016 1559 4072 Oleum
1599 4016 1666 4070 ad
1701 4018 1916 4071 miseri-

347 4105 589 4162 cordiam
630 4115 937 4168 revocatur,
970 4121 1091 4176 quae
1121 4106 1279 4161 debet
1318 4107 1370 4161 in
1410 4108 1789 4163 sacerdotibus
1821 4107 1918 4162 ab-

346 4200 571 4253 undare.
602 4199 808 4253 Tenera
833 4200 898 4252 ad
930 4198 1181 4255 subtilem
1207 4207 1261 4253 et
1287 4214 1474 4268 puram
1504 4198 1915 4270 intelligentiam

347 4291 598 4361 pertinet.
622 4290 773 4359 Quod
805 4303 982 4345 autem
1006 4308 1034 4344 a
1063 4292 1338 4362 sartagine
1365 4292 1586 4356 dicitur,
1622 4299 1751 4362 puto
1773 4292 1917 4362 quod

348 4382 674 4445 districtum,
707 4392 764 4437 et
796 4382 961 4436 multa
1007 4384 1338 4438 continentia
1375 4384 1608 4449 aridum,
1653 4393 1709 4438 et
1753 4384 1918 4437 torri-

2028 1904 2260 1973 potnerit
2310 1916 2654 1973 permanere.
2694 1899 2984 1967 Quomodo
3031 1916 3160 1972 ergo
3208 1911 3466 1957 mternum
3497 1898 3592 1958 di-

2027 2004 2172 2060 cent,
2204 1997 2348 2064 quod
2379 1995 2506 2049 olim
2559 2009 2806 2050 cessasse
2854 2004 2908 2048 et
2938 1994 3145 2048 ﬁnitum
3172 2010 3295 2050 esse
3322 1993 3428 2064 jam
3457 2010 3587 2050 con-

2026 2087 2176 2142 stat?
2214 2086 2403 2142 Restat
2449 2095 2508 2141 ut
2561 2085 2856 2142 secundum
2909 2100 3028 2140 eam
3086 2096 3292 2156 partem
3339 2086 3425 2142 lex
3474 2087 3591 2142 haec

2025 2190 2229 2234 aeterna
2259 2174 2494 2243 dicatur,
2524 2192 2631 2249 qua
2671 2193 2770 2233 nos
2812 2177 3043 2232 dicimus
3074 2177 3244 2246 legem
3283 2192 3403 2233 esse
3430 2178 3592 2248 Spiri-

2027 2262 2210 2336 talem,
2243 2279 2296 2325 et
2318 2286 2415 2340 per
2448 2286 2565 2326 eam
2589 2269 2854 2340 spiritalia
2889 2284 3046 2337 posse
3071 2269 3253 2324 oﬁ'erri
3282 2272 3548 2326 sacriﬁcia
3572 2311 3588 2336 ,

2027 2378 2147 2434 quze
2173 2376 2350 2430 neque
2371 2360 2695 2429 interrumpi
2724 2376 2957 2431 unquam
3010 2377 3188 2431 neque
3220 2377 3439 2418 cessare
3468 2377 3591 2431 pos-

2027 2463 2172 2510 sunt.
2208 2451 2325 2508 Non
2361 2454 2504 2509 enim
2540 2453 2594 2508 in
2634 2454 2750 2511 loco
2778 2464 2906 2510 sunt
2955 2456 3054 2529 (5),
3107 2456 3197 2525 qui
3232 2455 3586 2522 subvertitur,

2029 2553 2124 2599 aut
2151 2544 2205 2600 in
2229 2554 2472 2614 tempore
2500 2545 2643 2615 quod
2673 2556 2932 2614 mutatur,
2960 2547 3054 2603 sed
3081 2548 3134 2601 in
3160 2545 3266 2602 ﬁde
3291 2547 3587 2612 credentis,

2027 2647 2082 2692 et
2112 2637 2165 2691 in
2191 2636 2356 2691 corde
2381 2635 2760 2709 sacriﬁcantis.
2793 2636 2936 2691 Sane
2964 2636 3106 2705 quod
3128 2637 3225 2702 ait,
3252 2637 3364 2692 Non
3401 2636 3588 2692 edetur

2027 2729 2095 2784 de
2118 2728 2388 2784 sacriﬁcio
2412 2728 2741 2792 sacerdotis,
2775 2730 2867 2782 sed
2895 2728 3267 2787 holocaustum
3302 2725 3432 2793 erit,
3464 2741 3588 2782 eer-

2028 2827 2141 2874 tum
2164 2829 2251 2874 est
2278 2819 2346 2874 ad
2389 2817 2601 2873 Domini
2649 2828 2703 2874 et
2737 2818 3036 2875 Salvatoris
3081 2820 3249 2875 nostri
3301 2834 3587 2890 personam

2028 2914 2244 2970 referri.
2284 2911 2361 2968 De
2395 2913 2542 2969 illius
2575 2913 2720 2968 enim
2777 2914 3046 2970 sacriﬁcio
3105 2929 3209 2969 non
3244 2915 3456 2977 edetur,
3498 2913 3591 2967 sed

2027 3005 2400 3061 holocaustum
2426 3006 2549 3062 erit.
2583 3004 2693 3062 Hoc
2721 3006 2774 3061 in
2813 3007 2931 3062 loco
2977 3006 3330 3071 sacriﬁcium,
3362 3006 3588 3059 verbum

2032 3098 2207 3168 ipsum
2235 3097 2607 3168 accipiendum
2654 3106 2760 3164 est,
2795 3107 2850 3152 et
2874 3098 3145 3163 doctrina,
3174 3098 3240 3153 de
3272 3113 3376 3167 qua
3408 3096 3585 3151 nullus

2020 3189 2168 3258 edet,
2199 3190 2303 3244 hoc
2340 3199 2420 3244 est
2452 3188 2631 3243 nullus
2654 3189 2912 3259 disputat,
2963 3185 3141 3243 nullus
3175 3195 3452 3252 retractat,
3486 3188 3582 3241 sed

2019 3280 2399 3343 holocaustum
2449 3290 2551 3336 est.
2590 3278 2861 3349 Quidquid
2910 3281 3052 3336 enim
3102 3279 3271 3343 dixit,
3318 3277 3584 3348 quidquid

2020 3370 2237 3438 statuit,
2268 3379 2473 3426 aeterna
2505 3372 2915 3426 consecratione
2948 3370 3233 3440 perdurat,
3268 3384 3368 3424 nec
3394 3368 3591 3438 aliquis

2019 3465 2095 3519 ita
2130 3464 2355 3519 insanus
2400 3463 2479 3537 (4)
2511 3464 2785 3519 invenitur
2811 3471 2906 3518 aut
2952 3461 3230 3532 profanus,
3263 3462 3355 3532 qui
3408 3472 3587 3516 retra-

2018 3567 2172 3610 ctare
2192 3555 2258 3609 de
2285 3556 2402 3625 ejus
2427 3554 2770 3611 sermonibus
2800 3555 3003 3624 possit;
3039 3569 3175 3623 quos
3211 3562 3465 3623 tanquam
3493 3553 3589 3607 ho-

2021 3646 2348 3710 locaustum,
2374 3646 2702 3702 sacriﬁcium
2737 3647 2846 3701 Deo
2868 3646 3110 3700 oblatum
3131 3687 3145 3709 .
3176 3646 3227 3699 in
3255 3644 3403 3699 onmi
3438 3643 3586 3698 cultu

2019 3748 2076 3792 et
2101 3739 2451 3793 veneratione
2504 3738 2707 3793 habere
2754 3737 3011 3792 debemus
3043 3753 3058 3789 :
3095 3738 3218 3806 quia
3253 3756 3273 3788 ί
3312 3735 3505 3791 εωΙιιηι
3534 3746 3589 3790 et

2021 3837 2164 3882 terra
2186 3829 2464 3884 transibun
2476 3839 2513 3891 t,
2527 3830 2690 3884 verba
2706 3840 2882 3882 autem
2901 3827 3016 3898 ejus
3034 3843 3137 3882 non
3160 3829 3466 3883 transibunt
3481 3824 3583 3892 “,a

2020 3920 2113 3975 sed
2164 3935 2385 3990 semper
2426 3929 2670 3984 manent,
2705 3920 2845 3974 sicut
2879 3930 2935 3974 et
2969 3920 3083 3986 ipse
3136 3934 3349 3988 semper
3381 3926 3582 3974 manet.

2019 4011 2121 4066 Per
2163 4013 2338 4083 ipsum
2386 4012 2493 4066 Deo
2534 4011 2677 4064 l’atri
2710 4025 2832 4064 cum
2874 4009 3076 4077 Spiritui
3117 4021 3305 4065 sancto
3331 4009 3503 4080 gloria
3531 4018 3588 4066 et

2020 4104 2392 4176 imperiumin
2424 4104 2624 4161 saecula
2660 4103 3004 4159 saeculorum.
3039 4106 3231 4157 Amen.

2619 4213 2901 4271 HOMILIA
2937 4214 3003 4271 ν.

2019 4309 2094 4364 De
2115 4324 2174 4364 eo
2205 4309 2344 4380 quod
2368 4309 2627 4380 scriptum
2656 4314 2734 4380 est
2773 4321 2791 4359 :
2825 4326 2844 4358 ι
2880 4306 3009 4362 Haec
3038 4307 3122 4362 lea:
3149 4312 3436 4371 peccati:in
3469 4313 3586 4368 loco

2083 4396 2184 4450 quo
2215 4374 2609 4452 iugulabantur
2648 4374 2977 4444 holocausta,
3012 4381 3247 4435 occident
3272 4393 3321 4435 et
3359 4382 3413 4435 id
3445 4384 3586 4452 quod

343 4476 473 4530 dum
502 4474 631 4529 velit
660 4488 778 4528 esse
817 4474 1176 4538 sacerdotem,
1212 4475 1266 4529 in
1301 4489 1408 4544 quo
1442 4474 1575 4527 nihil
1623 4474 1909 4529 remissum

2081 4451 2283 4519 peccati
2307 4457 2405 4514 est,
2436 4468 2456 4501 ι
2487 4459 2593 4505 etc.

346 4569 535 4623 haberi
565 4568 630 4622 ad
659 4567 945 4634 luxuriam,
975 4567 1107 4620 nihil
1130 4565 1350 4621 ﬂuitans
1378 4566 1446 4621 ad
1476 4564 1753 4621 libidinem
1790 4583 1913 4636 pos-

345 4662 437 4715 sit.
477 4659 630 4727 Quod
669 4669 848 4714 autem
889 4659 1213 4714 sacriﬁcium
1256 4659 1432 4728 ipsum
1474 4675 1543 4715 ex
1592 4658 1910 4728 fragmentis

347 4751 637 4806 nominavit
689 4751 743 4805 in
791 4750 1007 4805 odorem
1059 4751 1361 4817 suavitatis,
1418 4760 1551 4820 puto
1603 4752 1744 4821 quod
1801 4749 1913 4803 fra-

345 4851 562 4914 gmenta
605 4841 944 4897 sacerdotum
992 4839 1118 4895 velit
1164 4841 1585 4913 intelligi:cnm
1640 4841 1774 4912 legis
1819 4855 1916 4910 per

345 4945 438 4987 eos
467 4932 643 4987 littera
671 4931 955 5002 frangitur,
986 4940 1042 4986 et
1082 4932 1235 4987 cibus
1260 4947 1328 4987 ex
1355 4949 1418 4988 ea
1446 4933 1621 4989 latens
1660 4935 1915 4988 intrinse-

344 5037 440 5079 cus
499 5024 758 5094 spiritalis
811 5023 1060 5091 elicitur;
1113 5034 1175 5079 ut
1226 5025 1509 5083 audientes
1566 5027 1737 5083 turba:
1787 5025 1914 5081 reﬁ-

2092 4557 2144 4614 1.
2181 4574 2202 4635 ς
2232 4557 2299 4612 Ει
2343 4556 2553 4613 loculus
2595 4568 2678 4614 est
2709 4558 2966 4613 Dominus
3009 4556 3074 4610 ad
3098 4556 3313 4629 Moysen
3349 4556 3533 4612 dicens
3562 4570 3580 4610 :

2018 4649 2263 4719 Laqnere
2303 4650 2371 4704 ad
2411 4655 2616 4715 Aaron,
2659 4660 2717 4705 et
2750 4652 2817 4706 ad
2860 4651 2998 4707 ﬁlios
3032 4650 3149 4720 ejus
3194 4650 3423 4705 dicens:
3460 4647 3583 4703 Haec

2017 4754 2103 4818 est
2128 4744 2213 4798 lex
2238 4744 2448 4813 peccati
2470 4757 2484 4793 :
2504 4743 2559 4798 In
2587 4744 2709 4799 loco
2731 4759 2838 4814 quo
2859 4743 3178 4815 jugulantur
3211 4742 3287 4816 (5)
3329 4744 3579 4800 holocaua

2018 4847 2122 4904 sta,
2154 4836 2404 4891 occident
2446 4847 2501 4892 et
2541 4837 2597 4892 id
2631 4836 2774 4907 quod
2811 4838 3017 4907 peccati
3062 4846 3147 4893 est
3187 4847 3376 4892 contra
3406 4836 3583 4891 Domi-

2017 4946 2147 4986 num
2174 4947 2188 4984 :
2226 4929 2423 4985 Sancta
2447 4938 2762 4985 sanctorum
2791 4938 2937 4983 sunt.
2972 4930 3243 4986 Sacerdos
3266 4930 3355 5000 qui
3394 4927 3584 4983 oﬁeret

2017 5022 2174 5089 illud,
2197 5023 2396 5080 inloco
2422 5031 2610 5078 saneto
2633 5022 2778 5090 edet,
2814 5024 2869 5078 in
2891 5023 3034 5080 atrio
3067 5021 3397 5079 tabernaculi
3431 5020 3583 5076 testi-

412 5192 458 5225 ⁸³
485 5191 674 5248 Matth.
706 5208 819 5249 xiv.
892 5191 938 5225 ⁸⁸
962 5195 1130 5262 Apoc.
1169 5207 1281 5258 xiv,
1323 5189 1378 5248 6.
1454 5192 1499 5225 ⁸⁸
1525 5191 1713 5247 Matth.
1750 5204 1898 5256 xxiv,
1926 5187 2015 5244 l5.

326 5321 343 5399 ίι
414 5326 490 5399 (1)
517 5328 662 5399 Idem
695 5343 880 5399 ms.,‘t
915 5335 970 5382 et
999 5343 1344 5398 conspersam
1372 5344 1387 5392 ;
1423 5348 1443 5381 ι
1476 5336 1529 5382 et
1551 5398 1555 5399 ί
1581 5327 1739 5398 paulo
1771 5336 1910 5396 post,

322 5397 328 5409 '
352 5417 369 5448 ι
396 5396 720 5453 sacriﬁcium
737 5399 804 5452 de
827 5396 1170 5465 fragmentis,
1194 5398 1522 5453 sacriﬁcium
1547 5396 1599 5451 in
1619 5399 1862 5451 odorem.
1885 5414 1904 5448 ι

348 5467 403 5523 ln
460 5477 619 5525 antea
683 5469 845 5523 editis
875 5468 1426 5538 legitur,¢conspersa,
1468 5487 1486 5518 ι
1520 5475 1713 5538 etpost
1750 5485 1779 5538 «ί
1803 5465 1912 5538 fra-

348 5540 574 5607 gmentis
603 5557 623 5592 ι
656 5553 762 5591 non
793 5535 1057 5609 repetitur
1086 5557 1105 5609 ᾳ
1142 5535 1490 5593 sacriﬁcium.
1528 5555 1546 5586 ι
1582 5535 1724 5589 Infra
1768 5537 1908 5591 idem

351 5622 474 5678 ms.,
500 5625 519 5659 ι
550 5608 629 5662 lex
664 5607 887 5678 aeterna.
922 5627 941 5661 ι
981 5607 1294 5674 Libb.editi,
1333 5609 1504 5678 {lege
1553 5617 1773 5678 acterna.
1807 5624 1832 5678 γ»

420 5677 496 5743 (2)
535 5678 677 5732 Idem
705 5677 874 5731 codex
899 5678 1208 5747 Sangerm.,
1240 5697 1259 5728 ε
1297 5676 1503 5736 offeret.
1531 5696 1550 5729 ι
1577 5677 1730 5733 Libb.
1755 5676 1907 5741 editi,

357 5764 377 5798 ι
413 5748 586 5804 ullert.
628 5768 648 5801 ι
673 5747 817 5803 Infra
847 5748 983 5804 idem
1018 5763 1141 5816 ms.,
1178 5766 1197 5800 ι
1226 5748 1446 5819 jubetnr
1470 5748 1668 5822 olferri.
1704 5766 1723 5801 ι
1750 5747 1905 5804 Libb.

2005 5325 2155 5388 editi,
2190 5343 2209 5376 ι
2246 5322 2467 5393 jubetnr
2490 5322 2703 5380 oﬂ'erre.
2737 5344 2759 5378 ι
2795 5313 2798 5316 ’

2192 5392 2342 5475 idem
2375 5407 2504 5458 ms.,
2542 5411 2571 5475 ι⁹
2586 5404 2736 5475 sunt.
2776 5412 2796 5446 ›
2827 5392 2983 5475 Libb:
3014 5392 3170 5475 editi,
3198 5408 3219 5444 ι
3254 5400 3358 5475 est:
3397 5411 3418 5475 ξ

2066 5462 2156 5549 ,(4)
2192 5464 2333 5518 Idem
2357 5478 2485 5529 ms.,
2511 5481 2530 5515 ‹
2557 5464 2630 5519 ita
2657 5464 2899 5520 insanus.
2921 5483 2939 5515 ι
2960 5462 3018 5518 ln
3044 5472 3201 5518 antea
3219 5462 3379 5517 editis
3397 5462 3570 5529 deest,

2009 5555 2028 5589 ‘
2067 5548 2160 5684 illi).
2184 5556 2383 5684 ’_Codex
2434 5604 2803 5684 Sang_erin.,_r
2823 5602 3153 5675 jugulantur.
3187 5620 3206 5653 ι
3237 5602 3390 5684 l.ibh_.
3415 5602 3566 5684 editi,

2011 5695 2032 5729 ι
2064 5673 2474 5746 jungulabuntur.
2520 5693 2539 5725 ›
2571 5673 2717 5729 infra
2752 5673 2906 5728 idem'
2947 5690 3075 5739 ms.,
3122 5690 3140 5722 ι
3183 5673 3440 5726 sacerdos
3477 5674 3568 5740 qui

2005 5746 2215 5803 oﬁ'cret.
2260 5764 2279 5798 ι
2310 5744 2465 5801 Libb.
2495 5745 2659 5814 editi,
2696 5763 2716 5798 ι
2746 5744 3001 5801 sacerdos
3026 5743 3117 5815 qui
3149 5742 3381 5815 allen.)
