4024 6146
425 230 530 288 ατ

1863 227 2184 287 ORIGENIS

3549 229 3676 287 448

426 351 620 408 monii.
661 348 852 408 Omnis
871 349 965 420 qui
1002 350 1169 422 tangit
1206 350 1274 407 de
1305 350 1564 409 carnibus
1587 350 1728 422 ejus,
1757 353 1997 409 sanctiﬁ-
2023 356 2073 415 Α
2099 351 2154 407 in
2186 350 2369 408 futuro
2406 350 2777 409 hereditatem
2810 350 2935 407 vitae
2963 356 3183 406 aeterne
3232 355 3680 419 consequentur,

428 442 674 507 cabitur;
718 450 774 497 et
800 441 1106 512 cuicunque
1145 456 1429 512 aspersum
1460 441 1626 499 fuerit
1654 459 1721 499 ex
1747 446 2008 517 sanguine

424 534 579 605 ejus,
633 549 795 604 super
844 536 1228 590 vestimentum
1276 537 1642 609 quodcunque
1693 554 2007 611 respersum

428 625 624 690 fuerit,
666 634 722 680 et
772 625 951 697 ipsum
1001 627 1270 683 lavabitur
1306 629 1365 685 in
1401 630 1522 687 loco
1558 642 1768 689 sancto.
1809 634 1878 689 Et
1912 649 2008 691 vas

430 720 596 777 ﬁctile
634 720 691 774 in
728 734 1053 791 quocunque
1091 731 1307 777 coctum
1344 721 1531 792 fuerit,
1572 725 1949 799 confringetur
1989 745 2002 782 :

424 811 471 868 si
502 821 685 866 autem
716 811 773 866 in
801 826 930 866 vase
957 827 1101 867 aereo
1136 812 1211 886 (6)
1253 823 1469 871 coctum
1497 815 1689 884 fuerit,
1724 817 2008 876 defricabit

423 902 561 958 illud
597 911 654 959 et
690 902 863 959 diluet
899 920 1059 974 aqua.
1101 904 1292 961 Omnis
1330 908 1606 964 masculus
1645 924 1712 965 ex
1750 912 2003 968 sacerdo-

428 988 576 1044 tibus
605 989 730 1044 edet
767 1006 828 1045 ea
864 1010 877 1047 :
915 993 1116 1049 Sancta
1149 1004 1463 1054 sanctorum
1500 1006 1627 1054 sunt
1652 999 1898 1054 Domino.
1930 999 1998 1055 Et

427 1077 606 1132 omnia
633 1094 753 1148 quae
780 1096 878 1150 pro
913 1094 1133 1152 peccato
1162 1095 1314 1152 sunt,
1334 1101 1403 1143 ex
1424 1087 1623 1156 quibus
1650 1087 1854 1143 illatum
1884 1089 1999 1144 fue-

430 1169 500 1222 rit
527 1184 556 1224 a
589 1174 855 1242 sanguine
879 1189 1067 1229 eorum
1108 1176 1164 1231 in
1194 1178 1546 1236 tabernaculo
1582 1181 1874 1236 testimonii
1898 1181 1997 1236 de-

430 1265 644 1330 precari
671 1263 868 1320 inloco
892 1277 1104 1336 sancto,
1151 1284 1257 1324 non
1296 1271 1547 1337 edentur,
1580 1272 1673 1328 sed
1708 1271 1816 1343 igni
1843 1286 1998 1327 com-

427 1352 694 1409 burentur
714 1355 779 1411 ⁸⁸.
811 1376 832 1408 ι
864 1357 987 1414 Ηωο
1010 1362 1190 1415 omnia
1213 1362 1314 1418 nisi
1334 1362 1439 1417 alio
1461 1378 1622 1420 sensu
1644 1364 1997 1435 accipiamus,

429 1460 590 1514 quam
628 1447 820 1504 littera:
848 1460 1031 1507 textus
1055 1455 1326 1520 ostendit,
1359 1456 1502 1510 sicut
1547 1470 1690 1526 sape
1713 1455 1829 1527 jam
1860 1456 2000 1511 dixi—

428 1551 571 1597 mus,
607 1552 731 1599 cum
765 1542 818 1595 in
859 1542 1088 1599 ecclesia
1113 1547 1431 1614 recitantur,
1463 1547 1801 1605 obStaculum
1829 1547 2000 1620 magis

426 1639 482 1683 et
505 1632 915 1689 subversionem
941 1636 1264 1693 Christianre
1291 1638 1563 1709 religioni,
1596 1655 1766 1711 quam
1812 1642 1997 1698 horta-

428 1722 631 1779 tionem
692 1724 770 1799 (7)
818 1729 1337 1803 ardiﬁcationemque
1385 1736 1736 1804 praestabunt.
1778 1734 1835 1792 Si
1871 1751 1998 1791 vero

432 1812 760 1871 discutiatur
788 1827 842 1873 et
888 1820 1194 1876 inveniatur
1221 1838 1327 1892 quo
1356 1839 1516 1879 sensu
1547 1826 1661 1881 haec
1680 1828 1821 1883 dicta
1852 1835 1996 1894 sunt,

429 1915 486 1961 et
513 1907 673 1977 digne
706 1910 814 1965 Deo
844 1913 934 1980 qui
971 1914 1086 1970 haec
1140 1917 1388 1971 scribere
1425 1918 1647 1983 dicitur,
1706 1920 1999 1974 advertan-

434 2006 545 2061 tur,
580 1997 670 2054 ﬁet
703 2001 919 2071 quidem
946 2002 1165 2061 Iudaeus
1191 2008 1282 2076 qui
1308 2007 1424 2064 haec
1449 2010 1623 2074 audit,
1653 2012 1747 2066 sed
1779 2026 1884 2066 non
1908 2012 2001 2070 ille

431 2088 524 2156 qui
561 2089 613 2142 in
652 2091 965 2161 manifesto,
1006 2099 1098 2151 sed
1148 2099 1238 2168 qui
1277 2099 1328 2153 in
1364 2100 1579 2157 occulto
1616 2100 1834 2158 Iudaeus
1870 2114 1997 2159 est:

430 2181 727 2236 secundum
752 2183 896 2237 illam
927 2185 1288 2243 dillerentiam
1309 2188 1505 2256 Judaei,
1528 2207 1692 2262 quam
1717 2194 2003 2265 distinguit

435 2276 711 2342 apostolus
748 2274 946 2334 Paulus
968 2278 1043 2351 (8)
1084 2281 1271 2337 dicens
1302 2283 1346 2314 ⁸⁷
1385 2297 1401 2337 :
1444 2300 1463 2336 ί
1497 2283 1614 2339 Νοιι
1652 2286 1796 2341 enim
1825 2288 1919 2357 qui
1946 2288 1998 2342 in

432 2359 722 2417 manifesto
739 2361 959 2419 Judzeus
978 2373 1082 2432 est,
1107 2382 1286 2437 neque
1310 2385 1430 2440 quae
1457 2374 1743 2432 manifeste
1766 2377 1821 2432 in
1846 2390 2011 2435 carne

434 2460 519 2505 est
561 2452 930 2517 circumcisio.
963 2458 1058 2512 sed
1085 2460 1175 2528 qui
1207 2460 1260 2514 in
1300 2465 1514 2520 occulto
1541 2465 1874 2527 Judaeusest
1898 2470 2010 2533 eira-

433 2543 764 2602 cumcisione
811 2548 1024 2614 cordis,
1074 2553 1166 2620 qui
1213 2553 1438 2624 spiritu.
1494 2572 1606 2612 non
1654 2558 1865 2627 littera,
1918 2564 2009 2623 cui

431 2632 546 2689 laus
576 2638 650 2709 (9)
684 2654 794 2693 non
824 2640 892 2695 ab
924 2642 1252 2711 hominibus,
1289 2649 1382 2703 sed
1409 2664 1475 2704 ex
1503 2652 1614 2710 Deo
1642 2664 1743 2710 est.
1782 2675 1800 2706 ι
1832 2656 2006 2724 Quam

428 2727 789 2787 diﬂ'ercntiam
829 2734 998 2791 Judaei
1033 2737 1256 2795 visibilis
1283 2751 1339 2796 et
1369 2743 1541 2800 Judaei
1579 2745 1866 2809 invisibilis
1892 2766 2005 2808 non

429 2822 793 2895 intelligentes
824 2828 974 2900 impii
1004 2831 1264 2900 haeretici,
1297 2850 1405 2892 non
1434 2839 1606 2894 solum
1645 2841 1714 2897 ab
1740 2843 1826 2898 his
1854 2843 2001 2900 Serio

429 2909 603 2976 pluris
642 2912 975 2981 refugerunt,
1008 2918 1100 2970 sed
1130 2927 1179 2971 et
1229 2919 1297 2973 ab
1350 2920 1464 2990 ipso
1508 2924 1641 2991 Deo,
1681 2929 1775 2996 qui
1826 2929 1999 3001 legem

2095 457 2194 515 per
2224 458 2386 512 quam
2417 446 2739 515 perveniant
2756 443 2823 497 ad
2856 457 3019 513 regna
3048 440 3287 496 cmlestia
3317 457 3332 495 :
3363 455 3482 496 eam
3516 454 3679 495 nunc

2094 550 2255 605 quam
2293 536 2531 592 diximus
2555 535 2691 606 legis
2725 534 2962 589 animam
3001 531 3369 599 requiramus,
3394 541 3677 601 quantum

2103 629 2169 684 ad
2198 642 2439 700 praesens
2475 626 2692 682 interim
2720 632 2947 694 spectat.
2994 622 3189 679 Nescio
3231 632 3416 678 autem
3449 622 3497 678 si
3531 636 3678 693 pos-

2094 732 2283 774 sumus
2316 716 2479 772 etiam
2529 716 2598 770 ad
2637 716 2891 786 spiritum
2922 714 3038 783 ejus
3083 713 3379 769 ascendere
3433 715 3487 768 in
3531 714 3616 769 bis
3647 752 3672 783 ,

2096 827 2220 883 quas
2249 811 2406 867 nobis
2431 811 2499 867 de
2523 810 2810 866 sacriﬁciis
2839 808 2977 870 lecta
3015 816 3164 863 sunt.
3209 807 3485 865 Debemus
3512 808 3673 863 enim

2095 918 2244 969 eum,
2276 917 2433 973 quem
2462 904 2626 975 206
2652 903 2887 961 diximus
2916 903 2967 957 in
2992 901 3204 957 occulto
3222 900 3489 974 Judaum,
3518 899 3673 955 sicut

2095 999 2429 1055 ostendimus
2455 999 2583 1068 quia
2614 1012 2717 1053 non
2751 1013 2938 1064 carne,
2969 997 3066 1053 sed
3117 998 3280 1051 corde
3315 994 3675 1051 circumcidi-

2096 1100 2218 1159 tur;
2250 1091 2324 1145 ita
2352 1091 2640 1147 ostendere
2680 1091 2807 1160 quia
2844 1099 2900 1146 et
2928 1088 3205 1145 sacriﬁcat
3243 1102 3349 1143 non
3380 1087 3435 1143 in
3456 1103 3624 1143 carne
3644 1125 3669 1153 ,

2094 1182 2195 1237 sed
2240 1182 2439 1252 corde,
2466 1190 2520 1237 et
2543 1182 2672 1250 quia
2703 1182 2825 1238 edet
2852 1182 2918 1238 de
2946 1180 3234 1239 sacriﬁciis
3266 1193 3370 1234 non
3416 1192 3666 1247 carnem,

2098 1272 2192 1328 sed
2215 1274 2469 1343 spiritum
2494 1273 2630 1343 (10).

2166 1365 2221 1419 2.
2262 1364 2367 1420 Sed
2402 1364 2679 1421 videamus
2708 1364 2820 1435 jam
2849 1379 2970 1435 qua:
2994 1371 3124 1421 sunt
3149 1363 3240 1419 illa
3264 1379 3385 1434 qua
3415 1362 3669 1419 referun-

2100 1465 2187 1511 tur
2218 1456 2268 1510 in
2301 1457 2439 1526 lege.
2472 1473 2491 1507 ι
2525 1455 2592 1512 Et
2640 1456 2853 1512 locutus
2904 1464 3008 1522 est,
3050 1457 3253 1526 inquit,
3300 1456 3562 1520 Dominus
3592 1455 3667 1510 ad

2098 1545 2318 1616 Moysen
2354 1545 2544 1602 dicens
2576 1564 2591 1602 :
2624 1545 2877 1616 Loquere
2911 1548 2981 1602 ad
3024 1548 3231 1614 Aaron,
3280 1554 3340 1601 et
3375 1545 3518 1603 ﬁlios
3543 1546 3666 1617 ejus

2099 1636 2285 1691 dicens
2316 1654 2331 1691 :
2362 1636 2489 1691 Haec
2540 1636 2627 1693 lex
2658 1637 2901 1707 peccati;
2932 1655 2952 1691 ι
2985 1645 3041 1693 et
3068 1645 3262 1693 cmtera
3296 1651 3416 1706 quae
3445 1639 3498 1692 in
3523 1652 3671 1706 prte-

2099 1728 2239 1782 senti
2265 1728 2489 1782 recitata
2517 1737 2664 1784 sunt.
2694 1729 2760 1784 Et
2781 1738 2908 1785 ante
2929 1729 3041 1799 jam
3059 1729 3262 1784 dixisse
3291 1744 3388 1786 nos
3416 1729 3666 1796 memini,

2098 1820 2221 1887 quia
2251 1820 2337 1873 lex
2368 1835 2471 1874 non
2501 1835 2716 1890 semper
2739 1821 2941 1877 eisdem
2966 1820 3125 1875 datur
3150 1838 3164 1875 :
3185 1820 3281 1876 sed
3310 1820 3415 1875 alia
3443 1821 3669 1890 quidem

2102 1911 2261 1963 datur
2280 1909 2407 1965 ﬁliis
2432 1911 2621 1977 Israel,
2645 1910 2748 1965 alia
2781 1921 2961 1966 autem
2983 1911 3110 1969 ﬁliis
3135 1913 3334 1979 Aaron,
3356 1911 3459 1967 alia
3474 1912 3667 1979 etiam,

2098 2001 2242 2057 sicut
2266 2003 2590 2072 jampridem
2612 2002 3229 2076 observavimus,Moysi
3260 2013 3314 2060 et
3342 2004 3555 2060 Aaron:
3586 2016 3676 2059 est

2098 2105 2153 2150 et
2182 2095 2288 2150 alia
2316 2097 2402 2151 lex
2433 2112 2556 2166 quae
2583 2095 2684 2151 soli
2722 2094 2894 2167 Moysi
2926 2095 3106 2160 datur,
3151 2096 3227 2150 ita
3257 2103 3317 2150 ut
3346 2111 3442 2152 nec
3472 2098 3665 2152 Aaron

2098 2186 2235 2259 legis
2270 2188 2438 2258 ipsius
2471 2187 2744 2258 particeps
2776 2188 2893 2242 ﬁat.
2935 2188 3173 2255 Quarum
3223 2186 3543 2259 persingula
3560 2186 3671 2241 dis-

2099 2274 2391 2333 tinctiones
2458 2286 2515 2331 et
2555 2276 2904 2333 diversitates
2928 2316 2944 2341 ,
2978 2277 3102 2345 quis
3133 2278 3209 2332 ita
3241 2278 3483 2333 scientias
3517 2278 3670 2334 dono

2096 2366 2439 2422 illuminatus
2468 2382 2497 2420 a
2531 2368 2639 2423 Deo
2682 2377 2787 2430 est,
2836 2377 2893 2422 ut
2928 2368 3104 2438 possit
3138 2368 3349 2437 integre
3376 2379 3672 2440 aperteque

2101 2458 2412 2514 disserere?
2441 2458 2752 2519 Invenimus
2781 2460 2924 2515 enim
2956 2461 3009 2515 in
3030 2461 3499 2530 consequentibus
3522 2476 3670 2532 prte-

2102 2559 2317 2618 ccptum
2355 2548 2569 2605 Domini
2596 2550 2664 2605 ad
2692 2551 2863 2605 solum
2891 2551 3110 2624 Moysen
3141 2553 3277 2615 dari.
3314 2561 3370 2608 et
3400 2552 3579 2622 iuberi
3608 2561 3674 2611 ut

2101 2637 2475 2707 pectusculum
2535 2639 2721 2693 arietis
2783 2638 3136 2708 perfectionis
3220 2637 3390 2709 Moysi
3456 2639 3671 2706 detur,

2102 2730 2245 2786 sicut
2266 2731 2776 2801 praecepit,inquit,
2812 2731 3072 2785 Dominus
3101 2728 3294 2801 Moysi.
3323 2731 3379 2785 In
3408 2745 3512 2801 qua
3538 2745 3671 2800 por-

2103 2823 2253 2878 tione
2276 2838 2454 2893 neque
2477 2826 2684 2889 Aaron,
2717 2838 2891 2893 neque
2921 2822 3017 2879 ﬁlii
3041 2823 3158 2894 ejus
3186 2824 3477 2894 participes
3506 2824 3669 2880 ﬁunt.

2102 2914 2170 2971 Et
2194 2917 2469 2971 invenitur
2507 2916 2593 2971 lex
2623 2930 2745 2984 qua
2773 2916 3003 2986 pertinet
3032 2916 3099 2970 ad
3132 2917 3356 2971 arietem
3380 2916 3673 2985 perfectio-

434 3000 575 3095 hanc
602 3002 977 3076 etScriptnras
1025 3014 1234 3069 divinas
1281 3016 1590 3071 hominibus
1621 3021 1791 3083 dedit.
1836 3000 2001 3095 atque

2105 3006 2211 3070 nis,
2242 3021 2346 3060 non
2367 3021 2526 3076 posse
2553 3006 2838 3077 pervenire
2865 3021 3035 3075 usque
3056 3006 3124 3060 ad
3161 3008 3366 3075 Aaron,
3396 3020 3572 3076 neque
3601 3007 3669 3061 ad

431 3090 595 3145 alium
624 3097 723 3150 sibi
768 3097 950 3165 deum,
982 3118 1179 3171 prmtcr
1206 3107 1357 3161 illum
1382 3110 1473 3177 qui
1499 3113 1695 3167 caelum
1720 3126 1776 3168 et
1800 3090 1998 3171 terram

430 3186 710 3254 condidit,
764 3192 1170 3262 conﬁnxerunt,
1212 3214 1335 3253 cum
1389 3203 1578 3270 utique
1625 3203 1749 3258 ﬁdei
1794 3210 2002 3264 veritas

434 3291 598 3329 unum
625 3283 983 3353 eumdemqne
1014 3285 1176 3340 Deum
1209 3288 1343 3358 legis
1371 3301 1425 3346 et
1465 3292 1885 3364 Evangeliorum
1919 3309 2002 3352 te-

435 3378 580 3433 neat,
612 3373 903 3429 visibilium
930 3385 985 3430 et
1026 3376 1377 3436 invisibilium
1412 3395 1712 3439 creatorem
1744 3402 1758 3438 :
1796 3390 1919 3456 quia
1945 3399 2003 3444 et

386 3514 392 3522 ,
434 3463 815 3531 cognationem
853 3466 1145 3535 plurimam
1202 3472 1436 3527 visibilia
1470 3491 1591 3530 cum
1638 3478 2001 3535 invisibilibus

430 3564 674 3619 servant,
711 3556 781 3609 ita
812 3567 868 3611 nt
898 3560 1191 3628 Apostolus
1215 3563 1453 3628 dicat”,
1490 3567 1613 3634 quia
1653 3586 1671 3619 ‹
1707 3569 2000 3625 invisibilia

431 3643 525 3698 Dei
558 3663 585 3699 a
622 3659 870 3704 creatura
899 3652 1081 3706 mundi
1115 3668 1215 3722 per
1242 3670 1307 3709 ea
1345 3672 1467 3726 quae
1496 3657 1634 3714 facta
1667 3673 1814 3727 sunt,
1842 3663 2002 3718 intel-

430 3737 568 3790 Iccta
600 3741 1223 3810 conspiciuntur.»Sicut
1247 3761 1378 3815 ergo
1412 3751 1795 3819 cognationem
1819 3757 1902 3809 sui
1932 3755 2000 3811 ad

431 3829 663 3883 invicem
695 3843 891 3902 gerunt
916 3833 1144 3889 visibilia
1187 3846 1241 3891 et
1268 3838 1587 3903 invisibilia,
1621 3850 1764 3896 terra
1801 3853 1855 3898 et
1884 3859 2001 3900 cm-

431 3919 563 3984 lnm,
593 3924 771 3977 anima
803 3934 857 3979 et
877 3941 1029 3992 caro,
1054 3942 1253 3998 corpus
1279 3941 1333 3984 et
1350 3932 1593 4002 spiritus,
1626 3943 1683 3989 et
1707 3950 1775 3989 ex
1808 3938 2000 3993 horum

433 4013 917 4082 conjunctionibus
972 4029 1187 4076 constat
1226 4022 1318 4078 hic
1376 4025 1650 4095 mundus;
1706 4028 1779 4083 ita
1836 4030 2000 4086 etiam

432 4120 678 4163 sanctam
712 4111 1049 4181 Scripturam
1081 4118 1412 4172 credendum
1457 4129 1538 4175 est
1582 4136 1650 4176 ex
1697 4124 2003 4180 visibilibus

431 4211 483 4255 et
515 4203 874 4259 invisibilibus
888 4218 1142 4264 constare
1166 4210 1363 4265 :veluti
1399 4228 1464 4266 ex
1492 4228 1721 4282 corpore
1745 4218 2000 4285 quodam,

432 4292 630 4351 litterae
663 4297 871 4353 scilicet
894 4315 1013 4369 quae
1048 4302 1297 4369 videtur;
1355 4313 1409 4359 et
1448 4307 1649 4372 anima,
1681 4322 1875 4364 sensus
1905 4312 1998 4380 qui

2104 3095 2245 3150 ﬁlios
2281 3095 2418 3163 ejus,
2460 3097 2630 3151 multo
2668 3096 2840 3164 magis
2870 3111 2968 3151 nec
3002 3097 3069 3151 ad
3102 3096 3339 3167 reliquos
3370 3097 3508 3151 ﬁlios
3555 3096 3671 3170 (II)

2101 3187 2293 3253 Israel,
2327 3189 2421 3242 sed
2452 3188 2518 3242 ad
2554 3190 2729 3243 solum
2770 3187 3014 3259 Moysen,
3044 3187 3136 3258 qui
3163 3199 3285 3242 erat
3315 3190 3523 3243 amicus
3550 3190 3668 3245 Dei.

2103 3280 2302 3336 Verum
2351 3281 2481 3348 quid
2534 3296 2670 3349 opus
2709 3289 2812 3345 est,
2868 3296 2990 3350 quae
3024 3281 3364 3350 postmodum
3397 3283 3669 3338 recitanda

2102 3382 2253 3439 sunt,
2289 3374 2592 3443 praevenire
2609 3375 2632 3426 ?
2649 3372 2804 3429 Nunc
2821 3375 3038 3429 interim
3064 3374 3146 3429 lex
3177 3377 3400 3431 recitata
3422 3386 3523 3441 est,
3550 3392 3672 3447 qua:

2103 3466 2172 3521 ad
2200 3465 2379 3519 Aaron
2405 3472 2459 3520 et
2487 3466 2625 3520 ﬁlios
2650 3465 2765 3532 ejus
2787 3467 3180 3538 promulgatur,
3210 3468 3293 3523 lex
3320 3472 3543 3538 peccati,
3568 3472 3672 3528 hoc

2102 3568 2186 3614 est
2217 3558 2405 3612 hosﬁaa
2435 3573 2554 3627 quae
2573 3556 2797 3614 oﬁertur
2828 3559 2939 3632 (I2)
2967 3574 3068 3630 pro
3096 3571 3318 3629 peccato
3346 3579 3359 3615 :
3390 3580 3409 3613 ι
3440 3563 3496 3617 In
3524 3564 3668 3630 loco,

2103 3651 2298 3719 inquit,
2334 3650 2386 3704 in
2415 3664 2522 3720 quo
2564 3649 2879 3721 jugulantur
2921 3650 3268 3717 holocausta,
3302 3650 3372 3704 ibi
3417 3651 3673 3707 occident

2102 3751 2159 3796 et
2190 3743 2240 3796 id
2278 3741 2419 3812 quod
2453 3756 2549 3810 pro
2575 3752 2799 3810 peccato
2830 3749 2939 3805 est,
2986 3742 3038 3794 in
3072 3750 3364 3811 conspectu
3395 3742 3612 3799 Domini
3649 3758 3667 3797 :

2105 3832 2301 3888 Sancta
2337 3842 2644 3887 sanctorum
2680 3842 2826 3887 sunt.
2861 3851 2879 3886 ι
2922 3831 3083 3886 Multa
3120 3834 3334 3902 quidem
3380 3834 3516 3905 jam,
3559 3832 3672 3891 Deo

2095 3925 2338 3995 jnvante,
2378 3924 2444 3978 de
2467 3923 2860 3978 sacriﬁciorum
2895 3925 3000 3977 ritu
3042 3925 3336 3980 secundum
3365 3925 3670 3996 spiritalem

2106 4016 2519 4086 intelligentiam
2570 4016 2623 4070 in
2658 4015 3032 4084 superioribus
3071 4016 3210 4070 dicta
3262 4027 3419 4083 sunt,
3479 4018 3571 4072 sed
3616 4028 3673 4075 et

2111 4125 2254 4164 nunc
2282 4110 2326 4163 si
2359 4110 2528 4180 gratia
2565 4108 2777 4162 Domini
2813 4122 2911 4162 nos
2945 4109 3166 4164 visitare
3197 4109 3468 4180 dignetur,
3498 4124 3552 4165 et
3576 4126 3672 4166 vos

2102 4202 2447 4258 orationibus
2498 4200 2843 4268 adnitamini,
2882 4200 3143 4254 addemus
3172 4215 3290 4268 quae
3317 4202 3525 4255 dederit
3570 4201 3674 4258 Do-

2105 4296 2305 4351 minus.
2340 4294 2650 4348 Ilostiarum
2686 4294 2932 4362 quendam
2968 4292 3181 4361 quidem
3207 4294 3443 4348 suntDei
3479 4296 3670 4363 solius,

434 4387 573 4441 intra
616 4388 786 4457 ipsam
816 4390 1270 4461 deprehenditur;
1298 4406 1352 4450 et
1381 4398 1597 4466 spiritu,
1620 4372 1999 4458 secundum-id

2110 4391 2183 4444 ita
2209 4398 2268 4443 ut
2302 4387 2482 4442 nullus
2511 4386 2791 4441 hominum
2821 4384 3110 4453 participet
3134 4400 3199 4439 ex
3236 4387 3386 4456 ipsis.
3417 4388 3670 4453 Omedam

433 4477 577 4543 quod
610 4480 771 4531 etiam
802 4480 1044 4549 quaedam
1081 4483 1132 4537 in
1180 4500 1240 4539 se
1268 4485 1507 4542 etnlcstia
1535 4496 1741 4555 teneat,
1773 4502 1830 4545 ut
1857 4495 2000 4562 Apo-

433 4566 604 4622 stolus
636 4568 765 4623 dicit
794 4570 861 4637 ⁸⁸,
890 4574 1013 4641 quia
1052 4593 1071 4626 ι
1122 4579 1423 4647 exemplari
1476 4583 1766 4643 Cl.|llllbl‘:B
1807 4585 1994 4639 deser-

434 4658 589 4712 viunt
625 4660 952 4717 caelestium.
989 4684 1008 4716 ι
1046 4664 1179 4731 Quia
1220 4684 1348 4737 ergo
1395 4670 1509 4725 hace
1554 4670 1627 4724 ita
1665 4686 1724 4728 se
1772 4673 1993 4743 habent,

436 4751 754 4808 invocantes
797 4753 987 4824 Deum,
1019 4758 1111 4825 qui
1138 4758 1269 4814 fecit
1301 4760 1597 4831 Scriptura:
1632 4765 1900 4831 animam,
1942 4777 2000 4821 et

433 4855 634 4921 corpus
660 4852 714 4898 et
733 4845 984 4913 spiritum
1018 4864 1033 4901 :
1066 4862 1262 4919 corpus
1292 4850 1506 4920 quidem
1533 4853 1599 4907 iis
1623 4854 1713 4921 qui
1744 4865 1871 4909 ante
1894 4871 1998 4911 nos

434 4918 676 4998 fuerunt,
712 4936 946 4990 animam
971 4952 1102 4993 vero
1123 4940 1300 5007 nobis,
1338 4943 1587 5012 spiritum
1610 4953 1791 4999 autem
1823 4946 1889 5003 iis
1909 4947 2001 5016 qui

505 5051 552 5084 ⁸⁸
582 5050 761 5108 Levit.
797 5069 870 5122 vr,
898 5055 969 5110 24
994 5068 1049 5111 et
1077 5071 1230 5128 seqq.
1305 5058 1351 5091 ⁸⁷
1385 5058 1540 5116 Rom.
1578 5078 1638 5129 ιι,
1663 5062 1753 5119 29.
1829 5063 1875 5095 ⁸⁸
1905 5065 2058 5122 Rom.
2087 5081 2127 5130 ι,
2148 5062 2239 5117 20.

435 5145 767 5270 mgjjmldem
799 5166 926 5218 ms.,
967 5171 988 5207 ι
1032 5168 1159 5209 vase
1188 5169 1352 5211 aereo.
1389 5175 1408 5208 ι
1437 5157 1592 5213 Libb.
1638 5159 1808 5228 editi,
1846 5177 1865 5212 ι
1898 5176 1997 5217 vas

436 5230 449 5246 ¹
643 5257 656 5270 ο
693 5238 711 5270 9

436 5230 656 5271 atreum.
693 5238 711 5272 1

512 5285 589 5359 (7)
629 5288 922 5365 Ιάοπιιιιβη
957 5311 977 5344 ε
1013 5294 1399 5350 hortationem.
1432 5315 1452 5349 ι
1477 5296 1633 5352 Libb.
1666 5298 1818 5365 editi,
1852 5318 1871 5351 ‹
1909 5315 1999 5354 ra—

444 5366 670 5428 tionem.
708 5379 727 5412 ι
754 5361 954 5416 Ibidem
984 5379 1112 5428 ms.,
1153 5382 1173 5414 ι
1202 5366 1522 5421 discutiatur
1547 5378 1601 5421 et
1632 5361 1995 5424 inveniatur.»

444 5426 600 5482 Libb.
643 5431 797 5497 editi,
832 5451 851 5484 ι
889 5426 1250 5490 discutiantur
1285 5446 1341 5490 et
1370 5438 1736 5493 inveniantur.
1774 5458 1794 5491 ι
1838 5439 2004 5495 Paulo

443 5507 567 5567 post
596 5497 889 5576 idem_ms.,
924 5520 952 5576 ι
983 5506 1142 5576 digne
1175 5505 1283 5576 Deo
1309 5507 1399 5575 qui
1429 5508 1545 5562 hmc
1591 5509 1832 5565 scribere
1866 5510 2005 5563 dici-

448 5578 612 5659 ιιιςεηι
635 5569 790 5659 μω»
825 5574 978 5659 editi,
1017 5569 1348 5659 «:dignsDeu
1372 5592 1491 5659 qua:
1521 5579 1609 5633 hic
1639 5581 2003 5659 scribuntum

514 5638 591 5708 (ὃ)
633 5640 836 5699 Nomen
867 5662 886 5697 ι
917 5638 1166 5701 Paulus'r
1199 5647 1348 5703 deest
1388 5638 1443 5703 in
1497 5661 1658 5706 antea
1687 5651 1867 5716 editis.
1916 5652 2011 5707 sed

2107 4491 2233 4537 sunt
2272 4480 2452 4534 Aaron
2497 4476 2834 4541 sacerdotis,
2875 4486 2928 4531 et
2972 4477 3200 4531 ﬁliorum
3234 4482 3351 4547 ejus
3384 4496 3395 4531 :
3425 4481 3671 4549 quaedam

2107 4572 2299 4642 ipsius,
2359 4578 2413 4624 et
2472 4568 2727 4635 liliorum,
2775 4577 2830 4622 et
2870 4566 3105 4623 liliarum
3142 4568 3276 4637 ejus,
3313 4571 3382 4623 ita
3426 4571 3673 4627 utetiam

2104 4679 2329 4720 uxorem
2364 4661 2673 4718 sacerdotis
2728 4660 2892 4716 edere
2930 4661 3092 4717 liceat
3144 4676 3209 4717 ex
3255 4662 3358 4718 his.
3415 4662 3673 4730 Quaedam

2106 4766 2232 4814 sunt
2271 4755 2637 4815 sacerdotum,
2686 4762 2744 4808 et
2788 4752 3019 4808 ﬁliorum
3070 4768 3138 4808 ac
3184 4753 3415 4810 ﬁliarum
3459 4770 3673 4823 eorum,

2107 4850 2201 4906 sed
2231 4850 2296 4904 de
2324 4849 2519 4917 quibus
2550 4845 2712 4902 edere
2748 4846 2911 4902 liceat
2943 4847 3105 4901 etiam
3143 4847 3280 4902 lilios
3309 4845 3493 4903 Israel.
3523 4848 3591 4904 Et
3618 4849 3672 4903 in

2109 4944 2217 5000 illis
2266 4940 2487 5012 quidem
2545 4937 2738 4996 hostiis
2774 4939 2843 4994 de
2903 4939 3099 5010 quibus
3146 4938 3277 4995 licet
3317 4940 3479 4997 edere
3529 4938 3674 4996 ﬁlios

2332 5058 2377 5091 ⁸⁸
2408 5057 2572 5113 Hebr.
2607 5070 2727 5122 vm,
2759 5055 2815 5114 5.

2103 5156 2453 5229 reperiturin
2484 5154 2672 5229 codice
2700 5171 2806 5211 ms.
2844 5151 3129 5229 Sangerm.

2179 5222 2254 5301 (9)
2294 5226 2477 5301 codex
2535 5225 2819 5297 Sangerm.
2877 5243 2896 5278 ι
2950 5222 3035 5280 cui
3089 5226 3227 5280 laus.
3273 5242 3292 5278 ι
3321 5222 3480 5281 Libb.
3513 5222 3670 5291 editi,

2113 5317 2133 5352 ι
2166 5297 2486 5366 cujus_|aus.
2517 5314 2536 5349 ι

2180 5362 2291 5439 (ID)
2326 5364 2471 5420 Idem
2501 5380 2683 5439 ms.,}
2719 5379 2972 5439 carnem;
2999 5364 3414 5439 _sed_spiritnn_1._
3455 5384 3474 5417 ι
3510 5362 3669 5419 Libb.

2108 5433 2313 5501 editi,'r
2350 5451 2538 5500 carne,
2569 5436 2663 5489 sed
2691 5435 2902 5504 spiritu.
2946 5454 2966 5487 ι
2999 5433 3163 5489 Paulo
3216 5445 3336 5501 post
3364 5434 3507 5488 idem
3542 5450 3669 5494 ms.,

2116 5527 2135 5561 ι
2165 5522 2285 5576 qua:
2310 5507 2363 5560 in
2389 5507 2655 5574 praesenti.
2680 5525 2700 5558 ι
2727 5505 2883 5576 Libb.
2904 5506 3054 5573 editi,
3084 5525 3102 5558 ι
3129 5520 3249 5576 qua:
3272 5505 3430 5574 paulo
3457 5515 3602 5576 ante.
3640 5521 3662 5556 ι

2182 5574 2296 5648 (Η)
2333 5576 2490 5648 Libb.
2516 5576 2668 5642 editi,
2700 5595 2720 5628 ί
2759 5574 3023 5648 ﬁliorum;
3065 5595 3084 5628 ι
3116 5574 3212 5632 sed
3241 5589 3370 5644 ms.,
3400 5593 3422 5628 ι
3453 5574 3613 5631 ﬁlios.
3642 5591 3663 5626 ι

2095 5719 2102 5726 δ
2187 5643 2298 5720 (12)
2338 5646 2481 5703 Idem
2506 5660 2637 5714 ms.,
2676 5665 2693 5699 ι
2725 5643 3044 5705 oﬂ'eruntur.
3075 5665 3101 5701 ι
