4024 6146
398 187 490 240 119

1567 191 1636 246 ΙΝ
1676 189 2050 246 LEVITICUM
2087 187 2372 244 I-IOMILIA
2404 189 2466 245 V.

3527 199 3632 255 450

397 307 572 373 Israel,
596 306 717 362 sine
750 309 918 364 dubio
957 309 1160 364 habent
1199 309 1544 380 participium
1570 313 1732 367 etiam
1773 328 1958 368 saccr—
1985 320 2030 373 Α
2064 310 2256 375 Deum,
2286 311 2426 365 sicut
2452 310 2566 381 ipse
2595 323 2692 379 per
2736 311 3053 381 prophetam
3096 312 3230 368 dicit
3254 314 3300 346 ⁹¹
3330 328 3344 366 :
3384 333 3403 366 ι
3441 315 3632 375 Nonne

396 401 542 453 dotes
582 407 638 452 et
681 398 779 452 ﬁlii
827 400 1202 466 sacerdotum;
1240 416 1347 455 non
1379 411 1556 457 tamen
1597 418 1663 458 ex
1686 405 1830 458 omni
1861 407 1960 460 ho—

393 492 515 554 stia,
559 504 722 558 quam
764 493 886 546 edet
915 493 1193 555 sacerdos,
1237 493 1402 547 etiam
1434 494 1573 550 ﬁlios
1611 495 1776 550 Israel
1799 497 1959 553 edere

393 582 595 636 licebit.
632 583 799 652 Igitur
833 599 954 637 cum
989 584 1108 639 istae
1140 587 1247 638 sint
1274 587 1571 640 hostiarum
1620 588 1954 652 diﬂ’ereutim.

392 671 537 725 illam
574 687 740 740 quam
780 673 1020 727 diximus
1059 674 1229 729 solius
1255 675 1344 730 Dei
1377 691 1518 742 esse,
1553 693 1616 731 ex
1645 694 1750 747 qua
1783 694 1957 748 neque

390 763 633 832 Moysen,
671 780 846 833 neque
883 765 1085 832 Aaron,
1121 781 1294 838 neque
1328 768 1467 823 ﬁlios
1489 769 1606 836 ejus
1628 771 1956 839 participare

389 855 470 908 fas
517 864 624 921 est,
666 857 956 925 aliquando
995 860 1221 928 quidem
1267 861 1730 915 holocaustomata
1780 864 1956 918 nomi-

386 947 502 1001 nari
557 949 903 1015 invenimus;
955 951 1253 1019 aliquando
1287 969 1418 1008 vero
1459 968 1564 1007 non
1615 955 1956 1011 holocausta-

386 1046 554 1102 mata,
595 1039 690 1093 sed
731 1039 1200 1109 holocarpomata,
1248 1046 1411 1098 veluti
1445 1046 1487 1099 si
1523 1045 1769 1102 dicamus
1811 1050 1952 1116 quod

385 1139 532 1184 totus
563 1130 677 1201 (15)
709 1133 918 1188 fructus
958 1135 1048 1200 sit,
1081 1135 1171 1189 ille
1201 1135 1409 1190 scilicet
1444 1138 1534 1206 qui
1565 1138 1675 1194 Deo
1705 1139 1949 1196 oﬂ'ertur.

381 1220 476 1275 Est
532 1236 665 1293 ergo
714 1223 887 1291 prima
925 1225 1189 1295 Iegislatio
1233 1226 1300 1282 de
1347 1229 1654 1294 sacriﬁciis,
1688 1231 1732 1284 si
1772 1238 1948 1284 tamen

381 1315 464 1370 vel
514 1316 846 1372 observastis
909 1321 991 1374 vel
1048 1320 1292 1374 retinetis
1333 1321 1619 1390 diligenter
1663 1337 1784 1391 qua;
1814 1322 1948 1376 lecta

376 1419 505 1462 sunt
541 1425 604 1462 ac
638 1409 888 1473 disserta,
921 1419 977 1464 et
1008 1427 1114 1464 non
1151 1421 1528 1466 transcurrunt
1557 1429 1716 1468 aures
1741 1426 1949 1470 vestras

377 1499 432 1552 in
484 1514 707 1566 vanum,
739 1500 827 1554 vel
862 1515 984 1569 quae
1019 1516 1049 1554 a
1096 1502 1250 1555 nobis
1281 1503 1568 1567 dicuntur,
1609 1503 1692 1556 vel
1729 1518 1849 1569 qua:
1879 1520 1942 1558 ex

378 1587 578 1642 divinis
607 1589 970 1645 voluminibus
1011 1591 1332 1644 recitantur.
1364 1591 1546 1645 Prima
1578 1607 1707 1662 ergo
1729 1604 1813 1647 est
1849 1595 1947 1647 ho-

2061 403 2254 457 caalnm
2285 413 2339 456 et
2365 411 2564 458 terram
2591 419 2690 474 ego
2724 405 2905 472 replco
2941 404 3079 475 (l6),
3110 406 3239 460 dicit
3289 407 3620 464 Dominus?»

2057 492 2194 546 Audi
2213 507 2363 560 ergo,
2379 495 2492 562 ipse
2508 499 2849 564 omnipotens
2873 497 3010 550 Deus
3028 497 3154 565 quid
3177 499 3338 552 etiam
3361 501 3425 554 de
3444 502 3629 565 te,hoc

2057 585 2298 653 eSt,quid
2329 586 2397 638 dc
2422 586 2725 640 hominibus
2755 587 2951 640 dicam
2982 587 3269 654 llahitabo,
3298 591 3550 659 inquit”,
3572 594 3627 649 in

2055 677 2156 741 eis,
2189 687 2242 729 et
2268 677 2409 729 inter
2439 677 2584 744 ipsos
2605 678 2912 732 ambulatio.
2936 697 2953 727 t
2977 677 3102 731 Plus
3123 679 3326 748 aliquid
3349 683 3492 736 addit
3512 683 3626 755 (l't')

2056 783 2181 836 erga
2205 782 2485 836 personam
2507 777 2705 821 tuatim
2731 771 2919 833 Etero,
2942 770 3119 838 inquit
3136 770 3205 836 9‘,
3225 772 3304 825 cis
3323 772 3373 825 in
3396 784 3626 841 patrem,

2055 859 2215 927 207
2259 868 2312 913 et
2349 859 2448 926 ipsi
2504 869 2665 914 erunt
2707 862 2835 914 mihi
2887 863 2937 914 itt
2981 862 3117 915 ﬁlios
3167 872 3222 916 et
3271 863 3440 930 ﬁlias,
3490 867 3623 920 dicit

2057 951 2382 1004 Dominus.)
2428 950 2599 1006 Habet
2656 952 2743 1006 hic
2790 953 3022 1005 mundus
3062 952 3259 1007 Filium
3313 957 3427 1018 Dei,
3463 957 3625 1012 habet

2054 1041 2317 1110 Spiritum
2385 1052 2668 1108 sanctum,
2730 1047 3026 1099 secundum
3091 1046 3236 1114 quod
3295 1046 3426 1102 dicit
3487 1049 3623 1103 Pro-

2053 1135 2214 1204 pheta
2235 1135 2281 1167 ”
2311 1153 2324 1189 :
2361 1153 2379 1186 ι
2407 1135 2586 1189 Verbo
2620 1136 2830 1189 Domini
2864 1137 2986 1192 caeli
3018 1137 3216 1191 ﬁrmati
3251 1153 3396 1200 sunt.
3432 1147 3485 1192 et
3517 1141 3624 1208 spi-

2053 1226 2159 1279 ritu
2210 1226 2322 1280 oris
2370 1226 2490 1292 ejus
2540 1226 2718 1280 omnis
2772 1227 2947 1279 virtns
2999 1241 3210 1281 eorum.
3247 1246 3265 1278 ι
3311 1229 3372 1281 Et
3424 1229 3619 1283 iterum

2053 1317 2181 1371 alibi
2211 1317 2257 1350 ⁸⁸
2295 1334 2309 1370 :
2350 1336 2368 1368 ι
2400 1317 2636 1385 Spiritus
2685 1318 2828 1371 enim
2880 1318 3094 1372 Domini
3152 1318 3381 1388 replevit
3435 1320 3618 1374 orbem

2054 1419 2388 1466 terrarum.»
2437 1411 2576 1465 Audi
2632 1419 2685 1466 et
2724 1411 2817 1465 tibi
2874 1412 3002 1480 quid
3059 1411 3190 1464 dicit
3243 1411 3491 1466 Christus
3517 1413 3619 1467 ’τε

2031 1496 2076 1551 ἰ
2106 1501 2242 1554 Ecce
2276 1515 2374 1569 ego
2423 1503 2699 1555 vobiscum
2746 1516 2863 1555 sum
2911 1499 3173 1554 omnibus
3220 1500 3406 1554 diebus
3451 1515 3623 1569 usque

2051 1592 2118 1646 ad
2149 1592 2669 1646 consummationem
2718 1592 2922 1647 saeculi.
2950 1611 2967 1643 ι
3005 1592 3068 1645 Et
3099 1593 3165 1646 de
3201 1591 3401 1660 Spiritu
3429 1600 3621 1647 sancto

372 1681 501 1744 stia,
532 1681 1027 1736 bolocaustomata.
1060 1680 1243 1751 Neque
1287 1683 1432 1736 enim
1462 1685 1746 1751 oportebat
1781 1685 1940 1738 aliam
1975 1675 2017 1733 Β
2044 1683 2242 1736 dicitur
2267 1683 2312 1715 ⁸⁸
2343 1701 2358 1737 :
2395 1701 2414 1734 (
2444 1682 2729 1737 Effundam
2782 1684 2848 1737 de
2893 1684 3082 1752 spiritu
3131 1700 3252 1738 meo
3294 1699 3453 1755 super
3497 1701 3618 1740 om-

374 1776 552 1843 primo
576 1776 807 1830 hostiam
837 1778 1130 1839 nominari,
1163 1777 1262 1830 nisi
1294 1792 1412 1830 eam
1447 1791 1564 1845 quae
1591 1777 1942 1846 omnipotenti

375 1867 487 1920 Deo
519 1865 868 1922 oﬂ‘erebalur.
911 1868 1157 1923 Secunda
1184 1871 1358 1924 hostia
1401 1880 1505 1936 est,
1536 1886 1654 1939 quae
1681 1873 1747 1924 ad
1778 1872 1944 1924 eden-

369 1961 500 2010 dum
539 1960 912 2015 sacerdotibus
944 1961 1300 2030 mancipatur.
1329 1961 1536 2026 Tertia,
1561 1963 1628 2017 de
1647 1977 1754 2031 qua
1778 1963 1940 2016 etiatn

372 2052 512 2107 ﬁlios
550 2053 720 2108 Israel
753 2057 1091 2124 contingere,
1118 2055 1199 2108 vel
1231 2054 1415 2118 edere,
1443 2057 1587 2124 ipsos
1613 2057 1823 2112 scilicet
1849 2059 1940 2128 qui

372 2143 630 2209 olleruut,
682 2147 762 2200 fas
799 2155 900 2201 est.
948 2149 1050 2201 Sed
1083 2147 1222 2202 ﬁlios
1251 2147 1412 2201 Israel
1449 2163 1553 2202 non
1585 2163 1807 2216 omnes,
1838 2151 1940 2205 nisi

372 2236 492 2290 illos
527 2246 734 2291 tantum
762 2238 851 2306 qni
889 2239 1072 2292 mundi
1110 2249 1258 2292 sunt.
1296 2238 1408 2294 Soli
1443 2239 1586 2292 enim
1629 2241 1720 2308 qui
1755 2241 1939 2296 mundi

371 2338 499 2383 sunt
535 2329 602 2381 de
634 2330 916 2385 sacriﬁciis
944 2331 1105 2385 edere
1129 2331 1406 2398 jubentur.
1438 2332 1635 2385 Verum
1661 2334 1792 2386 istas
1822 2348 1940 2387 om-

371 2435 467 2475 nes
485 2420 694 2475 hostias
722 2429 779 2474 tu
804 2422 893 2491 qui
930 2422 980 2475 in
1012 2422 1228 2476 occulto
1244 2421 1462 2477 Iudaeus
1477 2436 1555 2488 es,
1591 2436 1699 2476 non
1730 2421 1785 2476 in
1816 2428 1938 2476 anl-

370 2511 605 2567 ntalibus
634 2513 881 2581 requiras
913 2513 1214 2568 visibilibns
1247 2532 1260 2569 :
1291 2529 1392 2568 nec
1438 2515 1488 2568 in
1526 2515 1691 2570 mutis
1727 2516 1937 2584 pecori-

371 2604 472 2658 bus
526 2603 758 2659 inveniri
811 2615 990 2674 pntes,
1025 2607 1167 2675 quod
1207 2604 1390 2661 oll‘erri
1435 2609 1623 2662 deceat
1652 2607 1766 2677 (M)
1804 2607 1933 2661 Deo-

366 2693 503 2750 lstas
555 2696 762 2751 hostias
813 2698 954 2751 intra
1023 2698 1251 2766 teipsnm
1303 2699 1540 2767 require,
1589 2707 1643 2754 et
1696 2700 1936 2755 invenies

367 2801 461 2840 cas
512 2786 656 2841 intra
709 2789 948 2841 animam
1001 2796 1170 2842 tuam.
1225 2789 1469 2860 Intellige
1523 2799 1574 2844 te
1612 2792 1814 2846 habere
1854 2792 1936 2844 in-

370 2889 451 2933 tra
492 2883 832 2951 temetipsum
885 2896 1074 2952 greges
1105 2884 1288 2948 boum,
1331 2883 1449 2938 illos
1482 2883 1572 2953 qui
1615 2886 1936 2939 benedicun-

2047 1789 2165 1828 nem
2198 1789 2440 1838 carnem,
2469 1783 2525 1827 et
2560 1773 2980 1843 prephetabunt.
3004 1793 3023 1826 ι
3065 1775 3200 1829 Cum
3249 1790 3381 1844 ergo
3429 1777 3614 1830 videas

2045 1867 2245 1920 habere
2274 1875 2326 1920 te
2353 1867 2537 1921 omnia
2569 1881 2686 1934 utne
2717 1866 2950 1921 mundus
2987 1867 3172 1933 habet,
3209 1869 3462 1923 dubitare
3502 1885 3607 1923 nctt

2041 1957 2206 2012 debes
2233 1958 2374 2025 quod
2411 1959 2575 2013 etiam
2619 1957 2874 2010 animalia
2905 1973 3027 2027 quae
3073 1958 3374 2013 oﬂ‘ernntnr
3418 1961 3470 2015 in
3517 1961 3616 2015 ho-

2039 2049 2180 2115 stiis,
2227 2049 2430 2104 habeas
2481 2049 2626 2103 intra
2660 2059 2744 2113 te,
2774 2057 2828 2103 et
2860 2063 2926 2103 ex
2972 2049 3102 2118 ipsis
3141 2050 3450 2117 spiritttales
3489 2052 3604 2122 (l8)

2039 2141 2239 2196 oﬁ‘erre
2293 2143 2491 2196 debeas
2545 2141 2776 2196 hostias.
2831 2141 2936 2195 Sed
2974 2143 3040 2196 de
3077 2142 3204 2209 illis,
3239 2152 3397 2212 prout
3437 2146 3614 2213 potui.

2043 2248 2184 2296 mus,
2211 2234 2262 2286 itt
2294 2234 2668 2300 superioribus
2701 2233 3137 2301 explanavimus.

2113 2346 2165 2400 3.
2210 2345 2362 2400 Nunc
2395 2361 2526 2401 vero
2561 2346 2689 2401 illud
2725 2347 2974 2401 addimus
3014 2349 3156 2417 quod
3193 2348 3347 2413 dicit,
3400 2349 3523 2416 quia
3556 2349 3608 2404 in

2044 2435 2163 2490 loco
2196 2438 2247 2490 in
2280 2452 2386 2506 quo
2411 2436 2730 2505 jngnlantur
2756 2437 3094 2501 holocausta,
3121 2438 3191 2491 ibi
3225 2438 3387 2492 etiam
3421 2439 3612 2493 hostia:

2039 2543 2137 2597 pro
2175 2538 2418 2595 peccato.
2447 2527 2581 2583 Vide
2609 2545 2771 2599 quam
2812 2529 2982 2583 multa
3021 2530 3389 2584 misericordia
3428 2541 3482 2584 et
3517 2530 3607 2585 bc-

2037 2620 2271 2687 niguitas
2299 2619 2389 2673 Dei
2413 2630 2519 2686 est,
2549 2629 2607 2674 ut
2638 2621 2729 2675 ubi
2766 2620 3139 2676 holocaustum
3171 2619 3446 2692 iugulatur
3473 2622 3605 2677 illud

2036 2713 2179 2780 quod
2215 2713 2314 2766 soli
2353 2713 2465 2768 Deo
2507 2712 2755 2777 offertur,
2807 2713 2879 2768 ibi
2929 2715 3093 2768 etiam
3132 2714 3309 2768 hostia
3343 2729 3460 2783 quae
3509 2730 3606 2784 pro

2035 2813 2261 2871 peccato
2303 2810 2404 2870 est,
2438 2803 2702 2858 immolari
2732 2803 3014 2872 jnbeatur;
3050 2819 3156 2872 quo
3200 2803 3406 2858 scilicet
3446 2804 3605 2860 intel-

2035 2893 2167 2963 ligat
2205 2908 2263 2948 se
2305 2895 2398 2962 qui
2439 2898 2709 2964 peccavit,
2753 2904 2807 2949 et
2841 2894 3089 2964 pmnitet,
3122 2901 3175 2948 et
3210 2909 3504 2950 conversus
3533 2899 3603 2949 ad

368 2975 529 3026 turin
553 2974 848 3027 Abraham.
877 2973 1121 3044 Intellige
1148 2974 1350 3076 habere
1388 2984 1438 3028 te
1460 2985 1513 3028 et
1539 2991 1725 3046 greges
1748 2977 1928 3030 ovium
1959 3023 2006 3086 C
2037 2984 2325 3039 Dominum
2363 2984 2709 3039 contribulati
2745 2985 2967 3054 spiritus
3009 2985 3242 3039 hostiam
3277 2984 3510 3056 jugulat,
3550 2987 3603 3040 in

364 3074 418 3117 et
454 3078 647 3134 greges
676 3079 982 3133 caprarum,
1016 3066 1069 3118 in
1099 3065 1293 3134 quibus
1330 3067 1596 3121 benedicti
1646 3078 1700 3122 et
1746 3067 1930 3121 multi-

364 3155 551 3226 plicati
573 3167 699 3210 sunt
728 3158 1071 3226 patriarchae.
1098 3158 1344 3229 Intellige
1376 3173 1500 3214 esse
1523 3159 1660 3214 intra
1690 3171 1742 3214 te
1769 3159 1933 3214 etiam

364 3264 492 3304 aves
533 3250 681 3306 caeli.
710 3249 820 3306 Nec
857 3251 1075 3306 mireris
1101 3252 1246 3320 quod
1279 3251 1394 3306 haec
1429 3252 1568 3306 intra
1607 3260 1656 3306 te
1696 3265 1816 3306 esse
1854 3251 1936 3304 di-

363 3346 557 3410 cimus,
617 3345 855 3415 intellige
911 3352 963 3399 te
1006 3351 1062 3398 et
1113 3343 1276 3397 alium
1327 3345 1584 3398 mundum
1635 3359 1755 3400 esse
1805 3359 1932 3413 par-

364 3453 487 3491 vum
515 3438 648 3507 (I5),
679 3447 735 3492 et
761 3453 878 3493 esse
907 3437 1049 3490 intra
1081 3444 1132 3490 te
1161 3437 1353 3498 solem,
1385 3450 1506 3491 esse
1534 3437 1930 3500 lunam,etiatu

362 3530 570 3585 stellas.
600 3531 715 3585 Hoc
739 3531 883 3584 enim
918 3531 959 3585 si
981 3531 1052 3584 ita
1083 3545 1188 3583 non
1207 3538 1373 3595 esset,
1406 3543 1677 3599 nunquam
1706 3529 1933 3583 dixisset

365 3623 624 3676 Dominus
668 3624 734 3677 ad
773 3624 1048 3677 Abraham
1089 3623 1135 3653 ⁰⁰
1168 3638 1181 3674 :
1223 3639 1242 3673 t
1288 3622 1484 3687 Aspice
1517 3623 1570 3675 in
1625 3624 1844 3686 caalnm,
1873 3629 1930 3675 et

361 3718 484 3769 vide
519 3715 732 3778 stellas,
765 3715 808 3768 si
855 3715 1185 3768 dinumerari
1241 3722 1465 3782 possunt
1496 3727 1525 3765 a
1560 3711 1926 3774 multitudine,

357 3808 436 3862 sic
463 3809 569 3862 erit
602 3823 784 3862 semen
823 3817 994 3860 tuum.
1031 3827 1046 3858 t
1085 3806 1195 3860 Nec
1223 3807 1457 3869 mireris,
1508 3805 1745 3874 inquam,
1774 3804 1816 3858 si
1845 3803 1928 3857 diu

354 3902 500 3956 citur
525 3905 594 3956 ad
628 3902 924 3966 Abraham,
953 3902 1077 3970 quia
1106 3903 1184 3955 sic
1215 3900 1319 3954 erit
1349 3907 1532 3952 semen
1591 3907 1739 3950 tuum
1781 3897 1928 3951 sicut

355 3994 529 4049 stellae
563 4003 689 4047 sunt
727 3995 893 4059 cceli;
938 3995 1003 4047 de
1039 3991 1145 4046 illis
1191 3991 1395 4045 scilicet
1432 3991 1523 4059 qui
1560 4005 1624 4043 ex
1671 3989 1774 4043 ﬁde
1811 3987 1926 4056 ejus

359 4087 525 4159 geniti
553 4086 951 4141 rationabiliter
973 4087 1178 4149 vivant,
1203 4100 1263 4138 ac
1294 4085 1505 4136 divinas
1537 4081 1680 4150 leges
1714 4089 1766 4134 et
1788 4095 1924 4148 prae-

358 4190 514 4248 cepta
541 4179 872 4234 custodiant.
921 4178 1058 4230 Audi
1087 4177 1317 4246 amplius
1351 4175 1552 4243 aliquid
1586 4173 1920 4227 Salvatorem

355 4273 424 4327 ad
459 4269 755 4341 discipulos
786 4270 1050 4324 dicentem
1083 4269 1128 4302 οι
1155 4286 1168 4321 :
1201 4284 1219 4318 ι
1254 4267 1358 4321 Vos
1388 4266 1520 4319 estis
1550 4265 1635 4318 lux
1667 4262 1870 4318 mundi.
1897 4281 1916 4315 ι

355 4364 654 4419 Dnbitasne
691 4378 811 4417 esse
855 4365 995 4416 intra
1032 4371 1083 4415 te
1116 4362 1282 4416 solem
1328 4369 1382 4413 et
1417 4359 1629 4420 lunam,
1669 4356 1734 4409 ad
1761 4369 1918 4424 quem

355 4456 574 4520 dicitur,
608 4455 733 4524 quia
769 4454 858 4509 lux
916 4457 992 4509 sis
1042 4453 1265 4508 mundi?
1315 4449 1409 4505 Vis
1457 4449 1632 4502 adhuc
1685 4444 1915 4511 amplius

356 4547 556 4616 aliquid
592 4548 657 4602 de
691 4557 744 4601 te
786 4547 905 4616 ipso
937 4545 1145 4609 audire,
1202 4559 1267 4597 ne
1307 4541 1455 4595 forte
1483 4553 1646 4609 parva
1676 4538 1742 4592 de
1775 4546 1826 4590 te
1864 4549 1918 4591 et

357 4639 578 4692 humilia
634 4642 908 4710 cogitans,
963 4650 1214 4706 tanquam
1269 4633 1429 4689 vilem
1473 4630 1710 4701 negligas
1751 4629 1916 4683 vitam

357 4733 546 4786 tuam?
581 4731 752 4787 liabet
785 4732 874 4786 hic
907 4731 1138 4785 mundus
1164 4727 1581 4797 gubernatorem
1620 4735 1800 4785 suum,
1825 4720 1920 4774 ha-

355 4821 447 4878 bet
473 4825 564 4893 qui
595 4839 717 4880 eum
744 4832 897 4892 regat
945 4831 1000 4877 et
1030 4820 1237 4876 habitet
1273 4819 1324 4872 in
1354 4818 1468 4887 ipso
1496 4815 1918 4883 omnipotentem

2037 3076 2159 3132 loco
2184 3077 2297 3146 jam
2330 3083 2520 3130 sancto
2559 3086 2725 3140 stare,
2752 3087 2800 3130 et
2835 3075 3034 3130 sociari
3062 3074 3148 3129 his
3179 3089 3297 3144 quae
3336 3077 3606 3146 pertinent

2037 3167 2106 3223 ad
2141 3167 2333 3221 Deum.
2381 3166 2458 3220 lbi
2489 3181 2622 3238 ergo
2652 3166 2966 3221 immolatur
2995 3167 3169 3221 hostia
3212 3183 3310 3236 pro
3351 3179 3600 3238 peccato,

2031 3257 2124 3311 ubi
2171 3267 2223 3311 et
2262 3256 2655 3323 holocaustum,
2689 3256 2740 3310 in
2778 3265 3097 3326 conspectu,
3134 3257 3329 3326 inquit,
3361 3259 3599 3314 Domini.

2034 3347 2129 3402 Est
2161 3347 2413 3401 fortassis
2457 3347 2508 3399 in
2541 3353 2830 3414 conspectu
2881 3344 3091 3399 Domini
3140 3343 3337 3398 oll'erre
3383 3347 3597 3399 sacriﬁ-

2031 3440 2200 3502 cium,
2247 3447 2302 3493 et
2355 3453 2463 3492 non
2499 3435 2695 3491 oll‘erre
2729 3437 2780 3491 iu
2832 3447 3124 3506 conspectu
3177 3437 3415 3493 Domini.
3467 3437 3601 3503 Quis

2023 3547 2161 3604 ergo
2192 3541 2277 3589 est
2310 3532 2402 3601 qui
2431 3529 2590 3586 oﬂ‘ert
2621 3531 2732 3602 (19)
2776 3530 2827 3583 in
2875 3538 3167 3598 conspectu
3206 3529 3452 3583 Domini?
3484 3529 3596 3595 Ille,

2030 3633 2090 3677 ut
2111 3624 2324 3693 opinor,
2351 3623 2441 3694 qui
2479 3639 2582 3677 non
2614 3622 2747 3676 exiit
2779 3636 2808 3675 a
2841 3630 3133 3689 conspectu
3183 3620 3416 3686 Domini,
3455 3621 3600 3676 sicut

2027 3715 2160 3770 Cain
2191 3716 2258 3780 π,
2291 3725 2343 3770 et
2388 3714 2612 3768 effectus
2640 3723 2725 3768 est
2773 3713 2968 3766 timens
2997 3721 3052 3766 et
3093 3721 3350 3766 tremens.
3387 3712 3444 3766 Si
3477 3713 3599 3781 quis

2026 3823 2157 3877 ergo
2203 3816 2284 3861 est
2327 3808 2418 3876 qui
2469 3807 2632 3860 habet
2668 3805 2920 3858 ﬁduciam
2971 3813 3148 3858 astare
3197 3805 3249 3858 in
3300 3814 3594 3874 conspectu

2021 3896 2278 3960 Domini,
2326 3906 2381 3950 et
2433 3911 2536 3950 non
2583 3892 2717 3964 fugit
2747 3909 2776 3948 a
2813 3891 2952 3947 facie
2995 3894 3133 3962 ejus,
3172 3906 3271 3947 nec
3315 3903 3593 3963 aspectum

2024 3987 2141 4055 ejus
2183 3986 2388 4056 peccati
2423 3982 2756 4041 conscientia
2787 3982 3046 4044 declinat,
3080 3983 3181 4036 iste
3211 3984 3266 4036 itt
3300 3993 3594 4053 conspectu

2027 4078 2239 4133 Domini
2272 4075 2427 4132 oll‘ert
2456 4075 2806 4132 sacriﬁcium.
2849 4073 3000 4128 Hanc
3039 4088 3168 4144 ergo
3201 4074 3430 4128 hostiam
3475 4091 3596 4145 qua:

2019 4165 2251 4222 offertur
2279 4181 2379 4234 pro
2408 4166 2676 4237 peccatis,
2707 4164 2838 4218 dicit
2863 4178 2983 4220 esse
3011 4163 3209 4218 Sancta
3255 4175 3590 4219 sanctorum.

2028 4259 2204 4329 Majus
2254 4259 2458 4328 aliquid
2491 4260 2692 4313 audere
2737 4256 2850 4311 vult
2892 4271 3092 4322 sermo,
3123 4257 3168 4311 si
3203 4266 3380 4310 tamen
3424 4266 3477 4309 ct
3504 4271 3594 4311 ve-

1952 4385 1996 4440 ι)
2027 4361 2140 4408 ster
2188 4361 2451 4420 sequatur
2507 4351 2743 4404 auditus.
2790 4348 2922 4415 Qua:
2969 4356 3053 4402 est
3102 4348 3278 4402 hostia
3327 4360 3444 4415 qua:
3495 4361 3594 4415 pro

2025 4447 2268 4516 peccatis
2318 4442 2568 4506 offertur,
2610 4451 2664 4496 et
2715 4452 2799 4496 est
2835 4440 3035 4495 Sancta
3090 4451 3434 4503 sanctorum,
3486 4439 3590 4492 nisi

2028 4537 2341 4606 unigettitus
2375 4534 2543 4588 Filius
2583 4533 2675 4588 Dei
2699 4572 2714 4597 ,
2760 4532 3016 4587 Dominus
3068 4546 3217 4586 meus
3247 4529 3404 4585 Jesus
3435 4529 3594 4584 Chri-

2025 4628 2180 4684 stns?
2210 4628 2326 4696 Ipse
2357 4626 2503 4682 solus
2531 4636 2613 4680 est
2650 4625 2825 4680 hostia
2868 4638 2967 4693 pro
2992 4623 3246 4693 peccatis,
3279 4631 3335 4676 et
3365 4622 3477 4692 ipse
3509 4629 3591 4676 est

2029 4720 2205 4775 hostia
2239 4717 2439 4772 Sancta
2475 4726 2812 4772 sanctorum.
2869 4714 2974 4768 Sed
3008 4714 3150 4782 quod
3199 4713 3390 4768 addit:
3432 4731 3450 4765 ι
3481 4711 3591 4768 Sa—

2029 4810 2241 4879 cerdos,
2274 4809 2466 4879 inquit,
2494 4808 2584 4878 qui
2619 4805 2776 4862 oll‘ert
2806 4805 2961 4871 illud,
2985 4808 3110 4859 edet
3145 4804 3294 4870 illud,
3324 4823 3344 4858 ι
3379 4804 3592 4860 videtur

423 4949 469 4982 "
488 4949 683 5005 Genes.
713 4964 803 5009 xv.
827 4947 884 5002 5.
946 4948 989 4980 ’ί
1015 4945 1203 5000 Matth.
1234 4958 1287 5006 v,
1318 4942 1405 4997 14,
1467 4939 1743 5009 “Jerem.
1769 4954 1931 5009 χχιιι,

2036 4977 2071 5009 ._
2124 4935 2171 4967 ’³
2204 4933 2243 4989 11
2265 4933 2390 4990 Cor.
2419 4947 2500 4998 v1,
2531 4931 2618 4988 16.
2695 4930 2742 4964 ⁸⁸
2765 4929 2897 4986 ibid.
2924 4929 3012 4986 18.
3086 4929 3130 4961 ’⁸
3157 4923 3300 4983 Psal.
3329 4943 3504 4995 um,
3533 4926 3588 4983 6.

354 5021 398 5054 "
424 5021 552 5090 Sap.
582 5036 622 5084 ι,
647 5020 701 5074 7.
774 5005 817 5051 "7
843 5017 1039 5073 Matth.
1065 5005 1351 5080 xxvm,20.
1425 5011 1471 5043 ’⁸
1508 5008 1644 5065 Joel.
1673 5025 1747 5076 tt,
1781 5008 1874 5064 28.
1950 5007 1994 5040 ”
2026 5005 2229 5063 'Genes.
2272 5019 2345 5059 tv.

424 5140 536 5211 (15)
571 5139 712 5194 Idem
748 5154 876 5204 ms.,
912 5149 932 5188 ι
957 5146 1150 5192 totum.
1186 5153 1205 5188 ι

424 5232 534 5304 (14)
574 5230 713 5304 ldetu
746 5247 870 5294 ms.,
893 5249 911 5281 ι
945 5230 1152 5304 deceat.
1178 5247 1197 5280 ι
1223 5225 1378 5304 Libb.
1404 5225 1558 5304 editi,
1592 5242 1610 5275 t
1643 5222 1908 5304 debeat._t

357 5292 662 5370 Pa'ttlo'post
691 5303 830 5354 idem
860 5292 997 5362 ms.,
1034 5317 1052 5350 ί
1092 5299 1331 5353 invenies
1379 5310 1472 5350 eas
1502 5296 1662 5349 intra.
1695 5311 1715 5346 ι
1755 5292 1912 5348 Libb.

357 5375 506 5436 editi,
541 5392 559 5423 (
591 5373 834 5426 invenias
863 5372 1020 5423 intra.
1059 5389 1078 5422 ι

423 5465 532 5534 (15)
572 5463 716 5517 Idem
745 5478 872 5528 ms.,
903 5481 920 5512 ι
959 5461 1010 5516 in
1041 5474 1227 5530 parvo.
1266 5477 1286 5511 ι

423 5554 530 5624 (16)
561 5553 708 5608 Idem
743 5569 872 5619 ms.,
907 5571 926 5604 ι
950 5553 1202 5626 repleo._t
1228 5550 1604 5626 Libb.edit_i,_t
1632 5546 1862 5626 impleo._
1885 5563 1904 5597 ι

353 5615 518 5681 Paulo
571 5625 712 5681 infra
749 5615 877 5691 ms.,
908 5641 928 5676 ‹
960 5615 1098 5680 inter
1154 5623 1299 5694 ipsos
1349 5619 1657 5678 antbulabo.
1690 5635 1708 5669 ι
1748 5615 1904 5672 Libb.

2029 5127 2186 5192 editi,
2228 5146 2247 5180 (
2280 5127 2332 5181 in
2370 5125 2502 5196 ipsis
2528 5122 2836 5180 atnbulabo.
2868 5141 2888 5175 ι

2096 5220 2207 5341 (117)
2246 5218 2388 5273 Idem
2445 5233 2570 5284 ms.,
2613 5235 2632 5269 t
2669 5217 2838 5272 addit.
2889 5231 2908 5267 ι
2961 5213 3116 5270 Libb.
3156 5212 3307 5278 editi,
3352 5230 3373 5265 t
3409 5211 3589 5270 adhuc

2023 5303 2108 5342 aut
2131 5306 2169 5344 t.
2202 5309 2222 5341 ι

2020 5449 2054 5504 Γ
2096 5380 2206 5452 (18)
2247 5379 2370 5445 Ms.,
2418 5398 2437 5431 ι
2467 5377 2845 5448 ερίιίιιιιιΙεε.»
2896 5376 3053 5431 Libb.
3097 5373 3259 5443 editi,
3307 5390 3326 5425 ι
3363 5372 3586 5442 spirita-

2043 5462 2163 5504 tter.
2190 5469 2209 5502 ι

2043 5462 2163 5505 lter.
2190 5469 2209 5502 ι

2091 5539 2202 5609 (19)
2242 5538 2366 5602 Ms.,
2401 5557 2421 5590 (
2446 5538 2659 5607 offeret,
2684 5557 2704 5592 ι
2733 5547 2788 5596 et
2825 5535 2987 5608 paulo
3018 5543 3161 5606 post,
3187 5550 3206 5586 ι
3232 5530 3342 5599 illc,
3367 5529 3583 5600 opinor,

2019 5613 2112 5681 qui
2145 5625 2251 5665 non
2289 5611 2419 5666 exit.
2442 5628 2462 5661 ι
