4024 6146
477 163 537 217 z'iI
1893 153 2210 211 ORIGENIS

3571 159 3676 214 432

439 281 652 336 diﬁicile
689 295 810 336 esse
855 280 922 334 ad
958 279 1294 333 intellectum
1339 277 1474 349 (20).
1520 276 1655 331 Illud
1689 277 1833 331 enim
1865 250 2011 343 quod
2039 279 2086 334 Α
2114 289 2236 328 ειιιιι
2261 275 2281 307 θ
2319 291 2333 328 :
2373 293 2392 326 ‹
2423 273 2596 331 Locus
2649 276 2791 331 enim
2843 277 2896 332 in
2946 293 3055 346 quo
3109 285 3252 342 stas,
3292 286 3435 332 terra
3487 288 3674 333 sancta

439 377 710 430 edendum
744 373 898 434 dicit,
929 372 994 425 ad
1029 379 1308 440 peccatum
1345 368 1540 424 referri
1587 369 1797 423 videtur
1827 388 1838 421 :
1871 367 2013 421 sicut

439 478 497 521 et
552 466 680 520 alibi
738 464 871 517 dicit
934 463 999 514 de
1069 461 1453 515 sacerdotibus
1508 458 1840 528 propheta‘,
1887 457 2012 526 quia

447 577 468 611 ι
497 565 715 628 peccata
755 554 938 624 populi
983 554 1088 606 mei
1141 551 1567 606 manducabunt.
1597 569 1615 602 ι
1650 549 1802 606 Unde
1837 560 1892 605 et
1925 549 2013 606 hic

441 649 682 706 ostendit
743 646 1086 701 sacerdotem
1161 653 1446 712 peccatum
1499 641 1777 697 oﬁ‘erentis
1832 658 2014 700 come-

442 740 570 793 dere
607 737 830 791 debere.
861 735 1015 804 Saipe
1051 734 1388 788 ostendimus
1417 749 1486 788 ex
1529 735 1728 789 divinis
1763 734 2012 803 Scriptu-

443 832 542 893 ris,
571 829 850 885 Christum
907 843 1028 882 esse
1068 836 1124 882 et
1177 827 1410 882 hostiam
1461 843 1584 896 quae
1634 843 1732 895 pro
1789 837 2012 897 peccato

443 924 630 979 mundi
674 921 920 985 oﬁ‘ertur,
953 930 1005 976 et
1033 919 1376 975 sacerdotem
1407 921 1497 990 qui
1532 919 1722 974 oﬁerat
1755 920 2008 974 hostiam.

443 1014 598 1081 Quod
641 1029 748 1068 uno
801 1014 968 1068 Verbo
1018 1011 1310 1081 Apostolus
1353 1012 1650 1081 explicavit
1694 1010 1842 1083 (21),
1888 1026 2010 1066 cum

445 1107 658 1163 dicit':
692 1126 710 1158 ι
745 1107 848 1174 Qui
896 1108 1134 1176 seipsum
1171 1106 1370 1161 obtulit
1406 1109 1531 1160 Deo.
1557 1126 1576 1158 ι
1614 1106 1712 1161 Hic
1755 1122 1882 1175 ergo
1928 1117 2013 1162 est

447 1199 722 1263 sacerdos,
749 1199 838 1268 qui
877 1207 1098 1267 peccata
1150 1199 1331 1268 pepuli
1361 1199 1595 1253 comedit
1638 1207 1693 1252 et
1721 1200 2009 1266 consumit,

446 1291 514 1344 de
536 1306 642 1356 quo
673 1291 872 1343 dictum
907 1298 987 1342 est
1014 1287 1034 1318 ³
1061 1305 1074 1341 :
1111 1306 1130 1338 ι
1163 1287 1240 1341 'I‘u
1275 1303 1334 1342 es
1366 1292 1620 1344 sacerdos
1667 1291 1722 1343 in
1752 1299 2010 1345 aeternum

448 1382 741 1436 secundum
785 1380 1030 1435 ordinem
1080 1378 1500 1448 Melchisedech.
1527 1399 1545 1432 ι
1581 1381 1837 1436 Salvator
1883 1397 2011 1451 ergo

448 1482 506 1528 et
550 1473 810 1528 Dominus
856 1487 1006 1526 meus
1049 1482 1271 1540 peccata
1329 1473 1505 1540 populi
1552 1473 1684 1527 edit.
1729 1474 2010 1541 Quomodo

447 1566 559 1620 edit
613 1572 838 1633 peccata
899 1561 1122 1631 populi?
1169 1551 1294 1616 audi
1351 1562 1481 1631 quid
1540 1562 1805 1632 scriptum
1865 1574 2008 1620 est:

453 1674 474 1708 ‹
515 1656 684 1719 Deus,
731 1653 977 1723 inquit‘,
1024 1663 1228 1718 noster,
1269 1653 1407 1723 ignis
1469 1669 1796 1710 consumens
1844 1665 1951 1711 est.
1984 1677 2004 1710 ι

449 1748 588 1816 Quid
611 1745 879 1801 consumit
911 1745 1052 1799 Deus
1079 1745 1253 1812 ignis?
1283 1743 1530 1815 Nunquid
1561 1755 1670 1801 tam
1702 1748 1868 1818 inepti
1898 1749 2010 1820 (22)

451 1839 675 1903 erimus,
705 1845 763 1891 ut
805 1845 1056 1906 putemus
1080 1835 1221 1905 quod
1259 1836 1400 1890 Deus
1446 1837 1586 1904 ignis
1635 1838 1778 1912 ligna
1819 1855 2015 1895 consu-

451 1939 587 1994 mat,
616 1939 710 1984 aut
737 1928 1014 1998 stipulam,
1061 1936 1156 1982 aut
1195 1927 1412 1983 fenum?
1440 1929 1544 1985 Sed
1571 1931 1843 1986 consumit
1873 1933 2014 1987 Deus

455 2024 596 2094 ignis
631 2023 862 2076 Immana
913 2030 1154 2091 peccata,
1204 2021 1294 2075 illa
1343 2024 1598 2088 absumit,
1643 2025 1734 2079 illa
1770 2026 2011 2090 devorat,

451 2115 543 2170 illa
590 2122 817 2185 purgat,
851 2112 1146 2168 secundum
1192 2115 1334 2183 quod
1376 2123 1429 2170 et
1475 2116 1600 2170 alibi
1632 2117 1765 2171 dicit
1793 2119 1856 2172 ἐ
1900 2137 1918 2170 ‹
1950 2118 2015 2173 Et

448 2208 690 2278 purgabo
717 2216 770 2261 te
803 2205 912 2276 igni
969 2207 1035 2258 ad
1074 2220 1290 2274 purum.
1319 2224 1338 2258 ι
1389 2206 1502 2261 Ηοε
1555 2216 1638 2262 εει
1685 2210 2015 2265 manducare

456 2309 734 2369 peceatum
769 2297 886 2367 ejus
925 2298 1016 2367 qui
1053 2297 1212 2352 oﬁ'ert
1248 2297 1576 2353 sacriﬁcium
1621 2313 1718 2366 pro
1763 2307 2011 2368 peccato.

450 2389 566 2460 Ipse
601 2391 743 2445 enim
779 2400 999 2460 peccata
1032 2400 1217 2446 nostra
1253 2391 1510 2459 suscepit,
1539 2399 1594 2445 et
1631 2391 1686 2445 in
1716 2392 2013 2462 semetipso

447 2503 511 2543 ea
543 2495 800 2556 tanquam
841 2485 980 2555 ignis
1015 2485 1251 2540 comedit
1289 2497 1343 2540 et
1371 2485 1631 2540 absumit.
1661 2486 1754 2541 Sic
1783 2486 2015 2555 denique

448 2577 762 2632 econtrario
801 2590 894 2630 eos
940 2577 1031 2645 qui
1082 2585 1404 2646 permanent
1450 2576 1502 2631 in
1553 2576 1822 2647 peccatis,
1869 2591 2016 2631 mors

444 2668 652 2724 dicitur
693 2667 1020 2739 deglutisse,
1067 2669 1209 2723 sicut
1259 2669 1526 2738 scriptum
1580 2677 1666 2723 est
1709 2682 1724 2722 :
1762 2685 1781 2718 ι
1817 2667 2014 2736 Deglu-

449 2760 548 2812 tiet
582 2758 694 2830 (25)
729 2773 876 2812 mors
907 2758 1220 2828 praevalens.
1254 2778 1272 2809 ι
1307 2759 1419 2814 Hoc
1449 2768 1580 2829 puto
1625 2774 1747 2814 esse
1784 2760 1927 2828 quod
1961 2759 2013 2812 in

449 2851 739 2921 Evangelio
765 2850 1016 2905 Salvator
1046 2852 1259 2906 dicebat
1283 2852 1343 2906 °:
1378 2869 1396 2902 ‹
1425 2851 1606 2920 Ignem
1641 2851 1763 2905 veni
1798 2851 2016 2905 mittere

2115 375 2218 424 est.
2261 386 2281 419 ι
2320 363 2582 421 Similiter
2608 383 2735 438 ergo
2777 379 2831 423 et
2869 371 2922 424 in
2957 370 3196 424 Ecclesia
3232 371 3322 423 Dei
3357 370 3509 424 locus
3553 386 3677 424 san-

2115 464 2235 512 ctus
2266 467 2380 522 est,
2430 457 2564 511 ﬁdes
2599 457 2836 527 perfecta
2860 500 2875 524 ,
2918 459 3162 513 charitas
3204 460 3270 512 de
3317 459 3485 513 corde
3518 475 3672 528 puro,

2113 557 2168 604 et
2198 548 2530 603 conscientia
2559 549 2721 603 bona.
2759 548 2860 614 Qui
2895 552 2946 603 in
2983 551 3065 604 his
3099 560 3206 604 stat
3241 551 3292 602 in
3329 550 3588 615 Ecclesia,
3621 554 3673 605 in

2113 644 2233 698 loco
2266 651 2454 697 sancto
2479 653 2625 698 stare
2649 657 2709 696 se
2745 653 3022 713 agnoscat.
3052 643 3234 714 Neque
3265 645 3408 697 enim
3446 645 3498 698 in
3530 654 3674 697 terra

2115 733 2441 804 quaarendus
2477 743 2559 789 est
2591 735 2742 791 locus
2772 746 3015 799 sanctus,
3050 737 3102 789 in
3147 752 3310 804 quam
3354 735 3519 790 semel
3549 739 3674 790 data

2114 827 2382 880 sententia
2433 835 2516 880 est
2562 843 2590 880 a
2637 828 2746 883 Deo
2793 828 3110 882 dicente“:
3151 849 3168 878 ι
3199 827 3483 882 Maledicta
3532 837 3674 882 terra

2113 918 2168 972 in
2203 917 2456 986 cperibus
2491 918 2594 972 tuis
2626 915 2760 992 (25).
2790 938 2809 971 ι
2854 919 3012 974 Fides
3039 934 3170 989 ergo
3220 921 3431 990 integra
3461 928 3516 975 et
3557 935 3678 974 san-

2115 1020 2201 1067 cta
2234 1013 2596 1076 conversatio,
2640 1011 2790 1066 locus
2829 1023 2912 1066 est
2951 1023 3190 1068 sanctus.
3241 1012 3296 1066 In
3351 1014 3454 1067 hoc
3496 1015 3676 1083 itaque

2116 1105 2235 1159 loco
2305 1104 2514 1173 positus
2569 1105 2825 1158 sacerdos
2881 1104 3168 1168 Ecclesiae,
3217 1104 3400 1174 populi
3457 1115 3673 1174 peccata

2115 1203 2433 1259 consumat,
2477 1203 2538 1248 ut
2573 1193 2802 1248 hostiam
2845 1193 3102 1264 jngulans
3147 1197 3296 1250 verbi
3337 1196 3450 1260 Dei,
3489 1207 3544 1249 et
3576 1199 3674 1253 do-

2113 1289 2305 1342 ctrinae
2336 1302 2480 1342 sanae
2507 1287 2759 1340 victimas
2800 1285 3053 1350 oﬂ‘erens,
3077 1288 3241 1358 208
3281 1301 3472 1357 purget
3499 1306 3527 1344 a
3559 1306 3678 1360 pec-

2115 1380 2253 1434 catis
2295 1380 2658 1434 conscientias
2691 1379 3022 1433 anditorum.
3080 1380 3213 1434 Edet
3257 1381 3368 1450 (26)
3405 1398 3535 1451 ergo
3584 1398 3673 1437 sa-

2115 1471 2306 1526 cerdos
2337 1485 2530 1526 carnes
2561 1470 2814 1525 sacriﬁcii
2856 1471 2909 1524 in
2956 1472 3093 1526 atrio
3147 1471 3479 1528 tabernaculi
3526 1475 3676 1529 testi-

2118 1563 2320 1627 monii,
2365 1577 2486 1617 cum
2539 1559 2837 1630 intelligere
2884 1563 3121 1630 potuerit
3165 1579 3286 1633 quae
3335 1566 3407 1619 sit
3441 1567 3576 1620 ratio
3622 1568 3674 1620 in

2114 1655 2218 1721 his,
2258 1670 2442 1724 quaeve
2491 1655 2782 1725 mysteria,
2825 1669 2944 1723 quae
2991 1657 3375 1711 describuntur
3414 1660 3480 1711 de
3526 1659 3676 1714 atriis

2115 1749 2446 1805 tabernaculi
2481 1749 2796 1805 testimonii.
2830 1749 2910 1802 Ad
2950 1749 3065 1803 hinc
3102 1752 3249 1802 enim
3282 1750 3418 1803 atria
3464 1762 3673 1805 secreta

2114 1849 2169 1894 et
2216 1841 2489 1896 recondita
2529 1842 2708 1896 nullus
2737 1841 2976 1903 accedit,
3025 1841 3152 1894 nulli
3198 1844 3312 1896 haec
3353 1842 3454 1896 nisi
3490 1858 3674 1898 sacer-

2116 1933 2330 1988 dotibus
2364 1943 2616 2002 pateant:
2645 1934 2690 1987 si
2729 1941 2908 1987 tamen
2945 1941 3197 2000 pateant,
3240 1935 3283 1988 si
3313 1935 3536 1990 scientia
3579 1952 3676 1991 sua

2117 2033 2172 2079 et
2213 2024 2486 2080 intellectu
2524 2025 2750 2096 mystico
2785 2024 3060 2091 potuerint
3099 2040 3284 2080 eorum
3331 2036 3542 2080 secreta
3577 2043 3674 2096 pe-

2119 2127 2351 2171 netrare.
2377 2116 2502 2171 Scio
2525 2128 2703 2170 autem
2726 2131 2847 2171 esse
2873 2126 2926 2170 et
2953 2117 3055 2170 alia
3079 2117 3323 2186 quaedam
3351 2120 3399 2171 in
3428 2119 3675 2174 Ecclesia

2116 2211 2371 2281 dogmata
2417 2213 2734 2278 secretiora,
2763 2228 2881 2282 qua:
2920 2213 3070 2266 adire
3109 2227 3209 2267 nec
3255 2212 3384 2282 ipsis
3417 2214 3671 2268 sacerdo-

2120 2300 2261 2356 tibus
2288 2302 2465 2356 liceat.
2490 2301 2584 2356 Illa
2607 2303 2748 2367 dico,
2777 2304 2863 2357 ubi
2893 2319 3017 2357 arca
3047 2303 3374 2367 reconditur,
3400 2305 3487 2358 ubi
3513 2321 3671 2368 urna,

2117 2393 2209 2449 ubi
2264 2409 2458 2447 manna
2509 2403 2564 2448 et
2611 2395 2806 2449 tabula:
2862 2397 3186 2451 testamenti.
3251 2395 3376 2451 Illuc
3439 2412 3508 2451 ne
3544 2397 3673 2466 ipsis

2119 2486 2335 2554 quidem
2375 2487 2746 2542 sacerdotibus
2789 2488 2950 2542 datur
2984 2503 3262 2552 accessus,
3301 2490 3390 2542 sed
3424 2490 3514 2543 uni
3557 2499 3675 2542 tan-

2118 2581 2230 2626 tum
2278 2574 2556 2642 pontiﬁci,
2599 2585 2661 2652 et
2701 2576 2824 2629 huic
2865 2578 3030 2631 semel
3079 2579 3133 2632 in
3176 2593 3316 2631 anno
3358 2579 3521 2633 certis
3555 2580 3677 2648 qui-

2117 2662 2328 2732 busque
2353 2674 2408 2718 et
2436 2666 2680 2735 mysticis
2704 2668 3166 2735 purilicationihus
3188 2670 3510 2723 conceditur
3533 2670 3674 2723 istud

2120 2755 2327 2808 intrare
2358 2765 2648 2812 secretmn.
2688 2756 2826 2811 Sunt
2864 2769 2920 2814 et
2961 2759 3061 2813 alia
3093 2759 3349 2814 Ecclesiae
3395 2761 3670 2828 dogmata,

2118 2845 2188 2899 ad
2239 2861 2359 2913 quae
2403 2858 2630 2916 possunt
2675 2851 2956 2917 pervenire
2995 2852 3156 2904 etiam
3196 2849 3415 2915 Levitm,
3459 2852 3552 2904 sed
3595 2852 3678 2904 in-

451 2944 507 3000 in
549 2952 772 3026 terram,
814 2953 869 2998 et
914 2957 1076 3012 quam
1124 2943 1246 2998 volo
1289 2951 1349 2996 ut
1395 2942 1746 2997 accendatur.
1773 2959 1791 2992 ι
1840 2942 2014 3010 Atque
2041 2953 2090 3018 ε
2120 2937 2317 2992 feriora
2351 2948 2478 2993 sunt
2508 2940 2575 2993 ab
2625 2940 2710 2994 his
2759 2955 2878 3007 qua:
2923 2941 3300 2995 saeerdmihus
3346 2941 3496 2994 adire
3543 2955 3675 2994 con-

452 3035 661 3088 utinam
710 3042 765 3089 et
814 3050 934 3090 mea
981 3046 1124 3091 terra
1177 3035 1512 3090 accendatur
1553 3033 1664 3103 igni
1715 3032 1919 3097 divino,
1956 3041 2017 3086 ut

453 3124 593 3179 ultra
628 3139 733 3178 non
781 3123 971 3178 aﬁ‘erat
1008 3125 1271 3194 spinaset
1303 3123 1550 3177 tribulos.
1600 3121 1692 3176 Sic
1718 3121 2019 3191 intelligere

453 3214 618 3268 debes
655 3223 708 3268 et
742 3213 897 3278 illud,
938 3214 1085 3281 quod
1129 3213 1394 3280 scriptum
1449 3211 1574 3266 est"
1620 3229 1633 3266 :
1679 3229 1696 3262 ι
1740 3211 1880 3280 Ignis
1922 3227 2016 3266 ac-

452 3319 652 3359 census
695 3312 781 3358 est
828 3305 894 3358 ab
939 3305 1018 3357 ira
1061 3319 1201 3366 mea,
1229 3304 1486 3357 comedet
1526 3314 1724 3357 terram
1764 3311 1819 3357 et
1856 3317 2018 3372 gene-

451 3418 691 3474 rationes
723 3419 860 3488 ejus.
883 3435 903 3470 ι
961 3415 1103 3470 Dicit
1152 3430 1282 3484 ergo
1324 3414 1413 3469 lex
1445 3415 1466 3446 ⁸
1497 3429 1512 3467 :
1548 3433 1567 3466 ι
1599 3413 1869 3469 Sacerdos
1922 3415 2016 3485 qui

449 3510 735 3572 obtulerit,
761 3510 886 3564 edet
930 3509 1056 3562 illud
1088 3508 1139 3560 in
1171 3507 1290 3562 loco
1323 3515 1534 3574 sancto,
1581 3508 1634 3561 in
1664 3506 1805 3562 atrio
1845 3505 2020 3560 taber-

451 3602 628 3656 naculi
667 3601 978 3656 testimonii.
1011 3619 1029 3652 ι
1083 3600 1432 3669 Consequens
1477 3599 1620 3652 enim
1667 3607 1789 3665 est,
1833 3605 1890 3651 ut
1927 3612 2014 3651 sc-

449 3696 686 3749 cundum
728 3695 1017 3764 imaginem
1053 3694 1171 3763 ejus
1212 3693 1305 3762 qui
1346 3691 1710 3745 sacerdotium
1762 3688 2017 3744 Ecclesia:

449 3789 619 3851 dedit,
659 3788 822 3842 etiam
859 3787 1094 3842 ministri
1139 3795 1195 3840 et
1241 3783 1555 3839 sacerdotes
1600 3780 1712 3853 (24)
1764 3781 2017 3836 Ecclesiae

451 3889 674 3953 peccata
719 3879 900 3950 populi
940 3878 1236 3947 accipiant,
1285 3883 1338 3930 et
1389 3873 1493 3943 ipsi
1541 3872 1816 3926 imitantes
1849 3871 2019 3940 magi-

450 3984 656 4037 strum,
698 3971 1074 4026 remissionem
1121 3977 1470 4039 peccatorum
1514 3964 1710 4035 populo
1758 3965 2016 4019 tribuant.

451 4062 661 4118 Debent
697 4077 824 4132 ergo
869 4070 923 4116 et
971 4062 1073 4130 ipsi
1130 4059 1389 4113 Ecclesia:
1435 4059 1744 4112 sacerdotes
1777 4057 1852 4111 ita
1896 4071 2019 4126 per-

449 4154 574 4209 fecti
617 4168 758 4216 esse,
795 4165 847 4207 et
892 4153 946 4207 in
975 4153 1165 4207 olliciis
1195 4166 1410 4219 semper
1440 4149 1870 4204 sacerdotalibus
1900 4165 2020 4204 eru-

448 4245 570 4312 diti,
608 4255 664 4299 ut
694 4254 913 4314 peccata
945 4244 1128 4312 populi
1169 4243 1223 4296 in
1263 4242 1379 4297 loco
1408 4250 1622 4307 saneto,
1669 4241 1723 4294 in
1755 4241 1911 4294 atriis
1941 4249 2016 4294 ta-

448 4339 727 4393 bernaculi
772 4337 1120 4402 testimonii,
1167 4337 1270 4406 ipsi
1333 4351 1440 4390 non
1492 4334 1765 4404 peccando
1813 4348 2011 4388 consu-

449 4437 621 4482 mant.
665 4427 804 4494 Quid
835 4436 1014 4480 autem
1043 4435 1127 4482 est
1171 4426 1224 4480 in
1275 4424 1396 4480 loco
1439 4437 1631 4480 saneto
1677 4425 2012 4478 manducare

449 4521 770 4591 peccatum?
818 4520 996 4576 Locus
1041 4529 1160 4575 erat
1199 4528 1453 4583 sanctus,
1500 4518 1553 4571 in
1603 4533 1765 4586 quem
1816 4531 2009 4588 perve-

449 4621 607 4668 nerat
676 4611 924 4683 Moyses,
977 4613 1274 4667 secundum
1335 4609 1478 4680 quod
1536 4608 1739 4664 dictum
1797 4617 1884 4664 est
1941 4609 2010 4664 ad

2119 3042 2331 3083 cessum
2359 3039 2461 3084 est.
2492 3030 2619 3084 Scio
2644 3039 2700 3085 et
2729 3031 2835 3086 alia
2868 3047 2986 3086 esse
3011 3033 3080 3087 ad
3107 3049 3226 3101 quae
3259 3041 3483 3102 possunt
3521 3049 3677 3086 acce-

2119 3119 2246 3174 dere
2282 3121 2446 3173 etiam
2490 3120 2582 3175 ﬁlii
2623 3120 2810 3189 Israel,
2858 3126 2960 3176 hoc
2997 3133 3109 3186 est,
3152 3123 3311 3188 laici;
3348 3139 3453 3178 non
3500 3134 3675 3177 tamen

2117 3208 2466 3280 alienigenae,
2519 3213 2621 3265 nisi
2673 3213 2894 3278 ascripti
2938 3214 3049 3281 jam
3100 3214 3300 3269 fuerint
3346 3216 3398 3268 in
3431 3215 3674 3270 Ecclesia

2117 3300 2362 3368 Domini,
2411 3321 2428 3353 ι
2458 3301 2748 3374 Egyptius
2795 3306 2940 3359 enim
2993 3307 3148 3366 tertia
3202 3308 3548 3376 generatione
3596 3308 3673 3360 in-

2118 3417 2281 3472 trabit
2333 3417 2453 3489 (27)
2500 3419 2551 3473 in
2594 3419 2888 3473 Ecclesium
2938 3419 3171 3475 θείη.»
3224 3420 3402 3474 Credo
3455 3428 3676 3490 propter

2121 3511 2278 3564 ﬁdem
2323 3510 2521 3577 Patris,
2553 3522 2607 3566 et
2635 3510 2778 3576 Filii,
2814 3521 2864 3564 et
2909 3511 3145 3579 Spiritus
3185 3513 3378 3574 sancti,
3411 3513 3461 3564 in
3511 3527 3672 3581 quam

2118 3605 2293 3658 credit
2341 3605 2517 3658 omnis
2554 3607 2644 3673 qui
2694 3605 2933 3659 sociatur
2969 3603 3221 3658 Ecclesire
3276 3604 3402 3665 Dei,
3454 3605 3674 3656 tertiam

2118 3698 2518 3768 generationem
2567 3697 2791 3767 mystice
2820 3697 3041 3750 dictam.
3091 3695 3466 3749 Verumtamen
3499 3694 3682 3748 scien-

2116 3792 2244 3845 dum
2289 3801 2406 3857 est,
2455 3791 2596 3860 quod
2647 3805 2713 3844 ex
2764 3790 2956 3844 hostiis
3009 3803 3128 3858 qua:
3181 3785 3505 3851 oﬁ‘eruntur,
3548 3786 3677 3841 licet

2117 3884 2479 3939 concedantur
2520 3881 2887 3936 sacerdotibus
2919 3881 2983 3933 ad
3029 3867 3316 3945 edendum,
3351 3893 3455 3932 non
3498 3887 3676 3932 tamen

2117 3973 2295 4026 omnia
2330 3971 2729 4037 conceduntur;
2777 3973 2868 4025 sed
2906 3987 3029 4040 pars
3074 3986 3142 4025 ex
3177 3971 3305 4040 ipsis
3345 3971 3522 4039 aliqua
3570 3971 3677 4025 Deo

2116 4067 2362 4132 offertur,
2405 4073 2458 4118 et
2509 4064 2698 4118 altaris
2752 4064 2964 4134 ignibus
3011 4064 3286 4120 traditur:
3331 4073 3389 4116 nt
3443 4063 3678 4119 sciamus

2117 4159 2280 4215 etiam
2315 4172 2410 4212 nos
2458 4159 2599 4225 quod
2630 4165 2684 4211 et
2731 4157 2776 4211 si
2817 4156 3130 4210 conceditur
3179 4156 3328 4209 nobis
3383 4155 3559 4224 aliqua
3611 4172 3674 4209 ex

2120 4249 2316 4303 divinis
2349 4246 2648 4317 Scripturis
2674 4245 3078 4316 apprehendere
3121 4255 3176 4299 et
3205 4261 3520 4314 agnoscere,
3551 4257 3676 4299 sunt

2121 4350 2297 4395 tamen
2329 4339 2508 4407 aliqua
2547 4355 2669 4408 qua:
2702 4339 2808 4392 Deo
2841 4339 3168 4392 reservanda
3202 4347 3365 4391 sunt:
3400 4353 3519 4406 quae
3555 4353 3676 4392 cmn

2117 4431 2525 4502 intelligentiam
2572 4441 2815 4486 nostram
2881 4439 3138 4500 superent
3187 4429 3332 4501 (28),
3383 4444 3681 4498 sensusque

2117 4541 2306 4581 eorum
2338 4539 2502 4593 supra
2540 4538 2636 4578 nos
2665 4523 2756 4588 sit,
2789 4537 2855 4576 ne
2893 4521 3032 4575 forte
3067 4520 3223 4575 aliter
3258 4537 3286 4574 a
3318 4522 3472 4575 nobis
3513 4537 3675 4590 quam

2115 4631 2174 4672 se
2208 4617 2370 4671 habet
2398 4615 2628 4679 veritas,
2668 4611 3034 4683 proferantur,
3069 4613 3261 4670 melius
3294 4614 3398 4683 igni
3436 4615 3537 4668 ista
3565 4629 3681 4668 ser-

521 4751 540 4783 ¹
577 4749 705 4806 Οεε.
734 4767 807 4819 Iv,
835 4751 890 4808 8.
967 4753 987 4782 ¹
1029 4749 1189 4803 Hebr.
1219 4764 1294 4813 IX,
1320 4748 1447 4819 II._
1483 4747 1504 4779 ³
1543 4747 1685 4802 Psal.
1713 4763 1824 4819 clx,
1861 4748 1916 4804 4.
1991 4749 2013 4783 ⁸

2116 4760 2212 4810 aut.
2252 4749 2445 4815 me}.
2519 4749 2541 4781 ⁵
2581 4748 2748 4812 Isa.l,
2779 4747 2870 4801 25.
2949 4749 2970 4780 ⁸
3011 4747 3142 4803 Luc.
3173 4763 3269 4815 xu,
3297 4747 3386 4803 49.
3462 4749 3484 4780 ⁷
3522 4749 3679 4806 Deut.

447 4836 623 4886 xxxn,
657 4821 746 4875 22.
794 4817 842 4853 ’³
880 4821 1055 4876 Levit.
1082 4835 1156 4884 vn,
1181 4819 1271 4874 26.
1346 4819 1368 4850 ⁹
1407 4817 1579 4902 Exod.
1606 4834 1701 4882 Ill,
1732 4818 1788 4875 5.

520 4961 634 5034 (‘20)
674 4960 794 5026 Ms.,
827 4980 846 5012 ι
873 4958 1254 5014 intellectum»
1284 4955 1440 5011 Libb.
1475 4955 1627 5020 editi,
1665 4973 1683 5007 ε
1707 4954 2008 5027 intelligen-

449 5034 597 5089 dmn.
625 5052 643 5084 ι

544 5104 635 5172 21)
676 5103 801 5168 Με.,
837 5121 856 5154 ‹
882 5101 1180 5172 εχριίεριιει

544 5105 635 5172 21)
676 5105 801 5168 Με.,
837 5121 856 5154 ‹
882 5105 1136 5169 explicat.
1162 5119 1180 5150 ι

519 5105 634 5244 (2⁸2)
676 5174 799 5235 Ms.,
825 5191 844 5223 ι
876 5173 1098 5244 inepti.»
1125 5168 1277 5244 Libb.
1297 5167 1446 5244 editi,
1476 5185 1493 5217 ι
1524 5165 1812 5244 imperiti.)
1844 5165 2012 5244 Paulo

448 5235 571 5310 post
607 5235 742 5297 idem
782 5259 904 5304 ms.,
941 5235 1232 5309 (stipulam
1260 5249 1352 5292 aut
1375 5237 1576 5292 fenum.
1617 5257 1634 5288 ι
1673 5235 1828 5289 Libb.
1848 5237 2004 5300 editi,

455 5329 477 5362 ι
502 5315 755 5380 stipulam
787 5323 877 5365 aut
899 5312 1166 5380 ferrum.»

522 5376 636 5454 (25)
677 5383 798 5454 Ms.,
831 5399 850 5432 ι
879 5379 1206 5454 deglutiet.)
1231 5379 1393 5454 Libb.
1422 5377 1623 5454 editi,_r
1650 5376 1948 5447 deglnlivit.
1985 5395 2003 5427 ι

521 5451 634 5523 (24)
677 5453 832 5506 Libb.
873 5452 1032 5515 editi,
1071 5451 1346 5523 «ministri
1392 5453 1509 5523 ejus
1553 5451 1695 5523 sint,
1736 5458 1792 5501 et
1828 5463 2011 5523 sacer-

450 5519 633 5587 dotes,
664 5543 682 5575 ι
740 5523 833 5580 sed
867 5523 922 5577 in
953 5522 1322 5591 mauuscripto
1369 5521 1558 5576 codice
1608 5521 1794 5586 deest,
1843 5537 1860 5570 ι
1892 5519 2010 5589 ejus

451 5606 582 5651 Sint.
609 5613 627 5646 ι

1883 4821 1928 4851 ¹⁰
1967 4819 2167 4882 Genes.
2202 4836 2286 4885 Ill,
2317 4821 2406 4875 I7.

2481 4819 2520 4850 ¹¹
2563 4819 2778 4874 Denter.
2809 4834 2964 4884 χχιιι,
2991 4819 3045 4874 8.

2191 4955 2473 5029 (9.5)_Ms_.,
2511 4973 2528 5006 ι
2558 4954 2814 5029 operibus
2853 4954 2978 5009 tuis.
3007 4972 3024 5005 ι
3080 4953 3236 5006 Libb.
3281 4953 3432 5017 editi,
3472 4973 3490 5006 ‹
3521 4969 3683 5022 θρέψε

2120 5025 2232 5082 tuo.
2260 5025 2476 5080 {Paulo
2507 5035 2626 5093 post
2669 5026 2809 5078 idem
2855 5040 2979 5086 ms.,
3017 5041 3035 5074 ι
3059 5035 3278 5092 peccata
3329 5036 3634 5078 consumat.
3658 5043 3677 5074 ι

2116 5099 2275 5154 Libb.
2301 5097 2453 5160 editi,
2485 5115 2503 5147 ι
2529 5106 2748 5164 peccata
2783 5095 3070 5148 consumit.
3099 5112 3116 5143 υ

2189 5189 2302 5263 (26)
2343 5187 2468 5254 Ms.,
2509 5205 2527 5237 ι
2549 5188 2691 5241 edet.
2716 5204 2734 5236 ι
2774 5184 2932 5240 Libb.
2956 5185 3110 5248 editi,
3150 5203 3168 5236 ε
3194 5185 3324 5241 edit.
3347 5205 3365 5239 ι

2186 5279 2298 5349 (27)
2342 5277 2473 5349 Μετ,
2534 5294 2553 5326 ‹
2583 5277 2841 5349 intravit.
2867 5274 3064 5349 LI:on
3111 5275 3259 5349 libb.
3292 5288 3450 5328 antea
3509 5275 3681 5349 editi,

2123 5370 2142 5402 ‹
2179 5345 2340 5404 credo
2383 5348 2539 5401 ﬁdem
2579 5346 2756 5400 Patris
2785 5357 2838 5399 et
2867 5345 3008 5407 Filii,
3039 5355 3093 5397 et
3123 5346 3355 5412 Spiritus
3385 5349 3581 5406 sancti,
3627 5347 3679 5399 in

2119 5437 2278 5490 quam
2311 5418 2535 5472 credunt
2563 5431 2748 5471 omnes
2770 5417 2863 5484 qui
2893 5418 3191 5478 sociantur,
3221 5434 3239 5465 ι
3278 5417 3370 5470 sed
3407 5432 3506 5470 ms.
3535 5425 3590 5468 nt
3619 5417 3669 5468 in

2120 5501 2308 5546 IIOSII‘O
2337 5498 2507 5543 textu.

2193 5580 2305 5652 (28)
2346 5579 2470 5647 Ms.,
2505 5597 2524 5629 σ
2549 5585 2821 5646 superent.
2853 5597 2870 5629 ι
2919 5576 3073 5632 Libb.
3116 5576 3264 5642 editi,
3303 5595 3322 5626 ι
3352 5585 3628 5642 superant.
3658 5593 3678 5630 ι
