4024 6146
348 200 449 258 455

1475 201 1542 257 ΙΝ
1578 199 1951 258 LEVITICUM
2003 200 2290 257 HOMILIA
2344 201 2408 257 V.

3475 210 3580 267 ἄεθἰῦ

349 336 533 377 vamus
560 319 697 390 (29).
726 321 792 375 Et
819 320 937 376 ideo
965 319 1124 376 etiam
1159 321 1212 375 in
1242 321 1346 376 hoc
1378 321 1518 387 loco,
1545 338 1664 392 quae
1694 323 1914 392 quidem
1944 325 1992 382 Α
2027 322 2266 384 renibus,
2304 331 2359 377 et
2405 321 2659 379 omnibus
2709 321 3058 378 interioribus
3105 322 3370 379 viscerum
3393 365 3410 391 ,
3456 335 3581 381 tunc

349 429 601 469 concessa
635 423 766 467 sunt
815 412 1126 467 hominibus
1161 413 1224 466 ad
1269 415 1559 479 edendum,
1607 423 1764 484 prout
1810 428 1910 482 po--

352 507 546 561 luimus
574 505 716 558 intra
755 504 1160 559 tabernaculum
1195 505 1407 559 Domini
1450 506 1904 576 consumpsimus;

348 599 391 654 si
418 613 521 667 qua
549 613 676 653 vero
707 609 1020 668 supersunt,
1053 606 1109 652 et
1141 598 1226 650 vel
1259 613 1353 652 vos
1389 597 1440 650 in
1488 598 1778 660 audiendo,
1826 599 1909 652 vel

349 705 445 745 nos
494 698 755 757 superant
803 689 854 742 in
911 689 1162 750 dicendo,
1209 702 1489 742 servemus
1539 689 1647 758 igni
1699 688 1906 752 altaris,

357 791 612 851 tanquam
644 795 762 835 eam
793 791 1155 850 partem,quae
1187 796 1284 850 pro
1314 788 1536 850 peccato
1561 796 1723 852 super
1741 782 1909 836 altare

345 870 558 927 Domini
591 869 812 938 jubetur
838 869 1048 923 olferri.

411 961 464 1015 4.
511 978 530 1011 ι
564 960 630 1013 Ει
670 961 784 1014 lucc
829 969 942 1024 est,
992 960 1164 1028 inquit
1194 961 1256 1024 ",
1305 960 1391 1015 lex
1431 961 1620 1014 arietis
1669 962 1758 1030 qui
1807 977 1909 1030 pro

345 1052 540 1107 delicto
569 1060 653 1104 est
681 1068 692 1102 :
725 1050 924 1104 Sancta
977 1060 1310 1104 sanctorum.
1357 1050 1410 1103 In
1448 1050 1566 1105 loco
1599 1052 1652 1104 in
1689 1067 1795 1120 quo
1823 1053 1910 1121 ju-

343 1141 526 1211 gulant
559 1139 670 1208 (50)
715 1139 1198 1202 ltolocattstomata,
1227 1139 1551 1208 jugulabunt
1589 1148 1644 1194 et
1684 1142 1906 1195 arietem

344 1229 431 1298 qui
471 1243 567 1296 pro
599 1228 798 1281 delicto
820 1237 904 1280 est
935 1237 1118 1280 contra
1156 1229 1464 1291 Dominum,
1493 1245 1512 1278 ›
1549 1238 1656 1282 etc.
1686 1228 1910 1282 Videtur

345 1316 564 1383 quidem
603 1315 653 1368 in
702 1315 998 1382 Scripturis
1043 1315 1240 1370 divinis
1271 1316 1582 1386 frequenter
1629 1331 1904 1387 peccatum

342 1422 439 1476 pro
487 1406 708 1470 delicto,
761 1415 816 1460 et
852 1406 1100 1460 delictum
1136 1423 1232 1476 pro
1277 1417 1496 1476 peccato
1541 1407 1908 1462 indill'erenter

341 1506 394 1552 et
420 1498 628 1566 absque
669 1497 848 1565 aliqua
887 1497 1235 1551 distinctione
1265 1499 1572 1552 nominari:
1608 1500 1661 1553 in
1695 1501 1797 1553 hoc
1830 1510 1909 1553 ta-

341 1605 461 1643 men
498 1589 618 1644 loco
660 1588 933 1642 invenitur
977 1588 1088 1658 (51)
1123 1604 1243 1643 esse
1271 1590 1578 1644 discretum.
1619 1590 1752 1643 Nam
1781 1605 1903 1646 cum

2013 430 2138 468 vere
2167 426 2424 486 purgatus
2450 416 2594 469 omni
2626 416 2758 470 vitio
2793 417 3033 472 libidinis
3055 417 3314 487 jugulasti
3349 419 3578 474 ltostiam

2010 516 2108 566 pro
2137 502 2353 567 delicto,
2391 513 2444 556 et
2474 503 2716 558 obtulisti
2758 507 3086 561 sacrilicium
3132 508 3238 561 Deo
3268 507 3318 560 in
3355 509 3578 564 odorem

2011 592 2313 645 suavitatis.
2354 612 2372 643 ‹
2400 592 2741 661 Sacerdotis,
2775 595 2948 664 inquit
2979 597 3044 663 ‘°,
3075 597 3164 666 qui
3198 596 3384 652 offeret
3411 609 3464 654 et
3496 615 3582 653 re-
3632 627 3637 632 -

2008 682 2323 748 propitiabit
2372 682 2500 735 illud
2547 683 2680 754 (5'2),
2716 685 2883 752 ipsius
2918 689 3042 740 erit.
3075 705 3092 738 ι
3147 689 3365 742 Discant
3397 705 3581 744 sacer-

2008 770 2164 824 dotes
2207 771 2440 836 Domini,
2468 773 2558 839 qui
2589 773 2849 830 Ecclesiis
2883 787 3141 844 praesunt,
3171 779 3294 846 quia
3337 795 3460 847 pars
3498 780 3581 834 eis

2009 861 2130 915 dat-a
2166 871 2250 916 est
2284 878 2408 915 cum
2441 862 2545 926 liis,
2585 878 2812 930 quorum
2845 867 3040 920 delicta
3074 869 3575 936 repropitiaverint.

2009 951 2146 1018 Quid
2194 961 2377 1007 autem
2410 965 2495 1008 est
2529 957 2890 1024 repropitiare
2934 957 3228 1012 delictum?
3266 957 3320 1012 Si
3372 975 3582 1015 assum-

2008 1044 2182 1113 pseris
2226 1055 2598 1113 peccatorem,
2661 1055 2716 1100 et
2767 1048 3070 1113 monendo,
3124 1049 3423 1113 hortando,
3483 1053 3582 1105 do-

2007 1137 2198 1199 cendo,
2233 1135 2570 1201 instruendo,
2594 1137 2886 1191 adduxeris
2915 1153 3034 1192 eum
3072 1139 3137 1193 ad
3171 1139 3572 1208 pmnitentiam,

2007 1223 2075 1276 ab
2107 1237 2294 1278 errore
2337 1227 2660 1288 correxeris,
2693 1241 2722 1278 a
2761 1227 2910 1280 vitiis
2938 1229 3336 1291 emendaveris,
3365 1240 3418 1283 et
3453 1229 3580 1284 ell‘e-

2006 1316 2149 1369 ceris
2179 1331 2300 1369 eum
2341 1317 2523 1381 talem,
2555 1327 2611 1370 ut
2638 1318 2686 1371 ei
2729 1333 2993 1374 converso
3024 1321 3286 1389 propitius
3315 1321 3404 1375 ﬁat
3438 1322 3578 1378 Deus

2007 1421 2102 1474 pro
2149 1405 2379 1469 delicto,
2438 1407 2824 1475 repropitiasse
2894 1410 3114 1464 diceris.
3165 1409 3220 1464 Si
3269 1426 3399 1481 ergo
3449 1413 3572 1466 talis

2009 1495 2175 1549 lueris
2234 1495 2516 1560 sacerdos,
2581 1505 2634 1550 et
2688 1496 2812 1551 talis
2869 1497 3034 1552 fuerit
3093 1500 3340 1554 doctrina
3389 1512 3479 1556 tua
3523 1511 3579 1556 et

2007 1600 2186 1640 sermo
2233 1595 2375 1650 tuus,
2413 1601 2538 1653 pars
2571 1586 2668 1641 tibi
2714 1587 2872 1642 datur
2904 1589 3014 1660 (55)
3051 1604 3236 1646 eorum
3281 1607 3418 1660 quos
3449 1608 3573 1649 cor-

339 1681 592 1749 superius
648 1680 702 1733 in
763 1679 943 1732 hostia
996 1695 1093 1748 pro
1149 1691 1377 1749 peccato
1435 1682 1596 1736 ritum
1648 1684 1901 1738 sacriﬁcii
1936 1668 1978 1722 Β
2009 1677 2242 1742 rexeris;
2289 1687 2346 1732 ut
2393 1679 2602 1732 illorum
2659 1681 2914 1734 meritum
2962 1691 3050 1735 tua
3111 1698 3317 1739 merces
3363 1686 3468 1750 sit.
3513 1694 3573 1741 et

341 1782 503 1840 atque
531 1770 781 1826 ordinem
813 1770 1143 1834 tradidisset,
1178 1786 1320 1826 nunc
1349 1772 1641 1838 separatim
1683 1773 1904 1826 mandat

341 1861 667 1917 sacriﬁcium
697 1876 794 1930 pro
837 1860 1066 1925 delicto;
1127 1870 1179 1916 et
1217 1864 1463 1932 quamvis
1497 1862 1682 1918 eodem
1714 1865 1904 1919 ordine

342 1963 502 2022 atque
549 1954 740 2009 eadem
807 1953 1154 2007 observantia
1213 1965 1407 2009 cuncta
1463 1955 1801 2022 mandentur,
1849 1963 1903 2009 et

341 2044 498 2097 addat
529 2043 582 2096 in
618 2044 924 2098 novissimis
949 2045 992 2074 ¹³
1019 2062 1032 2098 :
1069 2062 1088 2095 ε
1119 2045 1266 2098 Sicut
1295 2045 1348 2098 id
1379 2045 1521 2114 quod
1554 2060 1651 2114 pro
1681 2055 1902 2114 peccato

341 2145 437 2198 est,
466 2135 542 2188 ita
584 2145 638 2189 et
673 2136 725 2190 id
755 2135 896 2204 quod
928 2151 1025 2204 pro
1061 2135 1262 2190 delicto
1291 2145 1391 2198 est,
1427 2135 1512 2190 lex
1541 2151 1645 2189 una
1676 2136 1780 2190 erit
1816 2151 1902 2192 eo-

342 2241 482 2289 rum;
509 2243 527 2276 ›
572 2233 752 2278 tamen
793 2224 964 2277 voluit
1005 2227 1297 2278 ostendere
1346 2239 1464 2279 esse
1509 2225 1708 2294 aliquid
1753 2226 1901 2282 (ἥπε-

343 2317 524 2368 rentize
557 2315 608 2368 in
636 2315 741 2382 his,
770 2316 969 2384 quibus
1005 2315 1272 2370 sacriﬁcia
1308 2316 1479 2371 divisa
1509 2318 1804 2374 mandavit.
1840 2317 1897 2372 In

339 2421 440 2474 quo
485 2421 586 2476 ego
634 2417 764 2475 puto
815 2405 1068 2460 delictum
1112 2406 1328 2474 quidem
1377 2407 1728 2462 commissum
1778 2421 1900 2463 esse

339 2501 503 2555 levius
558 2501 852 2569 aliquanto,
886 2515 1045 2570 quam
1085 2509 1387 2568 peccatum.
1431 2499 1562 2555 Nam
1597 2503 1898 2558 invenimus

337 2595 400 2646 de
445 2603 670 2662 peccato
706 2591 832 2656 dici,
874 2591 1016 2660 quod
1049 2593 1119 2646 sit
1165 2602 1444 2660 peccatum
1477 2593 1543 2646 ad
1577 2604 1802 2648 mortem
1831 2593 1898 2648 “‘.

341 2685 409 2737 De
440 2685 642 2738 delicto
672 2700 778 2738 non
812 2683 1038 2753 legimus
1076 2684 1218 2752 quod
1251 2699 1371 2738 esse
1400 2685 1613 2740 dicatur
1642 2687 1709 2739 ad
1755 2701 1898 2740 mor-

336 2782 459 2827 tem.
489 2773 619 2826 Scio
656 2783 832 2826 tamen
873 2781 929 2826 et
978 2771 1125 2824 illam
1167 2771 1550 2841 dilferentiam,
1593 2790 1715 2844 quae
1757 2790 1895 2829 non-

333 2865 491 2919 nullis
522 2864 849 2932 sapientium
895 2866 1011 2918 visa
1041 2873 1148 2929 est,
1188 2866 1331 2933 quod
1381 2865 1633 2920 delictum
1683 2867 1895 2936 quidem

2005 1767 2168 1838 209
2211 1769 2425 1823 illorum
2486 1770 2633 1826 salus
2668 1782 2754 1824 tua
2805 1772 2994 1841 gloria.
3042 1773 3151 1829 Aut
3202 1791 3306 1830 non
3345 1787 3400 1831 et
3433 1778 3575 1848 Apo-

2013 1863 2184 1916 stolus
2206 1863 2320 1918 lucc
2347 1865 2602 1928 ostendit,
2630 1864 2717 1918 ubi
2751 1865 2879 1918 dicit
2910 1865 2973 1931 ’⁷,
2998 1867 3122 1935 quia
3155 1885 3174 1918 ι
3214 1869 3355 1936 quod
3390 1885 3576 1939 super-

2001 1955 2347 2009 mdiﬁcaverit
2419 1957 2539 2022 quis
2598 1957 2900 2009 mercedem
2967 1957 3236 2027 accipiet?
3290 1977 3309 2010 ι
3367 1959 3574 2016 Intelli-

2001 2054 2127 2112 gant
2150 2045 2314 2114 igitur
2345 2048 2660 2102 sacerdotes
2703 2049 2938 2112 Domini,
2983 2049 3071 2102 ubi
3103 2050 3181 2103 eis
3208 2051 3331 2104 data
3391 2053 3570 2121 portio

2001 2145 2106 2200 est,
2136 2146 2188 2190 et
2219 2137 2270 2190 in
2310 2138 2413 2192 hoc
2439 2148 2633 2192 vacent
2657 2147 2819 2207 atque
2873 2138 2957 2193 liis
3004 2153 3220 2210 operam
3267 2145 3414 2199 dent.
3452 2142 3569 2198 Non

2001 2243 2058 2283 se
2113 2230 2359 2284 inanibus
2406 2240 2460 2286 et
2506 2231 2794 2300 superﬂuis
2858 2231 3066 2287 actibus
3123 2233 3420 2303 implicent,
3473 2237 3567 2292 sed

2001 2318 2174 2372 sciant
2201 2335 2258 2374 se
2291 2322 2343 2374 in
2376 2321 2520 2375 nullo
2542 2321 2646 2375 alio
2674 2332 2879 2391 partem
2910 2322 3191 2377 habituros
3207 2325 3347 2392 apud
3370 2325 3564 2393 Deum,

2000 2409 2100 2462 nisi
2123 2409 2174 2462 in
2203 2425 2266 2463 eo
2294 2412 2436 2479 quod
2470 2409 2705 2466 oll‘erunt
2762 2410 2874 2481 (54)
2929 2426 3031 2480 pro
3075 2415 3348 2482 peccatis,
3381 2415 3432 2469 id
3463 2426 3566 2485 est,

1999 2501 2139 2568 quod
2175 2517 2204 2554 a
2231 2502 2312 2556 via
2337 2504 2538 2572 peccati
2577 2504 2942 2558 converterint
2972 2515 3302 2572 peccatores.
3351 2506 3563 2563 Notau-

1998 2592 2122 2646 dutn
2154 2593 2315 2646 etiam
2345 2593 2470 2648 illud
2499 2605 2605 2660 est,
2637 2595 2777 2663 quod
2809 2610 2927 2664 qua:
2975 2595 3274 2650 oﬁ'eruntur
3313 2599 3366 2652 in
3416 2599 3567 2654 bolo-

1999 2694 2262 2748 caustum,
2319 2685 2576 2740 interiora
2627 2697 2789 2760 sunt;
2823 2687 2966 2756 quod
2997 2701 3128 2740 vero
3163 2689 3407 2744 exterius
3459 2700 3565 2758 est,

1998 2772 2224 2828 Domino
2281 2789 2384 2828 non
2417 2773 2657 2830 offertur.
2693 2776 2854 2830 Pellis
2907 2775 3132 2830 Domino
3182 2794 3288 2832 non
3319 2778 3564 2848 oﬂ‘ertur,

1997 2880 2095 2920 nec
2116 2866 2257 2920 cedit
2287 2866 2339 2920 in
2372 2866 2847 2922 ltolocaustomata.
2882 2866 3029 2920 Talis
3076 2865 3188 2937 (55)
3235 2867 3338 2922 fuit
3369 2881 3424 2925 et
3473 2871 3566 2925 ille

329 2960 424 3022 sit,
467 2973 592 3012 cum
648 2973 754 3012 non
799 2955 1028 3011 facimus
1071 2970 1133 3009 ea
1201 2969 1322 3022 qua:
1372 2953 1550 3010 facere
1600 2956 1892 3020 debemus;
1924 2997 1966 3054 c
2003 2959 2144 3013 ﬁlius
2167 2958 2323 3025 Juda,
2353 2960 2442 3028 qui
2476 2960 2756 3015 dicebatur
2778 2959 2886 3013 Her
2916 2960 2979 3027 ‘3,
3003 2962 3145 3028 quod
3173 2961 3561 3030 interpretatur

328 3065 614 3123 peccatum
646 3067 775 3106 vero
814 3051 903 3114 sit,
931 3065 1053 3103 cum
1090 3049 1478 3102 committimus
1507 3064 1568 3104 ea
1602 3065 1717 3118 qure
1754 3065 1895 3104 com-

331 3148 548 3202 mittere
576 3159 682 3199 non
717 3144 994 3198 debemus.
1021 3141 1128 3195 Sed
1165 3141 1280 3196 haec
1311 3141 1564 3210 quoniam
1613 3158 1719 3195 non
1752 3157 1892 3196 sem-

325 3253 422 3308 per
453 3239 506 3292 in
546 3235 846 3304 Scripturis
887 3232 1081 3288 divinis
1123 3232 1223 3285 sub
1271 3233 1372 3285 ista
1422 3232 1772 3286 distinctione
1806 3233 1892 3285 ir.-

321 3332 593 3392 venimus,
638 3327 844 3382 idcirco
879 3323 1207 3396 generaliter
1237 3322 1506 3377 aﬁirmarc
1553 3337 1656 3376 non
1699 3337 1892 3392 possu-

322 3438 464 3477 mus.
508 3419 677 3491 lgitur
715 3418 908 3473 eodem
954 3415 1111 3469 modo
1157 3427 1316 3482 atque
1362 3415 1549 3469 eadem
1603 3414 1892 3468 traditione

321 3515 386 3569 de
423 3511 693 3567 sacriﬁcio
745 3510 888 3579 quod
942 3523 1040 3579 pro
1088 3507 1285 3562 delicto
1335 3506 1584 3571 olfertur,
1617 3507 1889 3574 accipien-
1933 3552 1937 3558 .

319 3607 446 3659 dum
481 3613 584 3667 est,
611 3617 717 3672 quo
743 3611 797 3656 et
825 3616 985 3670 supra
1020 3601 1371 3670 exposuimus
1419 3600 1485 3653 de
1517 3613 1581 3652 eo
1615 3599 1756 3666 quod
1791 3613 1889 3667 pro

317 3705 546 3766 peccato
578 3703 679 3748 est.
716 3692 981 3746 Similiter
1025 3693 1167 3747 enim
1211 3691 1472 3761 iubentur
1513 3688 1699 3757 adipes
1744 3687 1888 3742 arie-

319 3787 411 3852 tis,
445 3786 482 3838 ii
514 3783 608 3854 qui
642 3783 787 3838 circa
831 3797 988 3837 renes
1019 3792 1165 3848 sunt,
1196 3791 1252 3836 et
1293 3781 1326 3835 ii
1358 3780 1447 3850 qui
1485 3781 1735 3833 interiora
1763 3793 1888 3846 ope-

317 3879 491 3941 riunt,
527 3877 725 3945 imponi
758 3891 919 3945 super
964 3875 1174 3929 altare:
1211 3881 1270 3928 ut
1309 3883 1364 3928 et
1410 3884 1463 3926 tu
1508 3873 1598 3940 qui
1647 3872 1762 3925 haec
1790 3886 1886 3924 au-

315 3970 418 4036 dis,
451 3970 592 4024 scias
620 3983 780 4022 omne
810 3968 952 4037 quod
982 3978 1061 4022 est
1093 3968 1230 4020 intra
1261 3976 1312 4021 te
1337 3965 1578 4019 crassius
1628 3974 1682 4018 et
1715 3963 1887 4032 operit

315 4063 579 4116 interiora
612 4070 726 4126 tua,
749 4059 948 4114 debere
978 4069 1025 4113 te
1055 4058 1250 4112 oll'erre
1283 4058 1392 4128 igni
1432 4056 1644 4120 altaris,
1674 4065 1730 4108 ut
1764 4071 1884 4124 pur-

314 4164 510 4223 gentur
536 4153 717 4205 omnia
756 4151 1012 4204 interiora
1049 4159 1161 4212 tua,
1189 4157 1244 4202 et
1274 4149 1420 4201 dicas
1458 4157 1514 4200 et
1544 4156 1620 4211 tu,
1660 4146 1796 4198 sicut
1827 4152 1882 4198 et

319 4246 484 4298 David
517 4245 733 4299 dicebat
759 4244 802 4274 "
827 4264 837 4296 :
869 4261 887 4293 ι
915 4241 1166 4308 Benedic,
1194 4241 1374 4294 anima
1402 4253 1543 4303 mea,
1577 4238 1878 4300 Dominum,

1999 3051 2178 3118 pellis.
2222 3049 2511 3120 Propterea
2545 3059 2598 3106 et
2623 3049 2860 3120 Her(56)
2883 3051 3150 3119 pessimus
3170 3061 3306 3116 erat,
3332 3061 3386 3106 et
3418 3052 3565 3107 occi-

1995 3143 2074 3197 dit
2103 3158 2224 3196 eum
2255 3143 2412 3208 Deus,
2434 3144 2554 3211 quia
2585 3141 2670 3197 isti
2696 3142 2826 3196 tales
2859 3142 3086 3198 Domino
3109 3160 3213 3198 non
3239 3142 3560 3201 offeruntur.

2063 3233 2117 3288 5.
2149 3251 2168 3284 ι
2200 3233 2264 3286 Ει
2289 3248 2448 3288 omne
2486 3234 2810 3288 sacriﬁcium
2859 3233 2998 3302 quod
3026 3234 3119 3289 ﬁet
3158 3235 3210 3288 in
3239 3234 3476 3303 clibano,
3507 3247 3562 3289 et

1992 3339 2150 3378 omne
2172 3324 2311 3392 quod
2341 3327 2432 3377 liet
2467 3323 2519 3377 in
2561 3323 2840 3390 craticula,
2886 3325 2964 3377 vel
3019 3325 3073 3379 in
3130 3326 3431 3394 sartagine,
3473 3341 3560 3380 sa-

1993 3415 2226 3469 cerdotis
2249 3415 2340 3482 qui
2367 3412 2559 3468 olferet
2598 3415 2723 3468 illud
2748 3416 2914 3485 ipsius
2952 3418 3055 3472 erit
3084 3419 3146 3469 ιθ.
3182 3437 3200 3470 ι
3240 3418 3377 3484 Quid
3417 3417 3555 3472 dici-

1990 3503 2492 3559 mus?Putamusue
2531 3505 2671 3574 quod
2725 3507 3069 3576 omnipotens
3120 3507 3260 3562 Deus
3319 3509 3412 3578 qui
3471 3525 3559 3564 re-

1992 3615 2189 3670 Sponsa
2217 3600 2384 3671 Moysi
2416 3601 2631 3655 caelitus
2649 3601 2828 3667 dabat,
2855 3602 2920 3656 de
2936 3603 3167 3669 clibano,
3192 3611 3245 3656 et
3270 3603 3549 3669 craticula,

1989 3701 2045 3746 et
2074 3693 2346 3762 sartagine
2381 3692 2692 3760 praeceperit
2735 3693 2876 3762 (57);
2927 3703 2986 3747 ut
3041 3694 3276 3746 disceret
3321 3691 3550 3763 populus

1987 3798 2083 3853 per
2107 3783 2344 3854 Moysen,
2375 3785 2502 3852 quia
2530 3799 2625 3852 per
2654 3785 2769 3838 base
2803 3787 2941 3839 Deus
2964 3785 3043 3839 eis
3077 3786 3339 3854 prolvitius
3364 3785 3478 3849 ﬁet,
3503 3786 3546 3839 si

1989 3876 2231 3943 quaadam
2265 3876 2317 3928 in
2349 3874 2621 3944 sartagine
2673 3875 2941 3941 frixerint,
2970 3877 3212 3944 quasdam
3242 3876 3294 3930 in
3337 3877 3551 3932 clibano

1987 3967 2250 4031 coxerint,
2281 3967 2522 4035 quaedam
2553 3969 2604 4020 itt
2640 3958 3280 4021 craticula'assaverint?
3311 3967 3416 4023 Sed
3443 3984 3548 4023 non

1986 4059 2059 4112 ita
2085 4057 2342 4111 Ecclesiae
2371 4057 2520 4125 pueri
2555 4057 2830 4110 Christum
2884 4057 3210 4122 didicerunt,
3252 4073 3352 4113 nec
3391 4061 3464 4114 ita
3493 4061 3548 4115 in

1985 4165 2106 4203 eum
2137 4164 2232 4217 per
2262 4147 2532 4216 apostolos
2556 4147 2750 4202 eruditi
2779 4156 2928 4209 sunt,
2958 4157 3016 4200 ut
3048 4149 3113 4201 de
3157 4149 3385 4203 Domino
3432 4167 3550 4203 ma-

1978 4241 2187 4310 jestatis
2220 4239 2420 4309 aliquid
2452 4248 2558 4292 tam
2608 4239 2812 4293 humile
2848 4248 2902 4291 et
2943 4251 3050 4293 tam
3082 4239 3185 4294 vile
3228 4241 3543 4310 suscipiant.

315 4346 370 4391 et
408 4337 593 4391 omnia
643 4335 899 4389 interiora
951 4349 1067 4387 mea
1130 4347 1325 4386 nomen
1389 4340 1632 4386 sanctum
1685 4329 1822 4398 ejus.
1853 4349 1870 4382 ι
1909 4333 1952 4388 D
1982 4331 2119 4398 Quin
2165 4331 2339 4399 potius
2384 4329 2678 4384 secundum
2736 4329 3032 4398 spiritalem
3079 4344 3332 4394 sensum,
3383 4348 3542 4403 quem

314 4426 425 4481 Nisi
471 4425 618 4480 enim
660 4423 837 4479 ablata
883 4423 1045 4478 fuerit
1098 4423 1401 4477 crassitudo
1433 4422 1522 4476 illa
1569 4437 1689 4491 quae
1743 4421 1876 4491 tegit

316 4518 574 4573 interiora
615 4525 741 4581 tua,
777 4533 883 4571 non
930 4524 1153 4586 possunt
1198 4513 1447 4569 subtilem
1487 4522 1543 4568 et
1577 4513 1874 4583 spiritalem

313 4623 505 4679 capere
532 4623 770 4671 sensum,
799 4623 898 4662 nec
929 4617 1152 4678 possunt
1185 4605 1515 4660 intellectum
1556 4621 1751 4676 capere
1791 4620 1876 4660 sa-

314 4700 550 4769 pientiae,
586 4709 640 4754 et
685 4699 806 4755 ideo
859 4699 1145 4753 Dominum
1197 4699 1420 4753 laudare
1463 4713 1570 4753 non
1626 4705 1876 4768 possunt.

314 4791 462 4858 Quod
502 4791 550 4846 si
593 4791 831 4846 ablatum
861 4792 1027 4847 fuerit
1058 4806 1220 4846 omne
1258 4790 1402 4860 quod
1452 4791 1652 4860 pingue
1679 4798 1764 4844 est
1806 4790 1876 4847 de

380 4906 424 4937 ι’
461 4903 636 4958 Levit.
662 4917 760 4970 vn,
789 4903 840 4956 1.
955 4901 999 4934 ³³
1037 4903 1167 4957 ibid.
1211 4903 1262 4955 7.
1372 4897 1610 4956 “lJoan.
1656 4915 1708 4954 v.

316 4973 356 5007 ¹⁸
381 4973 580 5029 Genes.
610 4988 835 5034 xxxviii,
861 4972 913 5026 6.
990 4973 1033 5010 ²⁹
1059 4972 1336 5038 Levit.vn,
1368 4973 1422 5026 9.

379 5066 493 5136 (29)
535 5065 673 5130 Με..
710 5085 729 5117 ι
767 5067 864 5121 ista
915 5082 1214 5122 servamus.
1247 5086 1266 5119 ι
1313 5067 1467 5122 Libb.
1509 5067 1670 5134 editi,
1713 5085 1732 5120 σ
1770 5067 1871 5122 ista

311 5152 609 5191 δετιέιωιε.
637 5156 656 5188 ι
1609 5153 1618 5158 '

379 5207 493 5278 (50)
515 5206 636 5268 Με.,
669 5224 688 5257 ς
711 5207 976 5278 iugulant.
1017 5226 1035 5259 ι
1076 5207 1232 5261 Libb.
1263 5207 1413 5278 editi,
1445 5205 1818 5278 «jugulantur.
1845 5226 1866 5258 ι

373 5276 503 5346 (51)
560 5278 691 5341 Με.,
745 5276 1078 5331 (invenitur
1121 5293 1239 5330 esse
1290 5277 1606 5330 discretum.
1638 5295 1656 5327 ι
1709 5277 1867 5333 Libb.

308 5348 455 5404 editi,
497 5364 517 5397 ‹
543 5346 845 5400 invenietur
872 5349 1187 5401 discretum.
1217 5365 1236 5398 ι

378 5415 490 5488 (52)
532 5415 652 5488 Ms"
689 5435 707 5466 ι
734 5417 924 5488 olleret
965 5428 1019 5474 et
1054 5416 1426 5488 repropitiabit
1457 5415 1612 5488 illud.
1638 5415 1859 5488 {Libb.

309 5485 514 5556 editi,'t
542 5485 701 5540 oﬁ‘ert
743 5487 868 5541 illud
915 5498 968 5540 et
1022 5487 1398 5556 rcpropitiabit
1443 5501 1540 5556 pro
1585 5485 1806 5540 delicto.
1841 5504 1860 5536 ι

312 5553 450 5608 Infra
487 5571 622 5621 ms.,
663 5573 682 5605 ι
723 5553 1397 5627 repropitiare—delictum.
1432 5553 1455 5607 ἰ
1501 5554 1653 5609 Libb.
1698 5555 1863 5620 editi,

317 5643 334 5675 ι
365 5628 716 5696 repropitiare
756 5642 856 5697 pro
887 5627 1146 5684 delicto.»
1202 5627 1362 5682 Paulo
1402 5634 1520 5697 post
1565 5640 1694 5689 ms.,
1734 5641 1861 5680 cre-

1821 4899 1864 4931 “
1905 4899 2043 4953 Psal.
2083 4913 2198 4966 cui,
2253 4901 2306 4954 l.

1982 4423 2206 4492 spiritus
2244 4421 2409 4474 donat
2461 4420 2735 4486 Ecclesia},
2764 4421 3047 4475 videamus
3087 4421 3229 4491 quod
3277 4422 3345 4476 sit
3399 4423 3542 4478 istud

1982 4513 2326 4576 sacriﬁcium,
2349 4511 2492 4580 quod
2526 4519 2791 4580 coquatur
2820 4509 2876 4564 in
2913 4512 3152 4576 clibano,
3182 4510 3264 4566 vel
3283 4513 3404 4582 quis
3436 4513 3537 4570 iste

1981 4607 2221 4662 clibanus
2256 4603 2484 4674 intelligi
2525 4603 2738 4660 debeat.
2787 4601 2893 4658 Sed
2933 4604 3021 4658 ubi
3069 4604 3337 4660 inveniam
3377 4607 3541 4662 modo

1981 4698 2048 4751 ad
2083 4695 2317 4751 subitum
2342 4693 2674 4764 Scripturam
2728 4694 2992 4761 divinam,
3043 4709 3166 4765 qua:
3215 4710 3302 4752 me
3357 4697 3545 4754 doceat

1978 4787 2106 4857 quid
2143 4785 2252 4856 (58)
2280 4784 2654 4842 sitclibanus?
2685 4785 2970 4840 Dominum
3013 4802 3190 4843 meum
3227 4785 3410 4844 Jesum
3454 4789 3541 4844 in-

2413 4897 2458 4929 “
2495 4895 2669 4951 Levii.
2711 4911 2808 4966 vn,
2851 4898 2906 4954 9.
3015 4899 3062 4930 ⁸⁷
3101 4897 3124 4951 l
3157 4898 3282 4955 Cor.
3324 4914 3406 4968 ut,
3449 4900 3537 4959 M.

1978 5063 2302 5146 propitiasse
2340 5062 2587 5118 diceris.»
2619 5062 2776 5120 Libb.
2813 5064 2964 5130 editi,
2998 5082 3018 5116 ‹
3049 5065 3406 5136 repropitiare
3454 5067 3536 5122 di-

1979 5150 2137 5190 cel'lS.
2165 5153 2184 5186 ›

2037 5204 2150 5273 (55)
2192 5202 2315 5267 Μπεη
2352 5222 2370 5254 ι
2401 5203 2580 5258 datur.
2602 5223 2618 5253 ι
2656 5201 2811 5257 Libb.
2841 5205 2992 5268 editi,
3030 5225 3047 5257 ι
3071 5206 3302 5260 dabitur.
3327 5225 3346 5258 ι

2037 5275 2147 5346 (54)
2180 5275 2299 5346 Ms,
2347 5275 2659 5346 conferunt.
2708 5293 2726 5324 ι
2773 5273 2927 5346 Libb.
2961 5277 3112 5338 editi,
3165 5294 3184 5327 ι
3230 5276 3474 5332 otIertur.
3503 5294 3526 5330 ι

2039 5344 2148 5416 (55)
2184 5345 2319 5416 Μελ,-
2339 5362 2356 5394 ι
2390 5345 2453 5416 in!
2474 5344 2807 5416 holocausta.
2837 5345 2965 5398 Nam
2995 5346 3136 5401 talis.
3177 5365 3199 5399 ι

2037 5412 2148 5482 (56)
2182 5415 2242 5466 Et
2269 5412 2396 5466 Her.
2437 5414 2594 5465 Deest
2619 5413 2669 5465 in
2697 5430 2797 5468 tns.

2036 5487 2148 5555 (57)
2180 5483 2302 5548 Με.,
2341 5500 2359 5533 ι
2406 5482 2742 5552 praeceperit.
2781 5503 2801 5536 ι
2852 5483 3010 5540 Libb.
3049 5486 3202 5551 editi,
3260 5504 3279 5539 ι
3339 5486 3532 5556 praeci-

1963 5565 2134 5624 peret.
2177 5572 2194 5624 ξ

2035 5623 2146 5695 (58)
2177 5622 2301 5692 Ms.,
2333 5641 2351 5675 ι
2384 5622 2536 5692 quid.
2573 5639 2592 5673 ι
2631 5619 2785 5680 Libb.
2817 5622 2971 5684 editi.
3010 5643 3030 5678 ι
3064 5624 3206 5696 quis.
3247 5642 3267 5676 ι
