4024 6146
497 197 604 256 £55

502 408 642 473 nire,
672 415 724 462 et
757 407 990 476 pulsanti
1014 407 1245 476 aperiat,
1281 415 1340 459 ut
1368 408 1638 463 inveniam
1681 409 1733 463 in
1774 409 2069 477 Scripturis

497 502 791 564 clibannm,
829 499 920 554 ubi
970 502 1182 571 possim
1229 515 1460 570 coquere
1512 502 1834 557 sacriﬁcium
1869 519 2068 567 meum,

499 602 556 646 ut
579 592 839 660 suscipiat
871 591 998 646 illud
1040 593 1204 648 Deus.
1262 593 1324 648 Et
1372 595 1594 662 quidem
1649 598 1925 653 invenisse
1982 614 2069 654 me

499 692 626 750 puto
667 683 720 736 in
751 681 887 738 Osce
937 685 1196 753 prOpheta
1231 685 1321 739 ulti
1361 687 1495 741 dicit
1521 689 1566 719 ¹⁰
1596 706 1609 744 :
1643 707 1662 740 ι
1707 690 1910 745 Omnes
1938 707 2070 746 moe-

497 777 747 839 chantes,
795 773 937 829 sicut
981 774 1228 830 clibanus
1273 791 1572 833 succensus
1617 780 1681 834 ad
1742 782 2068 835 comburen-

495 865 644 920 dum.
692 884 710 916 ο
750 865 814 920 Ει
857 867 1054 921 iterum
1085 867 1172 922 ἰε
1207 886 1226 920 t
1261 869 1626 936 lncaluerunt,
1677 872 1877 942 inquit,
1928 874 2070 928 sicut

496 956 738 1012 clibanus
762 959 924 1012 corda
957 972 1162 1013 eorum.
1200 979 1218 1012 ι
1253 961 1361 1016 Cor
1391 977 1523 1032 ergo
1565 971 1651 1016 est
1684 964 1920 1018 hominis
1969 966 2068 1020 cli-

497 1052 687 1106 banus.
721 1051 864 1106 lstud
896 1062 1074 1107 autem
1133 1067 1228 1107 cor
1270 1055 1314 1108 si
1349 1054 1479 1108 vitia
1532 1057 1928 1123 succenderint,
1983 1057 2068 1112 vel

497 1143 739 1198 diabolus
769 1143 878 1216 (59)
905 1142 1341 1212 inllammaverit,
1379 1161 1485 1200 non
1521 1157 1740 1216 coquet,
1799 1150 1892 1202 sed
1931 1165 2066 1204 exu-

497 1243 600 1288 ret.
621 1233 676 1288 Si
706 1249 834 1288 vero
861 1234 1026 1289 illeid
1058 1237 1420 1302 succenderit,
1450 1238 1542 1306 qui
1572 1237 1708 1292 dixit
1729 1241 1808 1293 ":
1839 1259 1857 1292 t
1884 1241 2064 1310 lgnetn

495 1325 618 1378 veni
659 1326 873 1380 mittere
899 1326 953 1379 in
997 1335 1219 1394 terram,
1259 1345 1277 1378 ι
1320 1343 1488 1397 panes
1541 1327 1946 1398 Scripturarnm
1994 1333 2070 1386 di-

496 1418 745 1470 vinarum
785 1426 838 1472 et
863 1432 1171 1472 sermonum
1209 1420 1326 1487 Dei,
1359 1435 1500 1489 quos
1525 1421 1578 1475 itt
1605 1423 1771 1477 corde
1812 1425 2064 1494 suscipio,

499 1522 604 1560 non
655 1521 826 1562 exnro
876 1509 943 1560 ad
978 1507 1357 1576 perditionem,
1397 1512 1490 1566 sed
1539 1527 1711 1581 coquo
1754 1513 1820 1565 ad
1862 1514 2069 1567 sacriﬁ-

498 1599 664 1653 cium.
697 1599 761 1651 Et
787 1598 1029 1653 fortassis
1075 1599 1164 1653 illa
1212 1601 1370 1670 coqui
1414 1603 1671 1657 dicuntur
1718 1602 1770 1655 in
1831 1603 2062 1668 clibano,

496 1705 616 1758 quae
643 1689 900 1744 interiora
922 1699 1050 1743 sunt
1083 1701 1137 1747 et
1168 1692 1469 1759 recondita,
1497 1707 1596 1746 nec
1627 1692 1856 1762 proferri
1906 1693 2064 1749 facile
2097 1670 2139 1724 Β

495 1779 560 1832 ad
588 1779 778 1849 vulgus
805 1790 1030 1849 possunt
1065 1797 1080 1845 ;
1120 1790 1244 1835 sunt
1273 1782 1414 1836 enim
1455 1782 1622 1835 multa
1668 1783 1720 1835 itt
1766 1782 2066 1853 Scripturis

497 1870 695 1925 divinis
737 1870 1068 1937 hujnsmodi,
1107 1873 1250 1926 sicut
1284 1873 1423 1940 apud
1455 1871 1792 1928 Ezec‘ltielem
1833 1875 1899 1940 ³³,
1943 1891 2063 1929 cum

496 1961 579 2015 vel
604 1963 670 2016 de
691 1962 1010 2039 cherubim,
1040 1963 1126 2018 vel
1180 1964 1245 2018 de
1286 1963 1398 2018 Deo
1450 1974 1504 2020 et
1538 1967 1603 2020 de
1654 1965 1743 2019 illa
1781 1968 2064 2036 magniﬁca

495 2053 704 2108 visione
733 2053 1074 2108 describitur.
1103 2054 1231 2109 Hice
1259 2055 1304 2109 si
1337 2055 1390 2108 in
1433 2055 1647 2111 clibano
1684 2072 1787 2110 non
1833 2073 2066 2126 COqttal‘l-

498 2152 607 2208 tur,
642 2146 848 2199 comedi
891 2147 965 2200 ita
995 2155 1053 2200 ut
1089 2155 1214 2200 sunt
1244 2149 1408 2202 cruda
1451 2163 1555 2202 non
1598 2160 1843 2218 possunt.
1877 2148 2066 2222 Neque

495 2238 642 2291 enim
667 2237 1006 2293 credendum
1039 2247 1142 2303 est,
1172 2240 1314 2309 quod
1356 2241 1428 2295 sit
1467 2241 1668 2295 animal
1709 2243 1976 2312 quoddam
2010 2243 2063 2298 in

495 2327 668 2381 forma
694 2328 868 2384 leonis
906 2332 1164 2400 positum,
1187 2349 1295 2404 quo
1325 2335 1556 2389 vehatur
1595 2335 1754 2400 Deus,
1801 2339 1882 2390 ve!
1922 2337 2064 2391 aliud

495 2419 549 2473 in
578 2419 750 2474 forma
775 2422 926 2476 vituli
957 2421 1092 2494 (40),
1117 2436 1210 2478 aut
1242 2426 1455 2495 aquila).
1486 2425 1611 2480 Ilaec
1644 2441 1774 2496 ergo
1799 2436 1854 2480 et
1887 2428 1930 2481 si
1961 2444 2064 2498 qua

496 2509 800 2578 ltttjusmo'di
823 2523 967 2580 sunt,
996 2531 1101 2568 non
1133 2525 1259 2570 sunt
1291 2517 1456 2572 cruda
1487 2518 1835 2587 proferenda,
1872 2520 1968 2574 sed
2003 2522 2060 2574 in

495 2601 676 2657 cordis
722 2604 937 2658 clibano
981 2615 1105 2659 sunt
1158 2609 1460 2676 coquenda.
1509 2609 1637 2664 Tria
1702 2610 1882 2680 itaque
1941 2624 2066 2666 sunt

494 2695 630 2760 haec,
659 2695 712 2748 in
742 2697 938 2765 quibus
965 2697 1095 2751 dicit
1125 2699 1392 2752 sacriﬁcia
1417 2699 1612 2754 debere
1647 2702 1966 2770 praeparari,
2011 2704 2062 2758 in

492 2785 730 2852 clibano,
775 2787 826 2839 itt
862 2787 1160 2855 sartagine,
1200 2789 1253 2842 in
1302 2789 1562 2843 craticula
1596 2808 1609 2843 :
1646 2797 1700 2843 et
1738 2801 1870 2860 puto
1919 2794 2063 2860 quod

491 2878 740 2934 clibanus
768 2881 1062 2935 secundum
1105 2883 1188 2937 sui
1215 2881 1447 2937 formam
1476 2884 1854 2955 profundiore,
1900 2896 1954 2940 et
1999 2901 2063 2941 ea

1889 242 1895 250 .
1921 177 2232 254 ORICENIS

496 331 694 372 vocare
718 329 802 370 me
831 323 1069 386 oportet,
1112 324 1172 370 nt
1217 325 1547 384 quaerentem
1582 331 1667 374 me
1703 315 1868 372 faciat
1914 317 2069 373 inve-
2099 327 2144 379 Α
2173 319 2371 373 ostium
2417 318 2554 388 ejus,
2606 326 2660 374 et
2714 320 2786 376 ait
2823 319 2868 353 "’
2912 339 2926 374 :

3637 201 3764 254 456

2974 338 2994 371 t
3028 319 3237 385 Amice,
3270 322 3546 375 commoda
3599 321 3764 373 mihi

2172 419 2281 466 tres
2310 425 2495 480 panes,
2526 412 2780 479 quoniam
2811 413 3015 467 amicus
3037 412 3165 466 mihi
3189 412 3495 481 supervenit
3523 412 3590 466 de
3620 413 3754 476 via,

2169 512 2225 556 et
2281 518 2386 556 non
2429 504 2601 558 habeo
2661 505 2802 573 quod
2851 519 3112 574 apponam
3153 503 3224 558 ei.
3264 523 3282 554 ι
3315 503 3370 556 1η
3421 503 3651 572 quibus,
3692 514 3763 558 ut

2169 595 2406 649 breviter
2428 596 2877 664 perstringamus,
2917 610 3021 648 nox
3067 606 3149 649 est
3182 605 3391 664 tempus
3440 597 3541 650 hoc
3581 597 3758 661 vita,

2171 694 2225 740 et
2272 695 2380 739 tres
2418 701 2586 755 panes
2625 695 2771 750 sunt,
2807 702 2946 739 unus
2982 685 3149 755 quiin
3176 685 3404 748 clibano,
3460 686 3595 741 alius
3645 687 3758 756 qui

2171 777 2222 830 in
2253 779 2542 847 sartagine,
2579 779 2768 832 tertias
2797 778 2886 846 qui
2929 779 2979 830 in
3007 777 3267 832 craticula
3300 779 3574 847 coquitur.

2238 868 2294 923 6.
2339 869 2467 922 Post
2519 871 2632 922 ltrec
2680 871 2854 939 inquit
2884 871 2972 922 ’δε
3013 889 3030 920 t
3079 869 3143 921 Et
3191 885 3351 923 omne
3397 870 3754 925 sacrificium

2159 956 2370 1012 factum
2417 959 2466 1010 in
2513 959 2654 1018 oleo,
2700 960 2814 1013 sive
2860 976 2966 1013 non
3019 959 3244 1026 factum,
3294 961 3545 1022 omnibus
3606 958 3756 1017 ﬁliis

2167 1052 2344 1105 Aaron
2375 1052 2480 1106 erit
2512 1052 2736 1122 singulis
2775 1053 3082 1121 aequaliter.
3133 1072 3150 1105 I
3195 1053 3344 1118 Quod
3401 1052 3752 1108 sacrificium

2172 1141 2373 1196 factum
2400 1150 2482 1196 est
2508 1144 2559 1196 in
2591 1143 2731 1210 oleo,
2759 1143 2843 1197 vel
2870 1148 3013 1210 quod
3039 1155 3239 1196 estnon
3267 1143 3467 1197 factum
3497 1146 3546 1197 in
3577 1141 3758 1198 oleo?

2170 1233 2510 1288 Sacriﬁcium
2541 1235 2775 1290 salutare
2806 1234 2914 1305 (42)
2959 1234 3010 1286 in
3033 1234 3150 1288 oleo
3184 1233 3296 1288 ﬁeri
3319 1236 3559 1302 jubetur,
3592 1235 3752 1289 sicut

2168 1342 2326 1394 supra
2356 1328 2464 1396 jam
2517 1327 2771 1380 diximus.
2813 1326 3146 1381 Sacriﬁcium
3189 1341 3315 1379 vero
3365 1342 3462 1395 pro
3507 1336 3752 1396 peccato

2168 1434 2272 1471 non
2308 1417 2365 1470 ﬁt
2387 1419 2438 1470 itt
2481 1417 2624 1471 oleo.
2657 1417 2796 1472 Dicit
2829 1419 2972 1471 enim
3004 1417 3049 1447 "
3079 1434 3092 1469 :
3127 1435 3145 1468 t
3184 1416 3298 1470 Non
3323 1429 3659 1487 superponet
3687 1419 3747 1474 ei

2169 1509 2365 1572 oleum,
2400 1510 2650 1578 quoniam
2685 1525 2785 1578 pro
2808 1517 3028 1578 peccato
3065 1517 3170 1562 est.
3201 1528 3219 1560 ι
3261 1509 3414 1573 Quod
3458 1525 3587 1579 ergo
3632 1524 3748 1578 pro

2167 1613 2390 1670 peccato
2418 1610 2520 1664 est,
2548 1615 2647 1655 nec
2685 1601 2861 1654 oleum
2893 1601 3091 1654 laetitiae
3141 1601 3210 1662 ei,
3246 1615 3343 1653 nec
3387 1600 3510 1652 thus
3541 1601 3746 1655 suavi-

2174 1695 2300 1748 tatis
2323 1694 2640 1763 imponitur.
2682 1691 2757 1747 De
2791 1694 3145 1762 peccantibus
3171 1694 3313 1747 enim
3339 1692 3471 1746 dicit
3499 1693 3749 1762 Aposto-

2167 1785 2251 1838 lus
2279 1783 2324 1815 "
2357 1800 2370 1836 :
2412 1801 2430 1831 t
2469 1782 2534 1837 Et
2565 1782 2774 1852 lugeam
2813 1797 2927 1846 eos,
2968 1782 3055 1850 qui
3100 1791 3225 1836 ante
3274 1794 3635 1850 peccaverunt
3685 1791 3746 1837 et

2168 1889 2274 1927 non
2303 1883 2528 1943 egerunt
2555 1854 2949 1940 pmditcntiam.
2985 1892 3003 1924 ι
3049 1872 3158 1926 Nec
3183 1873 3320 1926 odor
3351 1873 3402 1926 in
3443 1887 3510 1926 eo
3547 1872 3748 1927 suavi-

2171 1966 2294 2020 tatis
2333 1975 2434 2030 est,
2469 1965 2630 2036 210
2673 1965 2798 2034 quia
2843 1979 2909 2018 ex
2956 1979 3184 2033 persona
3253 1965 3554 2032 peccatoris
3597 1964 3747 2018 dici-

2171 2069 2254 2112 tur
2278 2058 2324 2089 ²⁸
2355 2075 2367 2112 :
2401 2077 2418 2108 t
2455 2058 2921 2125 Computruerunt
2949 2067 3006 2111 et
3044 2067 3310 2125 corruptae
3343 2066 3469 2111 sunt
3509 2056 3745 2110 cicatri-

2167 2166 2257 2206 ces
2284 2164 2436 2205 meae.
2476 2167 2495 2200 ι
2539 2149 2664 2203 Haec
2686 2149 2901 2204 interim
2929 2164 2955 2201 a
2988 2148 3142 2204 nobis
3171 2150 3458 2202 observata
3494 2159 3625 2203 sunt
3669 2150 3744 2203 de

2167 2239 2432 2309 superiori
2466 2239 2723 2309 capitulo,
2767 2239 2857 2293 ubi
2909 2238 2992 2292 lex
3031 2237 3286 2292 sacriﬁcii
3325 2239 3584 2292 scribitur
3632 2254 3742 2308 pro

2168 2330 2385 2384 delicto.
2429 2329 2546 2385 Non
2591 2340 2769 2385 autem
2811 2331 2997 2386 dubito
3052 2332 3219 2384 multa
3270 2345 3414 2396 esse,
3468 2345 3584 2399 quae
3631 2346 3741 2387 nos

2169 2423 2396 2488 lateant,
2441 2431 2494 2478 et
2537 2437 2752 2477 sensum
2823 2433 3064 2477 nostrum
3120 2435 3375 2492 superent
3421 2421 3555 2493 (45).
3611 2421 3738 2476 Non

2167 2517 2310 2570 enim
2337 2531 2522 2570 sumus
2553 2515 2696 2570 illius
2742 2516 2943 2580 meriti,
2975 2525 3033 2570 ut
3082 2525 3136 2570 et
3171 2530 3268 2569 nos
3318 2515 3496 2569 dicere
3549 2516 3737 2583 possi-

2167 2622 2287 2661 mus
2313 2607 2358 2638 “
2394 2626 2407 2662 :
2444 2625 2464 2658 ι
2501 2605 2607 2661 Nos
2641 2618 2816 2661 autem
2870 2621 3090 2662 sensum
3139 2607 3342 2660 Christi
3381 2607 3668 2660 habemus.
3708 2623 3733 2659 ο

2169 2699 2287 2769 Ipse
2329 2699 2473 2754 enim
2508 2699 2652 2754 solus
2695 2708 2780 2754 est
2827 2714 3037 2765 sensus,
3062 2700 3146 2754 cui
3197 2709 3411 2769 pateant
3452 2700 3736 2762 universa,

2165 2806 2284 2860 quae
2312 2792 2364 2844 in
2399 2790 2603 2860 legibus
2634 2789 3025 2845 sacriﬁciorum
3057 2790 3195 2844 intra
3226 2789 3416 2845 litterae
3445 2791 3739 2845 continen-

2171 2893 2254 2935 tur
2283 2897 2562 2936 arcanum.
2612 2881 2668 2936 Si
2719 2881 2859 2936 enitn
2916 2895 3157 2936 mererer
3207 2897 3265 2934 ut
3316 2882 3538 2936 daretur
3598 2883 3735 2936 tnilti

492 2987 612 3038 quae
635 2983 760 3025 sunt
787 2972 1170 3028 inenarrabilia
1203 2975 1477 3042 signiﬁcet
1503 2977 1555 3028 in
1587 2976 1887 3047 Scripturis
1912 2980 2054 3033 divi-
2087 3003 2129 3060 ο
2168 2988 2357 3027 sensus
2384 2972 2610 3038 Christi,
2643 2972 2806 3027 etiam
2841 2987 2940 3043 ego
2970 2973 3022 3026 in
3072 2973 3155 3027 Itis
3196 2973 3432 3027 dicerem
3467 2972 3514 3005 ³⁸
3547 2990 3562 3028 :
3603 2991 3621 3024 ι
3665 2973 3736 3028 Ut

492 3061 599 3116 nis.
628 3062 856 3132 Sartago
907 3081 1035 3119 vero
1085 3080 1148 3120 ea
1197 3081 1320 3135 quae
1364 3068 1408 3121 si
1458 3067 1771 3137 frequenter
1805 3086 1869 3125 ac
1922 3087 2061 3140 saepe

491 3164 805 3219 versentur,
847 3156 1071 3227 intelligi
1110 3168 1164 3212 et
1207 3158 1467 3227 explicari
1505 3171 1750 3228 possunt.
1797 3163 2064 3218 Craticula

492 3252 674 3298 autem
703 3261 764 3300 ea
796 3261 918 3313 qua:
951 3248 1128 3316 palam
1175 3259 1322 3317 sunt,
1349 3259 1402 3304 et
1442 3251 1644 3320 absque
1685 3252 1861 3321 aliqua
1915 3254 2068 3309 obte-

491 3337 674 3391 ctione
703 3348 1014 3394 cernuntur.
1073 3338 1363 3409 Triplicem
1413 3355 1644 3411 namque
1675 3343 1726 3396 in
1773 3344 2067 3414 Scripturis

500 3429 697 3482 divinis
737 3429 1099 3499 intelligentiae
1128 3431 1358 3486 inveniri
1387 3449 1533 3503 smpe
1555 3434 1790 3489 diximus
1829 3439 2066 3502 modum,

502 3521 841 3588 historicum,
880 3523 1136 3576 moralem
1165 3533 1221 3578 et
1273 3525 1584 3594 mysticum.
1620 3525 1773 3582 Unde
1799 3535 1852 3580 et
1875 3543 2067 3597 corpus

500 3612 681 3667 inesse
728 3613 798 3678 ei,
848 3625 902 3669 et
944 3615 1202 3680 animam,
1256 3631 1320 3671 ac
1377 3617 1626 3686 spiritum
1675 3617 2064 3676 intelleximus.

493 3706 656 3774 Cujus
688 3707 1053 3775 intelligentia:
1085 3707 1350 3777 triplicem
1403 3708 1630 3762 formam
1676 3711 2064 3766 sacriﬁciorum

497 3797 685 3866 triplex
712 3797 796 3852 bic
830 3809 1119 3868 apparatus
1154 3801 1414 3854 ostendit.
1453 3800 1562 3856 Sed
1585 3811 1640 3856 et
1673 3801 1798 3856 alibi
1851 3803 2064 3859 inveni-

499 3906 637 3953 mus,
665 3890 714 3944 id
739 3899 821 3944 est
856 3891 907 3944 itt
949 3891 1033 3946 his
1081 3893 1232 3962 ipsis,
1275 3908 1396 3962 quae
1437 3893 1502 3946 de
1535 3893 1818 3949 sacrificiis
1861 3911 2066 3950 memo-

497 3993 706 4050 rantur,
757 3984 861 4037 dici
923 3985 1225 4038 canistrum
1274 3995 1524 4039 sanctum
1584 3985 1960 4055 perfectionis,
2010 3989 2062 4042 in

495 4090 601 4143 quo
634 4085 742 4130 tres
774 4091 938 4145 panes
971 4075 1155 4131 haberi
1191 4077 1540 4132 mandantur.
1574 4078 1736 4133 Vides
1766 4095 2065 4134 consonare

495 4168 600 4223 sibi
654 4179 1116 4223 sacramentorum
1168 4170 1412 4222 omnium
1469 4169 1710 4225 formas?
1753 4171 2062 4227 Canistrum

495 4259 864 4331 perfectionis,
903 4260 958 4314 in
986 4277 1092 4331 quo
1123 4272 1231 4317 tres
1257 4279 1422 4333 panes
1453 4263 1579 4334 poni
1626 4265 1907 4335 jubentur,
1933 4265 2061 4334 quid

2172 3065 2405 3119 sciamus
2427 3081 2545 3134 qua:
2577 3078 2604 3116 a
2632 3065 2738 3120 Deo
2769 3065 2962 3119 donata
2993 3072 3118 3119 sunt
3163 3065 3336 3131 nobis,
3396 3081 3514 3135 quae
3554 3075 3608 3120 et
3651 3066 3737 3119 io-

2171 3158 2410 3224 qttimur.
2479 3175 2498 3208 ι
2567 3157 2673 3210 Sed
2731 3173 2882 3222 nunc,
2929 3159 3168 3212 contenti
3217 3159 3479 3228 parvitate
3537 3173 3738 3213 sensus

2169 3247 2366 3311 nostri,
2407 3249 2624 3302 secundi
2651 3249 2868 3318 capituli
2901 3248 3177 3304 videamus
3207 3251 3510 3306 exordium.

2241 3340 2292 3394 7.
2325 3359 2344 3392 ι
2382 3339 2504 3395 Hmc
2542 3351 2646 3408 est,
2702 3341 2873 3410 inquit
2916 3341 2988 3408 ⁸¹,
3032 3342 3114 3397 lex
3149 3343 3402 3397 sacriﬁcii
3452 3343 3732 3410 salutaris,

2171 3433 2314 3500 quod
2373 3432 2597 3488 (:ﬁ'erent
2644 3433 2889 3488 Domino.
2956 3433 3230 3503 Siquidem
3275 3450 3371 3504 pro
3421 3435 3736 3492 laudatione

2169 3523 2358 3578 olTeret
2407 3525 2557 3591 illttd,
2595 3535 2649 3580 et
2699 3523 2886 3580 alleret
2932 3526 3045 3596 (44)
3087 3527 3152 3580 ad
3205 3526 3529 3580 sacrificium
3561 3543 3734 3596 panes

2169 3616 2493 3672 laudationis
2552 3633 2618 3673 ex
2669 3618 2846 3672 simila
2903 3618 3077 3671 factos
3125 3620 3175 3670 in
3233 3617 3373 3682 oleo,
3430 3629 3486 3672 et
3534 3619 3732 3688 lagatta

2169 3721 2360 3776 azyma
2399 3716 2559 3760 uncta
2587 3707 2728 3772 oleo,
2787 3717 2841 3762 et
2880 3708 3230 3778 similaginem
3278 3723 3619 3776 conspersam
3677 3715 3734 3764 in

2167 3797 2306 3852 oleo.
2337 3799 2509 3867 Super
2532 3815 2693 3868 panes
2735 3799 3085 3854 fermentatus
3124 3797 3309 3852 offeret
3350 3814 3569 3854 munera
3606 3815 3730 3864 sua,

2169 3891 2293 3959 quia
2333 3890 2656 3943 sacriﬁcium
2693 3891 3016 3946 laudationis
3058 3891 3308 3946 salutaris
3358 3892 3476 3961 ejus
3525 3899 3640 3956 est;
3676 3907 3732 3947 et

2168 3979 2360 4036 offeret
2403 3983 2566 4036 abeo
2599 3997 2766 4035 unum
2826 3982 2891 4036 de
2937 3982 3188 4036 omnibus
3234 3983 3542 4037 muneribus
3594 3985 3728 4050 suis,

2168 4075 2558 4143 separationem
2597 4074 2854 4140 Domino;
2899 4075 3170 4128 sacerdoti
3204 4075 3294 4142 qui
3327 4072 3564 4129 eﬁ‘undet
3612 4090 3734 4130 san-

2167 4166 2382 4235 guinem
2437 4163 2724 4229 salutaris,
2771 4174 2823 4218 et
2873 4179 3064 4218 carnes
3107 4164 3359 4218 sacriﬁcii
3405 4165 3731 4220 laudationis

2169 4255 2454 4316 Salutaris,
2490 4254 2588 4322 ipsi
2619 4264 2798 4321 erunt,
2823 4265 2875 4309 et
2907 4256 2958 4308 in
2987 4270 3090 4324 qna
3121 4256 3206 4310 die
3246 4257 3439 4310 donum
3479 4256 3728 4320 oﬂ'ertnr,

495 4353 640 4407 aliud
670 4352 928 4408 debemus
975 4355 1244 4424 accipere,
1295 4356 1397 4410 nisi
1449 4355 1760 4425 Scripturas
1819 4357 2061 4422 divinas,
2095 4337 2140 4391 1)
2171 4346 2666 4409 manducabunl.ei
2694 4360 2796 4398 non
2823 4344 3196 4408 derelinquenl
3218 4361 3284 4400 ex
3314 4362 3382 4402 co
3415 4349 3465 4400 in
3499 4362 3677 4401 mane-
3707 4367 3725 4397 ›

493 4445 646 4498 cibos
676 4445 1012 4500 auditoribus
1037 4446 1322 4515 tripliciter
1348 4447 1723 4518 apponentes?
1757 4448 1848 4502 Vis
1879 4448 1969 4501 tibi
2007 4461 2063 4500 et

496 4535 564 4588 de
596 4535 899 4603 Evangeliis
925 4537 1118 4590 similis
1142 4539 1389 4610 mysterii
1412 4538 1749 4606 proferamus
1781 4539 2063 4608 exempla?

497 4624 813 4681 llecolantus
847 4627 1059 4682 Domini
1111 4644 1324 4695 vocem,
1382 4631 1470 4683 ubi
1528 4629 1681 4695 dicit,
1727 4631 1852 4700 quia
1886 4632 2059 4683 media

497 4730 652 4772 nocte
678 4717 792 4789 (41)
829 4721 974 4774 venit
1003 4721 1220 4789 quidam
1255 4723 1319 4776 ad
1354 4723 1589 4776 amicum
1635 4738 1794 4778 suum
1837 4723 2058 4792 pulsans

569 4856 616 4889 "
639 4853 793 4911 Osee.
824 4871 920 4918 vit,
947 4855 1002 4911 ι.
1073 4857 1120 4888 ’ί
1149 4855 1278 4910 ibid.
1307 4854 1362 4909 6.
1437 4856 1481 4886 ”
1502 4855 1632 4908 Luc.
1661 4871 1760 4920 xtl,
1787 4856 1875 4913 49.

499 4941 554 4994 v,
580 4925 663 4980 1'2.
740 4927 782 4957 ³⁷
811 4926 853 4980 11
878 4927 1002 4980 Cor.
1041 4941 1139 4991 xit,
1176 4924 1268 4979 21.

570 5061 680 5132 (39)
710 5061 832 5129 Ms.,
882 5081 902 5114 α
949 5061 1217 5118 diabolus.
1260 5081 1281 5116 ι
1339 5061 1498 5119 Libb.
1539 5061 1691 5125 editi,
1729 5080 1750 5114 ε
1807 5062 1994 5118 libido.
2032 5083 2052 5118 ι

501 5127 668 5204 Paulo
693 5127 978 5202 post'idem
1010 5148 1135 5199 ms.,
1169 5151 1190 5184 ι
1224 5149 1388 5204 panes
1408 5134 1824 5203 scripturarum.
1858 5152 1877 5185 ι
1902 5133 2058 5189 Libb.

500 5202 653 5264 editi,
691 5222 709 5253 ε
748 5218 960 5270 panem,
999 5222 1018 5255 ι
1059 5215 1167 5258 etc.

575 5273 686 5340 (40)
723 5273 842 5334 Ms,
880 5293 897 5324 ‹
930 5275 1013 5327 vel
1043 5274 1240 5342 aliquid
1277 5274 1326 5327 in
1356 5272 1527 5342 forma
1559 5271 1732 5325 vituli.
1769 5292 1788 5326 ο

574 5344 685 5413 (41)
713 5342 834 5407 Ms.,
869 5363 886 5393 t
927 5345 1101 5396 media
1137 5341 1320 5397 nocte.
1375 5363 1393 5394 ι
1437 5341 1591 5395 Libb.
1635 5344 1786 5405 editi,
1826 5363 1842 5391 ι
1890 5343 2066 5397 medio

504 5413 699 5482 noctis.
730 5432 748 5464 ο
787 5413 930 5467 Infra
975 5415 1114 5469 idem
1164 5431 1287 5476 ms.,
1337 5432 1354 5464 t
1411 5413 1553 5482 quod
1598 5428 1864 5481 apponant
1915 5414 1984 5468 ei.
2041 5433 2058 5465 ι

504 5480 842 5553 ἰιίὺ1).θᾴἰιί,
875 5503 892 5535 t
928 5485 1067 5553 quod
1095 5499 1286 5553 ponam
1311 5485 1379 5538 ei.
1408 5502 1426 5535 ι

535 5551 688 5634 ,(42)
723 5552 858 5622 Ms.,
908 5551 1234 5610 (salu—tare.
1289 5573 1306 5607 ι
1361 5553 1518 5610 Libb.
1575 5554 1742 5622 editi,
1796 5573 1814 5607 ι
1863 5552 2066 5610 saluta-

505 5639 600 5678 I'IS.
643 5643 662 5676 ι

1348 4895 1362 4909 .
1437 4856 1481 4886 ³³
1502 4855 1632 4908 Luc.
1661 4871 1760 4920 xu,
1787 4856 1875 4913 49.
1953 4857 1998 4889 ³³
2027 4855 2065 4910 Ε

1343 4925 1389 4957 ³⁸
1428 4924 1567 4981 Psal.
1606 4941 1838 4993 xxxvm,
1871 4927 1924 4984 5.
2000 4928 2044 4959 ³⁹

2170 4853 2220 4908 lt.
2248 4867 2307 4906 ι.
2380 4853 2426 4881 ’⁸
2453 4853 2580 4903 Luc.
2609 4865 2681 4910 xi.
2701 4853 2755 4912 5,
2794 4853 2848 4904 6.
2924 4853 2970 4879 "
2997 4853 3166 4906 Levit.
3191 4865 3288 4916 vn,
3315 4853 3402 4903 10.
3478 4853 3524 4882 ²⁶
3554 4853 3659 4907 Lev

2170 4939 2250 4980 or.
2290 4937 2351 4988 ll,
2383 4919 2468 4974 16.
2543 4919 2588 4951 ³⁹
2616 4920 2745 4973 ibid.
2776 4920 2863 4974 12.
2938 4919 2979 4950 ⁹¹
3010 4920 3182 4974 Levit.
3214 4937 3308 4987 vn,
3340 4921 3398 4974 11
3427 4930 3483 4975 et
3505 4936 3659 4992 seqq.

2171 4435 2509 4491 Sacrificium
2543 4437 2676 4498 hoc,
2709 4436 2850 4504 quod
2878 4435 3114 4489 salutare
3145 4436 3462 4506 appellatur,
3503 4435 3554 4488 in
3597 4436 3732 4490 duas

2171 4529 2359 4583 dividit
2389 4536 2592 4597 partes,
2630 4538 2684 4582 ct
2726 4543 2885 4580 unam
2921 4527 3137 4597 quidem
3180 4527 3501 4581 laudationis
3556 4527 3731 4581 nomi-

2168 4629 2282 4686 nat,
2311 4619 2534 4673 alteram
2565 4620 2694 4682 voti,
2727 4629 3017 4688 utrumque
3053 4629 3229 4673 tamen
3257 4619 3607 4683 sacriﬁcium,
3639 4634 3729 4672 sa-

2169 4711 2342 4766 lutare
2389 4711 2716 4764 nominatur.
2757 4709 2956 4765 Verum
3009 4711 3261 4781 quoniam
3302 4727 3407 4764 non
3459 4721 3542 4766 est
3573 4710 3731 4766 nobis

2380 4847 2426 4881 "
2453 4849 2580 4903 Luc.
2609 4865 2681 4910 χι.
2701 4849 2755 4912 5,
2794 4849 2848 4904 6.
2924 4848 2970 4879 ’⁸
2996 4847 3166 4906 Levit.
3191 4865 3288 4916 vn,
3315 4850 3402 4903 10.
3478 4850 3524 4882 ²⁶
3554 4849 3727 4907 Levit.

2241 5056 2533 5130 (45)Libb.
2582 5065 2737 5112 antea
2767 5056 3006 5130 _editi,_t
3054 5056 3223 5111 latent
3274 5065 3329 5130 et
3368 5071 3589 5130 sensum
3635 5070 3733 5130 no-

2175 5127 2349 5184 strum
2396 5137 2674 5197 superant.
2711 5147 2729 5179 ι
2767 5127 2831 5180 Ει
2863 5127 3018 5196 paulo
3055 5137 3197 5197 post,
3239 5146 3258 5178 ι
3293 5127 3389 5194 ipsi
3435 5130 3579 5182 ettitn
3612 5127 3733 5197 plus

2167 5211 2254 5255 est
2315 5213 2504 5253 sensus
2558 5197 2760 5253 Christi
2822 5200 2906 5252 cui
2953 5207 3156 5266 patent,
3213 5215 3233 5248 ι
3280 5197 3374 5251 sed
3423 5213 3526 5254 ms.
3566 5207 3624 5251 ut
3677 5197 3732 5251 in

2171 5278 2356 5324 IIOSlI'O
2382 5277 2548 5321 ιειιιι.

2243 5337 2548 5409 (M)Ms.,_t
2576 5335 2764 5391 oﬁ‘eret
2787 5337 2936 5409 illud,
2973 5345 3025 5390 et
3061 5335 3272 5409 afferet.
3316 5353 3334 5387 ι
3369 5335 3525 5390 Libb.
3573 5335 3730 5409 editi,

2179 5427 2199 5460 ο
2238 5405 2464 5461 offerent
2489 5407 2636 5473 illud,
2671 5418 2725 5461 et
2745 5407 2992 5461 offerent.
3036 5425 3055 5459 ι
3094 5405 3230 5459 Infra
3264 5407 3401 5461 idem
3437 5421 3559 5470 ms.,
3591 5424 3608 5454 t
3635 5407 3726 5474 qui

2173 5479 2410 5535 elinndet
2465 5479 2799 5544 sanguinem.
2858 5496 2875 5526 ι
2930 5477 3082 5544 Libb.
3137 5477 3292 5539 editi,
3349 5494 3367 5526 ι
3424 5478 3514 5546 qni
3551 5476 3728 5530 effutt-

2174 5554 2272 5612 dit,
2300 5570 2318 5601 ι
2346 5561 2451 5603 etc.
2482 5546 2648 5602 Paulo
2669 5557 2787 5615 post
2818 5549 2954 5601 idem
2984 5562 3110 5610 ms.,
3148 5564 3166 5595 t
3199 5561 3266 5600 ex
3295 5562 3358 5600 eo
3390 5547 3442 5601 in
3484 5561 3663 5601 mane.
3704 5560 3727 5599 ι

2175 5622 2326 5676 Libb.
2355 5618 2511 5685 editi,
2547 5634 2568 5668 ι
2603 5632 2668 5674 cx
2702 5632 2767 5673 eo
2795 5633 2962 5686 usque
2986 5618 3040 5672 in
3081 5630 3260 5672 mane.
3297 5635 3317 5669 ι
