4024 6146
303 160 417 217 ΔΞἹ

1497 163 1560 217 ΙΝ
1599 164 1970 217 ωςγιτιωυω
2007 156 2291 215 ῌΟΜΙΙᾸΑ
2320 155 2386 214 ν.

3454 160 3562 225 458

301 287 457 329 nunc
491 273 805 329 secundum
846 274 1079 331 litteram
1128 277 1434 335 instaurare
1487 280 1774 348 sacriﬁcia,
1811 295 1900 335 re-
1930 287 1978 343 Α
2005 293 2167 347 super
2214 293 2379 347 panes
2417 277 2772 335 fermentatos
2814 277 3144 336 sacriﬁcium
3194 282 3417 339 mandat
3458 284 3561 341 im-

310 366 616 432 quiramus
641 366 693 420 in
725 365 878 421 nobis
905 370 1152 438 quisnam
1191 381 1276 427 est
1308 382 1490 429 tantus
1529 388 1593 428 ac
1623 373 1764 439 talis,
1806 373 1900 443 qui

312 456 668 512 Sacrificium
723 460 958 514 salutare
1005 470 1061 514 et
1104 464 1435 520 sacriﬁcium
1488 467 1664 524 laudis
1709 466 1904 523 olferat

315 548 459 603 Deo.
494 550 607 619 Ego
637 550 786 605 illum
816 567 937 609 esse
970 554 1227 622 arbitror,
1254 557 1343 624 qui
1387 559 1440 611 in
1470 559 1721 614 omnibus
1768 559 1903 616 acti-

314 641 424 694 bus
457 643 580 695 suis
611 640 969 699 facitluudari
1014 642 1206 713 Deum,
1255 657 1310 700 ct
1358 649 1610 719 impletur
1654 666 1750 720 per
1777 664 1898 705 eum

310 730 454 785 illud
493 735 640 801 quod
691 733 948 789 Dominus
1000 746 1056 789 et
1101 736 1355 792 Salvator
1410 751 1594 794 uoster
1644 740 1896 795 dicit":

314 842 336 874 ‹
373 822 449 878 Ut
482 824 710 880 videant
734 828 977 883 homines
1006 842 1170 896 opera
1200 842 1379 884 vestra
1410 831 1569 898 bona,
1600 843 1656 886 et
1688 833 1900 903 magni-

310 910 493 966 licent
520 911 741 968 Patrem
767 924 1028 980 vestrum,
1058 916 1147 986 qui
1189 918 1242 972 in
1274 920 1428 976 caelis
1451 932 1553 978 est:
1591 941 1612 974 ι
1646 922 1738 977 ille
1771 937 1900 993 ergo

306 1001 528 1058 obtulit
576 1006 902 1062 sacriﬁcium
954 1007 1147 1074 laudis,
1191 1024 1291 1078 pro
1338 1010 1494 1080 cujus
1524 1014 1757 1080 actibus,
1802 1030 1900 1085 pro

305 1096 479 1165 cujus
511 1096 792 1163 doctrina.
839 1101 1144 1169 praeceptis.
1207 1103 1398 1168 verbo,
1452 1113 1509 1159 et
1556 1107 1815 1173 moribus,
1845 1118 1901 1163 et

304 1190 642 1260 disciplina,
675 1191 927 1247 laudatur
941 1200 995 1248 et
1022 1193 1353 1250 benedicitur
1381 1197 1545 1264 Deus,
1572 1199 1710 1254 sicut
1737 1215 1899 1257 econ-

310 1284 501 1338 trario
535 1294 663 1341 sunt
689 1285 787 1350 illi,
817 1288 882 1340 de
908 1287 1103 1356 quibus
1141 1289 1340 1344 dicitur
1365 1289 1434 1355 ⁸³,
1471 1292 1595 1360 quia
1627 1311 1646 1343 ι
1687 1309 1781 1361 per
1806 1309 1899 1349 vos

308 1389 530 1430 nomen
560 1392 735 1430 meum
761 1376 1166 1447 blasphematur
1193 1381 1335 1435 inter
1361 1392 1571 1450 gentes.
1606 1402 1626 1435 ι
1658 1382 1898 1440 Observa

309 1477 509 1522 tamen
562 1478 617 1522 et
657 1469 768 1534 hic,
800 1471 1066 1538 quomodo
1115 1487 1286 1541 panes
1336 1488 1402 1527 ex
1455 1474 1629 1528 simila
1680 1475 1805 1531 facti
1842 1479 1897 1531 in

305 1559 467 1624 oleo,
501 1568 565 1614 et
614 1560 803 1630 lagana
849 1577 1034 1634 azyma
1080 1574 1241 1619 uncta
1290 1565 1434 1631 oleo,
1467 1577 1521 1620 et
1562 1568 1737 1622 simila
1765 1585 1898 1624 con-

1999 372 2164 441 poni?
2190 372 2387 428 Verum
2411 371 2725 443 diligentius
2747 373 2979 440 intuere,
3005 374 3132 445 quia
3157 389 3264 431 non
3290 377 3359 432 ad
3388 378 3564 434 sacri-

1998 461 2202 532 ﬁcium,
2237 465 2332 520 sed
2380 465 2447 520 ad
2500 466 2857 521 ministerium
2896 468 3146 523 sacriﬁcii
3206 469 3565 527 fermentatus

1999 555 2155 624 panis
2191 557 2508 613 assumitur.
2544 557 2681 625 Quid
2715 573 2845 629 ergo
2877 561 2979 616 hoc
3004 563 3095 626 sit,
3118 562 3396 619 videamus
3423 563 3559 635 (47).

2001 646 2259 704 Dominus
2300 649 2354 703 in
2397 649 2702 720 Evangeliis
2746 653 3037 708 humanam
3072 654 3380 712 doctrinam
3410 655 3560 713 Pha-

1999 737 2299 803 risarorum,
2325 741 2415 809 qui
2470 742 2754 797 tradebant
2810 744 3125 801 traditiones
3159 757 3427 819 praecepta
3464 749 3564 805 ho-

2002 831 2226 895 minum,
2273 832 2598 888 fermentum
2659 834 2912 905 appellat,
2974 852 3096 893 cum
3155 839 3286 895 dicit
3328 840 3567 912 discipu-

1998 923 2067 977 lis
2106 922 2152 955 “
2195 940 2210 976 :
2261 940 2281 974 ι
2335 921 2632 980 Observata
2684 941 2712 980 a
2764 926 3034 984 fermento
3077 928 3504 988 Pharisaeorum.
3537 949 3563 988 ι

1999 1010 2265 1067 Similiter
2301 1027 2432 1083 ergo
2485 1014 2721 1068 humana
2772 1016 3016 1072 doctrina
3064 1027 3165 1082 est,
3198 1020 3347 1075 verbi
3376 1036 3563 1088 causa,

1998 1103 2349 1173 grammatica
2380 1119 2489 1168 ars,
2515 1104 2600 1159 vel
2634 1107 2929 1170 rhetorica,
2958 1109 3040 1163 vel
3071 1110 3235 1164 etiam
3254 1110 3562 1169 dialectica.

1998 1192 2076 1246 Ex
2102 1207 2205 1261 qua
2230 1193 2477 1248 doctrina
2511 1195 2576 1247 ad
2605 1194 2932 1250 sacriﬁcium
2968 1196 3206 1265 quidem,
3244 1197 3348 1253 hoc
3386 1208 3472 1254 est
3508 1199 3563 1254 in

1998 1285 2083 1341 his
2110 1300 2230 1354 quae
2254 1287 2321 1340 de
2350 1286 2456 1339 Deo
2486 1286 2765 1341 sentienda
2799 1298 2947 1351 sunt,
2982 1287 3113 1342 nihil
3162 1289 3563 1358 suscipiendum

1997 1385 2102 1443 est,
2130 1391 2312 1430 sermo
2351 1390 2479 1430 vero
2511 1376 2744 1442 lucidus,
2796 1388 2853 1432 et
2901 1378 3228 1448 eloquentiae
3282 1379 3564 1459 Splendor,

2000 1483 2063 1523 ac
2085 1469 2387 1537 disputandi
2434 1469 2602 1534 ratio,
2639 1471 2705 1524 ad
2738 1470 3093 1526 ministerium
3138 1470 3288 1528 verbi
3331 1470 3431 1528 Dei
3471 1472 3567 1527 de-

2001 1574 2185 1617 center
2210 1561 2433 1630 jubetur
2455 1562 2684 1616 admitti.
2719 1563 2801 1617 An
2848 1580 2951 1619 non
2991 1578 3152 1634 super
3184 1564 3288 1620 hoc
3327 1562 3564 1621 fermen-

308 1667 517 1723 spersa
550 1653 602 1707 in
625 1653 744 1709 oleo
771 1656 1010 1723 ponitur,
1034 1667 1088 1711 et
1123 1658 1312 1725 triplici
1340 1661 1535 1713 iterum
1557 1673 1898 1718 sacramento

2004 1663 2112 1707 tum
2143 1654 2375 1709 habebat
2399 1654 2545 1709 verbi
2581 1653 2673 1709 Dei
2717 1655 3048 1711 sacriﬁcium
3084 1657 3318 1724 positum
3352 1657 3440 1712 ille
3467 1658 3565 1728 qui

308 1744 507 1802 hostia
542 1746 800 1803 salutaris
819 1747 1061 1812 oﬁ‘ertur,
1093 1761 1147 1805 et
1167 1752 1232 1804 ad
1257 1752 1527 1817 ultimum,
1556 1771 1577 1805 ι
1607 1756 1898 1821 sacerdoti,

311 1837 502 1907 inquit
530 1836 600 1904 “,
627 1837 718 1908 qui
747 1836 1299 1909 ell‘unditsanguiuem
1332 1842 1582 1898 sacriﬁcii
1625 1845 1898 1911 salutaris,

310 1929 421 1999 ipsi
442 1929 588 1986 erit.
625 1949 646 1983 ι
695 1930 951 2000 Superius
997 1933 1128 1985 dixit
1159 1933 1204 1964 ³⁸
1237 1950 1250 1986 ;
1290 1950 1310 1985 ε
1353 1934 1634 1991 Sacerdoti
1690 1939 1781 2007 qui
1817 1956 1904 2001 r,c-

312 2020 673 2091 propitiabit,
708 2021 807 2092 ipsi
832 2021 958 2077 erit.
996 2041 1014 2073 ι
1046 2021 1165 2087 llic,
1201 2040 1222 2074 ι
1258 2025 1523 2079 sacerdoti
1558 2029 1648 2095 qui
1680 2027 1904 2083 elfundit

312 2112 653 2186 sanguinem
678 2113 925 2168 sacriiicii
957 2114 1234 2179 salutaris,
1261 2117 1361 2185 ipsi
1384 2118 1507 2171 erit.
1552 2137 1571 2170 ι
1612 2119 1785 2190 Diguo
1815 2136 1902 2175 or-

314 2203 449 2259 dine
480 2204 685 2269 utitur,
725 2206 873 2276 prius
906 2207 1049 2260 enim
1077 2209 1443 2276 repropitiatio
1484 2216 1768 2279 quaerenda
1800 2223 1900 2277 est,

313 2307 375 2352 et
407 2306 547 2369 post
575 2297 691 2352 haec
714 2294 1042 2352 oﬂerendum
1068 2300 1391 2354 sacriﬁcium
1422 2301 1691 2358 salutaris.
1722 2303 1905 2375 Neque

314 2389 462 2444 enim
482 2388 643 2444 salus
656 2404 776 2444 esse
797 2389 1044 2459 cuiquam
1071 2400 1265 2460 potest,
1293 2393 1392 2446 nisi
1422 2394 1572 2463 prius
1597 2395 1698 2450 sibi
1725 2399 1906 2466 propio

315 2481 455 2537 tium
484 2479 869 2537 faciatDeum.
907 2499 926 2533 ι
970 2481 1076 2538 Sed
1111 2494 1165 2539 et
1189 2500 1402 2552 carnes,
1440 2489 1615 2556 inquit
1640 2487 1707 2556 ³⁸,
1737 2492 1907 2545 sacri-

317 2573 429 2631 ﬁcii
470 2574 809 2630 laudationis
856 2574 1111 2631 salutaris
1145 2577 1246 2646 ipsi
1290 2589 1448 2633 erunt
1494 2579 1629 2651 (45).
1685 2599 1706 2633 ι
1753 2580 1907 2652 Saepe

309 2665 424 2736 jam
457 2667 705 2723 diximus
731 2667 871 2739 quod
893 2683 1084 2724 carnes
1113 2670 1166 2723 in
1198 2670 1490 2741 Scripturis
1510 2674 1737 2729 solidum
1766 2676 1908 2730 iudi-

317 2767 450 2815 cant
511 2759 716 2825 cibum,
770 2758 1175 2829 perfectamque
1230 2763 1550 2817 doctrinam.
1600 2766 1906 2821 Secundum

320 2848 659 2922 Scriptores
687 2852 802 2908 scio
848 2867 970 2907 esse
1008 2854 1204 2908 animae
1245 2855 1426 2910 cibum
1467 2861 1748 2926 quemdam
1792 2860 1907 2914 lac-

318 2938 429 3012 tis,
491 2955 551 3001 et
600 2946 766 3000 alium
826 2947 1009 3000 cibum
1076 2948 1272 3003 anima:
1328 2950 1535 3003 olerum
1609 2961 1664 3006 et
1744 2954 1905 3007 alium

2003 1743 2215 1798 dicebat
2237 1742 2281 1774 ¹⁶¹
2318 1761 2332 1797 :
2375 1760 2394 1794 ι
2430 1742 2800 1812 Corrumpunt
2847 1760 3026 1799 mores
3080 1746 3250 1803 bonos
3295 1746 3565 1818 colloquia

2003 1832 2182 1887 mala?
2239 1853 2257 1886 ι
2304 1833 2369 1888 Ει
2406 1832 2450 1865 ⁸³
2500 1851 2514 1888 :
2561 1851 2581 1884 ι
2637 1833 2927 1890 Cretenses
2977 1851 3194 1906 semper
3246 1839 3562 1907 mendaces,

2002 1924 2156 1978 mala:
2184 1926 2388 1987 bestiis,
2425 1935 2641 1978 ventres
2666 1925 2828 1995 pigri,
2868 1945 2886 1978 ι
2924 1935 2978 1981 et
3006 1926 3110 1982 alia
3144 1927 3233 1989 his
3270 1929 3469 1985 similia
3493 1945 3563 1989 ex

2003 2015 2271 2072 fermento
2300 2028 2509 2086 sumpta
2541 2016 2871 2073 Graecorum.

2071 2109 2228 2179 211
2264 2110 2317 2165 8.
2348 2111 2499 2178 Quod
2529 2119 2711 2165 autem
2737 2112 2872 2167 dicit
2904 2112 2971 2181 ⁸³,
3010 2132 3028 2165 ι
3057 2114 3160 2170 sub
3188 2115 3279 2172 die
3313 2118 3564 2176 comede-

2008 2211 2115 2267 tur,
2144 2219 2241 2258 nec
2264 2203 2672 2273 derelinquetur
2701 2206 2775 2261 ab
2803 2220 2867 2261 eo
2895 2222 3063 2277 usque
3085 2208 3138 2263 in
3180 2224 3360 2277 mane,
3392 2229 3413 2264 ι
3438 2226 3567 2269 con-

2004 2290 2242 2347 feramus
2275 2310 2398 2348 cum
2434 2296 2646 2352 caeteris
2697 2296 3004 2363 sacriﬁciis,
3035 2306 3090 2352 et
3112 2300 3392 2359 videamus
3442 2318 3565 2372 qua

2003 2386 2079 2441 sit
2114 2387 2252 2441 ratio
2290 2386 2432 2455 quod
2477 2387 2531 2441 in
2582 2385 2689 2442 hoc
2737 2387 2955 2455 quidem
2990 2388 3262 2445 sacrificio
3317 2391 3565 2459 salutari,

2005 2479 2190 2534 eadem
2220 2479 2326 2547 die,
2354 2494 2474 2549 quae
2501 2476 2800 2535 offeruntur
2823 2481 3081 2552 praecepit
3106 2484 3434 2539 comedenda
3460 2500 3476 2539 :
3510 2485 3565 2545 in

2006 2570 2114 2624 alio
2140 2585 2266 2627 vero
2293 2569 2583 2635 sacrificio,
2607 2571 2770 2626 etiam
2798 2571 2851 2625 in
2878 2571 3169 2626 secundam
3193 2572 3333 2628 diem
3359 2574 3567 2639 servari

2007 2662 2266 2734 indulget,
2293 2672 2347 2719 et
2375 2678 2547 2728 usque
2580 2664 2635 2719 in
2684 2664 2898 2718 tertiam
2929 2702 2948 2730 ,
2977 2665 3139 2719 tertia
3189 2664 3450 2735 verojam
3483 2667 3568 2726 die

2006 2754 2117 2824 igni
2149 2754 2288 2810 tradi
2333 2770 2455 2824 quae
2487 2750 2898 2825 superfuerint,
2940 2769 3009 2809 ne
3051 2754 3292 2824 polluant
3329 2755 3567 2817 oﬁ‘eren-

2011 2857 2136 2903 tem.
2188 2848 2326 2914 Quid
2354 2863 2485 2918 ergo
2533 2849 2729 2903 habeat
2762 2848 2862 2902 ista
2898 2846 3220 2914 differentia,
3268 2849 3565 2917 videamus.

2010 2938 2114 2995 Sed
2155 2953 2277 2993 vere
2305 2940 2609 3008 indigemus
2653 2939 2858 2994 auxilio
2885 2938 3004 3004 Dei,
3036 2941 3128 3010 qui
3156 2955 3347 2996 omnes
3380 2942 3569 3013 adipes

318 3040 536 3117 carnis,
570 3040 718 3096 sicut
743 3040 857 3110 ipse
879 3039 1166 3109 Apostolus
1199 3043 1264 3095 de
1301 3041 1626 3109 quibusdam
1659 3045 1793 3099 dicit
1819 3045 1900 3100 "t
1936 3013 1977 3073 C
2009 3042 2362 3103 contegentes
2411 3033 2671 3087 interiora
2707 3042 2889 3088 nostra
2937 3032 3191 3103 disnetur
3228 3034 3567 3103 abscindere.

330 3147 352 3184 ι
382 3130 535 3200 Quia
569 3129 711 3187 lacte
761 3146 859 3187 vos
894 3133 1096 3201 potavi,
1133 3147 1237 3186 non
1283 3149 1429 3188 esca.
1476 3133 1722 3190 Nondum
1756 3139 1900 3192 enim

325 3222 624 3293 poteratis,
653 3224 751 3277 sed
778 3238 878 3277 nec
905 3223 1081 3277 adhuc
1105 3223 1351 3291 potestis.
1382 3224 1571 3279 Adhuc
1597 3226 1740 3280 enim
1772 3230 1904 3283 estis

322 3314 601 3371 carnales.
636 3334 655 3368 ι
686 3315 754 3370 Ει
777 3317 971 3369 iterum
999 3314 1125 3368 alibi
1158 3314 1294 3370 dicit
1316 3316 1361 3348 ³³
1395 3334 1409 3370 :
1444 3335 1463 3369 ί
1494 3316 1648 3372 Alius
1683 3320 1901 3387 quidem

322 3406 508 3485 credit
529 3420 592 3463 se
619 3407 951 3463 manducare
980 3408 1183 3476 omnia,
1210 3411 1301 3481 qui
1328 3421 1509 3464 autem
1547 3410 1797 3465 inﬁrmus
1822 3421 1906 3465 est

325 3499 479 3554 olera
516 3502 831 3556 manducet.
865 3520 884 3554 ι
916 3501 987 3558 Et
1015 3517 1229 3557 rursum
1268 3503 1396 3558 alibi
1425 3503 1470 3536 ”
1511 3521 1525 3556 :
1569 3524 1589 3555 ς
1628 3503 1906 3558 Perfecto-

328 3598 448 3661 rum
474 3601 661 3648 autem
689 3603 773 3649 est
799 3594 953 3649 cibus
988 3595 1214 3657 solidus,
1260 3614 1278 3647 ι
1309 3603 1416 3650 etc.
1468 3595 1568 3652 llic
1609 3611 1739 3666 ergo
1784 3609 1905 3649 car-

329 3676 427 3742 nes
477 3684 737 3742 sacrificii
771 3686 1048 3755 salutaris,
1099 3688 1244 3758 quod
1296 3686 1523 3742 oll'ertur
1573 3702 1672 3756 pro
1715 3686 1903 3740 lauda—

328 3773 505 3844 tione,
551 3773 724 3847 ipsius
766 3775 1031 3847 iubentur
1084 3792 1205 3834 esse
1257 3778 1578 3832 sacerdotis.
1623 3776 1700 3831 Ex
1726 3775 1904 3831 simila

331 3882 470 3926 vero
528 3869 815 3940 tripliciter
860 3868 1062 3933 oblata,
1115 3877 1178 3924 ut
1231 3884 1392 3940 supra
1435 3870 1691 3935 diximus,
1738 3882 1903 3923 unum

334 3946 550 4018 tantum
575 3963 717 4032 quod
740 3960 1007 4034 placuerit
1029 3962 1304 4017 sacerdoti
1337 3963 1626 4032 deputatur
1653 3978 1669 4016 :
1702 3972 1901 4015 caetera

329 4055 612 4113 oll’erentis
634 4056 751 4132 (46)
779 4067 907 4115 sunt
928 4059 1077 4125 laici,
1116 4060 1188 4113 ita
1221 4067 1399 4113 tamen
1437 4065 1498 4111 ut
1538 4056 1638 4109 sub
1682 4055 1771 4109 die
1807 4069 1904 4109 co-

335 4150 645 4215 metiantur.
681 4166 786 4209 nec
822 4162 1110 4208 remaneat
1144 4167 1212 4207 ex
1253 4151 1337 4205 his
1380 4148 1580 4219 aliquid
1619 4148 1671 4200 in
1721 4161 1901 4201 mane.

332 4240 540 4300 Games
561 4257 695 4316 ergo
720 4243 774 4299 in
808 4244 1008 4316 quibus
1035 4245 1238 4300 solidus
1261 4242 1413 4298 cibus
1441 4252 1544 4307 est,
1578 4247 1633 4293 et
1660 4239 1902 4307 perfecta

290 4330 299 4341 ’
335 4332 589 4405 scientia,
630 4333 1005 4390 sacerdotibus
1042 4335 1395 4403 deputantur,
1437 4329 1563 4399 quia
1598 4328 1798 4382 debent
1848 4327 1902 4381 in
1936 4345 1981 4402 ι)

335 4428 595 4495 omnibus
629 4442 752 4485 esse
775 4427 1026 4497 perfecti,
1066 4425 1119 4480 in
1160 4425 1430 4488 doetriua,
1478 4423 1533 4476 iu
1576 4422 1795 4484 virtute,
1844 4419 1896 4474 in

337 4521 602 4581 litoribus.
632 4521 691 4574 Si
712 4516 855 4572 enim
901 4514 1004 4570 hoc
1034 4514 1088 4568 in
1116 4527 1176 4568 se
1218 4525 1323 4567 non
1358 4507 1671 4571 habuerint,
1707 4512 1774 4560 de
1809 4520 1900 4559 sa-

338 4604 670 4679 criﬁciorum
710 4608 970 4665 carnibus
1009 4621 1117 4665 non
1157 4607 1336 4661 edent.
1376 4603 1554 4660 Unum
1605 4614 1736 4655 vero
1769 4598 1899 4652 illud

336 4696 852 4780 quodaseparatur,
914 4710 1175 4771 tanquam
1232 4697 1559 4765 praecipuum
1611 4707 1678 4746 ex
1728 4691 1902 4745 tribus

340 4815 458 4871 qua:
478 4814 547 4856 ex
578 4796 752 4855 simila
778 4803 1046 4867 praecepta
1095 4800 1244 4858 sunt,
1278 4791 1329 4843 in
1361 4788 1465 4843 hoc
1495 4785 1638 4840 illam
1690 4792 1904 4867 partem

330 4884 357 4899 7v
368 4884 381 4903 ξ

613 4882 852 4967 arbitror
899 4883 1196 4956 designari,
1246 4882 1313 4937 de
1342 4895 1445 4950 qua
1473 4877 1740 4999 superius1
1771 4873 1913 4999 dixi-

384 4964 415 4999 ,δ
438 4968 453 4975 ‘
494 4966 545 4999 εἶ
568 4996 621 4999 ,,-
658 4974 682 4999 '_
701 4980 947 4999 --ι·-,.-...
987 4976 1184 4999 :--.s:-...
1230 4969 1660 4999 ..ι-..ιιηιιηωηηυ
1747 4974 1864 4999 nnlr
1886 4993 1910 4999 _

346 4950 629 5055 ιᾶἷξξᾟιιω
656 4954 949 5052 perfectam
987 4950 1190 5031 indicat
1229 4969 1661 5043 profundumque
1708 4964 1910 5021 doctri-

346 5066 632 5132 nam'Sed
661 5071 906 5142 requires
929 5069 1190 5129 fortasse,
1222 5078 1346 5119 cum
1376 5060 1637 5132 superius
1669 5057 1910 5114 fermen-

722 5162 983 5235 abjecerit
1006 5164 1072 5217 de
1102 5155 1415 5223 sacriﬁciis,
1440 5151 1715 5224 quomodo
1761 5163 1909 5243 nunc

316 5160 323 5169 λ

480 5232 677 5319 ilatth.
698 5277 757 5328 v,
777 5232 867 5315 i6.
942 5256 986 5289 ⁸·
1011 5256 1172 5328 ltum.
1192 5268 1252 5328 ii,
1282 5249 1373 5328 '54.
1446 5247 1494 5281 ”
1525 5242 1902 5328 Ιιξνηίῇνξινμ

2017 5241 2062 5272 ω
2093 5238 2247 5328 nam,
2272 5236 2459 5328 Ξηψζσ
2491 5235 2620 5328 initi;
2646 5232 2735 5328 15;

2003 3134 2059 3179 et
2100 3139 2262 3178 omne
2293 3123 2581 3179 crassioris
2611 3138 2806 3179 sensus
2835 3123 3080 3180 velamen
3103 3123 3340 3191 auferre,
3366 3133 3426 3183 ut
3451 3126 3569 3185 haec

2005 3223 2300 3274 secundum
2330 3220 2382 3273 id
2412 3221 2552 3288 quod
2580 3232 2608 3271 a
2634 3216 2745 3273 Deo
2778 3217 3022 3272 mandari
3052 3217 3269 3285 dicitur,
3294 3217 3569 3289 possimus

2006 3309 2314 3363 advertere.
2346 3306 2705 3363 Conferamus
2736 3305 2902 3374 igitur
2948 3305 3120 3373 ipsam
3171 3304 3275 3360 sibi
3319 3304 3571 3376 Scriptur-

2007 3416 2123 3454 ram
2149 3400 2417 3464 divinam,
2447 3407 2502 3455 et
2529 3413 2690 3468 quam
2717 3398 2991 3466 aperuerit
3015 3395 3171 3452 nobis
3213 3395 3570 3455 absolutionis

2006 3491 2259 3546 semitam
2290 3490 2703 3560 subsequamur.
2734 3487 3044 3543 Invenimus
3069 3486 3214 3541 enim
3245 3488 3311 3543 de
3356 3488 3570 3545 sacriﬁ-

2005 3583 2091 3637 cio
2117 3581 2364 3647 Pascha,
2388 3581 2532 3651 quod
2558 3581 2610 3635 in
2639 3595 2861 3649 vespera
2888 3577 3152 3634 immolari
3177 3576 3571 3648 jubeturydarl

2006 3675 2325 3728 mandatum
2358 3672 2610 3728 similiter
2634 3680 2693 3725 ut
2718 3671 2852 3725 nihil
2876 3679 3155 3725 remaneat
3200 3685 3266 3726 ex
3314 3670 3570 3727 carnibus

2006 3780 2177 3835 usque
2204 3765 2459 3821 inmane.
2483 3762 2600 3819 Non
2623 3772 2709 3819 est
2734 3776 2863 3833 ergo
2900 3761 3135 3817 otiosum
3196 3762 3338 3832 quod
3366 3762 3573 3823 hester-

2008 3872 2106 3911 nas
2135 3871 2330 3911 carnes
2356 3855 2500 3910 vesci
2545 3869 2653 3909 non
2684 3854 2801 3917 vult
2831 3867 2930 3909 nos
2972 3866 3158 3908 sermo
3183 3852 3397 3908 divinus
3426 3892 3443 3917 ,
3472 3852 3569 3911 sed

2008 3958 2250 4002 recentes
2278 3962 2493 4017 semper
2522 3957 2579 4000 et
2622 3958 2813 4010 novas,
2849 3959 2945 4000 eos
2986 3943 3220 3999 maxime
3248 3944 3342 4013 qui
3394 3944 3572 4001 sacri-

2008 4040 2189 4094 licium
2242 4038 2488 4102 Paschie,
2538 4035 2627 4093 vel
2678 4035 3004 4091 sacriﬁcium
3055 4034 3229 4089 laudis
3284 4034 3573 4091 immolant

2007 4131 2146 4198 Deo,
2181 4145 2356 4186 novas
2408 4142 2541 4183 vero
2573 4141 2765 4182 carnes
2793 4165 2810 4193 ,
2857 4135 2913 4182 et
2951 4134 3197 4181 recentes
3238 4117 3408 4196 ipsius
3461 4127 3570 4184 diei

2007 4224 2169 4278 edere
2215 4221 2394 4292 jubet,
2429 4220 2718 4279 hesternas
2744 4216 3016 4285 prohibet.
3071 4214 3408 4270 Recordatus
3449 4230 3572 4272 sum

2008 4313 2185 4369 simile
2245 4311 2449 4381 aliquid
2497 4320 2556 4364 et
2604 4307 2921 4378 prophetam
2962 4306 3301 4362 Ezechielem
3340 4306 3569 4371 dicere,

2007 4420 2128 4460 cum
2156 4404 2207 4459 ei
2231 4402 2486 4459 Dominus
2508 4400 2872 4471 praecepisset,
2907 4409 2966 4454 ut
2993 4409 3249 4471 coqueret
3277 4400 3378 4456 sibi
3401 4414 3572 4471 panes

2008 4495 2062 4549 in
2099 4504 2342 4550 stercore
2395 4494 2657 4548 humano.
2697 4490 2995 4563 Respondit
3039 4490 3184 4546 enim
3241 4491 3467 4548 Domino
3513 4503 3571 4548 et

2007 4588 2144 4642 dixit
2184 4586 2232 4619 “
2307 4606 2322 4643 :
2362 4602 2382 4638 ι
2415 4584 2460 4641 0
2490 4583 2743 4649 Domine,
2783 4598 3058 4652 nunquam
3088 4586 3452 4638 contaminata
3485 4594 3574 4638 est

2009 4683 2191 4736 anima
2221 4694 2363 4743 mea,
2388 4686 2445 4732 et
2473 4675 2822 4732 morticinum
2850 4685 2945 4731 aut
2972 4675 3306 4731 immundum
3357 4690 3463 4732 non
3496 4677 3574 4731 in-

2011 4773 2203 4828 troivit
2233 4772 2289 4826 in
2320 4786 2383 4828 os
2426 4785 2627 4826 meum.
2676 4769 2787 4824 Sed
2833 4784 3008 4835 neque
3039 4785 3167 4826 caro
3200 4770 3452 4847 hesterna
3489 4771 3571 4825 itt-

2007 4868 2191 4924 troivit
2217 4871 2271 4922 in
2303 4882 2366 4923 os
2397 4879 2597 4921 meum.
2643 4883 2664 4918 ι
2700 4866 2777 4920 De
2801 4877 2908 4935 quo
2953 4877 3099 4933 saepe
3145 4862 3286 4932 apud
3344 4871 3573 4918 memet-

2005 4961 2183 5032 ipsum
2237 4960 2582 5030 requirebam
2622 4972 2870 5028 quaenam
2942 4965 3087 5011 esset
3133 4956 3239 5011 ista
3295 4958 3574 5027 prophetat

2007 5052 2320 5121 exsultatio,
2359 5065 2464 5121 qua
2496 5049 2648 5105 velut
2690 5064 2945 5118 magnum
2981 5046 3183 5118 aliquid
3237 5058 3364 5103 ante
3398 5047 3570 5106 Deum

2004 5144 2294 5216 proferret,
2321 5152 2377 5198 et
2400 5143 2629 5207 diceret,
2654 5140 2783 5211 quia
2811 5153 3085 5209 nunquam
3109 5152 3330 5194 carnem
3361 5139 3572 5196 hester-

2809 5231 2852 5263 ³⁷
2882 5230 2902 5285 l
2929 5230 3053 5287 Cor.
3082 5244 3166 5296 iii,
3203 5230 3261 5286 2.
3335 5232 3380 5264 ³⁵
3409 5230 3569 5286 Rom.

348 5346 456 5402 in,
475 5300 677 5395 iu":
881 5344 945 5395 ν,
968 5300 1177 5383 lin“
1192 5300 1386 5379 mittit.
1408 5334 1526 5387 xvi,
1557 5300 1612 5373 ti.
1642 5300 1729 5349 77“
1759 5300 1902 5367 l.'Co

2004 5311 2194 5379 xv,55.
2232 5300 2242 5304 ⁷
2270 5307 2317 5339 δ’
2343 5304 2450 5362 Tit.
2482 5323 2520 5371 ι,
2551 5306 2639 5361 12.
2715 5302 2762 5334 ⁴³
2796 5300 2971 5359 Levit.
3001 5317 3095 5368 vti,
3123 5302 3211 5357 15.
3288 5300 3336 5334 ⁸⁸
3366 5301 3568 5357 Ezech.

338 5404 685 5569 figi...
718 5450 741 5552 ᾇ
774 5507 962 5569 agunt.
1002 5512 1023 5546 ι
1057 5491 1213 5548 Libb.
1246 5487 1402 5554 editi,
1436 5503 1456 5538 ι
1489 5482 1677 5540 edunt.
1704 5499 1726 5534 ι

410 5566 523 5643 (ﬁl
545 5566 1062 5643 ξεοέαοίεπθηιέβε
1101 5582 1122 5616 ’
1245 5630 1297 5643 ..
1442 5642 1447 5643 ,

418 5626 529 5715 μή
558 5626 713 5698 Cibi).
750 5646 907 5693 antea
935 5628 1088 5699 editi,
1117 5651 1136 5685 ε
1167 5630 1299 5702 quid
1331 5642 1461 5701 ergo
1491 5626 1579 5681 hic
1621 5626 1691 5679 sit
1737 5633 1905 5692 agen-

739 5739 1016 5803 Ps'raon.
1061 5733 1181 5795 Gtt.
1216 5729 1354 5793 ΧΠ.

2014 5475 2164 5536 dum,
2188 5470 2486 5532 videamus,
2520 5484 2542 5517 ι
2580 5464 2676 5520 sed
2700 5476 2801 5536 ius.
2831 5470 2891 5517 ut
2922 5460 2976 5516 in
3005 5468 3189 5536 nostro
3210 5468 3380 5515 textu.
3403 5458 3574 5536 Paulo

2013 5529 2497 5616 post'idetnnis;
2531 5554 2550 5588 ι
2599 5532 2882 5616 tradebant
2951 5530 3291 5587 traditiones.
3342 5550 3363 5584 ι
3407 5529 3568 5587 Libb.

2013 5605 2167 5677 editi,
2198 5628 2217 5662 ι
2245 5606 2529 5665 tradebant
2550 5605 2914 5661 traditionem.
2944 5620 2968 5653 ι

3211 5700 3284 5756 15
