  <div class='ocr_page' id='page_1' title='image "/cluster/home/n/w/nwhite01/storage/ocr_20150623/12/mdp.39015028786690/239.png"; bbox 0 0 4024 6146; ppageno 0'>
   <div class='ocr_carea' id='block_1_1' title="bbox 470 167 576 221">
    <p class='ocr_par' dir='ltr' id='par_1_1' title="bbox 470 167 576 221">
     <span class='ocr_line' id='line_1_1' title="bbox 470 167 576 221; baseline 0.009 -1"><span class='ocrx_word' id='word_1_1' title='bbox 470 167 576 221; x_wconf 63' lang='lat'><strong>45‘.)</strong></span> 
     </span>
    </p>
   </div>
   <div class='ocr_carea' id='block_1_2' title="bbox 1921 164 2244 221">
    <p class='ocr_par' dir='ltr' id='par_1_2' title="bbox 1921 164 2244 221">
     <span class='ocr_line' id='line_1_2' title="bbox 1921 164 2244 221; baseline -0.006 0"><span class='ocrx_word' id='word_1_2' title='bbox 1921 164 2244 221; x_wconf 69' lang='lat' dir='ltr'><strong>OﬁlGENS</strong></span> 
     </span>
    </p>
   </div>
   <div class='ocr_carea' id='block_1_3' title="bbox 3615 171 3729 229">
    <p class='ocr_par' dir='ltr' id='par_1_3' title="bbox 3615 171 3729 229">
     <span class='ocr_line' id='line_1_3' title="bbox 3615 171 3729 229; baseline 0.026 -3"><span class='ocrx_word' id='word_1_3' title='bbox 3615 171 3729 229; x_wconf 73' lang='grc' dir='ltr'>ιω</span> 
     </span>
    </p>
   </div>
   <div class='ocr_carea' id='block_1_4' title="bbox 475 281 3727 354">
    <p class='ocr_par' dir='ltr' id='par_1_4' title="bbox 475 281 3727 354">
     <span class='ocr_line' id='line_1_4' title="bbox 475 281 3727 354; baseline 0 -15"><span class='ocrx_word' id='word_1_4' title='bbox 475 301 597 340; x_wconf 90' lang='lat' dir='ltr'><strong>nam</strong></span> <span class='ocrx_word' id='word_1_5' title='bbox 635 285 974 340; x_wconf 79' lang='lat' dir='ltr'><strong>manducavi.</strong></span> <span class='ocrx_word' id='word_1_6' title='bbox 1012 282 1142 348; x_wconf 90' lang='lat' dir='ltr'><strong>Sed,</strong></span> <span class='ocrx_word' id='word_1_7' title='bbox 1167 291 1226 336; x_wconf 92' lang='lat' dir='ltr'><strong>ut</strong></span> <span class='ocrx_word' id='word_1_8' title='bbox 1258 283 1436 347; x_wconf 77' lang='lat' dir='ltr'><strong>video,</strong></span> <span class='ocrx_word' id='word_1_9' title='bbox 1469 281 1600 338; x_wconf 91' lang='lat' dir='ltr'><strong>hinc</strong></span> <span class='ocrx_word' id='word_1_10' title='bbox 1629 284 1872 350; x_wconf 87' lang='lat' dir='ltr'><strong>edoctus,</strong></span> <span class='ocrx_word' id='word_1_11' title='bbox 1897 293 1949 336; x_wconf 92' lang='lat' dir='ltr'><strong>et</strong></span> <span class='ocrx_word' id='word_1_12' title='bbox 1974 299 2038 336; x_wconf 82' lang='lat' dir='ltr'><strong>ex</strong></span> <span class='ocrx_word' id='word_1_13' title='bbox 2071 287 2116 342; x_wconf 79' lang='grc' dir='ltr'><strong>Α</strong></span> <span class='ocrx_word' id='word_1_14' title='bbox 2213 283 2266 337; x_wconf 89' lang='grc'><strong>9.</strong></span> <span class='ocrx_word' id='word_1_15' title='bbox 2300 283 2506 337; x_wconf 76' lang='lat' dir='ltr'><strong>Dicitur</strong></span> <span class='ocrx_word' id='word_1_16' title='bbox 2535 298 2664 352; x_wconf 83' lang='lat' dir='ltr'><strong>ergo</strong></span> <span class='ocrx_word' id='word_1_17' title='bbox 2710 283 2765 337; x_wconf 90' lang='lat' dir='ltr'><strong>in</strong></span> <span class='ocrx_word' id='word_1_18' title='bbox 2799 284 3152 352; x_wconf 70' lang='lat' dir='ltr'><strong>sequentibus</strong></span> <span class='ocrx_word' id='word_1_19' title='bbox 3174 285 3243 350; x_wconf 67' lang='grc' dir='ltr'><strong>δ’,</strong></span> <span class='ocrx_word' id='word_1_20' title='bbox 3285 304 3302 336; x_wconf 88' lang='grc' dir='ltr'><strong>ι</strong></span> <span class='ocrx_word' id='word_1_21' title='bbox 3337 285 3474 354; x_wconf 91' lang='lat' dir='ltr'><strong>quod</strong></span> <span class='ocrx_word' id='word_1_22' title='bbox 3533 286 3581 339; x_wconf 86' lang='lat' dir='ltr'><strong>si</strong></span> <span class='ocrx_word' id='word_1_23' title='bbox 3619 303 3727 340; x_wconf 87' lang='lat' dir='ltr'><strong>vo-</strong></span> 
     </span>
    </p>
   </div>
   <div class='ocr_carea' id='block_1_5' title="bbox 475 376 2037 446">
    <p class='ocr_par' dir='ltr' id='par_1_5' title="bbox 475 376 2037 446">
     <span class='ocr_line' id='line_1_5' title="bbox 475 376 2037 446; baseline -0.001 -14"><span class='ocrx_word' id='word_1_24' title='bbox 475 379 595 433; x_wconf 87' lang='lat' dir='ltr'><strong>istis</strong></span> <span class='ocrx_word' id='word_1_25' title='bbox 624 379 861 433; x_wconf 87' lang='lat' dir='ltr'><strong>imbutus</strong></span> <span class='ocrx_word' id='word_1_26' title='bbox 904 377 1199 446; x_wconf 83' lang='lat' dir='ltr'><strong>mysteriis,</strong></span> <span class='ocrx_word' id='word_1_27' title='bbox 1237 376 1351 430; x_wconf 73' lang='lat' dir='ltr'><strong>haec</strong></span> <span class='ocrx_word' id='word_1_28' title='bbox 1393 377 1656 445; x_wconf 78' lang='lat' dir='ltr'><strong>propheta</strong></span> <span class='ocrx_word' id='word_1_29' title='bbox 1717 377 2037 445; x_wconf 73' lang='lat' dir='ltr'><strong>loquebatur</strong></span> 
     </span>
    </p>
   </div>
   <div class='ocr_carea' id='block_1_6' title="bbox 475 467 2032 540">
    <p class='ocr_par' dir='ltr' id='par_1_6' title="bbox 475 467 2032 540">
     <span class='ocr_line' id='line_1_6' title="bbox 475 467 2032 540; baseline -0.003 -14"><span class='ocrx_word' id='word_1_30' title='bbox 475 475 541 527; x_wconf 84' lang='lat' dir='ltr'><strong>ad</strong></span> <span class='ocrx_word' id='word_1_31' title='bbox 576 471 879 535; x_wconf 90' lang='lat' dir='ltr'><strong>Dominum,</strong></span> <span class='ocrx_word' id='word_1_32' title='bbox 907 470 1030 537; x_wconf 90' lang='lat' dir='ltr'><strong>quia</strong></span> <span class='ocrx_word' id='word_1_33' title='bbox 1065 483 1166 521; x_wconf 93' lang='lat' dir='ltr'><strong>non</strong></span> <span class='ocrx_word' id='word_1_34' title='bbox 1199 468 1270 521; x_wconf 89' lang='lat' dir='ltr'><strong>ita</strong></span> <span class='ocrx_word' id='word_1_35' title='bbox 1303 467 1544 536; x_wconf 90' lang='lat' dir='ltr'><strong>abjectus</strong></span> <span class='ocrx_word' id='word_1_36' title='bbox 1571 480 1624 524; x_wconf 90' lang='lat' dir='ltr'><strong>et</strong></span> <span class='ocrx_word' id='word_1_37' title='bbox 1651 471 1888 540; x_wconf 89' lang='lat' dir='ltr'><strong>degener</strong></span> <span class='ocrx_word' id='word_1_38' title='bbox 1914 484 2032 523; x_wconf 90' lang='lat' dir='ltr'><strong>sum</strong></span> 
     </span>
    </p>
   </div>
   <div class='ocr_carea' id='block_1_7' title="bbox 477 559 2038 626">
    <p class='ocr_par' dir='ltr' id='par_1_7' title="bbox 477 559 2038 626">
     <span class='ocr_line' id='line_1_7' title="bbox 477 559 2038 626; baseline 0.001 -10"><span class='ocrx_word' id='word_1_39' title='bbox 477 564 750 626; x_wconf 84' lang='lat' dir='ltr'><strong>sacerdos,</strong></span> <span class='ocrx_word' id='word_1_40' title='bbox 785 571 847 614; x_wconf 97' lang='grc' dir='ltr'><strong>ιιι</strong></span> <span class='ocrx_word' id='word_1_41' title='bbox 892 561 1185 623; x_wconf 77' lang='lat' dir='ltr'><strong>hesternis,</strong></span> <span class='ocrx_word' id='word_1_42' title='bbox 1222 559 1274 612; x_wconf 89' lang='lat' dir='ltr'><strong>id</strong></span> <span class='ocrx_word' id='word_1_43' title='bbox 1315 568 1398 613; x_wconf 90' lang='lat' dir='ltr'><strong>est</strong></span> <span class='ocrx_word' id='word_1_44' title='bbox 1448 562 1726 616; x_wconf 82' lang='lat' dir='ltr'><strong>veteribus</strong></span> <span class='ocrx_word' id='word_1_45' title='bbox 1782 562 2038 618; x_wconf 89' lang='lat' dir='ltr'><strong>carnibus</strong></span> 
     </span>
    </p>
   </div>
   <div class='ocr_carea' id='block_1_8' title="bbox 476 651 2039 718">
    <p class='ocr_par' dir='ltr' id='par_1_8' title="bbox 476 651 2039 718">
     <span class='ocr_line' id='line_1_8' title="bbox 476 651 2039 718; baseline 0.003 -12"><span class='ocrx_word' id='word_1_46' title='bbox 476 668 682 708; x_wconf 87' lang='lat' dir='ltr'><strong>vescar.</strong></span> <span class='ocrx_word' id='word_1_47' title='bbox 716 652 915 706; x_wconf 80' lang='lat' dir='ltr'><strong>Audite</strong></span> <span class='ocrx_word' id='word_1_48' title='bbox 945 651 1080 713; x_wconf 84' lang='lat' dir='ltr'><strong>haec,</strong></span> <span class='ocrx_word' id='word_1_49' title='bbox 1123 667 1313 707; x_wconf 90' lang='lat' dir='ltr'><strong>omnes</strong></span> <span class='ocrx_word' id='word_1_50' title='bbox 1350 651 1561 706; x_wconf 92' lang='lat' dir='ltr'><strong>Domini</strong></span> <span class='ocrx_word' id='word_1_51' title='bbox 1617 654 1949 718; x_wconf 87' lang='lat' dir='ltr'><strong>sacerdotes,</strong></span> <span class='ocrx_word' id='word_1_52' title='bbox 1983 663 2039 710; x_wconf 89' lang='lat' dir='ltr'><strong>et</strong></span> 
     </span>
    </p>
   </div>
   <div class='ocr_carea' id='block_1_9' title="bbox 473 743 2040 812">
    <p class='ocr_par' dir='ltr' id='par_1_9' title="bbox 473 743 2040 812">
     <span class='ocr_line' id='line_1_9' title="bbox 473 743 2040 812; baseline 0.001 -14"><span class='ocrx_word' id='word_1_53' title='bbox 473 746 726 798; x_wconf 84' lang='lat' dir='ltr'><strong>attentius</strong></span> <span class='ocrx_word' id='word_1_54' title='bbox 753 743 1039 810; x_wconf 78' lang='lat' dir='ltr'><strong>intelligite</strong></span> <span class='ocrx_word' id='word_1_55' title='bbox 1063 758 1180 811; x_wconf 66' lang='lat' dir='ltr'><strong>quae</strong></span> <span class='ocrx_word' id='word_1_56' title='bbox 1229 745 1504 798; x_wconf 90' lang='lat' dir='ltr'><strong>dicuntur.</strong></span> <span class='ocrx_word' id='word_1_57' title='bbox 1529 743 1672 798; x_wconf 89' lang='lat' dir='ltr'><strong>Caro</strong></span> <span class='ocrx_word' id='word_1_58' title='bbox 1705 761 1823 812; x_wconf 64' lang='lat' dir='ltr'><strong>qum</strong></span> <span class='ocrx_word' id='word_1_59' title='bbox 1857 762 1920 799; x_wconf 76' lang='lat' dir='ltr'><strong>ex</strong></span> <span class='ocrx_word' id='word_1_60' title='bbox 1953 761 2040 800; x_wconf 91' lang='lat' dir='ltr'><strong>sa-</strong></span> 
     </span>
    </p>
   </div>
   <div class='ocr_carea' id='block_1_10' title="bbox 471 835 2036 906">
    <p class='ocr_par' dir='ltr' id='par_1_10' title="bbox 471 835 2036 906">
     <span class='ocr_line' id='line_1_10' title="bbox 471 835 2036 906; baseline 0.002 -18"><span class='ocrx_word' id='word_1_61' title='bbox 471 837 691 889; x_wconf 90' lang='lat' dir='ltr'><strong>criﬁciis</strong></span> <span class='ocrx_word' id='word_1_62' title='bbox 712 836 1086 890; x_wconf 84' lang='lat' dir='ltr'><strong>sacerdotibus</strong></span> <span class='ocrx_word' id='word_1_63' title='bbox 1111 835 1418 905; x_wconf 88' lang='lat' dir='ltr'><strong>deputatur,</strong></span> <span class='ocrx_word' id='word_1_64' title='bbox 1436 838 1659 890; x_wconf 90' lang='lat' dir='ltr'><strong>verbum</strong></span> <span class='ocrx_word' id='word_1_65' title='bbox 1679 837 1770 890; x_wconf 89' lang='lat' dir='ltr'><strong>Dei</strong></span> <span class='ocrx_word' id='word_1_66' title='bbox 1799 838 2036 906; x_wconf 89' lang='lat' dir='ltr'><strong>estquod</strong></span> 
     </span>
    </p>
   </div>
   <div class='ocr_carea' id='block_1_11' title="bbox 471 923 2039 996">
    <p class='ocr_par' dir='ltr' id='par_1_11' title="bbox 471 923 2039 996">
     <span class='ocr_line' id='line_1_11' title="bbox 471 923 2039 996; baseline 0.002 -18"><span class='ocrx_word' id='word_1_67' title='bbox 471 924 524 978; x_wconf 93' lang='lat' dir='ltr'><strong>in</strong></span> <span class='ocrx_word' id='word_1_68' title='bbox 558 924 798 978; x_wconf 86' lang='lat' dir='ltr'><strong>Ecclesia</strong></span> <span class='ocrx_word' id='word_1_69' title='bbox 833 925 1053 978; x_wconf 88' lang='lat' dir='ltr'><strong>docent.</strong></span> <span class='ocrx_word' id='word_1_70' title='bbox 1083 923 1187 978; x_wconf 91' lang='lat' dir='ltr'><strong>Pro</strong></span> <span class='ocrx_word' id='word_1_71' title='bbox 1236 925 1339 980; x_wconf 91' lang='lat' dir='ltr'><strong>hoc</strong></span> <span class='ocrx_word' id='word_1_72' title='bbox 1372 941 1502 996; x_wconf 86' lang='lat' dir='ltr'><strong>ergo</strong></span> <span class='ocrx_word' id='word_1_73' title='bbox 1555 927 1740 996; x_wconf 89' lang='lat' dir='ltr'><strong>ﬁguris</strong></span> <span class='ocrx_word' id='word_1_74' title='bbox 1794 928 2039 996; x_wconf 89' lang='lat' dir='ltr'><strong>mysticis</strong></span> 
     </span>
    </p>
   </div>
   <div class='ocr_carea' id='block_1_12' title="bbox 470 1017 2040 1088">
    <p class='ocr_par' dir='ltr' id='par_1_12' title="bbox 470 1017 2040 1088">
     <span class='ocr_line' id='line_1_12' title="bbox 470 1017 2040 1088; baseline 0.002 -18"><span class='ocrx_word' id='word_1_75' title='bbox 470 1026 900 1080; x_wconf 88' lang='lat' dir='ltr'><strong>contmonentur,</strong></span> <span class='ocrx_word' id='word_1_76' title='bbox 938 1025 996 1070; x_wconf 92' lang='lat' dir='ltr'><strong>ut</strong></span> <span class='ocrx_word' id='word_1_77' title='bbox 1023 1031 1146 1070; x_wconf 90' lang='lat' dir='ltr'><strong>cum</strong></span> <span class='ocrx_word' id='word_1_78' title='bbox 1179 1017 1422 1083; x_wconf 85' lang='lat' dir='ltr'><strong>proferre</strong></span> <span class='ocrx_word' id='word_1_79' title='bbox 1457 1017 1521 1070; x_wconf 89' lang='lat' dir='ltr'><strong>ad</strong></span> <span class='ocrx_word' id='word_1_80' title='bbox 1551 1019 1804 1088; x_wconf 90' lang='lat' dir='ltr'><strong>populum</strong></span> <span class='ocrx_word' id='word_1_81' title='bbox 1833 1034 2040 1073; x_wconf 90' lang='lat' dir='ltr'><strong>sermo-</strong></span> 
     </span>
    </p>
   </div>
   <div class='ocr_carea' id='block_1_13' title="bbox 472 1109 2037 1180">
    <p class='ocr_par' dir='ltr' id='par_1_13' title="bbox 472 1109 2037 1180">
     <span class='ocr_line' id='line_1_13' title="bbox 472 1109 2037 1180; baseline 0.001 -18"><span class='ocrx_word' id='word_1_82' title='bbox 472 1124 594 1163; x_wconf 79' lang='lat' dir='ltr'><strong>nem</strong></span> <span class='ocrx_word' id='word_1_83' title='bbox 641 1110 927 1178; x_wconf 77' lang='lat' dir='ltr'><strong>cmperint,</strong></span> <span class='ocrx_word' id='word_1_84' title='bbox 957 1123 1062 1162; x_wconf 92' lang='lat' dir='ltr'><strong>non</strong></span> <span class='ocrx_word' id='word_1_85' title='bbox 1106 1109 1355 1163; x_wconf 87' lang='lat' dir='ltr'><strong>hesterna</strong></span> <span class='ocrx_word' id='word_1_86' title='bbox 1384 1110 1682 1180; x_wconf 84' lang='lat' dir='ltr'><strong>proferant,</strong></span> <span class='ocrx_word' id='word_1_87' title='bbox 1715 1125 1820 1164; x_wconf 89' lang='lat' dir='ltr'><strong>non</strong></span> <span class='ocrx_word' id='word_1_88' title='bbox 1854 1120 2037 1164; x_wconf 79' lang='lat' dir='ltr'><strong>vetera</strong></span> 
     </span>
    </p>
   </div>
   <div class='ocr_carea' id='block_1_14' title="bbox 473 1201 2039 1270">
    <p class='ocr_par' dir='ltr' id='par_1_14' title="bbox 473 1201 2039 1270">
     <span class='ocr_line' id='line_1_14' title="bbox 473 1201 2039 1270; baseline 0 -17"><span class='ocrx_word' id='word_1_89' title='bbox 473 1216 592 1268; x_wconf 69' lang='lat' dir='ltr'><strong>quae</strong></span> <span class='ocrx_word' id='word_1_90' title='bbox 623 1211 752 1255; x_wconf 91' lang='lat' dir='ltr'><strong>sunt</strong></span> <span class='ocrx_word' id='word_1_91' title='bbox 783 1204 1079 1256; x_wconf 90' lang='lat' dir='ltr'><strong>secundum</strong></span> <span class='ocrx_word' id='word_1_92' title='bbox 1110 1202 1344 1255; x_wconf 90' lang='lat' dir='ltr'><strong>litteram</strong></span> <span class='ocrx_word' id='word_1_93' title='bbox 1379 1201 1791 1270; x_wconf 89' lang='lat' dir='ltr'><strong>proloquantur,</strong></span> <span class='ocrx_word' id='word_1_94' title='bbox 1818 1202 1909 1256; x_wconf 91' lang='lat' dir='ltr'><strong>sed</strong></span> <span class='ocrx_word' id='word_1_95' title='bbox 1942 1216 2039 1270; x_wconf 90' lang='lat' dir='ltr'><strong>per</strong></span> 
     </span>
    </p>
   </div>
   <div class='ocr_carea' id='block_1_15' title="bbox 473 1291 2036 1363">
    <p class='ocr_par' dir='ltr' id='par_1_15' title="bbox 473 1291 2036 1363">
     <span class='ocr_line' id='line_1_15' title="bbox 473 1291 2036 1363; baseline 0.001 -19"><span class='ocrx_word' id='word_1_96' title='bbox 473 1295 698 1361; x_wconf 79' lang='lat' dir='ltr'><strong>gratiam</strong></span> <span class='ocrx_word' id='word_1_97' title='bbox 738 1293 828 1347; x_wconf 87' lang='lat' dir='ltr'><strong>Dei</strong></span> <span class='ocrx_word' id='word_1_98' title='bbox 865 1309 1001 1346; x_wconf 91' lang='lat' dir='ltr'><strong>nova</strong></span> <span class='ocrx_word' id='word_1_99' title='bbox 1042 1309 1256 1362; x_wconf 89' lang='lat' dir='ltr'><strong>semper</strong></span> <span class='ocrx_word' id='word_1_100' title='bbox 1307 1293 1630 1363; x_wconf 83' lang='lat' dir='ltr'><strong>proferant,</strong></span> <span class='ocrx_word' id='word_1_101' title='bbox 1685 1303 1739 1346; x_wconf 92' lang='lat' dir='ltr'><strong>et</strong></span> <span class='ocrx_word' id='word_1_102' title='bbox 1774 1291 2036 1361; x_wconf 86' lang='lat' dir='ltr'><strong>spiritalia</strong></span> 
     </span>
    </p>
   </div>
   <div class='ocr_carea' id='block_1_16' title="bbox 470 1384 2026 1453">
    <p class='ocr_par' dir='ltr' id='par_1_16' title="bbox 470 1384 2026 1453">
     <span class='ocr_line' id='line_1_16' title="bbox 470 1384 2026 1453; baseline -0.001 -15"><span class='ocrx_word' id='word_1_103' title='bbox 470 1399 681 1453; x_wconf 89' lang='lat' dir='ltr'><strong>semper</strong></span> <span class='ocrx_word' id='word_1_104' title='bbox 729 1386 1024 1439; x_wconf 80' lang='lat' dir='ltr'><strong>inveniant.</strong></span> <span class='ocrx_word' id='word_1_105' title='bbox 1063 1385 1120 1438; x_wconf 91' lang='lat' dir='ltr'><strong>Si</strong></span> <span class='ocrx_word' id='word_1_106' title='bbox 1157 1386 1300 1439; x_wconf 91' lang='lat' dir='ltr'><strong>enim</strong></span> <span class='ocrx_word' id='word_1_107' title='bbox 1343 1399 1407 1439; x_wconf 92' lang='lat' dir='ltr'><strong>ea</strong></span> <span class='ocrx_word' id='word_1_108' title='bbox 1440 1399 1560 1452; x_wconf 68' lang='lat' dir='ltr'><strong>qum</strong></span> <span class='ocrx_word' id='word_1_109' title='bbox 1589 1385 1849 1439; x_wconf 88' lang='lat' dir='ltr'><strong>didiceris</strong></span> <span class='ocrx_word' id='word_1_110' title='bbox 1883 1401 1910 1437; x_wconf 90' lang='lat' dir='ltr'><strong>a</strong></span> <span class='ocrx_word' id='word_1_111' title='bbox 1939 1384 2026 1439; x_wconf 80' lang='lat' dir='ltr'><strong>.lu-</strong></span> 
     </span>
    </p>
   </div>
   <div class='ocr_carea' id='block_1_17' title="bbox 470 1476 2035 1543">
    <p class='ocr_par' dir='ltr' id='par_1_17' title="bbox 470 1476 2035 1543">
     <span class='ocr_line' id='line_1_17' title="bbox 470 1476 2035 1543; baseline 0 -13"><span class='ocrx_word' id='word_1_112' title='bbox 470 1477 601 1530; x_wconf 82' lang='lat' dir='ltr'><strong>dacis</strong></span> <span class='ocrx_word' id='word_1_113' title='bbox 632 1477 910 1540; x_wconf 90' lang='lat' dir='ltr'><strong>hesterno,</strong></span> <span class='ocrx_word' id='word_1_114' title='bbox 942 1477 1057 1531; x_wconf 59' lang='lat' dir='ltr'><strong>haec</strong></span> <span class='ocrx_word' id='word_1_115' title='bbox 1089 1476 1247 1531; x_wconf 81' lang='lat' dir='ltr'><strong>hodie</strong></span> <span class='ocrx_word' id='word_1_116' title='bbox 1283 1476 1334 1529; x_wconf 93' lang='lat' dir='ltr'><strong>in</strong></span> <span class='ocrx_word' id='word_1_117' title='bbox 1366 1476 1606 1530; x_wconf 86' lang='lat' dir='ltr'><strong>Ecclesia</strong></span> <span class='ocrx_word' id='word_1_118' title='bbox 1639 1479 1907 1543; x_wconf 82' lang='lat' dir='ltr'><strong>proferas,</strong></span> <span class='ocrx_word' id='word_1_119' title='bbox 1934 1476 2035 1530; x_wconf 90' lang='lat' dir='ltr'><strong>hoc</strong></span> 
     </span>
    </p>
   </div>
   <div class='ocr_carea' id='block_1_18' title="bbox 469 1565 2032 1629">
    <p class='ocr_par' dir='ltr' id='par_1_18' title="bbox 469 1565 2032 1629">
     <span class='ocr_line' id='line_1_18' title="bbox 469 1565 2032 1629; baseline -0.001 -9"><span class='ocrx_word' id='word_1_120' title='bbox 469 1567 872 1621; x_wconf 84' lang='lat' dir='ltr'><strong>esthesternani</strong></span> <span class='ocrx_word' id='word_1_121' title='bbox 893 1582 1108 1621; x_wconf 88' lang='lat' dir='ltr'><strong>carnem</strong></span> <span class='ocrx_word' id='word_1_122' title='bbox 1127 1566 1381 1620; x_wconf 90' lang='lat' dir='ltr'><strong>sacriﬁcii</strong></span> <span class='ocrx_word' id='word_1_123' title='bbox 1401 1567 1586 1620; x_wconf 91' lang='lat' dir='ltr'><strong>edere.</strong></span> <span class='ocrx_word' id='word_1_124' title='bbox 1615 1565 1670 1618; x_wconf 90' lang='lat' dir='ltr'><strong>Si</strong></span> <span class='ocrx_word' id='word_1_125' title='bbox 1693 1568 2032 1629; x_wconf 86' lang='lat' dir='ltr'><strong>meministis,</strong></span> 
     </span>
    </p>
   </div>
   <div class='ocr_carea' id='block_1_19' title="bbox 472 1658 2036 1730">
    <p class='ocr_par' dir='ltr' id='par_1_19' title="bbox 472 1658 2036 1730">
     <span class='ocr_line' id='line_1_19' title="bbox 472 1658 2036 1730; baseline 0.001 -16"><span class='ocrx_word' id='word_1_126' title='bbox 472 1658 632 1714; x_wconf 85' lang='lat' dir='ltr'><strong>etiam</strong></span> <span class='ocrx_word' id='word_1_127' title='bbox 661 1660 713 1712; x_wconf 92' lang='lat' dir='ltr'><strong>in</strong></span> <span class='ocrx_word' id='word_1_128' title='bbox 741 1659 1016 1714; x_wconf 89' lang='lat' dir='ltr'><strong>oblatione</strong></span> <span class='ocrx_word' id='word_1_129' title='bbox 1039 1659 1151 1730; x_wconf 73' lang='grc'><strong>(48)</strong></span> <span class='ocrx_word' id='word_1_130' title='bbox 1181 1659 1540 1727; x_wconf 89' lang='lat' dir='ltr'><strong>primitiarum</strong></span> <span class='ocrx_word' id='word_1_131' title='bbox 1573 1660 1760 1714; x_wconf 90' lang='lat' dir='ltr'><strong>eodem</strong></span> <span class='ocrx_word' id='word_1_132' title='bbox 1790 1675 2036 1716; x_wconf 87' lang='lat' dir='ltr'><strong>sermone</strong></span> 
     </span>
    </p>
   </div>
   <div class='ocr_carea' id='block_1_20' title="bbox 474 1751 2035 1820">
    <p class='ocr_par' dir='ltr' id='par_1_20' title="bbox 474 1751 2035 1820">
     <span class='ocr_line' id='line_1_20' title="bbox 474 1751 2035 1820; baseline 0.004 -16"><span class='ocrx_word' id='word_1_133' title='bbox 474 1765 601 1805; x_wconf 85' lang='lat' dir='ltr'><strong>usus</strong></span> <span class='ocrx_word' id='word_1_134' title='bbox 620 1762 702 1806; x_wconf 87' lang='lat' dir='ltr'><strong>est</strong></span> <span class='ocrx_word' id='word_1_135' title='bbox 723 1751 1019 1819; x_wconf 85' lang='lat' dir='ltr'><strong>legislator,</strong></span> <span class='ocrx_word' id='word_1_136' title='bbox 1050 1762 1107 1804; x_wconf 92' lang='lat' dir='ltr'><strong>ut</strong></span> <span class='ocrx_word' id='word_1_137' title='bbox 1138 1753 1267 1812; x_wconf 74' lang='lat' dir='ltr'><strong>sint,</strong></span> <span class='ocrx_word' id='word_1_138' title='bbox 1298 1751 1497 1820; x_wconf 90' lang='lat' dir='ltr'><strong>inquit,</strong></span> <span class='ocrx_word' id='word_1_139' title='bbox 1527 1767 1661 1804; x_wconf 90' lang='lat' dir='ltr'><strong>nova</strong></span> <span class='ocrx_word' id='word_1_140' title='bbox 1691 1762 1746 1806; x_wconf 90' lang='lat' dir='ltr'><strong>et</strong></span> <span class='ocrx_word' id='word_1_141' title='bbox 1776 1755 2035 1810; x_wconf 89' lang='lat' dir='ltr'><strong>recentia.</strong></span> 
     </span>
    </p>
   </div>
   <div class='ocr_carea' id='block_1_21' title="bbox 476 1841 2037 1914">
    <p class='ocr_par' dir='ltr' id='par_1_21' title="bbox 476 1841 2037 1914">
     <span class='ocr_line' id='line_1_21' title="bbox 476 1841 2037 1914; baseline 0.004 -20"><span class='ocrx_word' id='word_1_142' title='bbox 476 1841 639 1897; x_wconf 81' lang='lat' dir='ltr'><strong>Vides</strong></span> <span class='ocrx_word' id='word_1_143' title='bbox 668 1843 866 1911; x_wconf 90' lang='lat' dir='ltr'><strong>ubique</strong></span> <span class='ocrx_word' id='word_1_144' title='bbox 895 1858 984 1907; x_wconf 90' lang='lat' dir='ltr'><strong>ea,</strong></span> <span class='ocrx_word' id='word_1_145' title='bbox 1021 1858 1141 1912; x_wconf 82' lang='lat' dir='ltr'><strong>qua:</strong></span> <span class='ocrx_word' id='word_1_146' title='bbox 1168 1843 1232 1897; x_wconf 90' lang='lat' dir='ltr'><strong>ad</strong></span> <span class='ocrx_word' id='word_1_147' title='bbox 1262 1843 1446 1896; x_wconf 88' lang='lat' dir='ltr'><strong>laudes</strong></span> <span class='ocrx_word' id='word_1_148' title='bbox 1480 1842 1569 1897; x_wconf 87' lang='lat' dir='ltr'><strong>Dei</strong></span> <span class='ocrx_word' id='word_1_149' title='bbox 1599 1845 1876 1912; x_wconf 89' lang='lat' dir='ltr'><strong>pertinent</strong></span> <span class='ocrx_word' id='word_1_150' title='bbox 1910 1847 2037 1914; x_wconf 87' lang='lat' dir='ltr'><strong>(hoc</strong></span> 
     </span>
    </p>
   </div>
   <div class='ocr_carea' id='block_1_22' title="bbox 474 1934 2036 2003">
    <p class='ocr_par' dir='ltr' id='par_1_22' title="bbox 474 1934 2036 2003">
     <span class='ocr_line' id='line_1_22' title="bbox 474 1934 2036 2003; baseline 0.003 -15"><span class='ocrx_word' id='word_1_151' title='bbox 474 1935 615 1988; x_wconf 91' lang='lat' dir='ltr'><strong>enim</strong></span> <span class='ocrx_word' id='word_1_152' title='bbox 646 1944 732 1990; x_wconf 87' lang='lat' dir='ltr'><strong>est</strong></span> <span class='ocrx_word' id='word_1_153' title='bbox 755 1934 1085 1990; x_wconf 90' lang='lat' dir='ltr'><strong>sacriﬁcium</strong></span> <span class='ocrx_word' id='word_1_154' title='bbox 1121 1934 1316 2003; x_wconf 90' lang='lat' dir='ltr'><strong>laudis)</strong></span> <span class='ocrx_word' id='word_1_155' title='bbox 1354 1951 1513 2002; x_wconf 87' lang='lat' dir='ltr'><strong>nova,</strong></span> <span class='ocrx_word' id='word_1_156' title='bbox 1545 1946 1599 1988; x_wconf 85' lang='lat' dir='ltr'><strong>et</strong></span> <span class='ocrx_word' id='word_1_157' title='bbox 1636 1937 1874 1990; x_wconf 91' lang='lat' dir='ltr'><strong>recentia</strong></span> <span class='ocrx_word' id='word_1_158' title='bbox 1914 1952 2036 1992; x_wconf 91' lang='lat' dir='ltr'><strong>esse</strong></span> 
     </span>
    </p>
   </div>
   <div class='ocr_carea' id='block_1_23' title="bbox 472 2024 2034 2095">
    <p class='ocr_par' dir='ltr' id='par_1_23' title="bbox 472 2024 2034 2095">
     <span class='ocr_line' id='line_1_23' title="bbox 472 2024 2034 2095; baseline 0.004 -19"><span class='ocrx_word' id='word_1_159' title='bbox 472 2024 703 2091; x_wconf 88' lang='lat' dir='ltr'><strong>debere,</strong></span> <span class='ocrx_word' id='word_1_160' title='bbox 755 2041 822 2079; x_wconf 90' lang='lat' dir='ltr'><strong>ne</strong></span> <span class='ocrx_word' id='word_1_161' title='bbox 851 2024 992 2080; x_wconf 87' lang='lat' dir='ltr'><strong>forte</strong></span> <span class='ocrx_word' id='word_1_162' title='bbox 1041 2039 1162 2080; x_wconf 88' lang='lat' dir='ltr'><strong>cum</strong></span> <span class='ocrx_word' id='word_1_163' title='bbox 1210 2034 1393 2081; x_wconf 82' lang='lat' dir='ltr'><strong>vetera</strong></span> <span class='ocrx_word' id='word_1_164' title='bbox 1442 2027 1652 2095; x_wconf 79' lang='lat' dir='ltr'><strong>profers</strong></span> <span class='ocrx_word' id='word_1_165' title='bbox 1687 2029 1738 2082; x_wconf 93' lang='lat' dir='ltr'><strong>in</strong></span> <span class='ocrx_word' id='word_1_166' title='bbox 1773 2029 2034 2094; x_wconf 86' lang='lat' dir='ltr'><strong>Ecclesia,</strong></span> 
     </span>
    </p>
   </div>
   <div class='ocr_carea' id='block_1_24' title="bbox 474 2113 2031 2185">
    <p class='ocr_par' dir='ltr' id='par_1_24' title="bbox 474 2113 2031 2185">
     <span class='ocr_line' id='line_1_24' title="bbox 474 2113 2031 2185; baseline 0.003 -15"><span class='ocrx_word' id='word_1_167' title='bbox 474 2115 612 2172; x_wconf 88' lang='lat' dir='ltr'><strong>labia</strong></span> <span class='ocrx_word' id='word_1_168' title='bbox 653 2125 742 2171; x_wconf 89' lang='lat' dir='ltr'><strong>tua</strong></span> <span class='ocrx_word' id='word_1_169' title='bbox 781 2117 1090 2185; x_wconf 90' lang='lat' dir='ltr'><strong>loquantur,</strong></span> <span class='ocrx_word' id='word_1_170' title='bbox 1126 2127 1180 2170; x_wconf 92' lang='lat' dir='ltr'><strong>et</strong></span> <span class='ocrx_word' id='word_1_171' title='bbox 1205 2134 1355 2172; x_wconf 88' lang='lat' dir='ltr'><strong>mens</strong></span> <span class='ocrx_word' id='word_1_172' title='bbox 1402 2129 1490 2173; x_wconf 89' lang='lat' dir='ltr'><strong>tua</strong></span> <span class='ocrx_word' id='word_1_173' title='bbox 1550 2121 1668 2175; x_wconf 88' lang='lat' dir='ltr'><strong>sine</strong></span> <span class='ocrx_word' id='word_1_174' title='bbox 1725 2123 1902 2174; x_wconf 82' lang='lat' dir='ltr'><strong>fructu</strong></span> <span class='ocrx_word' id='word_1_175' title='bbox 1938 2113 2031 2175; x_wconf 83' lang='lat' dir='ltr'><strong>sit.</strong></span> 
     </span>
    </p>
   </div>
   <div class='ocr_carea' id='block_1_25' title="bbox 473 2205 2029 2282">
    <p class='ocr_par' dir='ltr' id='par_1_25' title="bbox 473 2205 2029 2282">
     <span class='ocr_line' id='line_1_25' title="bbox 473 2205 2029 2282; baseline 0.006 -22"><span class='ocrx_word' id='word_1_176' title='bbox 473 2205 579 2263; x_wconf 87' lang='lat' dir='ltr'><strong>Sed</strong></span> <span class='ocrx_word' id='word_1_177' title='bbox 614 2208 736 2261; x_wconf 91' lang='lat' dir='ltr'><strong>audi</strong></span> <span class='ocrx_word' id='word_1_178' title='bbox 768 2209 894 2277; x_wconf 91' lang='lat' dir='ltr'><strong>quid</strong></span> <span class='ocrx_word' id='word_1_179' title='bbox 929 2209 1061 2262; x_wconf 86' lang='lat' dir='ltr'><strong>dicit</strong></span> <span class='ocrx_word' id='word_1_180' title='bbox 1100 2209 1428 2279; x_wconf 84' lang='lat' dir='ltr'><strong>Apostolus:</strong></span> <span class='ocrx_word' id='word_1_181' title='bbox 1466 2230 1484 2263; x_wconf 80' lang='grc' dir='ltr'><strong>ι</strong></span> <span class='ocrx_word' id='word_1_182' title='bbox 1525 2213 1605 2274; x_wconf 89' lang='lat' dir='ltr'><strong>Si,</strong></span> <span class='ocrx_word' id='word_1_183' title='bbox 1643 2214 1817 2282; x_wconf 85' lang='lat' dir='ltr'><strong>inquit</strong></span> <span class='ocrx_word' id='word_1_184' title='bbox 1845 2216 1911 2279; x_wconf 70' lang='grc'><strong>⁵⁵,</strong></span> <span class='ocrx_word' id='word_1_185' title='bbox 1945 2215 2029 2269; x_wconf 84' lang='lat' dir='ltr'><strong>lo-</strong></span> 
     </span>
    </p>
   </div>
   <div class='ocr_carea' id='block_1_26' title="bbox 470 2301 2034 2372">
    <p class='ocr_par' dir='ltr' id='par_1_26' title="bbox 470 2301 2034 2372">
     <span class='ocr_line' id='line_1_26' title="bbox 470 2301 2034 2372; baseline 0.006 -19"><span class='ocrx_word' id='word_1_186' title='bbox 470 2317 609 2370; x_wconf 84' lang='lat' dir='ltr'><strong>quar</strong></span> <span class='ocrx_word' id='word_1_187' title='bbox 661 2301 880 2370; x_wconf 76' lang='lat' dir='ltr'><strong>linguis,</strong></span> <span class='ocrx_word' id='word_1_188' title='bbox 917 2303 1142 2372; x_wconf 89' lang='lat' dir='ltr'><strong>spiritus</strong></span> <span class='ocrx_word' id='word_1_189' title='bbox 1188 2321 1337 2358; x_wconf 86' lang='lat' dir='ltr'><strong>meus</strong></span> <span class='ocrx_word' id='word_1_190' title='bbox 1389 2316 1527 2368; x_wconf 90' lang='lat' dir='ltr'><strong>orat,</strong></span> <span class='ocrx_word' id='word_1_191' title='bbox 1567 2307 1661 2360; x_wconf 88' lang='lat' dir='ltr'><strong>sed</strong></span> <span class='ocrx_word' id='word_1_192' title='bbox 1708 2321 1858 2360; x_wconf 88' lang='lat' dir='ltr'><strong>mens</strong></span> <span class='ocrx_word' id='word_1_193' title='bbox 1916 2322 2034 2362; x_wconf 90' lang='lat' dir='ltr'><strong>mea</strong></span> 
     </span>
    </p>
   </div>
   <div class='ocr_carea' id='block_1_27' title="bbox 469 2391 2036 2468">
    <p class='ocr_par' dir='ltr' id='par_1_27' title="bbox 469 2391 2036 2468">
     <span class='ocr_line' id='line_1_27' title="bbox 469 2391 2036 2468; baseline 0.002 -17"><span class='ocrx_word' id='word_1_194' title='bbox 469 2391 586 2451; x_wconf 85' lang='lat' dir='ltr'><strong>sine</strong></span> <span class='ocrx_word' id='word_1_195' title='bbox 614 2392 786 2450; x_wconf 70' lang='lat' dir='ltr'><strong>fin-ctu</strong></span> <span class='ocrx_word' id='word_1_196' title='bbox 810 2404 913 2452; x_wconf 86' lang='lat' dir='ltr'><strong>est.</strong></span> <span class='ocrx_word' id='word_1_197' title='bbox 945 2395 1082 2461; x_wconf 81' lang='lat' dir='ltr'><strong>Quid</strong></span> <span class='ocrx_word' id='word_1_198' title='bbox 1112 2397 1276 2466; x_wconf 82' lang='lat' dir='ltr'><strong>igitur</strong></span> <span class='ocrx_word' id='word_1_199' title='bbox 1305 2397 1423 2450; x_wconf 88' lang='lat' dir='ltr'><strong>est?</strong></span> <span class='ocrx_word' id='word_1_200' title='bbox 1448 2396 1647 2459; x_wconf 75' lang='lat' dir='ltr'><strong>Oratio,</strong></span> <span class='ocrx_word' id='word_1_201' title='bbox 1691 2399 1884 2466; x_wconf 90' lang='lat' dir='ltr'><strong>inquit,</strong></span> <span class='ocrx_word' id='word_1_202' title='bbox 1923 2400 2036 2468; x_wconf 90' lang='lat' dir='ltr'><strong>spi-</strong></span> 
     </span>
    </p>
   </div>
   <div class='ocr_carea' id='block_1_28' title="bbox 469 2488 2035 2560">
    <p class='ocr_par' dir='ltr' id='par_1_28' title="bbox 469 2488 2035 2560">
     <span class='ocr_line' id='line_1_28' title="bbox 469 2488 2035 2560; baseline 0.001 -17"><span class='ocrx_word' id='word_1_203' title='bbox 469 2490 597 2554; x_wconf 87' lang='lat' dir='ltr'><strong>ritu,</strong></span> <span class='ocrx_word' id='word_1_204' title='bbox 628 2488 796 2543; x_wconf 89' lang='lat' dir='ltr'><strong>orabo</strong></span> <span class='ocrx_word' id='word_1_205' title='bbox 830 2498 882 2540; x_wconf 92' lang='lat' dir='ltr'><strong>et</strong></span> <span class='ocrx_word' id='word_1_206' title='bbox 941 2498 1160 2541; x_wconf 89' lang='lat' dir='ltr'><strong>mente:</strong></span> <span class='ocrx_word' id='word_1_207' title='bbox 1195 2488 1415 2554; x_wconf 76' lang='lat' dir='ltr'><strong>ps:illam</strong></span> <span class='ocrx_word' id='word_1_208' title='bbox 1449 2490 1670 2558; x_wconf 86' lang='lat' dir='ltr'><strong>spiritu,</strong></span> <span class='ocrx_word' id='word_1_209' title='bbox 1722 2490 1944 2560; x_wconf 85' lang='lat' dir='ltr'><strong>psallam</strong></span> <span class='ocrx_word' id='word_1_210' title='bbox 1979 2504 2035 2545; x_wconf 89' lang='lat' dir='ltr'><strong>et</strong></span> 
     </span>
    </p>
   </div>
   <div class='ocr_carea' id='block_1_29' title="bbox 465 2577 2032 2647">
    <p class='ocr_par' dir='ltr' id='par_1_29' title="bbox 465 2577 2032 2647">
     <span class='ocr_line' id='line_1_29' title="bbox 465 2577 2032 2647; baseline -0.003 -13"><span class='ocrx_word' id='word_1_211' title='bbox 465 2587 670 2634; x_wconf 86' lang='lat' dir='ltr'><strong>mente.</strong></span> <span class='ocrx_word' id='word_1_212' title='bbox 709 2595 730 2630; x_wconf 73' lang='grc' dir='ltr'><strong>ι</strong></span> <span class='ocrx_word' id='word_1_213' title='bbox 763 2577 838 2631; x_wconf 92' lang='lat' dir='ltr'><strong>lta</strong></span> <span class='ocrx_word' id='word_1_214' title='bbox 873 2593 1001 2647; x_wconf 82' lang='lat' dir='ltr'><strong>ergo</strong></span> <span class='ocrx_word' id='word_1_215' title='bbox 1039 2587 1092 2631; x_wconf 91' lang='lat' dir='ltr'><strong>et</strong></span> <span class='ocrx_word' id='word_1_216' title='bbox 1125 2585 1176 2630; x_wconf 92' lang='lat' dir='ltr'><strong>tu</strong></span> <span class='ocrx_word' id='word_1_217' title='bbox 1206 2577 1250 2630; x_wconf 93' lang='lat' dir='ltr'><strong>si</strong></span> <span class='ocrx_word' id='word_1_218' title='bbox 1276 2592 1378 2628; x_wconf 91' lang='lat' dir='ltr'><strong>non</strong></span> <span class='ocrx_word' id='word_1_219' title='bbox 1417 2592 1482 2630; x_wconf 77' lang='lat' dir='ltr'><strong>ex</strong></span> <span class='ocrx_word' id='word_1_220' title='bbox 1530 2579 1832 2632; x_wconf 89' lang='lat' dir='ltr'><strong>eruditione</strong></span> <span class='ocrx_word' id='word_1_221' title='bbox 1867 2577 2032 2647; x_wconf 55' lang='lat' dir='ltr'><strong>spiriv</strong></span> 
     </span>
    </p>
   </div>
   <div class='ocr_carea' id='block_1_30' title="bbox 465 2669 2034 2744">
    <p class='ocr_par' dir='ltr' id='par_1_30' title="bbox 465 2669 2034 2744">
     <span class='ocr_line' id='line_1_30' title="bbox 465 2669 2034 2744; baseline -0.001 -18"><span class='ocrx_word' id='word_1_222' title='bbox 465 2671 561 2726; x_wconf 79' lang='lat' dir='ltr'><strong>tali</strong></span> <span class='ocrx_word' id='word_1_223' title='bbox 583 2670 726 2744; x_wconf 72' lang='lat'><strong>(49),</strong></span> <span class='ocrx_word' id='word_1_224' title='bbox 755 2686 822 2724; x_wconf 82' lang='lat' dir='ltr'><strong>ex</strong></span> <span class='ocrx_word' id='word_1_225' title='bbox 855 2670 1100 2724; x_wconf 86' lang='lat' dir='ltr'><strong>doctrina</strong></span> <span class='ocrx_word' id='word_1_226' title='bbox 1136 2670 1322 2737; x_wconf 61' lang='lat' dir='ltr'><strong>gratias</strong></span> <span class='ocrx_word' id='word_1_227' title='bbox 1357 2669 1448 2722; x_wconf 92' lang='lat' dir='ltr'><strong>Dei</strong></span> <span class='ocrx_word' id='word_1_228' title='bbox 1493 2681 1808 2738; x_wconf 70' lang='lat' dir='ltr'><strong>prtesentem</strong></span> <span class='ocrx_word' id='word_1_229' title='bbox 1840 2681 1896 2725; x_wconf 93' lang='lat' dir='ltr'><strong>et</strong></span> <span class='ocrx_word' id='word_1_230' title='bbox 1946 2683 2034 2724; x_wconf 88' lang='lat' dir='ltr'><strong>re-</strong></span> 
     </span>
    </p>
   </div>
   <div class='ocr_carea' id='block_1_31' title="bbox 468 2761 2032 2832">
    <p class='ocr_par' dir='ltr' id='par_1_31' title="bbox 468 2761 2032 2832">
     <span class='ocr_line' id='line_1_31' title="bbox 468 2761 2032 2832; baseline 0 -14"><span class='ocrx_word' id='word_1_231' title='bbox 468 2773 682 2818; x_wconf 90' lang='lat' dir='ltr'><strong>centem</strong></span> <span class='ocrx_word' id='word_1_232' title='bbox 720 2761 1009 2832; x_wconf 86' lang='lat' dir='ltr'><strong>protuleris</strong></span> <span class='ocrx_word' id='word_1_233' title='bbox 1043 2776 1348 2816; x_wconf 90' lang='lat' dir='ltr'><strong>sermonem</strong></span> <span class='ocrx_word' id='word_1_234' title='bbox 1387 2763 1438 2815; x_wconf 90' lang='lat' dir='ltr'><strong>in</strong></span> <span class='ocrx_word' id='word_1_235' title='bbox 1476 2761 1726 2816; x_wconf 87' lang='lat' dir='ltr'><strong>laudibus</strong></span> <span class='ocrx_word' id='word_1_236' title='bbox 1772 2761 1863 2816; x_wconf 92' lang='lat' dir='ltr'><strong>Dei</strong></span> <span class='ocrx_word' id='word_1_237' title='bbox 1902 2801 1918 2826; x_wconf 90' lang='lat'><strong>,</strong></span> <span class='ocrx_word' id='word_1_238' title='bbox 1970 2776 2032 2818; x_wconf 90' lang='lat' dir='ltr'><strong>os</strong></span> 
     </span>
    </p>
   </div>
   <div class='ocr_carea' id='block_1_32' title="bbox 465 2851 2031 2924">
    <p class='ocr_par' dir='ltr' id='par_1_32' title="bbox 465 2851 2031 2924">
     <span class='ocr_line' id='line_1_32' title="bbox 465 2851 2031 2924; baseline 0 -16"><span class='ocrx_word' id='word_1_239' title='bbox 465 2855 682 2924; x_wconf 86' lang='lat' dir='ltr'><strong>quidem</strong></span> <span class='ocrx_word' id='word_1_240' title='bbox 716 2865 861 2907; x_wconf 88' lang='lat' dir='ltr'><strong>tuum</strong></span> <span class='ocrx_word' id='word_1_241' title='bbox 911 2853 1070 2908; x_wconf 84' lang='lat' dir='ltr'><strong>oﬂ&#39;ert</strong></span> <span class='ocrx_word' id='word_1_242' title='bbox 1125 2853 1457 2908; x_wconf 85' lang='lat' dir='ltr'><strong>sacriﬁcium</strong></span> <span class='ocrx_word' id='word_1_243' title='bbox 1511 2851 1708 2917; x_wconf 89' lang='lat' dir='ltr'><strong>laudis,</strong></span> <span class='ocrx_word' id='word_1_244' title='bbox 1743 2853 1837 2908; x_wconf 89' lang='lat' dir='ltr'><strong>sed</strong></span> <span class='ocrx_word' id='word_1_245' title='bbox 1878 2867 2031 2908; x_wconf 89' lang='lat' dir='ltr'><strong>mens</strong></span> 
     </span>
    </p>
   </div>
   <div class='ocr_carea' id='block_1_33' title="bbox 461 2944 2026 3015">
    <p class='ocr_par' dir='ltr' id='par_1_33' title="bbox 461 2944 2026 3015">
     <span class='ocr_line' id='line_1_33' title="bbox 461 2944 2026 3015; baseline 0 -17"><span class='ocrx_word' id='word_1_246' title='bbox 461 2955 558 2998; x_wconf 83' lang='lat' dir='ltr'><strong>tua</strong></span> <span class='ocrx_word' id='word_1_247' title='bbox 584 2959 682 3015; x_wconf 88' lang='lat' dir='ltr'><strong>pro</strong></span> <span class='ocrx_word' id='word_1_248' title='bbox 710 2945 997 2999; x_wconf 83' lang='lat' dir='ltr'><strong>sterilitate</strong></span> <span class='ocrx_word' id='word_1_249' title='bbox 1052 2944 1322 2998; x_wconf 64' lang='lat' dir='ltr'><strong>hesterna:</strong></span> <span class='ocrx_word' id='word_1_250' title='bbox 1351 2944 1531 2998; x_wconf 90' lang='lat' dir='ltr'><strong>carnis</strong></span> <span class='ocrx_word' id='word_1_251' title='bbox 1577 2945 1843 3013; x_wconf 81' lang='lat' dir='ltr'><strong>arguitur.</strong></span> <span class='ocrx_word' id='word_1_252' title='bbox 1895 2944 2026 3000; x_wconf 87' lang='lat' dir='ltr'><strong>Nam</strong></span> 
     </span>
    </p>
   </div>
   <div class='ocr_carea' id='block_1_34' title="bbox 463 3035 2028 3104">
    <p class='ocr_par' dir='ltr' id='par_1_34' title="bbox 463 3035 2028 3104">
     <span class='ocr_line' id='line_1_34' title="bbox 463 3035 2028 3104; baseline 0.002 -15"><span class='ocrx_word' id='word_1_253' title='bbox 463 3046 520 3089; x_wconf 89' lang='lat' dir='ltr'><strong>et</strong></span> <span class='ocrx_word' id='word_1_254' title='bbox 548 3036 803 3090; x_wconf 91' lang='lat' dir='ltr'><strong>Dominus</strong></span> <span class='ocrx_word' id='word_1_255' title='bbox 840 3051 1058 3103; x_wconf 89' lang='lat' dir='ltr'><strong>panem,</strong></span> <span class='ocrx_word' id='word_1_256' title='bbox 1092 3051 1250 3103; x_wconf 87' lang='lat' dir='ltr'><strong>quem</strong></span> <span class='ocrx_word' id='word_1_257' title='bbox 1301 3035 1579 3104; x_wconf 88' lang='lat' dir='ltr'><strong>discipulis</strong></span> <span class='ocrx_word' id='word_1_258' title='bbox 1627 3037 1808 3100; x_wconf 87' lang='lat' dir='ltr'><strong>dabat,</strong></span> <span class='ocrx_word' id='word_1_259' title='bbox 1856 3047 1911 3092; x_wconf 81' lang='lat' dir='ltr'><strong>et</strong></span> <span class='ocrx_word' id='word_1_260' title='bbox 1942 3039 2028 3092; x_wconf 85' lang='lat' dir='ltr'><strong>di-</strong></span> 
     </span>
    </p>
   </div>
   <div class='ocr_carea' id='block_1_35' title="bbox 459 3122 2030 3192">
    <p class='ocr_par' dir='ltr' id='par_1_35' title="bbox 459 3122 2030 3192">
     <span class='ocr_line' id='line_1_35' title="bbox 459 3122 2030 3192; baseline -0.002 -13"><span class='ocrx_word' id='word_1_261' title='bbox 459 3126 623 3179; x_wconf 71' lang='lat' dir='ltr'><strong>cebat</strong></span> <span class='ocrx_word' id='word_1_262' title='bbox 646 3123 728 3178; x_wconf 87' lang='lat' dir='ltr'><strong>eis</strong></span> <span class='ocrx_word' id='word_1_263' title='bbox 755 3122 800 3154; x_wconf 76' lang='lat'>“</span> <span class='ocrx_word' id='word_1_264' title='bbox 829 3140 842 3177; x_wconf 90' lang='lat'><strong>:</strong></span> <span class='ocrx_word' id='word_1_265' title='bbox 886 3141 906 3174; x_wconf 76' lang='grc' dir='ltr'><strong>ι</strong></span> <span class='ocrx_word' id='word_1_266' title='bbox 935 3124 1177 3190; x_wconf 79' lang='lat' dir='ltr'><strong>Accipite</strong></span> <span class='ocrx_word' id='word_1_267' title='bbox 1210 3132 1265 3177; x_wconf 89' lang='lat' dir='ltr'><strong>et</strong></span> <span class='ocrx_word' id='word_1_268' title='bbox 1297 3126 1639 3192; x_wconf 84' lang='lat' dir='ltr'><strong>manducatc,</strong></span> <span class='ocrx_word' id='word_1_269' title='bbox 1674 3143 1692 3175; x_wconf 81' lang='grc' dir='ltr'><strong>ι</strong></span> <span class='ocrx_word' id='word_1_270' title='bbox 1722 3141 1827 3178; x_wconf 92' lang='lat' dir='ltr'><strong>non</strong></span> <span class='ocrx_word' id='word_1_271' title='bbox 1859 3126 2030 3180; x_wconf 72' lang='lat' dir='ltr'><strong>distu-</strong></span> 
     </span>
    </p>
   </div>
   <div class='ocr_carea' id='block_1_36' title="bbox 463 3215 2028 3282">
    <p class='ocr_par' dir='ltr' id='par_1_36' title="bbox 463 3215 2028 3282">
     <span class='ocr_line' id='line_1_36' title="bbox 463 3215 2028 3282; baseline 0.002 -12"><span class='ocrx_word' id='word_1_272' title='bbox 463 3215 546 3276; x_wconf 87' lang='lat' dir='ltr'><strong>lit.</strong></span> <span class='ocrx_word' id='word_1_273' title='bbox 581 3229 680 3269; x_wconf 91' lang='lat' dir='ltr'><strong>nec</strong></span> <span class='ocrx_word' id='word_1_274' title='bbox 717 3216 921 3269; x_wconf 90' lang='lat' dir='ltr'><strong>servari</strong></span> <span class='ocrx_word' id='word_1_275' title='bbox 959 3215 1125 3282; x_wconf 90' lang='lat' dir='ltr'><strong>jussit</strong></span> <span class='ocrx_word' id='word_1_276' title='bbox 1175 3217 1227 3268; x_wconf 92' lang='lat' dir='ltr'><strong>in</strong></span> <span class='ocrx_word' id='word_1_277' title='bbox 1259 3216 1590 3270; x_wconf 87' lang='lat' dir='ltr'><strong>crastinum.</strong></span> <span class='ocrx_word' id='word_1_278' title='bbox 1651 3215 1765 3270; x_wconf 85' lang='lat' dir='ltr'><strong>lloc</strong></span> <span class='ocrx_word' id='word_1_279' title='bbox 1797 3216 2028 3273; x_wconf 87' lang='lat' dir='ltr'><strong>fortasse</strong></span> 
     </span>
    </p>
   </div>
   <div class='ocr_carea' id='block_1_37' title="bbox 463 3306 2024 3378">
    <p class='ocr_par' dir='ltr' id='par_1_37' title="bbox 463 3306 2024 3378">
     <span class='ocr_line' id='line_1_37' title="bbox 463 3306 2024 3378; baseline 0.001 -15"><span class='ocrx_word' id='word_1_280' title='bbox 463 3306 711 3378; x_wconf 72' lang='lat' dir='ltr'><strong>mysterii</strong></span> <span class='ocrx_word' id='word_1_281' title='bbox 736 3307 1046 3361; x_wconf 90' lang='lat' dir='ltr'><strong>continetur</strong></span> <span class='ocrx_word' id='word_1_282' title='bbox 1071 3307 1234 3359; x_wconf 84' lang='lat' dir='ltr'><strong>etiam</strong></span> <span class='ocrx_word' id='word_1_283' title='bbox 1267 3310 1318 3359; x_wconf 90' lang='lat' dir='ltr'><strong>in</strong></span> <span class='ocrx_word' id='word_1_284' title='bbox 1345 3321 1410 3360; x_wconf 92' lang='lat' dir='ltr'><strong>eo</strong></span> <span class='ocrx_word' id='word_1_285' title='bbox 1438 3309 1580 3376; x_wconf 89' lang='lat' dir='ltr'><strong>quod</strong></span> <span class='ocrx_word' id='word_1_286' title='bbox 1607 3323 1799 3376; x_wconf 87' lang='lat' dir='ltr'><strong>panem</strong></span> <span class='ocrx_word' id='word_1_287' title='bbox 1822 3311 2024 3378; x_wconf 91' lang='lat' dir='ltr'><strong>portari</strong></span> 
     </span>
    </p>
   </div>
   <div class='ocr_carea' id='block_1_38' title="bbox 461 3396 2026 3467">
    <p class='ocr_par' dir='ltr' id='par_1_38' title="bbox 461 3396 2026 3467">
     <span class='ocr_line' id='line_1_38' title="bbox 461 3396 2026 3467; baseline 0 -13"><span class='ocrx_word' id='word_1_288' title='bbox 461 3413 567 3454; x_wconf 78' lang='lat' dir='ltr'><strong>non</strong></span> <span class='ocrx_word' id='word_1_289' title='bbox 587 3397 736 3467; x_wconf 88' lang='lat' dir='ltr'><strong>jubet</strong></span> <span class='ocrx_word' id='word_1_290' title='bbox 769 3398 821 3451; x_wconf 91' lang='lat' dir='ltr'><strong>in</strong></span> <span class='ocrx_word' id='word_1_291' title='bbox 857 3396 943 3449; x_wconf 86' lang='lat' dir='ltr'><strong>via</strong></span> <span class='ocrx_word' id='word_1_292' title='bbox 981 3407 1038 3448; x_wconf 94' lang='lat' dir='ltr'><strong>ut</strong></span> <span class='ocrx_word' id='word_1_293' title='bbox 1064 3411 1280 3465; x_wconf 89' lang='lat' dir='ltr'><strong>semper</strong></span> <span class='ocrx_word' id='word_1_294' title='bbox 1315 3406 1580 3460; x_wconf 90' lang='lat' dir='ltr'><strong>recentes,</strong></span> <span class='ocrx_word' id='word_1_295' title='bbox 1634 3413 1770 3466; x_wconf 90' lang='lat' dir='ltr'><strong>quos</strong></span> <span class='ocrx_word' id='word_1_296' title='bbox 1803 3401 1942 3453; x_wconf 90' lang='lat' dir='ltr'><strong>intra</strong></span> <span class='ocrx_word' id='word_1_297' title='bbox 1977 3411 2026 3455; x_wconf 90' lang='lat' dir='ltr'><strong>te</strong></span> 
     </span>
    </p>
   </div>
   <div class='ocr_carea' id='block_1_39' title="bbox 462 3489 2026 3562">
    <p class='ocr_par' dir='ltr' id='par_1_39' title="bbox 462 3489 2026 3562">
     <span class='ocr_line' id='line_1_39' title="bbox 462 3489 2026 3562; baseline 0.003 -18"><span class='ocrx_word' id='word_1_298' title='bbox 462 3491 623 3562; x_wconf 86' lang='lat' dir='ltr'><strong>geris,</strong></span> <span class='ocrx_word' id='word_1_299' title='bbox 649 3490 802 3544; x_wconf 88' lang='lat' dir='ltr'><strong>verbi</strong></span> <span class='ocrx_word' id='word_1_300' title='bbox 833 3489 931 3543; x_wconf 92' lang='lat' dir='ltr'><strong>Dei</strong></span> <span class='ocrx_word' id='word_1_301' title='bbox 962 3503 1127 3557; x_wconf 86' lang='lat' dir='ltr'><strong>panes</strong></span> <span class='ocrx_word' id='word_1_302' title='bbox 1153 3491 1417 3557; x_wconf 83' lang='lat' dir='ltr'><strong>proferas.</strong></span> <span class='ocrx_word' id='word_1_303' title='bbox 1444 3489 1684 3558; x_wconf 88' lang='lat' dir='ltr'><strong>Denique</strong></span> <span class='ocrx_word' id='word_1_304' title='bbox 1713 3489 2026 3548; x_wconf 68' lang='lat' dir='ltr'><strong>Gabaooike</strong></span> 
     </span>
    </p>
   </div>
   <div class='ocr_carea' id='block_1_40' title="bbox 459 3581 2024 3653">
    <p class='ocr_par' dir='ltr' id='par_1_40' title="bbox 459 3581 2024 3653">
     <span class='ocr_line' id='line_1_40' title="bbox 459 3581 2024 3653; baseline -0.001 -15"><span class='ocrx_word' id='word_1_305' title='bbox 459 3582 537 3638; x_wconf 90' lang='lat' dir='ltr'><strong>illi</strong></span> <span class='ocrx_word' id='word_1_306' title='bbox 571 3591 858 3653; x_wconf 88' lang='lat' dir='ltr'><strong>propterea</strong></span> <span class='ocrx_word' id='word_1_307' title='bbox 887 3581 1336 3644; x_wconf 89' lang='lat' dir='ltr'><strong>condcmnantur,</strong></span> <span class='ocrx_word' id='word_1_308' title='bbox 1369 3591 1423 3635; x_wconf 92' lang='lat' dir='ltr'><strong>ct</strong></span> <span class='ocrx_word' id='word_1_309' title='bbox 1450 3581 1576 3650; x_wconf 81' lang='lat' dir='ltr'><strong>ligni</strong></span> <span class='ocrx_word' id='word_1_310' title='bbox 1624 3596 1854 3636; x_wconf 79' lang='lat' dir='ltr'><strong>caesores</strong></span> <span class='ocrx_word' id='word_1_311' title='bbox 1882 3624 1896 3648; x_wconf 90' lang='lat'><strong>,</strong></span> <span class='ocrx_word' id='word_1_312' title='bbox 1941 3584 2024 3637; x_wconf 86' lang='lat' dir='ltr'><strong>vel</strong></span> 
     </span>
    </p>
   </div>
   <div class='ocr_carea' id='block_1_41' title="bbox 460 3672 2025 3740">
    <p class='ocr_par' dir='ltr' id='par_1_41' title="bbox 460 3672 2025 3740">
     <span class='ocr_line' id='line_1_41' title="bbox 460 3672 2025 3740; baseline 0.002 -14"><span class='ocrx_word' id='word_1_313' title='bbox 460 3687 619 3740; x_wconf 68' lang='lat' dir='ltr'><strong>aqua:</strong></span> <span class='ocrx_word' id='word_1_314' title='bbox 646 3681 947 3740; x_wconf 85' lang='lat' dir='ltr'><strong>gestatores</strong></span> <span class='ocrx_word' id='word_1_315' title='bbox 977 3673 1112 3724; x_wconf 92' lang='lat' dir='ltr'><strong>ﬁunt</strong></span> <span class='ocrx_word' id='word_1_316' title='bbox 1153 3674 1241 3740; x_wconf 90' lang='lat' dir='ltr'><strong>qui</strong></span> <span class='ocrx_word' id='word_1_317' title='bbox 1277 3687 1443 3740; x_wconf 88' lang='lat' dir='ltr'><strong>panes</strong></span> <span class='ocrx_word' id='word_1_318' title='bbox 1491 3685 1700 3726; x_wconf 87' lang='lat' dir='ltr'><strong>veteres</strong></span> <span class='ocrx_word' id='word_1_319' title='bbox 1749 3675 1814 3726; x_wconf 90' lang='lat' dir='ltr'><strong>ad</strong></span> <span class='ocrx_word' id='word_1_320' title='bbox 1851 3672 2025 3730; x_wconf 86' lang='lat' dir='ltr'><strong>Israe-</strong></span> 
     </span>
    </p>
   </div>
   <div class='ocr_carea' id='block_1_42' title="bbox 460 3761 2023 3830">
    <p class='ocr_par' dir='ltr' id='par_1_42' title="bbox 460 3761 2023 3830">
     <span class='ocr_line' id='line_1_42' title="bbox 460 3761 2023 3830; baseline 0.001 -15"><span class='ocrx_word' id='word_1_321' title='bbox 460 3762 589 3818; x_wconf 85' lang='lat' dir='ltr'><strong>litas</strong></span> <span class='ocrx_word' id='word_1_322' title='bbox 613 3761 959 3824; x_wconf 87' lang='lat' dir='ltr'><strong>detulerunt,</strong></span> <span class='ocrx_word' id='word_1_323' title='bbox 993 3762 1191 3830; x_wconf 82' lang='lat' dir='ltr'><strong>quibus</strong></span> <span class='ocrx_word' id='word_1_324' title='bbox 1235 3762 1318 3814; x_wconf 75' lang='lat' dir='ltr'><strong>lex</strong></span> <span class='ocrx_word' id='word_1_325' title='bbox 1350 3762 1616 3828; x_wconf 89' lang='lat' dir='ltr'><strong>spiritalis</strong></span> <span class='ocrx_word' id='word_1_326' title='bbox 1639 3761 1860 3828; x_wconf 86' lang='lat' dir='ltr'><strong>jubebat</strong></span> <span class='ocrx_word' id='word_1_327' title='bbox 1882 3779 2023 3818; x_wconf 85' lang='lat' dir='ltr'><strong>sem-</strong></span> 
     </span>
    </p>
   </div>
   <div class='ocr_carea' id='block_1_43' title="bbox 459 3855 2024 3924">
    <p class='ocr_par' dir='ltr' id='par_1_43' title="bbox 459 3855 2024 3924">
     <span class='ocr_line' id='line_1_43' title="bbox 459 3855 2024 3924; baseline -0.001 -15"><span class='ocrx_word' id='word_1_328' title='bbox 459 3869 557 3924; x_wconf 90' lang='lat' dir='ltr'><strong>per</strong></span> <span class='ocrx_word' id='word_1_329' title='bbox 593 3855 666 3908; x_wconf 94' lang='lat' dir='ltr'><strong>uti</strong></span> <span class='ocrx_word' id='word_1_330' title='bbox 703 3855 1009 3909; x_wconf 82' lang='lat' dir='ltr'><strong>recentibus</strong></span> <span class='ocrx_word' id='word_1_331' title='bbox 1035 3864 1089 3908; x_wconf 94' lang='lat' dir='ltr'><strong>et</strong></span> <span class='ocrx_word' id='word_1_332' title='bbox 1125 3858 1276 3908; x_wconf 91' lang='lat' dir='ltr'><strong>novis</strong></span> <span class='ocrx_word' id='word_1_333' title='bbox 1305 3855 1367 3908; x_wconf 76' lang='lat'><strong>&quot;.</strong></span> <span class='ocrx_word' id='word_1_334' title='bbox 1402 3855 1519 3908; x_wconf 84' lang='lat' dir='ltr'><strong>Alia</strong></span> <span class='ocrx_word' id='word_1_335' title='bbox 1547 3868 1677 3908; x_wconf 86' lang='lat' dir='ltr'><strong>sane</strong></span> <span class='ocrx_word' id='word_1_336' title='bbox 1709 3869 2024 3910; x_wconf 77' lang='lat' dir='ltr'><strong>sacramen-</strong></span> 
     </span>
    </p>
   </div>
   <div class='ocr_carea' id='block_1_44' title="bbox 463 3945 2018 4016">
    <p class='ocr_par' dir='ltr' id='par_1_44' title="bbox 463 3945 2018 4016">
     <span class='ocr_line' id='line_1_44' title="bbox 463 3945 2018 4016; baseline -0.001 -14"><span class='ocrx_word' id='word_1_337' title='bbox 463 3958 638 4002; x_wconf 89' lang='lat' dir='ltr'><strong>torum</strong></span> <span class='ocrx_word' id='word_1_338' title='bbox 681 3945 848 4016; x_wconf 87' lang='lat' dir='ltr'><strong>ﬁgura</strong></span> <span class='ocrx_word' id='word_1_339' title='bbox 876 3955 956 4000; x_wconf 91' lang='lat' dir='ltr'><strong>est</strong></span> <span class='ocrx_word' id='word_1_340' title='bbox 983 3986 999 4012; x_wconf 92' lang='lat'><strong>,</strong></span> <span class='ocrx_word' id='word_1_341' title='bbox 1033 3962 1152 4014; x_wconf 79' lang='lat' dir='ltr'><strong>qua:</strong></span> <span class='ocrx_word' id='word_1_342' title='bbox 1202 3947 1355 4015; x_wconf 88' lang='lat' dir='ltr'><strong>jubet</strong></span> <span class='ocrx_word' id='word_1_343' title='bbox 1402 3946 1565 3999; x_wconf 84' lang='lat' dir='ltr'><strong>etiam</strong></span> <span class='ocrx_word' id='word_1_344' title='bbox 1597 3947 1648 3999; x_wconf 91' lang='lat' dir='ltr'><strong>in</strong></span> <span class='ocrx_word' id='word_1_345' title='bbox 1709 3947 1874 4000; x_wconf 90' lang='lat' dir='ltr'><strong>altera</strong></span> <span class='ocrx_word' id='word_1_346' title='bbox 1909 3949 2018 4014; x_wconf 82' lang='lat' dir='ltr'><strong>die,</strong></span> 
     </span>
    </p>
   </div>
   <div class='ocr_carea' id='block_1_45' title="bbox 457 4036 2019 4106">
    <p class='ocr_par' dir='ltr' id='par_1_45' title="bbox 457 4036 2019 4106">
     <span class='ocr_line' id='line_1_45' title="bbox 457 4036 2019 4106; baseline 0.003 -18"><span class='ocrx_word' id='word_1_347' title='bbox 457 4036 601 4106; x_wconf 84' lang='lat' dir='ltr'><strong>quod</strong></span> <span class='ocrx_word' id='word_1_348' title='bbox 647 4037 975 4104; x_wconf 84' lang='lat' dir='ltr'><strong>superfuerit</strong></span> <span class='ocrx_word' id='word_1_349' title='bbox 1025 4037 1114 4091; x_wconf 91' lang='lat' dir='ltr'><strong>edi</strong></span> <span class='ocrx_word' id='word_1_350' title='bbox 1143 4076 1160 4102; x_wconf 92' lang='lat'><strong>,</strong></span> <span class='ocrx_word' id='word_1_351' title='bbox 1193 4036 1328 4090; x_wconf 90' lang='lat' dir='ltr'><strong>nihil</strong></span> <span class='ocrx_word' id='word_1_352' title='bbox 1364 4049 1493 4090; x_wconf 89' lang='lat' dir='ltr'><strong>vero</strong></span> <span class='ocrx_word' id='word_1_353' title='bbox 1525 4036 1577 4089; x_wconf 94' lang='lat' dir='ltr'><strong>in</strong></span> <span class='ocrx_word' id='word_1_354' title='bbox 1629 4037 1841 4090; x_wconf 91' lang='lat' dir='ltr'><strong>tertiam</strong></span> <span class='ocrx_word' id='word_1_355' title='bbox 1877 4038 2019 4094; x_wconf 85' lang='lat' dir='ltr'><strong>diem</strong></span> 
     </span>
    </p>
   </div>
   <div class='ocr_carea' id='block_1_46' title="bbox 420 4126 2017 4194">
    <p class='ocr_par' dir='ltr' id='par_1_46' title="bbox 420 4126 2017 4194">
     <span class='ocr_line' id='line_1_46' title="bbox 420 4126 2017 4194; baseline 0 -12"><span class='ocrx_word' id='word_1_356' title='bbox 420 4135 433 4144; x_wconf 86' lang='lat'><em>‘</em></span> <span class='ocrx_word' id='word_1_357' title='bbox 456 4127 748 4192; x_wconf 83' lang='lat' dir='ltr'><strong>reservari,</strong></span> <span class='ocrx_word' id='word_1_358' title='bbox 777 4127 844 4180; x_wconf 89' lang='lat' dir='ltr'><strong>de</strong></span> <span class='ocrx_word' id='word_1_359' title='bbox 872 4142 978 4194; x_wconf 87' lang='lat' dir='ltr'><strong>qua</strong></span> <span class='ocrx_word' id='word_1_360' title='bbox 1005 4128 1115 4180; x_wconf 88' lang='lat' dir='ltr'><strong>suis</strong></span> <span class='ocrx_word' id='word_1_361' title='bbox 1144 4126 1276 4180; x_wconf 90' lang='lat' dir='ltr'><strong>locis</strong></span> <span class='ocrx_word' id='word_1_362' title='bbox 1303 4127 1619 4181; x_wconf 84' lang='lat' dir='ltr'><strong>videbimus.</strong></span> <span class='ocrx_word' id='word_1_363' title='bbox 1650 4127 1757 4182; x_wconf 90' lang='lat' dir='ltr'><strong>Sed</strong></span> <span class='ocrx_word' id='word_1_364' title='bbox 1795 4144 1864 4182; x_wconf 90' lang='lat' dir='ltr'><strong>ne</strong></span> <span class='ocrx_word' id='word_1_365' title='bbox 1885 4129 2017 4182; x_wconf 90' lang='lat' dir='ltr'><strong>illud</strong></span> 
     </span>
    </p>
   </div>
   <div class='ocr_carea' id='block_1_47' title="bbox 453 4216 2017 4290">
    <p class='ocr_par' dir='ltr' id='par_1_47' title="bbox 453 4216 2017 4290">
     <span class='ocr_line' id='line_1_47' title="bbox 453 4216 2017 4290; baseline 0.001 -20"><span class='ocrx_word' id='word_1_366' title='bbox 453 4218 672 4286; x_wconf 86' lang='lat' dir='ltr'><strong>quidem</strong></span> <span class='ocrx_word' id='word_1_367' title='bbox 696 4232 795 4272; x_wconf 93' lang='lat' dir='ltr'><strong>nos</strong></span> <span class='ocrx_word' id='word_1_368' title='bbox 811 4217 987 4280; x_wconf 84' lang='lat' dir='ltr'><strong>lateat,</strong></span> <span class='ocrx_word' id='word_1_369' title='bbox 1001 4231 1116 4271; x_wconf 90' lang='lat' dir='ltr'><strong>esse</strong></span> <span class='ocrx_word' id='word_1_370' title='bbox 1130 4216 1392 4285; x_wconf 88' lang='lat' dir='ltr'><strong>quoddam</strong></span> <span class='ocrx_word' id='word_1_371' title='bbox 1407 4225 1637 4290; x_wconf 86' lang='lat' dir='ltr'><strong>tempus,</strong></span> <span class='ocrx_word' id='word_1_372' title='bbox 1650 4218 1702 4272; x_wconf 92' lang='lat' dir='ltr'><strong>in</strong></span> <span class='ocrx_word' id='word_1_373' title='bbox 1719 4234 1826 4288; x_wconf 90' lang='lat' dir='ltr'><strong>quo</strong></span> <span class='ocrx_word' id='word_1_374' title='bbox 1856 4219 2017 4272; x_wconf 89' lang='lat' dir='ltr'><strong>bene-</strong></span> 
     </span>
    </p>
   </div>
   <div class='ocr_carea' id='block_1_48' title="bbox 2141 374 3726 440">
    <p class='ocr_par' dir='ltr' id='par_1_48' title="bbox 2141 374 3726 440">
     <span class='ocr_line' id='line_1_48' title="bbox 2141 374 3726 440; baseline 0.002 -11"><span class='ocrx_word' id='word_1_375' title='bbox 2141 384 2255 429; x_wconf 91' lang='lat' dir='ltr'><strong>tum</strong></span> <span class='ocrx_word' id='word_1_376' title='bbox 2288 374 2471 440; x_wconf 82' lang='lat' dir='ltr'><strong>fuerit,</strong></span> <span class='ocrx_word' id='word_1_377' title='bbox 2505 386 2596 428; x_wconf 90' lang='lat' dir='ltr'><strong>aut</strong></span> <span class='ocrx_word' id='word_1_378' title='bbox 2626 377 2668 428; x_wconf 93' lang='lat' dir='ltr'><strong>si</strong></span> <span class='ocrx_word' id='word_1_379' title='bbox 2702 377 3064 430; x_wconf 87' lang='lat' dir='ltr'><strong>voluntarium</strong></span> <span class='ocrx_word' id='word_1_380' title='bbox 3090 379 3474 431; x_wconf 81' lang='lat' dir='ltr'><strong>sacrificaverit</strong></span> <span class='ocrx_word' id='word_1_381' title='bbox 3509 395 3726 432; x_wconf 84' lang='lat' dir='ltr'><strong>munus</strong></span> 
     </span>
    </p>
   </div>
   <div class='ocr_carea' id='block_1_49' title="bbox 2137 469 3722 538">
    <p class='ocr_par' dir='ltr' id='par_1_49' title="bbox 2137 469 3722 538">
     <span class='ocr_line' id='line_1_49' title="bbox 2137 469 3722 538; baseline -0.001 -16"><span class='ocrx_word' id='word_1_382' title='bbox 2137 482 2338 534; x_wconf 87' lang='lat' dir='ltr'><strong>suum,</strong></span> <span class='ocrx_word' id='word_1_383' title='bbox 2379 483 2701 538; x_wconf 86' lang='lat' dir='ltr'><strong>quacunque</strong></span> <span class='ocrx_word' id='word_1_384' title='bbox 2728 469 2813 522; x_wconf 88' lang='lat' dir='ltr'><strong>die</strong></span> <span class='ocrx_word' id='word_1_385' title='bbox 2850 469 3107 523; x_wconf 89' lang='lat' dir='ltr'><strong>obtulerit</strong></span> <span class='ocrx_word' id='word_1_386' title='bbox 3141 469 3467 523; x_wconf 88' lang='lat' dir='ltr'><strong>sacrilicium</strong></span> <span class='ocrx_word' id='word_1_387' title='bbox 3523 484 3722 533; x_wconf 85' lang='lat' dir='ltr'><strong>suum,</strong></span> 
     </span>
    </p>
   </div>
   <div class='ocr_carea' id='block_1_50' title="bbox 2138 559 3726 628">
    <p class='ocr_par' dir='ltr' id='par_1_50' title="bbox 2138 559 3726 628">
     <span class='ocr_line' id='line_1_50' title="bbox 2138 559 3726 628; baseline -0.003 -12"><span class='ocrx_word' id='word_1_388' title='bbox 2138 561 2330 616; x_wconf 90' lang='lat' dir='ltr'><strong>edetur</strong></span> <span class='ocrx_word' id='word_1_389' title='bbox 2355 571 2411 614; x_wconf 92' lang='lat' dir='ltr'><strong>et</strong></span> <span class='ocrx_word' id='word_1_390' title='bbox 2437 560 2604 612; x_wconf 88' lang='lat' dir='ltr'><strong>altera</strong></span> <span class='ocrx_word' id='word_1_391' title='bbox 2636 560 2741 613; x_wconf 90' lang='lat' dir='ltr'><strong>die.</strong></span> <span class='ocrx_word' id='word_1_392' title='bbox 2773 559 2839 613; x_wconf 84' lang='lat' dir='ltr'><strong>Et</strong></span> <span class='ocrx_word' id='word_1_393' title='bbox 2870 561 3012 628; x_wconf 85' lang='lat' dir='ltr'><strong>quod</strong></span> <span class='ocrx_word' id='word_1_394' title='bbox 3048 559 3374 628; x_wconf 83' lang='lat' dir='ltr'><strong>superfuerit</strong></span> <span class='ocrx_word' id='word_1_395' title='bbox 3415 560 3480 614; x_wconf 91' lang='lat' dir='ltr'><strong>de</strong></span> <span class='ocrx_word' id='word_1_396' title='bbox 3524 562 3726 615; x_wconf 86' lang='lat' dir='ltr'><strong>carni-</strong></span> 
     </span>
    </p>
   </div>
   <div class='ocr_carea' id='block_1_51' title="bbox 2138 651 3726 721">
    <p class='ocr_par' dir='ltr' id='par_1_51' title="bbox 2138 651 3726 721">
     <span class='ocr_line' id='line_1_51' title="bbox 2138 651 3726 721; baseline -0.002 -15"><span class='ocrx_word' id='word_1_397' title='bbox 2138 651 2240 706; x_wconf 90' lang='lat' dir='ltr'><strong>bus</strong></span> <span class='ocrx_word' id='word_1_398' title='bbox 2271 651 2524 706; x_wconf 91' lang='lat' dir='ltr'><strong>sacriﬁcii</strong></span> <span class='ocrx_word' id='word_1_399' title='bbox 2560 665 2732 719; x_wconf 85' lang='lat' dir='ltr'><strong>usque</strong></span> <span class='ocrx_word' id='word_1_400' title='bbox 2772 652 2824 703; x_wconf 94' lang='lat' dir='ltr'><strong>in</strong></span> <span class='ocrx_word' id='word_1_401' title='bbox 2879 651 3020 704; x_wconf 90' lang='lat' dir='ltr'><strong>diem</strong></span> <span class='ocrx_word' id='word_1_402' title='bbox 3056 653 3293 715; x_wconf 88' lang='lat' dir='ltr'><strong>tertium,</strong></span> <span class='ocrx_word' id='word_1_403' title='bbox 3342 652 3461 721; x_wconf 84' lang='lat' dir='ltr'><strong>igne</strong></span> <span class='ocrx_word' id='word_1_404' title='bbox 3491 667 3726 706; x_wconf 87' lang='lat' dir='ltr'><strong>crema-</strong></span> 
     </span>
    </p>
   </div>
   <div class='ocr_carea' id='block_1_52' title="bbox 2137 741 3727 798">
    <p class='ocr_par' dir='ltr' id='par_1_52' title="bbox 2137 741 3727 798">
     <span class='ocr_line' id='line_1_52' title="bbox 2137 741 3727 798; baseline -0.001 -2"><span class='ocrx_word' id='word_1_405' title='bbox 2137 741 2305 797; x_wconf 86' lang='lat' dir='ltr'><strong>bitur.</strong></span> <span class='ocrx_word' id='word_1_406' title='bbox 2338 741 2393 795; x_wconf 93' lang='lat' dir='ltr'><strong>Si</strong></span> <span class='ocrx_word' id='word_1_407' title='bbox 2421 750 2600 795; x_wconf 88' lang='lat' dir='ltr'><strong>autem</strong></span> <span class='ocrx_word' id='word_1_408' title='bbox 2634 742 2969 796; x_wconf 90' lang='lat' dir='ltr'><strong>manducans</strong></span> <span class='ocrx_word' id='word_1_409' title='bbox 2993 744 3402 797; x_wconf 88' lang='lat' dir='ltr'><strong>manducaverit</strong></span> <span class='ocrx_word' id='word_1_410' title='bbox 3433 759 3494 798; x_wconf 74' lang='lat' dir='ltr'><strong>ex</strong></span> <span class='ocrx_word' id='word_1_411' title='bbox 3529 745 3727 797; x_wconf 88' lang='lat' dir='ltr'><strong>carni-</strong></span> 
     </span>
    </p>
   </div>
   <div class='ocr_carea' id='block_1_53' title="bbox 2137 833 3723 904">
    <p class='ocr_par' dir='ltr' id='par_1_53' title="bbox 2137 833 3723 904">
     <span class='ocr_line' id='line_1_53' title="bbox 2137 833 3723 904; baseline -0.001 -14"><span class='ocrx_word' id='word_1_412' title='bbox 2137 835 2238 890; x_wconf 87' lang='lat' dir='ltr'><strong>bus</strong></span> <span class='ocrx_word' id='word_1_413' title='bbox 2261 836 2348 890; x_wconf 90' lang='lat' dir='ltr'><strong>die</strong></span> <span class='ocrx_word' id='word_1_414' title='bbox 2379 835 2562 898; x_wconf 90' lang='lat' dir='ltr'><strong>tertia,</strong></span> <span class='ocrx_word' id='word_1_415' title='bbox 2597 850 2701 888; x_wconf 93' lang='lat' dir='ltr'><strong>non</strong></span> <span class='ocrx_word' id='word_1_416' title='bbox 2733 834 2838 888; x_wconf 86' lang='lat' dir='ltr'><strong>er-it</strong></span> <span class='ocrx_word' id='word_1_417' title='bbox 2867 846 3146 903; x_wconf 89' lang='lat' dir='ltr'><strong>acceptum</strong></span> <span class='ocrx_word' id='word_1_418' title='bbox 3183 836 3253 898; x_wconf 86' lang='lat' dir='ltr'><strong>ei,</strong></span> <span class='ocrx_word' id='word_1_419' title='bbox 3303 835 3394 904; x_wconf 91' lang='lat' dir='ltr'><strong>qui</strong></span> <span class='ocrx_word' id='word_1_420' title='bbox 3447 834 3616 888; x_wconf 71' lang='lat' dir='ltr'><strong>offert</strong></span> <span class='ocrx_word' id='word_1_421' title='bbox 3655 833 3723 888; x_wconf 92' lang='lat' dir='ltr'><strong>il-</strong></span> 
     </span>
    </p>
   </div>
   <div class='ocr_carea' id='block_1_54' title="bbox 2140 926 3717 996">
    <p class='ocr_par' dir='ltr' id='par_1_54' title="bbox 2140 926 3717 996">
     <span class='ocr_line' id='line_1_54' title="bbox 2140 926 3717 996; baseline 0.001 -16"><span class='ocrx_word' id='word_1_422' title='bbox 2140 928 2251 992; x_wconf 88' lang='lat' dir='ltr'><strong>lud,</strong></span> <span class='ocrx_word' id='word_1_423' title='bbox 2288 942 2393 980; x_wconf 92' lang='lat' dir='ltr'><strong>non</strong></span> <span class='ocrx_word' id='word_1_424' title='bbox 2429 926 2767 996; x_wconf 90' lang='lat' dir='ltr'><strong>reputabitur</strong></span> <span class='ocrx_word' id='word_1_425' title='bbox 2813 927 2884 990; x_wconf 90' lang='lat' dir='ltr'><strong>ei,</strong></span> <span class='ocrx_word' id='word_1_426' title='bbox 2935 927 3309 996; x_wconf 90' lang='lat' dir='ltr'><strong>coinquinatio</strong></span> <span class='ocrx_word' id='word_1_427' title='bbox 3351 937 3456 984; x_wconf 91' lang='lat' dir='ltr'><strong>cst.</strong></span> <span class='ocrx_word' id='word_1_428' title='bbox 3501 929 3717 981; x_wconf 85' lang='lat' dir='ltr'><strong>Anima</strong></span> 
     </span>
    </p>
   </div>
   <div class='ocr_carea' id='block_1_55' title="bbox 2139 1019 3724 1087">
    <p class='ocr_par' dir='ltr' id='par_1_55' title="bbox 2139 1019 3724 1087">
     <span class='ocr_line' id='line_1_55' title="bbox 2139 1019 3724 1087; baseline 0.003 -16"><span class='ocrx_word' id='word_1_429' title='bbox 2139 1029 2318 1071; x_wconf 88' lang='lat' dir='ltr'><strong>autem</strong></span> <span class='ocrx_word' id='word_1_430' title='bbox 2348 1019 2390 1071; x_wconf 91' lang='lat' dir='ltr'><strong>si</strong></span> <span class='ocrx_word' id='word_1_431' title='bbox 2430 1034 2534 1086; x_wconf 91' lang='lat' dir='ltr'><strong>qua</strong></span> <span class='ocrx_word' id='word_1_432' title='bbox 2569 1019 2976 1073; x_wconf 83' lang='lat' dir='ltr'><strong>manducaverit</strong></span> <span class='ocrx_word' id='word_1_433' title='bbox 3007 1034 3074 1072; x_wconf 84' lang='lat' dir='ltr'><strong>ex</strong></span> <span class='ocrx_word' id='word_1_434' title='bbox 3109 1034 3194 1085; x_wconf 89' lang='lat' dir='ltr'><strong>co,</strong></span> <span class='ocrx_word' id='word_1_435' title='bbox 3229 1028 3510 1087; x_wconf 89' lang='lat' dir='ltr'><strong>peccatum</strong></span> <span class='ocrx_word' id='word_1_436' title='bbox 3567 1020 3724 1075; x_wconf 87' lang='lat' dir='ltr'><strong>acci-</strong></span> 
     </span>
    </p>
   </div>
   <div class='ocr_carea' id='block_1_56' title="bbox 2140 1106 3721 1178">
    <p class='ocr_par' dir='ltr' id='par_1_56' title="bbox 2140 1106 3721 1178">
     <span class='ocr_line' id='line_1_56' title="bbox 2140 1106 3721 1178; baseline 0.001 -16"><span class='ocrx_word' id='word_1_437' title='bbox 2140 1110 2270 1178; x_wconf 91' lang='lat' dir='ltr'><strong>piet.</strong></span> <span class='ocrx_word' id='word_1_438' title='bbox 2309 1126 2328 1160; x_wconf 72' lang='grc' dir='ltr'><strong>ι</strong></span> <span class='ocrx_word' id='word_1_439' title='bbox 2382 1106 2496 1162; x_wconf 89' lang='lat' dir='ltr'><strong>Hoc</strong></span> <span class='ocrx_word' id='word_1_440' title='bbox 2542 1119 2627 1162; x_wconf 91' lang='lat' dir='ltr'><strong>est</strong></span> <span class='ocrx_word' id='word_1_441' title='bbox 2661 1109 2914 1161; x_wconf 88' lang='lat' dir='ltr'><strong>nimirum</strong></span> <span class='ocrx_word' id='word_1_442' title='bbox 2950 1108 3094 1176; x_wconf 92' lang='lat' dir='ltr'><strong>quod</strong></span> <span class='ocrx_word' id='word_1_443' title='bbox 3136 1117 3190 1161; x_wconf 91' lang='lat' dir='ltr'><strong>et</strong></span> <span class='ocrx_word' id='word_1_444' title='bbox 3245 1108 3407 1162; x_wconf 86' lang='lat' dir='ltr'><strong>David</strong></span> <span class='ocrx_word' id='word_1_445' title='bbox 3459 1111 3600 1164; x_wconf 90' lang='lat' dir='ltr'><strong>dicit</strong></span> <span class='ocrx_word' id='word_1_446' title='bbox 3664 1113 3721 1164; x_wconf 92' lang='lat' dir='ltr'><strong>in</strong></span> 
     </span>
    </p>
   </div>
   <div class='ocr_carea' id='block_1_57' title="bbox 2137 1199 3723 1269">
    <p class='ocr_par' dir='ltr' id='par_1_57' title="bbox 2137 1199 3723 1269">
     <span class='ocr_line' id='line_1_57' title="bbox 2137 1199 3723 1269; baseline 0 -13"><span class='ocrx_word' id='word_1_447' title='bbox 2137 1200 2372 1257; x_wconf 86' lang='lat' dir='ltr'><strong>Psalmis</strong></span> <span class='ocrx_word' id='word_1_448' title='bbox 2395 1200 2476 1253; x_wconf 79' lang='lat'><strong>&quot;°:</strong></span> <span class='ocrx_word' id='word_1_449' title='bbox 2505 1218 2522 1250; x_wconf 84' lang='grc' dir='ltr'><strong>ι</strong></span> <span class='ocrx_word' id='word_1_450' title='bbox 2555 1199 2674 1252; x_wconf 86' lang='lat' dir='ltr'><strong>Fiat</strong></span> <span class='ocrx_word' id='word_1_451' title='bbox 2695 1202 2871 1254; x_wconf 90' lang='lat' dir='ltr'><strong>oratio</strong></span> <span class='ocrx_word' id='word_1_452' title='bbox 2894 1202 3008 1268; x_wconf 87' lang='lat' dir='ltr'><strong>ejus</strong></span> <span class='ocrx_word' id='word_1_453' title='bbox 3033 1199 3086 1252; x_wconf 91' lang='lat' dir='ltr'><strong>in</strong></span> <span class='ocrx_word' id='word_1_454' title='bbox 3115 1209 3418 1268; x_wconf 87' lang='lat' dir='ltr'><strong>peccatum,</strong></span> <span class='ocrx_word' id='word_1_455' title='bbox 3447 1219 3466 1252; x_wconf 76' lang='grc' dir='ltr'><strong>ι</strong></span> <span class='ocrx_word' id='word_1_456' title='bbox 3492 1203 3723 1269; x_wconf 83' lang='lat' dir='ltr'><strong>quando</strong></span> 
     </span>
    </p>
   </div>
   <div class='ocr_carea' id='block_1_58' title="bbox 2138 1292 3720 1358">
    <p class='ocr_par' dir='ltr' id='par_1_58' title="bbox 2138 1292 3720 1358">
     <span class='ocr_line' id='line_1_58' title="bbox 2138 1292 3720 1358; baseline -0.001 -10"><span class='ocrx_word' id='word_1_457' title='bbox 2138 1309 2244 1348; x_wconf 90' lang='lat' dir='ltr'><strong>non</strong></span> <span class='ocrx_word' id='word_1_458' title='bbox 2273 1292 2448 1347; x_wconf 82' lang='lat' dir='ltr'><strong>solum</strong></span> <span class='ocrx_word' id='word_1_459' title='bbox 2480 1292 2612 1345; x_wconf 88' lang='lat' dir='ltr'><strong>nihil</strong></span> <span class='ocrx_word' id='word_1_460' title='bbox 2644 1293 2850 1356; x_wconf 90' lang='lat' dir='ltr'><strong>meriti,</strong></span> <span class='ocrx_word' id='word_1_461' title='bbox 2874 1293 2969 1346; x_wconf 88' lang='lat' dir='ltr'><strong>sed</strong></span> <span class='ocrx_word' id='word_1_462' title='bbox 2997 1292 3162 1346; x_wconf 90' lang='lat' dir='ltr'><strong>etiam</strong></span> <span class='ocrx_word' id='word_1_463' title='bbox 3187 1292 3356 1358; x_wconf 67' lang='lat' dir='ltr'><strong>culpae</strong></span> <span class='ocrx_word' id='word_1_464' title='bbox 3380 1293 3619 1346; x_wconf 91' lang='lat' dir='ltr'><strong>multum</strong></span> <span class='ocrx_word' id='word_1_465' title='bbox 3651 1310 3720 1348; x_wconf 81' lang='lat' dir='ltr'><strong>ex</strong></span> 
     </span>
    </p>
   </div>
   <div class='ocr_carea' id='block_1_59' title="bbox 2136 1385 3723 1454">
    <p class='ocr_par' dir='ltr' id='par_1_59' title="bbox 2136 1385 3723 1454">
     <span class='ocr_line' id='line_1_59' title="bbox 2136 1385 3723 1454; baseline 0.003 -15"><span class='ocrx_word' id='word_1_466' title='bbox 2136 1385 2421 1440; x_wconf 90' lang='lat' dir='ltr'><strong>sacriﬁciis</strong></span> <span class='ocrx_word' id='word_1_467' title='bbox 2457 1387 2737 1454; x_wconf 61' lang='lat' dir='ltr'><strong>quaeritur.</strong></span> <span class='ocrx_word' id='word_1_468' title='bbox 2803 1385 2974 1440; x_wconf 86' lang='lat' dir='ltr'><strong>Audis</strong></span> <span class='ocrx_word' id='word_1_469' title='bbox 3027 1386 3171 1439; x_wconf 91' lang='lat' dir='ltr'><strong>enim</strong></span> <span class='ocrx_word' id='word_1_470' title='bbox 3214 1386 3582 1454; x_wconf 85' lang='lat' dir='ltr'><strong>legislatorem</strong></span> <span class='ocrx_word' id='word_1_471' title='bbox 3621 1390 3723 1443; x_wconf 83' lang='lat' dir='ltr'><strong>de-</strong></span> 
     </span>
    </p>
   </div>
   <div class='ocr_carea' id='block_1_60' title="bbox 2137 1475 3724 1547">
    <p class='ocr_par' dir='ltr' id='par_1_60' title="bbox 2137 1475 3724 1547">
     <span class='ocr_line' id='line_1_60' title="bbox 2137 1475 3724 1547; baseline 0 -17"><span class='ocrx_word' id='word_1_472' title='bbox 2137 1489 2385 1540; x_wconf 89' lang='lat' dir='ltr'><strong>cernere,</strong></span> <span class='ocrx_word' id='word_1_473' title='bbox 2421 1477 2548 1546; x_wconf 91' lang='lat' dir='ltr'><strong>quia</strong></span> <span class='ocrx_word' id='word_1_474' title='bbox 2577 1475 2622 1530; x_wconf 91' lang='lat' dir='ltr'><strong>si</strong></span> <span class='ocrx_word' id='word_1_475' title='bbox 2659 1476 2780 1545; x_wconf 90' lang='lat' dir='ltr'><strong>quis</strong></span> <span class='ocrx_word' id='word_1_476' title='bbox 2815 1478 3223 1531; x_wconf 86' lang='lat' dir='ltr'><strong>manducaverit</strong></span> <span class='ocrx_word' id='word_1_477' title='bbox 3260 1493 3322 1530; x_wconf 75' lang='lat' dir='ltr'><strong>ex</strong></span> <span class='ocrx_word' id='word_1_478' title='bbox 3359 1495 3420 1532; x_wconf 91' lang='lat' dir='ltr'><strong>eo</strong></span> <span class='ocrx_word' id='word_1_479' title='bbox 3448 1481 3598 1547; x_wconf 91' lang='lat' dir='ltr'><strong>quod</strong></span> <span class='ocrx_word' id='word_1_480' title='bbox 3627 1495 3724 1532; x_wconf 89' lang='lat' dir='ltr'><strong>su-</strong></span> 
     </span>
    </p>
   </div>
   <div class='ocr_carea' id='block_1_61' title="bbox 2135 1565 3720 1638">
    <p class='ocr_par' dir='ltr' id='par_1_61' title="bbox 2135 1565 3720 1638">
     <span class='ocr_line' id='line_1_61' title="bbox 2135 1565 3720 1638; baseline 0.002 -18"><span class='ocrx_word' id='word_1_481' title='bbox 2135 1565 2400 1636; x_wconf 88' lang='lat' dir='ltr'><strong>perfuerit</strong></span> <span class='ocrx_word' id='word_1_482' title='bbox 2422 1569 2474 1621; x_wconf 93' lang='lat' dir='ltr'><strong>in</strong></span> <span class='ocrx_word' id='word_1_483' title='bbox 2510 1569 2724 1621; x_wconf 89' lang='lat' dir='ltr'><strong>tertiam</strong></span> <span class='ocrx_word' id='word_1_484' title='bbox 2755 1568 2919 1631; x_wconf 91' lang='lat' dir='ltr'><strong>diem,</strong></span> <span class='ocrx_word' id='word_1_485' title='bbox 2954 1577 3237 1637; x_wconf 87' lang='lat' dir='ltr'><strong>peccatum</strong></span> <span class='ocrx_word' id='word_1_486' title='bbox 3271 1571 3517 1638; x_wconf 86' lang='lat' dir='ltr'><strong>accipiet.</strong></span> <span class='ocrx_word' id='word_1_487' title='bbox 3560 1571 3720 1625; x_wconf 88' lang='lat' dir='ltr'><strong>Unde</strong></span> 
     </span>
    </p>
   </div>
   <div class='ocr_carea' id='block_1_62' title="bbox 2139 1662 3720 1732">
    <p class='ocr_par' dir='ltr' id='par_1_62' title="bbox 2139 1662 3720 1732">
     <span class='ocr_line' id='line_1_62' title="bbox 2139 1662 3720 1732; baseline 0.001 -16"><span class='ocrx_word' id='word_1_488' title='bbox 2139 1663 2567 1730; x_wconf 89' lang='lat' dir='ltr'><strong>cognoscendum</strong></span> <span class='ocrx_word' id='word_1_489' title='bbox 2607 1670 2690 1716; x_wconf 91' lang='lat' dir='ltr'><strong>est</strong></span> <span class='ocrx_word' id='word_1_490' title='bbox 2716 1671 2918 1729; x_wconf 86' lang='lat' dir='ltr'><strong>quanta</strong></span> <span class='ocrx_word' id='word_1_491' title='bbox 2972 1662 3220 1716; x_wconf 82' lang='lat' dir='ltr'><strong>humanae</strong></span> <span class='ocrx_word' id='word_1_492' title='bbox 3251 1663 3548 1718; x_wconf 89' lang='lat' dir='ltr'><strong>conditioni</strong></span> <span class='ocrx_word' id='word_1_493' title='bbox 3588 1680 3720 1732; x_wconf 87' lang='lat' dir='ltr'><strong>pec-</strong></span> 
     </span>
    </p>
   </div>
   <div class='ocr_carea' id='block_1_63' title="bbox 2137 1752 3720 1818">
    <p class='ocr_par' dir='ltr' id='par_1_63' title="bbox 2137 1752 3720 1818">
     <span class='ocr_line' id='line_1_63' title="bbox 2137 1752 3720 1818; baseline 0.001 -11"><span class='ocrx_word' id='word_1_494' title='bbox 2137 1763 2378 1808; x_wconf 87' lang='lat' dir='ltr'><strong>catorum</strong></span> <span class='ocrx_word' id='word_1_495' title='bbox 2405 1752 2553 1807; x_wconf 90' lang='lat' dir='ltr'><strong>labes</strong></span> <span class='ocrx_word' id='word_1_496' title='bbox 2589 1752 2917 1818; x_wconf 90' lang='lat' dir='ltr'><strong>immineat,</strong></span> <span class='ocrx_word' id='word_1_497' title='bbox 2956 1768 3078 1806; x_wconf 89' lang='lat' dir='ltr'><strong>cum</strong></span> <span class='ocrx_word' id='word_1_498' title='bbox 3108 1755 3316 1807; x_wconf 90' lang='lat' dir='ltr'><strong>oriatur</strong></span> <span class='ocrx_word' id='word_1_499' title='bbox 3361 1756 3528 1808; x_wconf 89' lang='lat' dir='ltr'><strong>etiam</strong></span> <span class='ocrx_word' id='word_1_500' title='bbox 3588 1757 3720 1808; x_wconf 84' lang='lat' dir='ltr'><strong>inde</strong></span> 
     </span>
    </p>
   </div>
   <div class='ocr_carea' id='block_1_64' title="bbox 2135 1843 3718 1914">
    <p class='ocr_par' dir='ltr' id='par_1_64' title="bbox 2135 1843 3718 1914">
     <span class='ocr_line' id='line_1_64' title="bbox 2135 1843 3718 1914; baseline 0.001 -16"><span class='ocrx_word' id='word_1_501' title='bbox 2135 1853 2442 1914; x_wconf 85' lang='lat' dir='ltr'><strong>peccatum,</strong></span> <span class='ocrx_word' id='word_1_502' title='bbox 2477 1845 2620 1896; x_wconf 91' lang='lat' dir='ltr'><strong>unde</strong></span> <span class='ocrx_word' id='word_1_503' title='bbox 2648 1843 2823 1896; x_wconf 90' lang='lat' dir='ltr'><strong>hostia</strong></span> <span class='ocrx_word' id='word_1_504' title='bbox 2860 1845 3267 1912; x_wconf 89' lang='lat' dir='ltr'><strong>propitiationis</strong></span> <span class='ocrx_word' id='word_1_505' title='bbox 3295 1844 3539 1899; x_wconf 84' lang='lat' dir='ltr'><strong>oﬁ‘ertur.</strong></span> <span class='ocrx_word' id='word_1_506' title='bbox 3588 1845 3718 1900; x_wconf 70' lang='lat' dir='ltr'><strong>llaec</strong></span> 
     </span>
    </p>
   </div>
   <div class='ocr_carea' id='block_1_65' title="bbox 2135 1930 3715 2001">
    <p class='ocr_par' dir='ltr' id='par_1_65' title="bbox 2135 1930 3715 2001">
     <span class='ocr_line' id='line_1_65' title="bbox 2135 1930 3715 2001; baseline -0.001 -15"><span class='ocrx_word' id='word_1_507' title='bbox 2135 1933 2296 1987; x_wconf 92' lang='lat' dir='ltr'><strong>credo</strong></span> <span class='ocrx_word' id='word_1_508' title='bbox 2327 1933 2488 2001; x_wconf 76' lang='grc'><strong>212</strong></span> <span class='ocrx_word' id='word_1_509' title='bbox 2541 1931 2890 1986; x_wconf 83' lang='lat' dir='ltr'><strong>considerans</strong></span> <span class='ocrx_word' id='word_1_510' title='bbox 2921 1930 3109 1985; x_wconf 88' lang='lat' dir='ltr'><strong>beatus</strong></span> <span class='ocrx_word' id='word_1_511' title='bbox 3143 1932 3310 1986; x_wconf 85' lang='lat' dir='ltr'><strong>David</strong></span> <span class='ocrx_word' id='word_1_512' title='bbox 3338 1973 3352 1996; x_wconf 97' lang='lat'><strong>,</strong></span> <span class='ocrx_word' id='word_1_513' title='bbox 3385 1933 3606 1986; x_wconf 86' lang='lat' dir='ltr'><strong>dicebat</strong></span> <span class='ocrx_word' id='word_1_514' title='bbox 3661 1935 3715 1985; x_wconf 91' lang='lat' dir='ltr'><strong>in</strong></span> 
     </span>
    </p>
   </div>
   <div class='ocr_carea' id='block_1_66' title="bbox 2135 2023 3719 2095">
    <p class='ocr_par' dir='ltr' id='par_1_66' title="bbox 2135 2023 3719 2095">
     <span class='ocr_line' id='line_1_66' title="bbox 2135 2023 3719 2095; baseline -0.002 -14"><span class='ocrx_word' id='word_1_515' title='bbox 2135 2025 2362 2081; x_wconf 86' lang='lat' dir='ltr'><strong>Psalmis</strong></span> <span class='ocrx_word' id='word_1_516' title='bbox 2392 2026 2481 2081; x_wconf 68' lang='grc' dir='ltr'>ἰε</span> <span class='ocrx_word' id='word_1_517' title='bbox 2521 2043 2540 2075; x_wconf 81' lang='grc' dir='ltr'><strong>ι</strong></span> <span class='ocrx_word' id='word_1_518' title='bbox 2576 2025 2803 2079; x_wconf 75' lang='lat' dir='ltr'><strong>l’eccata</strong></span> <span class='ocrx_word' id='word_1_519' title='bbox 2851 2025 2972 2095; x_wconf 92' lang='lat' dir='ltr'><strong>quis</strong></span> <span class='ocrx_word' id='word_1_520' title='bbox 2999 2023 3290 2094; x_wconf 82' lang='lat' dir='ltr'><strong>intelligit?</strong></span> <span class='ocrx_word' id='word_1_521' title='bbox 3326 2043 3342 2074; x_wconf 83' lang='grc' dir='ltr'><strong>ι</strong></span> <span class='ocrx_word' id='word_1_522' title='bbox 3383 2025 3498 2078; x_wconf 87' lang='lat' dir='ltr'><strong>Voti</strong></span> <span class='ocrx_word' id='word_1_523' title='bbox 3538 2024 3719 2091; x_wconf 83' lang='lat' dir='ltr'><strong>igitur</strong></span> 
     </span>
    </p>
   </div>
   <div class='ocr_carea' id='block_1_67' title="bbox 2135 2115 3715 2184">
    <p class='ocr_par' dir='ltr' id='par_1_67' title="bbox 2135 2115 3715 2184">
     <span class='ocr_line' id='line_1_67' title="bbox 2135 2115 3715 2184; baseline -0.004 -11"><span class='ocrx_word' id='word_1_524' title='bbox 2135 2127 2189 2173; x_wconf 91' lang='lat' dir='ltr'><strong>et</strong></span> <span class='ocrx_word' id='word_1_525' title='bbox 2217 2117 2510 2172; x_wconf 86' lang='lat' dir='ltr'><strong>voluntatis</strong></span> <span class='ocrx_word' id='word_1_526' title='bbox 2532 2117 2861 2171; x_wconf 88' lang='lat' dir='ltr'><strong>sacriﬁcium</strong></span> <span class='ocrx_word' id='word_1_527' title='bbox 2881 2126 2986 2182; x_wconf 91' lang='lat' dir='ltr'><strong>est,</strong></span> <span class='ocrx_word' id='word_1_528' title='bbox 3012 2129 3118 2184; x_wconf 92' lang='lat' dir='ltr'><strong>quo</strong></span> <span class='ocrx_word' id='word_1_529' title='bbox 3141 2124 3195 2168; x_wconf 90' lang='lat' dir='ltr'><strong>et</strong></span> <span class='ocrx_word' id='word_1_530' title='bbox 3226 2115 3459 2168; x_wconf 90' lang='lat' dir='ltr'><strong>secunda</strong></span> <span class='ocrx_word' id='word_1_531' title='bbox 3483 2115 3715 2183; x_wconf 83' lang='lat' dir='ltr'><strong>quidem</strong></span> 
     </span>
    </p>
   </div>
   <div class='ocr_carea' id='block_1_68' title="bbox 2135 2206 3711 2275">
    <p class='ocr_par' dir='ltr' id='par_1_68' title="bbox 2135 2206 3711 2275">
     <span class='ocr_line' id='line_1_68' title="bbox 2135 2206 3711 2275; baseline -0.001 -14"><span class='ocrx_word' id='word_1_532' title='bbox 2135 2209 2222 2265; x_wconf 89' lang='lat' dir='ltr'><strong>die</strong></span> <span class='ocrx_word' id='word_1_533' title='bbox 2251 2209 2393 2264; x_wconf 88' lang='lat' dir='ltr'><strong>vesci</strong></span> <span class='ocrx_word' id='word_1_534' title='bbox 2427 2208 2510 2261; x_wconf 83' lang='lat' dir='ltr'><strong>fas</strong></span> <span class='ocrx_word' id='word_1_535' title='bbox 2535 2217 2638 2270; x_wconf 90' lang='lat' dir='ltr'><strong>est,</strong></span> <span class='ocrx_word' id='word_1_536' title='bbox 2682 2207 2896 2275; x_wconf 92' lang='lat' dir='ltr'><strong>penitus</strong></span> <span class='ocrx_word' id='word_1_537' title='bbox 2924 2220 3052 2259; x_wconf 85' lang='lat' dir='ltr'><strong>vero</strong></span> <span class='ocrx_word' id='word_1_538' title='bbox 3082 2206 3359 2275; x_wconf 76' lang='lat' dir='ltr'><strong>abjuratur</strong></span> <span class='ocrx_word' id='word_1_539' title='bbox 3383 2206 3436 2259; x_wconf 94' lang='lat' dir='ltr'><strong>in</strong></span> <span class='ocrx_word' id='word_1_540' title='bbox 3465 2207 3711 2260; x_wconf 82' lang='lat' dir='ltr'><strong>tertiam.</strong></span> 
     </span>
    </p>
   </div>
   <div class='ocr_carea' id='block_1_69' title="bbox 2136 2296 3716 2369">
    <p class='ocr_par' dir='ltr' id='par_1_69' title="bbox 2136 2296 3716 2369">
     <span class='ocr_line' id='line_1_69' title="bbox 2136 2296 3716 2369; baseline -0.004 -14"><span class='ocrx_word' id='word_1_541' title='bbox 2136 2301 2242 2355; x_wconf 87' lang='lat' dir='ltr'><strong>Sed</strong></span> <span class='ocrx_word' id='word_1_542' title='bbox 2277 2301 2373 2354; x_wconf 89' lang='lat' dir='ltr'><strong>dat</strong></span> <span class='ocrx_word' id='word_1_543' title='bbox 2412 2300 2709 2354; x_wconf 89' lang='lat' dir='ltr'><strong>remedium</strong></span> <span class='ocrx_word' id='word_1_544' title='bbox 2748 2296 3160 2369; x_wconf 82' lang='lat' dir='ltr'><strong>negligentibus.</strong></span> <span class='ocrx_word' id='word_1_545' title='bbox 3196 2297 3278 2362; x_wconf 90' lang='lat' dir='ltr'><strong>Si,</strong></span> <span class='ocrx_word' id='word_1_546' title='bbox 3315 2297 3514 2365; x_wconf 81' lang='lat' dir='ltr'><strong>inquil,</strong></span> <span class='ocrx_word' id='word_1_547' title='bbox 3551 2299 3716 2349; x_wconf 88' lang='lat' dir='ltr'><strong>inva-</strong></span> 
     </span>
    </p>
   </div>
   <div class='ocr_carea' id='block_1_70' title="bbox 2136 2389 3709 2458">
    <p class='ocr_par' dir='ltr' id='par_1_70' title="bbox 2136 2389 3709 2458">
     <span class='ocr_line' id='line_1_70' title="bbox 2136 2389 3709 2458; baseline -0.003 -13"><span class='ocrx_word' id='word_1_548' title='bbox 2136 2392 2276 2446; x_wconf 90' lang='lat' dir='ltr'><strong>lidus</strong></span> <span class='ocrx_word' id='word_1_549' title='bbox 2299 2391 2488 2452; x_wconf 89' lang='lat' dir='ltr'><strong>fueris,</strong></span> <span class='ocrx_word' id='word_1_550' title='bbox 2524 2401 2708 2444; x_wconf 91' lang='lat' dir='ltr'><strong>etnon</strong></span> <span class='ocrx_word' id='word_1_551' title='bbox 2743 2390 2987 2458; x_wconf 89' lang='lat' dir='ltr'><strong>p0tueris</strong></span> <span class='ocrx_word' id='word_1_552' title='bbox 3011 2404 3200 2442; x_wconf 89' lang='lat' dir='ltr'><strong>omnes</strong></span> <span class='ocrx_word' id='word_1_553' title='bbox 3227 2402 3417 2442; x_wconf 88' lang='lat' dir='ltr'><strong>carnes</strong></span> <span class='ocrx_word' id='word_1_554' title='bbox 3445 2389 3709 2442; x_wconf 84' lang='lat' dir='ltr'><strong>sacriﬁcii</strong></span> 
     </span>
    </p>
   </div>
   <div class='ocr_carea' id='block_1_71' title="bbox 2133 2481 3714 2544">
    <p class='ocr_par' dir='ltr' id='par_1_71' title="bbox 2133 2481 3714 2544">
     <span class='ocr_line' id='line_1_71' title="bbox 2133 2481 3714 2544; baseline -0.002 -7"><span class='ocrx_word' id='word_1_555' title='bbox 2133 2484 2367 2538; x_wconf 87' lang='lat' dir='ltr'><strong>secunda</strong></span> <span class='ocrx_word' id='word_1_556' title='bbox 2401 2483 2563 2536; x_wconf 88' lang='lat' dir='ltr'><strong>ﬁnire</strong></span> <span class='ocrx_word' id='word_1_557' title='bbox 2593 2482 2701 2544; x_wconf 89' lang='lat' dir='ltr'><strong>die,</strong></span> <span class='ocrx_word' id='word_1_558' title='bbox 2734 2481 2869 2536; x_wconf 87' lang='lat' dir='ltr'><strong>nihil</strong></span> <span class='ocrx_word' id='word_1_559' title='bbox 2895 2481 2961 2535; x_wconf 90' lang='lat' dir='ltr'><strong>de</strong></span> <span class='ocrx_word' id='word_1_560' title='bbox 3007 2481 3094 2536; x_wconf 90' lang='lat' dir='ltr'><strong>his</strong></span> <span class='ocrx_word' id='word_1_561' title='bbox 3129 2481 3182 2534; x_wconf 93' lang='lat' dir='ltr'><strong>in</strong></span> <span class='ocrx_word' id='word_1_562' title='bbox 3214 2481 3301 2535; x_wconf 89' lang='lat' dir='ltr'><strong>die</strong></span> <span class='ocrx_word' id='word_1_563' title='bbox 3342 2481 3497 2533; x_wconf 89' lang='lat' dir='ltr'><strong>tertia</strong></span> <span class='ocrx_word' id='word_1_564' title='bbox 3525 2496 3714 2535; x_wconf 88' lang='lat' dir='ltr'><strong>come-</strong></span> 
     </span>
    </p>
   </div>
   <div class='ocr_carea' id='block_1_72' title="bbox 2134 2571 3711 2642">
    <p class='ocr_par' dir='ltr' id='par_1_72' title="bbox 2134 2571 3711 2642">
     <span class='ocr_line' id='line_1_72' title="bbox 2134 2571 3711 2642; baseline -0.001 -14"><span class='ocrx_word' id='word_1_565' title='bbox 2134 2575 2251 2638; x_wconf 90' lang='lat' dir='ltr'><strong>das,</strong></span> <span class='ocrx_word' id='word_1_566' title='bbox 2287 2574 2379 2628; x_wconf 91' lang='lat' dir='ltr'><strong>sed</strong></span> <span class='ocrx_word' id='word_1_567' title='bbox 2420 2573 2526 2642; x_wconf 89' lang='lat' dir='ltr'><strong>igni</strong></span> <span class='ocrx_word' id='word_1_568' title='bbox 2566 2575 2718 2627; x_wconf 86' lang='lat' dir='ltr'><strong>trade</strong></span> <span class='ocrx_word' id='word_1_569' title='bbox 2751 2571 2894 2641; x_wconf 89' lang='lat' dir='ltr'><strong>quod</strong></span> <span class='ocrx_word' id='word_1_570' title='bbox 2931 2581 3200 2641; x_wconf 89' lang='lat' dir='ltr'><strong>superest.</strong></span> <span class='ocrx_word' id='word_1_571' title='bbox 3237 2574 3292 2626; x_wconf 84' lang='lat' dir='ltr'><strong>Si</strong></span> <span class='ocrx_word' id='word_1_572' title='bbox 3326 2573 3471 2626; x_wconf 85' lang='lat' dir='ltr'><strong>enim</strong></span> <span class='ocrx_word' id='word_1_573' title='bbox 3517 2574 3711 2628; x_wconf 88' lang='lat' dir='ltr'><strong>volue-</strong></span> 
     </span>
    </p>
   </div>
   <div class='ocr_carea' id='block_1_73' title="bbox 2134 2663 3706 2736">
    <p class='ocr_par' dir='ltr' id='par_1_73' title="bbox 2134 2663 3706 2736">
     <span class='ocr_line' id='line_1_73' title="bbox 2134 2663 3706 2736; baseline -0.003 -16"><span class='ocrx_word' id='word_1_574' title='bbox 2134 2667 2208 2720; x_wconf 89' lang='lat' dir='ltr'><strong>ris</strong></span> <span class='ocrx_word' id='word_1_575' title='bbox 2236 2673 2354 2736; x_wconf 90' lang='lat' dir='ltr'><strong>post</strong></span> <span class='ocrx_word' id='word_1_576' title='bbox 2385 2664 2519 2719; x_wconf 91' lang='lat' dir='ltr'><strong>duos</strong></span> <span class='ocrx_word' id='word_1_577' title='bbox 2545 2664 2660 2718; x_wconf 92' lang='lat' dir='ltr'><strong>dies</strong></span> <span class='ocrx_word' id='word_1_578' title='bbox 2695 2666 3027 2717; x_wconf 87' lang='lat' dir='ltr'><strong>manducare</strong></span> <span class='ocrx_word' id='word_1_579' title='bbox 3054 2663 3120 2716; x_wconf 89' lang='lat' dir='ltr'><strong>de</strong></span> <span class='ocrx_word' id='word_1_580' title='bbox 3175 2664 3469 2726; x_wconf 89' lang='lat' dir='ltr'><strong>sacrilicio,</strong></span> <span class='ocrx_word' id='word_1_581' title='bbox 3498 2679 3706 2731; x_wconf 84' lang='lat' dir='ltr'><strong>pecca—</strong></span> 
     </span>
    </p>
   </div>
   <div class='ocr_carea' id='block_1_74' title="bbox 2133 2756 3706 2827">
    <p class='ocr_par' dir='ltr' id='par_1_74' title="bbox 2133 2756 3706 2827">
     <span class='ocr_line' id='line_1_74' title="bbox 2133 2756 3706 2827; baseline -0.003 -14"><span class='ocrx_word' id='word_1_582' title='bbox 2133 2769 2244 2814; x_wconf 90' lang='lat' dir='ltr'><strong>tum</strong></span> <span class='ocrx_word' id='word_1_583' title='bbox 2283 2759 2541 2827; x_wconf 90' lang='lat' dir='ltr'><strong>accipies.</strong></span> <span class='ocrx_word' id='word_1_584' title='bbox 2574 2757 2706 2826; x_wconf 86' lang='lat' dir='ltr'><strong>Ego,</strong></span> <span class='ocrx_word' id='word_1_585' title='bbox 2744 2767 2904 2825; x_wconf 91' lang='lat' dir='ltr'><strong>prout</strong></span> <span class='ocrx_word' id='word_1_586' title='bbox 2936 2771 3131 2810; x_wconf 90' lang='lat' dir='ltr'><strong>sensus</strong></span> <span class='ocrx_word' id='word_1_587' title='bbox 3161 2756 3265 2808; x_wconf 89' lang='lat' dir='ltr'><strong>mei</strong></span> <span class='ocrx_word' id='word_1_588' title='bbox 3298 2756 3572 2824; x_wconf 87' lang='lat' dir='ltr'><strong>capacitas</strong></span> <span class='ocrx_word' id='word_1_589' title='bbox 3603 2757 3706 2810; x_wconf 88' lang='lat' dir='ltr'><strong>ha-</strong></span> 
     </span>
    </p>
   </div>
   <div class='ocr_carea' id='block_1_75' title="bbox 2132 2848 3708 2917">
    <p class='ocr_par' dir='ltr' id='par_1_75' title="bbox 2132 2848 3708 2917">
     <span class='ocr_line' id='line_1_75' title="bbox 2132 2848 3708 2917; baseline -0.003 -12"><span class='ocrx_word' id='word_1_590' title='bbox 2132 2852 2244 2915; x_wconf 89' lang='lat' dir='ltr'><strong>bet,</strong></span> <span class='ocrx_word' id='word_1_591' title='bbox 2298 2850 2351 2906; x_wconf 92' lang='lat' dir='ltr'><strong>in</strong></span> <span class='ocrx_word' id='word_1_592' title='bbox 2391 2851 2495 2904; x_wconf 92' lang='lat' dir='ltr'><strong>hoc</strong></span> <span class='ocrx_word' id='word_1_593' title='bbox 2524 2849 2687 2903; x_wconf 89' lang='lat' dir='ltr'><strong>biduo</strong></span> <span class='ocrx_word' id='word_1_594' title='bbox 2715 2855 2841 2916; x_wconf 90' lang='lat' dir='ltr'><strong>puto</strong></span> <span class='ocrx_word' id='word_1_595' title='bbox 2873 2848 2978 2900; x_wconf 92' lang='lat' dir='ltr'><strong>duo</strong></span> <span class='ocrx_word' id='word_1_596' title='bbox 3009 2855 3330 2901; x_wconf 89' lang='lat' dir='ltr'><strong>testamenta</strong></span> <span class='ocrx_word' id='word_1_597' title='bbox 3367 2848 3617 2917; x_wconf 80' lang='lat' dir='ltr'><strong>intelligi,</strong></span> <span class='ocrx_word' id='word_1_598' title='bbox 3650 2849 3708 2901; x_wconf 89' lang='lat' dir='ltr'><strong>in</strong></span> 
     </span>
    </p>
   </div>
   <div class='ocr_carea' id='block_1_76' title="bbox 2132 2941 3710 3012">
    <p class='ocr_par' dir='ltr' id='par_1_76' title="bbox 2132 2941 3710 3012">
     <span class='ocr_line' id='line_1_76' title="bbox 2132 2941 3710 3012; baseline -0.001 -17"><span class='ocrx_word' id='word_1_599' title='bbox 2132 2944 2330 3012; x_wconf 89' lang='lat' dir='ltr'><strong>quibus</strong></span> <span class='ocrx_word' id='word_1_600' title='bbox 2360 2942 2523 2996; x_wconf 91' lang='lat' dir='ltr'><strong>liccat</strong></span> <span class='ocrx_word' id='word_1_601' title='bbox 2551 2954 2714 2994; x_wconf 88' lang='lat' dir='ltr'><strong>onmc</strong></span> <span class='ocrx_word' id='word_1_602' title='bbox 2740 2941 2962 2994; x_wconf 84' lang='lat' dir='ltr'><strong>verbum</strong></span> <span class='ocrx_word' id='word_1_603' title='bbox 2991 2943 3127 3009; x_wconf 88' lang='lat' dir='ltr'><strong>quod</strong></span> <span class='ocrx_word' id='word_1_604' title='bbox 3163 2941 3228 2993; x_wconf 92' lang='lat' dir='ltr'><strong>ad</strong></span> <span class='ocrx_word' id='word_1_605' title='bbox 3262 2941 3426 2992; x_wconf 88' lang='lat' dir='ltr'><strong>Deum</strong></span> <span class='ocrx_word' id='word_1_606' title='bbox 3464 2942 3710 3009; x_wconf 78' lang='lat' dir='ltr'><strong>pertinet</strong></span> 
     </span>
    </p>
   </div>
   <div class='ocr_carea' id='block_1_77' title="bbox 2138 3031 3703 3108">
    <p class='ocr_par' dir='ltr' id='par_1_77' title="bbox 2138 3031 3703 3108">
     <span class='ocr_line' id='line_1_77' title="bbox 2138 3031 3703 3108; baseline -0.003 -18"><span class='ocrx_word' id='word_1_607' title='bbox 2138 3035 2286 3108; x_wconf 93' lang='lat' dir='ltr'><strong>(hoc</strong></span> <span class='ocrx_word' id='word_1_608' title='bbox 2323 3035 2464 3089; x_wconf 89' lang='lat' dir='ltr'><strong>enim</strong></span> <span class='ocrx_word' id='word_1_609' title='bbox 2501 3043 2579 3088; x_wconf 86' lang='lat' dir='ltr'><strong>cst</strong></span> <span class='ocrx_word' id='word_1_610' title='bbox 2625 3031 2984 3106; x_wconf 88' lang='lat' dir='ltr'><strong>sacriﬁcium)</strong></span> <span class='ocrx_word' id='word_1_611' title='bbox 3039 3033 3235 3101; x_wconf 90' lang='lat' dir='ltr'><strong>requiri</strong></span> <span class='ocrx_word' id='word_1_612' title='bbox 3271 3073 3288 3098; x_wconf 97' lang='lat'><strong>,</strong></span> <span class='ocrx_word' id='word_1_613' title='bbox 3347 3043 3400 3086; x_wconf 90' lang='lat' dir='ltr'><strong>et</strong></span> <span class='ocrx_word' id='word_1_614' title='bbox 3455 3035 3656 3088; x_wconf 85' lang='lat' dir='ltr'><strong>discuti</strong></span> <span class='ocrx_word' id='word_1_615' title='bbox 3687 3074 3703 3097; x_wconf 92' lang='lat'><strong>,</strong></span> 
     </span>
    </p>
   </div>
   <div class='ocr_carea' id='block_1_78' title="bbox 2136 3118 3703 3194">
    <p class='ocr_par' dir='ltr' id='par_1_78' title="bbox 2136 3118 3703 3194">
     <span class='ocr_line' id='line_1_78' title="bbox 2136 3118 3703 3194; baseline -0.004 -15"><span class='ocrx_word' id='word_1_616' title='bbox 2136 3135 2297 3194; x_wconf 90' lang='lat' dir='ltr'><strong>atque</strong></span> <span class='ocrx_word' id='word_1_617' title='bbox 2335 3139 2401 3178; x_wconf 84' lang='lat' dir='ltr'><strong>ex</strong></span> <span class='ocrx_word' id='word_1_618' title='bbox 2444 3124 2573 3193; x_wconf 91' lang='lat' dir='ltr'><strong>ipsis</strong></span> <span class='ocrx_word' id='word_1_619' title='bbox 2609 3138 2824 3177; x_wconf 87' lang='lat' dir='ltr'><strong>onmem</strong></span> <span class='ocrx_word' id='word_1_620' title='bbox 2879 3136 3056 3174; x_wconf 89' lang='lat' dir='ltr'><strong>rerum</strong></span> <span class='ocrx_word' id='word_1_621' title='bbox 3110 3119 3394 3173; x_wconf 86' lang='lat' dir='ltr'><strong>scientiam</strong></span> <span class='ocrx_word' id='word_1_622' title='bbox 3429 3121 3568 3188; x_wconf 90' lang='lat' dir='ltr'><strong>capi.</strong></span> <span class='ocrx_word' id='word_1_623' title='bbox 3643 3118 3703 3172; x_wconf 91' lang='lat' dir='ltr'><strong>Si</strong></span> 
     </span>
    </p>
   </div>
   <div class='ocr_carea' id='block_1_79' title="bbox 2135 3211 3703 3286">
    <p class='ocr_par' dir='ltr' id='par_1_79' title="bbox 2135 3211 3703 3286">
     <span class='ocr_line' id='line_1_79' title="bbox 2135 3211 3703 3286; baseline -0.003 -17"><span class='ocrx_word' id='word_1_624' title='bbox 2135 3216 2263 3286; x_wconf 89' lang='lat' dir='ltr'><strong>quid</strong></span> <span class='ocrx_word' id='word_1_625' title='bbox 2309 3225 2489 3270; x_wconf 86' lang='lat' dir='ltr'><strong>autem</strong></span> <span class='ocrx_word' id='word_1_626' title='bbox 2537 3213 2902 3283; x_wconf 86' lang='lat' dir='ltr'><strong>superfuerit,</strong></span> <span class='ocrx_word' id='word_1_627' title='bbox 2953 3212 3098 3279; x_wconf 89' lang='lat' dir='ltr'><strong>quod</strong></span> <span class='ocrx_word' id='word_1_628' title='bbox 3149 3227 3256 3265; x_wconf 92' lang='lat' dir='ltr'><strong>non</strong></span> <span class='ocrx_word' id='word_1_629' title='bbox 3313 3211 3496 3265; x_wconf 90' lang='lat' dir='ltr'><strong>divina</strong></span> <span class='ocrx_word' id='word_1_630' title='bbox 3544 3211 3703 3266; x_wconf 82' lang='lat' dir='ltr'><strong>Scri-</strong></span> 
     </span>
    </p>
   </div>
   <div class='ocr_carea' id='block_1_80' title="bbox 2138 3303 3703 3377">
    <p class='ocr_par' dir='ltr' id='par_1_80' title="bbox 2138 3303 3703 3377">
     <span class='ocr_line' id='line_1_80' title="bbox 2138 3303 3703 3377; baseline -0.003 -16"><span class='ocrx_word' id='word_1_631' title='bbox 2138 3318 2297 3377; x_wconf 91' lang='lat' dir='ltr'><strong>ptura</strong></span> <span class='ocrx_word' id='word_1_632' title='bbox 2330 3308 2620 3372; x_wconf 82' lang='lat' dir='ltr'><strong>decernat,</strong></span> <span class='ocrx_word' id='word_1_633' title='bbox 2651 3303 2851 3358; x_wconf 88' lang='lat' dir='ltr'><strong>nullam</strong></span> <span class='ocrx_word' id='word_1_634' title='bbox 2899 3303 3059 3357; x_wconf 91' lang='lat' dir='ltr'><strong>aliam</strong></span> <span class='ocrx_word' id='word_1_635' title='bbox 3102 3303 3315 3358; x_wconf 87' lang='lat' dir='ltr'><strong>tertiam</strong></span> <span class='ocrx_word' id='word_1_636' title='bbox 3371 3303 3703 3371; x_wconf 89' lang='lat' dir='ltr'><strong>scripturam</strong></span> 
     </span>
    </p>
   </div>
   <div class='ocr_carea' id='block_1_81' title="bbox 2134 3393 3701 3463">
    <p class='ocr_par' dir='ltr' id='par_1_81' title="bbox 2134 3393 3701 3463">
     <span class='ocr_line' id='line_1_81' title="bbox 2134 3393 3701 3463; baseline -0.003 -11"><span class='ocrx_word' id='word_1_637' title='bbox 2134 3399 2330 3452; x_wconf 87' lang='lat' dir='ltr'><strong>debere</strong></span> <span class='ocrx_word' id='word_1_638' title='bbox 2360 3397 2424 3449; x_wconf 90' lang='lat' dir='ltr'><strong>ad</strong></span> <span class='ocrx_word' id='word_1_639' title='bbox 2466 3397 2844 3450; x_wconf 86' lang='lat' dir='ltr'><strong>auctoritatem</strong></span> <span class='ocrx_word' id='word_1_640' title='bbox 2865 3393 3106 3448; x_wconf 85' lang='lat' dir='ltr'><strong>scientiae</strong></span> <span class='ocrx_word' id='word_1_641' title='bbox 3146 3394 3372 3462; x_wconf 90' lang='lat' dir='ltr'><strong>suscipi,</strong></span> <span class='ocrx_word' id='word_1_642' title='bbox 3409 3395 3534 3463; x_wconf 90' lang='lat' dir='ltr'><strong>quia</strong></span> <span class='ocrx_word' id='word_1_643' title='bbox 3577 3395 3701 3448; x_wconf 83' lang='lat' dir='ltr'><strong>haec</strong></span> 
     </span>
    </p>
   </div>
   <div class='ocr_carea' id='block_1_82' title="bbox 2133 3484 3697 3554">
    <p class='ocr_par' dir='ltr' id='par_1_82' title="bbox 2133 3484 3697 3554">
     <span class='ocr_line' id='line_1_82' title="bbox 2133 3484 3697 3554; baseline -0.001 -12"><span class='ocrx_word' id='word_1_644' title='bbox 2133 3489 2248 3543; x_wconf 87' lang='lat' dir='ltr'><strong>dies</strong></span> <span class='ocrx_word' id='word_1_645' title='bbox 2301 3488 2456 3542; x_wconf 89' lang='lat' dir='ltr'><strong>tertia</strong></span> <span class='ocrx_word' id='word_1_646' title='bbox 2505 3488 2860 3550; x_wconf 88' lang='lat' dir='ltr'><strong>nominatur,</strong></span> <span class='ocrx_word' id='word_1_647' title='bbox 2909 3484 3004 3540; x_wconf 90' lang='lat' dir='ltr'><strong>sed</strong></span> <span class='ocrx_word' id='word_1_648' title='bbox 3059 3485 3168 3554; x_wconf 82' lang='lat' dir='ltr'><strong>igni</strong></span> <span class='ocrx_word' id='word_1_649' title='bbox 3211 3486 3489 3539; x_wconf 86' lang='lat' dir='ltr'><strong>tradamus</strong></span> <span class='ocrx_word' id='word_1_650' title='bbox 3549 3485 3697 3554; x_wconf 88' lang='lat' dir='ltr'><strong>quod</strong></span> 
     </span>
    </p>
   </div>
   <div class='ocr_carea' id='block_1_83' title="bbox 2131 3574 3700 3650">
    <p class='ocr_par' dir='ltr' id='par_1_83' title="bbox 2131 3574 3700 3650">
     <span class='ocr_line' id='line_1_83' title="bbox 2131 3574 3700 3650; baseline -0.003 -14"><span class='ocrx_word' id='word_1_651' title='bbox 2131 3591 2398 3650; x_wconf 89' lang='lat' dir='ltr'><strong>superest,</strong></span> <span class='ocrx_word' id='word_1_652' title='bbox 2431 3581 2481 3634; x_wconf 91' lang='lat' dir='ltr'><strong>id</strong></span> <span class='ocrx_word' id='word_1_653' title='bbox 2515 3589 2601 3634; x_wconf 88' lang='lat' dir='ltr'><strong>est</strong></span> <span class='ocrx_word' id='word_1_654' title='bbox 2651 3580 2761 3634; x_wconf 91' lang='lat' dir='ltr'><strong>Deo</strong></span> <span class='ocrx_word' id='word_1_655' title='bbox 2811 3592 3174 3632; x_wconf 89' lang='lat' dir='ltr'><strong>reservemus.</strong></span> <span class='ocrx_word' id='word_1_656' title='bbox 3219 3574 3403 3644; x_wconf 81' lang='lat' dir='ltr'><strong>Neque</strong></span> <span class='ocrx_word' id='word_1_657' title='bbox 3440 3580 3584 3629; x_wconf 89' lang='lat' dir='ltr'><strong>enim</strong></span> <span class='ocrx_word' id='word_1_658' title='bbox 3643 3579 3700 3631; x_wconf 90' lang='lat' dir='ltr'><strong>in</strong></span> 
     </span>
    </p>
   </div>
   <div class='ocr_carea' id='block_1_84' title="bbox 2129 3665 3700 3743">
    <p class='ocr_par' dir='ltr' id='par_1_84' title="bbox 2129 3665 3700 3743">
     <span class='ocr_line' id='line_1_84' title="bbox 2129 3665 3700 3743; baseline -0.003 -17"><span class='ocrx_word' id='word_1_659' title='bbox 2129 3670 2384 3743; x_wconf 85' lang='lat' dir='ltr'><strong>praesenti</strong></span> <span class='ocrx_word' id='word_1_660' title='bbox 2413 3670 2522 3723; x_wconf 89' lang='lat' dir='ltr'><strong>vita</strong></span> <span class='ocrx_word' id='word_1_661' title='bbox 2559 3669 2699 3723; x_wconf 91' lang='lat' dir='ltr'><strong>Deus</strong></span> <span class='ocrx_word' id='word_1_662' title='bbox 2725 3669 2866 3722; x_wconf 89' lang='lat' dir='ltr'><strong>scire</strong></span> <span class='ocrx_word' id='word_1_663' title='bbox 2892 3681 2990 3721; x_wconf 90' lang='lat' dir='ltr'><strong>nos</strong></span> <span class='ocrx_word' id='word_1_664' title='bbox 3021 3667 3200 3720; x_wconf 89' lang='lat' dir='ltr'><strong>omnia</strong></span> <span class='ocrx_word' id='word_1_665' title='bbox 3241 3665 3425 3729; x_wconf 90' lang='lat' dir='ltr'><strong>voluit,</strong></span> <span class='ocrx_word' id='word_1_666' title='bbox 3459 3665 3700 3721; x_wconf 79' lang='lat' dir='ltr'><strong>maxime</strong></span> 
     </span>
    </p>
   </div>
   <div class='ocr_carea' id='block_1_85' title="bbox 2130 3757 3696 3832">
    <p class='ocr_par' dir='ltr' id='par_1_85' title="bbox 2130 3757 3696 3832">
     <span class='ocr_line' id='line_1_85' title="bbox 2130 3757 3696 3832; baseline -0.004 -14"><span class='ocrx_word' id='word_1_667' title='bbox 2130 3761 2386 3818; x_wconf 88' lang='lat' dir='ltr'><strong>cumetid</strong></span> <span class='ocrx_word' id='word_1_668' title='bbox 2403 3760 2689 3832; x_wconf 88' lang='lat' dir='ltr'><strong>Apostolus</strong></span> <span class='ocrx_word' id='word_1_669' title='bbox 2712 3759 2858 3813; x_wconf 92' lang='lat' dir='ltr'><strong>dicat</strong></span> <span class='ocrx_word' id='word_1_670' title='bbox 2879 3757 2924 3791; x_wconf 82' lang='grc'><strong><em>⁵³</em></strong></span> <span class='ocrx_word' id='word_1_671' title='bbox 2953 3773 2970 3813; x_wconf 89' lang='lat'><strong>:</strong></span> <span class='ocrx_word' id='word_1_672' title='bbox 3001 3777 3018 3810; x_wconf 87' lang='grc' dir='ltr'><strong>ι</strong></span> <span class='ocrx_word' id='word_1_673' title='bbox 3053 3758 3185 3826; x_wconf 86' lang='lat' dir='ltr'><strong>Quia</strong></span> <span class='ocrx_word' id='word_1_674' title='bbox 3209 3773 3273 3811; x_wconf 80' lang='lat' dir='ltr'><strong>ex</strong></span> <span class='ocrx_word' id='word_1_675' title='bbox 3302 3766 3453 3826; x_wconf 89' lang='lat' dir='ltr'><strong>parte</strong></span> <span class='ocrx_word' id='word_1_676' title='bbox 3469 3757 3696 3822; x_wconf 81' lang='lat' dir='ltr'><strong>scimus,</strong></span> 
     </span>
    </p>
   </div>
   <div class='ocr_carea' id='block_1_86' title="bbox 2129 3850 3695 3924">
    <p class='ocr_par' dir='ltr' id='par_1_86' title="bbox 2129 3850 3695 3924">
     <span class='ocr_line' id='line_1_86' title="bbox 2129 3850 3695 3924; baseline -0.006 -13"><span class='ocrx_word' id='word_1_677' title='bbox 2129 3865 2184 3911; x_wconf 88' lang='lat' dir='ltr'><strong>et</strong></span> <span class='ocrx_word' id='word_1_678' title='bbox 2210 3870 2276 3910; x_wconf 84' lang='lat' dir='ltr'><strong>ex</strong></span> <span class='ocrx_word' id='word_1_679' title='bbox 2305 3861 2461 3923; x_wconf 88' lang='lat' dir='ltr'><strong>parte</strong></span> <span class='ocrx_word' id='word_1_680' title='bbox 2496 3853 2902 3924; x_wconf 90' lang='lat' dir='ltr'><strong>prophetamus.</strong></span> <span class='ocrx_word' id='word_1_681' title='bbox 2940 3850 3072 3906; x_wconf 88' lang='lat' dir='ltr'><strong>Cum</strong></span> <span class='ocrx_word' id='word_1_682' title='bbox 3103 3851 3312 3904; x_wconf 88' lang='lat' dir='ltr'><strong>venerit</strong></span> <span class='ocrx_word' id='word_1_683' title='bbox 3339 3859 3520 3903; x_wconf 88' lang='lat' dir='ltr'><strong>autetu</strong></span> <span class='ocrx_word' id='word_1_684' title='bbox 3548 3851 3695 3917; x_wconf 89' lang='lat' dir='ltr'><strong>quod</strong></span> 
     </span>
    </p>
   </div>
   <div class='ocr_carea' id='block_1_87' title="bbox 2127 3939 3686 4016">
    <p class='ocr_par' dir='ltr' id='par_1_87' title="bbox 2127 3939 3686 4016">
     <span class='ocr_line' id='line_1_87' title="bbox 2127 3939 3686 4016; baseline -0.007 -16"><span class='ocrx_word' id='word_1_685' title='bbox 2127 3943 2422 4016; x_wconf 86' lang='lat' dir='ltr'><strong>perfectum</strong></span> <span class='ocrx_word' id='word_1_686' title='bbox 2453 3955 2555 4010; x_wconf 91' lang='lat' dir='ltr'><strong>est,</strong></span> <span class='ocrx_word' id='word_1_687' title='bbox 2585 3944 2931 3996; x_wconf 88' lang='lat' dir='ltr'><strong>destruenlur</strong></span> <span class='ocrx_word' id='word_1_688' title='bbox 2961 3939 3047 3993; x_wconf 85' lang='lat' dir='ltr'><strong>illa</strong></span> <span class='ocrx_word' id='word_1_689' title='bbox 3070 3955 3191 4008; x_wconf 78' lang='lat' dir='ltr'><strong>qua:</strong></span> <span class='ocrx_word' id='word_1_690' title='bbox 3217 3956 3280 3994; x_wconf 80' lang='lat' dir='ltr'><strong>ex</strong></span> <span class='ocrx_word' id='word_1_691' title='bbox 3309 3952 3462 4008; x_wconf 87' lang='lat' dir='ltr'><strong>parte</strong></span> <span class='ocrx_word' id='word_1_692' title='bbox 3486 3948 3630 3992; x_wconf 90' lang='lat' dir='ltr'><strong>sunt.</strong></span> <span class='ocrx_word' id='word_1_693' title='bbox 3667 3957 3686 3989; x_wconf 83' lang='grc' dir='ltr'><strong>ι</strong></span> 
     </span>
    </p>
   </div>
   <div class='ocr_carea' id='block_1_88' title="bbox 2127 4026 3692 4106">
    <p class='ocr_par' dir='ltr' id='par_1_88' title="bbox 2127 4026 3692 4106">
     <span class='ocr_line' id='line_1_88' title="bbox 2127 4026 3692 4106; baseline -0.003 -18"><span class='ocrx_word' id='word_1_694' title='bbox 2127 4036 2234 4093; x_wconf 88' lang='lat' dir='ltr'><strong>lsle</strong></span> <span class='ocrx_word' id='word_1_695' title='bbox 2261 4051 2342 4090; x_wconf 76' lang='grc' dir='ltr'><strong>εει</strong></span> <span class='ocrx_word' id='word_1_696' title='bbox 2373 4051 2502 4106; x_wconf 83' lang='lat' dir='ltr'><strong>ergo</strong></span> <span class='ocrx_word' id='word_1_697' title='bbox 2531 4034 2691 4105; x_wconf 87' lang='lat' dir='ltr'><strong>ignis,</strong></span> <span class='ocrx_word' id='word_1_698' title='bbox 2721 4034 2808 4085; x_wconf 90' lang='lat' dir='ltr'><strong>cui</strong></span> <span class='ocrx_word' id='word_1_699' title='bbox 2834 4046 2953 4099; x_wconf 72' lang='lat' dir='ltr'><strong>qua:</strong></span> <span class='ocrx_word' id='word_1_700' title='bbox 2985 4031 3037 4084; x_wconf 92' lang='lat' dir='ltr'><strong>in</strong></span> <span class='ocrx_word' id='word_1_701' title='bbox 3075 4026 3292 4085; x_wconf 87' lang='lat' dir='ltr'><strong>tertium</strong></span> <span class='ocrx_word' id='word_1_702' title='bbox 3328 4031 3468 4084; x_wconf 89' lang='lat' dir='ltr'><strong>diem</strong></span> <span class='ocrx_word' id='word_1_703' title='bbox 3498 4046 3692 4098; x_wconf 87' lang='lat' dir='ltr'><strong>super-</strong></span> 
     </span>
    </p>
   </div>
   <div class='ocr_carea' id='block_1_89' title="bbox 2125 4124 3690 4192">
    <p class='ocr_par' dir='ltr' id='par_1_89' title="bbox 2125 4124 3690 4192">
     <span class='ocr_line' id='line_1_89' title="bbox 2125 4124 3690 4192; baseline -0.003 -11"><span class='ocrx_word' id='word_1_704' title='bbox 2125 4126 2368 4192; x_wconf 78' lang='lat' dir='ltr'><strong>fuerint,</strong></span> <span class='ocrx_word' id='word_1_705' title='bbox 2405 4140 2623 4181; x_wconf 88' lang='lat' dir='ltr'><strong>servare</strong></span> <span class='ocrx_word' id='word_1_706' title='bbox 2658 4124 2935 4184; x_wconf 88' lang='lat' dir='ltr'><strong>debemus,</strong></span> <span class='ocrx_word' id='word_1_707' title='bbox 2965 4131 3019 4175; x_wconf 91' lang='lat' dir='ltr'><strong>et</strong></span> <span class='ocrx_word' id='word_1_708' title='bbox 3066 4138 3170 4176; x_wconf 90' lang='lat' dir='ltr'><strong>non</strong></span> <span class='ocrx_word' id='word_1_709' title='bbox 3211 4124 3516 4176; x_wconf 80' lang='lat' dir='ltr'><strong>temeritate</strong></span> <span class='ocrx_word' id='word_1_710' title='bbox 3548 4139 3690 4192; x_wconf 71' lang='lat' dir='ltr'><strong>pra:-</strong></span> 
     </span>
    </p>
   </div>
   <div class='ocr_carea' id='block_1_90' title="bbox 2123 4213 3706 4286">
    <p class='ocr_par' dir='ltr' id='par_1_90' title="bbox 2123 4213 3706 4286">
     <span class='ocr_line' id='line_1_90' title="bbox 2123 4213 3706 4286; baseline -0.003 -10"><span class='ocrx_word' id='word_1_711' title='bbox 2123 4232 2331 4286; x_wconf 87' lang='lat' dir='ltr'><strong>sumpta</strong></span> <span class='ocrx_word' id='word_1_712' title='bbox 2346 4231 2681 4273; x_wconf 89' lang='lat' dir='ltr'><strong>assumamus</strong></span> <span class='ocrx_word' id='word_1_713' title='bbox 2698 4215 2850 4268; x_wconf 85' lang='lat' dir='ltr'><strong>nobis</strong></span> <span class='ocrx_word' id='word_1_714' title='bbox 2867 4223 3181 4267; x_wconf 69' lang='lat' dir='ltr'><strong>cunctorum</strong></span> <span class='ocrx_word' id='word_1_715' title='bbox 3201 4213 3501 4282; x_wconf 62' lang='lat' dir='ltr'><strong>sizientiam,</strong></span> <span class='ocrx_word' id='word_1_716' title='bbox 3522 4226 3578 4270; x_wconf 94' lang='lat' dir='ltr'><strong>ut</strong></span> <span class='ocrx_word' id='word_1_717' title='bbox 3599 4232 3706 4272; x_wconf 51' lang='lat' dir='ltr'><strong>me.</strong></span> 
     </span>
    </p>
   </div>
   <div class='ocr_carea' id='block_1_91' title="bbox 454 4303 3696 4384">
    <p class='ocr_par' dir='ltr' id='par_1_91' title="bbox 454 4303 3696 4384">
     <span class='ocr_line' id='line_1_91' title="bbox 454 4303 3696 4384; baseline -0.002 -20"><span class='ocrx_word' id='word_1_718' title='bbox 454 4311 625 4367; x_wconf 89' lang='lat' dir='ltr'><strong>dictio</strong></span> <span class='ocrx_word' id='word_1_719' title='bbox 679 4309 748 4364; x_wconf 88' lang='lat' dir='ltr'><strong>sit</strong></span> <span class='ocrx_word' id='word_1_720' title='bbox 797 4307 1068 4362; x_wconf 88' lang='lat' dir='ltr'><strong>veteribus</strong></span> <span class='ocrx_word' id='word_1_721' title='bbox 1103 4308 1268 4361; x_wconf 87' lang='lat' dir='ltr'><strong>vesci.</strong></span> <span class='ocrx_word' id='word_1_722' title='bbox 1313 4307 1446 4361; x_wconf 86' lang='lat' dir='ltr'><strong>Nam</strong></span> <span class='ocrx_word' id='word_1_723' title='bbox 1479 4309 1544 4362; x_wconf 91' lang='lat' dir='ltr'><strong>de</strong></span> <span class='ocrx_word' id='word_1_724' title='bbox 1571 4323 1713 4362; x_wconf 90' lang='lat' dir='ltr'><strong>anno</strong></span> <span class='ocrx_word' id='word_1_725' title='bbox 1761 4311 2014 4377; x_wconf 91' lang='lat' dir='ltr'><strong>septimo,</strong></span> <span class='ocrx_word' id='word_1_726' title='bbox 2047 4329 2092 4384; x_wconf 73' lang='grc' dir='ltr'>υ</span> <span class='ocrx_word' id='word_1_727' title='bbox 2124 4303 3265 4372; x_wconf 74' lang='lat' dir='ltr'><strong>ritonobisdicaturabeodemApOstolo”:t</strong></span> <span class='ocrx_word' id='word_1_728' title='bbox 3288 4305 3588 4360; x_wconf 86' lang='lat' dir='ltr'><strong>nescientes</strong></span> <span class='ocrx_word' id='word_1_729' title='bbox 3608 4323 3696 4358; x_wconf 82' lang='lat' dir='ltr'><strong>nc-</strong></span> 
     </span>
    </p>
   </div>
   <div class='ocr_carea' id='block_1_92' title="bbox 451 4396 2012 4469">
    <p class='ocr_par' dir='ltr' id='par_1_92' title="bbox 451 4396 2012 4469">
     <span class='ocr_line' id='line_1_92' title="bbox 451 4396 2012 4469; baseline 0.001 -16"><span class='ocrx_word' id='word_1_730' title='bbox 451 4401 546 4469; x_wconf 90' lang='lat' dir='ltr'><strong>qui</strong></span> <span class='ocrx_word' id='word_1_731' title='bbox 571 4399 905 4456; x_wconf 90' lang='lat' dir='ltr'><strong>remissionis</strong></span> <span class='ocrx_word' id='word_1_732' title='bbox 933 4413 1108 4452; x_wconf 85' lang='lat' dir='ltr'><strong>annus</strong></span> <span class='ocrx_word' id='word_1_733' title='bbox 1135 4397 1218 4452; x_wconf 88' lang='lat' dir='ltr'><strong>vel</strong></span> <span class='ocrx_word' id='word_1_734' title='bbox 1241 4396 1550 4452; x_wconf 82' lang='lat' dir='ltr'><strong>sabbaticus</strong></span> <span class='ocrx_word' id='word_1_735' title='bbox 1582 4398 1912 4460; x_wconf 89' lang='lat' dir='ltr'><strong>nominatur,</strong></span> <span class='ocrx_word' id='word_1_736' title='bbox 1943 4401 2012 4454; x_wconf 89' lang='lat' dir='ltr'><strong>ita</strong></span> 
     </span>
    </p>
   </div>
   <div class='ocr_carea' id='block_1_93' title="bbox 455 4488 2012 4555">
    <p class='ocr_par' dir='ltr' id='par_1_93' title="bbox 455 4488 2012 4555">
     <span class='ocr_line' id='line_1_93' title="bbox 455 4488 2012 4555; baseline 0.003 -14"><span class='ocrx_word' id='word_1_737' title='bbox 455 4490 655 4543; x_wconf 90' lang='lat' dir='ltr'><strong>dicitur</strong></span> <span class='ocrx_word' id='word_1_738' title='bbox 683 4489 728 4524; x_wconf 71' lang='lat'>&quot;</span> <span class='ocrx_word' id='word_1_739' title='bbox 759 4509 770 4544; x_wconf 92' lang='lat'><strong>:</strong></span> <span class='ocrx_word' id='word_1_740' title='bbox 810 4509 828 4540; x_wconf 84' lang='grc' dir='ltr'><strong>ι</strong></span> <span class='ocrx_word' id='word_1_741' title='bbox 872 4488 1240 4553; x_wconf 82' lang='lat' dir='ltr'><strong>lllanducabis,</strong></span> <span class='ocrx_word' id='word_1_742' title='bbox 1286 4489 1484 4555; x_wconf 90' lang='lat' dir='ltr'><strong>inquit,</strong></span> <span class='ocrx_word' id='word_1_743' title='bbox 1511 4497 1712 4554; x_wconf 91' lang='lat' dir='ltr'><strong>vetera,</strong></span> <span class='ocrx_word' id='word_1_744' title='bbox 1747 4499 1798 4544; x_wconf 88' lang='lat' dir='ltr'><strong>ct</strong></span> <span class='ocrx_word' id='word_1_745' title='bbox 1832 4501 2012 4545; x_wconf 88' lang='lat' dir='ltr'><strong>vetera</strong></span> 
     </span>
    </p>
   </div>
   <div class='ocr_carea' id='block_1_94' title="bbox 454 4579 2015 4650">
    <p class='ocr_par' dir='ltr' id='par_1_94' title="bbox 454 4579 2015 4650">
     <span class='ocr_line' id='line_1_94' title="bbox 454 4579 2015 4650; baseline 0.001 -18"><span class='ocrx_word' id='word_1_746' title='bbox 454 4591 717 4636; x_wconf 88' lang='lat' dir='ltr'><strong>veterum.</strong></span> <span class='ocrx_word' id='word_1_747' title='bbox 764 4599 783 4632; x_wconf 77' lang='grc' dir='ltr'><strong>ι</strong></span> <span class='ocrx_word' id='word_1_748' title='bbox 817 4579 967 4634; x_wconf 87' lang='lat' dir='ltr'><strong>Tunc</strong></span> <span class='ocrx_word' id='word_1_749' title='bbox 995 4581 1094 4634; x_wconf 87' lang='lat' dir='ltr'><strong>sub</strong></span> <span class='ocrx_word' id='word_1_750' title='bbox 1122 4579 1336 4646; x_wconf 88' lang='lat' dir='ltr'><strong>septimi</strong></span> <span class='ocrx_word' id='word_1_751' title='bbox 1375 4579 1499 4631; x_wconf 90' lang='lat' dir='ltr'><strong>anni</strong></span> <span class='ocrx_word' id='word_1_752' title='bbox 1541 4582 1816 4650; x_wconf 90' lang='lat' dir='ltr'><strong>mysterio,</strong></span> <span class='ocrx_word' id='word_1_753' title='bbox 1847 4592 1903 4634; x_wconf 94' lang='lat' dir='ltr'><strong>ut</strong></span> <span class='ocrx_word' id='word_1_754' title='bbox 1931 4584 2015 4635; x_wconf 83' lang='lat' dir='ltr'><strong>di-</strong></span> 
     </span>
    </p>
   </div>
   <div class='ocr_carea' id='block_1_95' title="bbox 452 4668 2014 4735">
    <p class='ocr_par' dir='ltr' id='par_1_95' title="bbox 452 4668 2014 4735">
     <span class='ocr_line' id='line_1_95' title="bbox 452 4668 2014 4735; baseline 0.002 -14"><span class='ocrx_word' id='word_1_755' title='bbox 452 4669 649 4733; x_wconf 77' lang='lat' dir='ltr'><strong>ximus,</strong></span> <span class='ocrx_word' id='word_1_756' title='bbox 681 4670 989 4724; x_wconf 86' lang='lat' dir='ltr'><strong>benedictio</strong></span> <span class='ocrx_word' id='word_1_757' title='bbox 1018 4678 1101 4722; x_wconf 90' lang='lat' dir='ltr'><strong>est</strong></span> <span class='ocrx_word' id='word_1_758' title='bbox 1132 4677 1312 4721; x_wconf 88' lang='lat' dir='ltr'><strong>vetera</strong></span> <span class='ocrx_word' id='word_1_759' title='bbox 1340 4668 1684 4735; x_wconf 86' lang='lat' dir='ltr'><strong>manducare,</strong></span> <span class='ocrx_word' id='word_1_760' title='bbox 1717 4685 1860 4724; x_wconf 92' lang='lat' dir='ltr'><strong>nunc</strong></span> <span class='ocrx_word' id='word_1_761' title='bbox 1884 4684 2014 4724; x_wconf 91' lang='lat' dir='ltr'><strong>vero</strong></span> 
     </span>
    </p>
   </div>
   <div class='ocr_carea' id='block_1_96' title="bbox 452 4759 2012 4832">
    <p class='ocr_par' dir='ltr' id='par_1_96' title="bbox 452 4759 2012 4832">
     <span class='ocr_line' id='line_1_96' title="bbox 452 4759 2012 4832; baseline 0 -18"><span class='ocrx_word' id='word_1_762' title='bbox 452 4760 796 4832; x_wconf 86' lang='lat' dir='ltr'><strong>prohibetur.</strong></span> <span class='ocrx_word' id='word_1_763' title='bbox 837 4761 944 4815; x_wconf 85' lang='lat' dir='ltr'><strong>Sed</strong></span> <span class='ocrx_word' id='word_1_764' title='bbox 975 4761 1174 4815; x_wconf 91' lang='lat' dir='ltr'><strong>multus</strong></span> <span class='ocrx_word' id='word_1_765' title='bbox 1221 4768 1305 4813; x_wconf 89' lang='lat' dir='ltr'><strong>est</strong></span> <span class='ocrx_word' id='word_1_766' title='bbox 1342 4771 1599 4812; x_wconf 58' lang='lat' dir='ltr'><strong>excessus</strong></span> <span class='ocrx_word' id='word_1_767' title='bbox 1651 4759 1860 4814; x_wconf 65' lang='lat' dir='ltr'><strong>litavere</strong></span> <span class='ocrx_word' id='word_1_768' title='bbox 1917 4775 2012 4828; x_wconf 88' lang='lat' dir='ltr'><strong>per</strong></span> 
     </span>
    </p>
   </div>
   <div class='ocr_carea' id='block_1_97' title="bbox 453 4851 2009 4924">
    <p class='ocr_par' dir='ltr' id='par_1_97' title="bbox 453 4851 2009 4924">
     <span class='ocr_line' id='line_1_97' title="bbox 453 4851 2009 4924; baseline -0.001 -16"><span class='ocrx_word' id='word_1_769' title='bbox 453 4853 569 4908; x_wconf 67' lang='lat' dir='ltr'><strong>haec</strong></span> <span class='ocrx_word' id='word_1_770' title='bbox 599 4853 808 4923; x_wconf 89' lang='lat' dir='ltr'><strong>singula</strong></span> <span class='ocrx_word' id='word_1_771' title='bbox 859 4851 971 4924; x_wconf 80' lang='grc'><strong>(50)</strong></span> <span class='ocrx_word' id='word_1_772' title='bbox 1000 4891 1017 4918; x_wconf 86' lang='grc'><em>,</em></span> <span class='ocrx_word' id='word_1_773' title='bbox 1070 4859 1126 4907; x_wconf 89' lang='lat' dir='ltr'><strong>et</strong></span> <span class='ocrx_word' id='word_1_774' title='bbox 1154 4866 1219 4905; x_wconf 76' lang='lat' dir='ltr'><strong>ex</strong></span> <span class='ocrx_word' id='word_1_775' title='bbox 1250 4851 1533 4906; x_wconf 83' lang='lat' dir='ltr'><strong>occasione</strong></span> <span class='ocrx_word' id='word_1_776' title='bbox 1581 4853 2009 4906; x_wconf 89' lang='lat' dir='ltr'><strong>testimoniorum</strong></span> 
     </span>
    </p>
   </div>
   <div class='ocr_carea' id='block_1_98' title="bbox 452 4943 2010 5016">
    <p class='ocr_par' dir='ltr' id='par_1_98' title="bbox 452 4943 2010 5016">
     <span class='ocr_line' id='line_1_98' title="bbox 452 4943 2010 5016; baseline 0.001 -17"><span class='ocrx_word' id='word_1_777' title='bbox 452 4946 663 5016; x_wconf 88' lang='lat' dir='ltr'><strong>longius</strong></span> <span class='ocrx_word' id='word_1_778' title='bbox 689 4946 904 5016; x_wconf 89' lang='lat' dir='ltr'><strong>evagari</strong></span> <span class='ocrx_word' id='word_1_779' title='bbox 928 4985 944 5011; x_wconf 93' lang='lat'><strong>,</strong></span> <span class='ocrx_word' id='word_1_780' title='bbox 976 4959 1096 4998; x_wconf 91' lang='lat' dir='ltr'><strong>cum</strong></span> <span class='ocrx_word' id='word_1_781' title='bbox 1122 4943 1432 5011; x_wconf 66' lang='lat' dir='ltr'><strong>explanatio</strong></span> <span class='ocrx_word' id='word_1_782' title='bbox 1460 4957 1602 4996; x_wconf 91' lang='lat' dir='ltr'><strong>nunc</strong></span> <span class='ocrx_word' id='word_1_783' title='bbox 1624 4946 2010 5000; x_wconf 88' lang='lat' dir='ltr'><strong>sacriﬁciorum</strong></span> 
     </span>
    </p>
   </div>
   <div class='ocr_carea' id='block_1_99' title="bbox 451 5037 1115 5094">
    <p class='ocr_par' dir='ltr' id='par_1_99' title="bbox 451 5037 1115 5094">
     <span class='ocr_line' id='line_1_99' title="bbox 451 5037 1115 5094; baseline -0.002 -3"><span class='ocrx_word' id='word_1_784' title='bbox 451 5038 712 5094; x_wconf 85' lang='lat' dir='ltr'><strong>habeatur</strong></span> <span class='ocrx_word' id='word_1_785' title='bbox 751 5037 806 5094; x_wconf 90' lang='lat' dir='ltr'><strong>in</strong></span> <span class='ocrx_word' id='word_1_786' title='bbox 847 5037 1115 5092; x_wconf 90' lang='lat' dir='ltr'><strong>manibus.</strong></span> 
     </span>
    </p>
   </div>
   <div class='ocr_carea' id='block_1_100' title="bbox 552 5175 1076 5241">
    <p class='ocr_par' dir='ltr' id='par_1_100' title="bbox 552 5175 1076 5241">
     <span class='ocr_line' id='line_1_100' title="bbox 552 5175 1076 5241; baseline -0.006 -8"><span class='ocrx_word' id='word_1_787' title='bbox 552 5177 599 5212; x_wconf 69' lang='lat'><strong><em>“</em></strong></span> <span class='ocrx_word' id='word_1_788' title='bbox 631 5175 799 5233; x_wconf 85' lang='lat' dir='ltr'><strong>ICor.</strong></span> <span class='ocrx_word' id='word_1_789' title='bbox 826 5192 918 5231; x_wconf 79' lang='lat' dir='ltr'><strong>xw</strong></span> <span class='ocrx_word' id='word_1_790' title='bbox 943 5215 958 5241; x_wconf 96' lang='lat'><strong>,</strong></span> <span class='ocrx_word' id='word_1_791' title='bbox 987 5175 1076 5231; x_wconf 73' lang='lat' dir='ltr'><strong>M.</strong></span> 
     </span>
    </p>
   </div>
   <div class='ocr_carea' id='block_1_101' title="bbox 442 5244 1558 5314">
    <p class='ocr_par' dir='ltr' id='par_1_101' title="bbox 442 5244 1558 5314">
     <span class='ocr_line' id='line_1_101' title="bbox 442 5244 1558 5314; baseline -0.005 -10"><span class='ocrx_word' id='word_1_792' title='bbox 442 5244 494 5280; x_wconf 82' lang='grc'><strong><em>⁸⁸</em></strong></span> <span class='ocrx_word' id='word_1_793' title='bbox 522 5247 669 5304; x_wconf 89' lang='lat' dir='ltr'><strong>Psal.</strong></span> <span class='ocrx_word' id='word_1_794' title='bbox 709 5261 821 5314; x_wconf 76' lang='lat' dir='ltr'><strong>cur,</strong></span> <span class='ocrx_word' id='word_1_795' title='bbox 850 5248 908 5304; x_wconf 85' lang='lat'><strong>7.</strong></span> <span class='ocrx_word' id='word_1_796' title='bbox 1015 5246 1064 5280; x_wconf 71' lang='grc' dir='ltr'><strong>ἰ</strong></span> <span class='ocrx_word' id='word_1_797' title='bbox 1091 5244 1239 5300; x_wconf 84' lang='lat' dir='ltr'><strong>Psal.</strong></span> <span class='ocrx_word' id='word_1_798' title='bbox 1288 5261 1440 5312; x_wconf 80' lang='lat' dir='ltr'><strong>xvnt,</strong></span> <span class='ocrx_word' id='word_1_799' title='bbox 1473 5247 1558 5300; x_wconf 82' lang='lat' dir='ltr'><strong>l5.</strong></span> 
     </span>
    </p>
   </div>
   <div class='ocr_carea' id='block_1_102' title="bbox 513 5385 1998 5527">
    <p class='ocr_par' dir='ltr' id='par_1_102' title="bbox 513 5385 1998 5527">
     <span class='ocr_line' id='line_1_102' title="bbox 513 5385 1998 5527; baseline -0.002 -86"><span class='ocrx_word' id='word_1_800' title='bbox 513 5386 625 5527; x_wconf 50' lang='lat'><strong>$48)</strong></span> <span class='ocrx_word' id='word_1_801' title='bbox 656 5385 778 5452; x_wconf 62' lang='grc' dir='ltr'><strong>Νι,</strong></span> <span class='ocrx_word' id='word_1_802' title='bbox 801 5405 822 5442; x_wconf 78' lang='grc' dir='ltr'><strong>ι</strong></span> <span class='ocrx_word' id='word_1_803' title='bbox 853 5385 1174 5444; x_wconf 68' lang='lat' dir='ltr'><strong>oblatione.»</strong></span> <span class='ocrx_word' id='word_1_804' title='bbox 1196 5387 1352 5443; x_wconf 85' lang='lat' dir='ltr'><strong>Lib‘b.</strong></span> <span class='ocrx_word' id='word_1_805' title='bbox 1373 5386 1528 5453; x_wconf 89' lang='lat' dir='ltr'><strong>editi,</strong></span> <span class='ocrx_word' id='word_1_806' title='bbox 1556 5404 1574 5438; x_wconf 84' lang='grc' dir='ltr'><strong>ι</strong></span> <span class='ocrx_word' id='word_1_807' title='bbox 1595 5385 1951 5441; x_wconf 86' lang='lat' dir='ltr'><strong>oblationem.</strong></span> <span class='ocrx_word' id='word_1_808' title='bbox 1979 5403 1998 5438; x_wconf 76' lang='grc' dir='ltr'><strong>ι</strong></span> 
     </span>
     <span class='ocr_line' id='line_1_103' title="bbox 546 5457 1998 5527; baseline -0.002 -18"><span class='ocrx_word' id='word_1_809' title='bbox 546 5457 629 5527; x_wconf 72' lang='lat' dir='ltr'><strong>t9)</strong></span> <span class='ocrx_word' id='word_1_810' title='bbox 664 5459 820 5514; x_wconf 86' lang='lat' dir='ltr'><strong>Libb.</strong></span> <span class='ocrx_word' id='word_1_811' title='bbox 852 5465 1007 5512; x_wconf 90' lang='lat' dir='ltr'><strong>antea</strong></span> <span class='ocrx_word' id='word_1_812' title='bbox 1032 5459 1185 5523; x_wconf 71' lang='lat' dir='ltr'><strong>editi,</strong></span> <span class='ocrx_word' id='word_1_813' title='bbox 1225 5475 1243 5509; x_wconf 76' lang='grc' dir='ltr'><strong>ι</strong></span> <span class='ocrx_word' id='word_1_814' title='bbox 1274 5457 1549 5514; x_wconf 83' lang='lat' dir='ltr'><strong>Psalmum</strong></span> <span class='ocrx_word' id='word_1_815' title='bbox 1579 5459 1754 5512; x_wconf 89' lang='lat' dir='ltr'><strong>dicam</strong></span> <span class='ocrx_word' id='word_1_816' title='bbox 1784 5458 1998 5523; x_wconf 79' lang='lat' dir='ltr'><strong>spiritu,</strong></span> 
     </span>
    </p>
   </div>
   <div class='ocr_carea' id='block_1_103' title="bbox 546 5457 2003 5528">
    <p class='ocr_par' dir='ltr' id='par_1_103' title="bbox 546 5457 2003 5528">
     <span class='ocr_line' id='line_1_104' title="bbox 546 5457 2003 5528; baseline -0.004 -16"><span class='ocrx_word' id='word_1_817' title='bbox 546 5457 629 5528; x_wconf 63' lang='lat' dir='ltr'><strong>i9)</strong></span> <span class='ocrx_word' id='word_1_818' title='bbox 664 5459 820 5514; x_wconf 86' lang='lat' dir='ltr'><strong>Libb.</strong></span> <span class='ocrx_word' id='word_1_819' title='bbox 852 5465 1007 5512; x_wconf 88' lang='lat' dir='ltr'><strong>antea</strong></span> <span class='ocrx_word' id='word_1_820' title='bbox 1032 5459 1185 5523; x_wconf 69' lang='lat' dir='ltr'><strong>editi,</strong></span> <span class='ocrx_word' id='word_1_821' title='bbox 1225 5475 1243 5509; x_wconf 76' lang='grc' dir='ltr'><strong>ι</strong></span> <span class='ocrx_word' id='word_1_822' title='bbox 1274 5457 1549 5528; x_wconf 77' lang='lat' dir='ltr'><strong>Psalmum</strong></span> <span class='ocrx_word' id='word_1_823' title='bbox 1579 5459 1754 5512; x_wconf 88' lang='lat' dir='ltr'><strong>dicam</strong></span> <span class='ocrx_word' id='word_1_824' title='bbox 1784 5458 2003 5528; x_wconf 88' lang='lat' dir='ltr'><strong>spiritu,</strong></span> 
     </span>
    </p>
   </div>
   <div class='ocr_carea' id='block_1_104' title="bbox 443 5527 2006 5596">
    <p class='ocr_par' dir='ltr' id='par_1_104' title="bbox 443 5527 2006 5596">
     <span class='ocr_line' id='line_1_105' title="bbox 443 5527 2006 5596; baseline -0.001 -15"><span class='ocrx_word' id='word_1_825' title='bbox 443 5527 708 5594; x_wconf 86' lang='lat' dir='ltr'><strong>psalmum</strong></span> <span class='ocrx_word' id='word_1_826' title='bbox 742 5529 915 5582; x_wconf 91' lang='lat' dir='ltr'><strong>dicam</strong></span> <span class='ocrx_word' id='word_1_827' title='bbox 960 5537 1014 5582; x_wconf 89' lang='lat' dir='ltr'><strong>et</strong></span> <span class='ocrx_word' id='word_1_828' title='bbox 1065 5538 1264 5594; x_wconf 85' lang='lat' dir='ltr'><strong>mente.</strong></span> <span class='ocrx_word' id='word_1_829' title='bbox 1313 5527 1386 5581; x_wconf 89' lang='lat' dir='ltr'><strong>Ita</strong></span> <span class='ocrx_word' id='word_1_830' title='bbox 1428 5543 1559 5596; x_wconf 84' lang='lat' dir='ltr'><strong>ergo</strong></span> <span class='ocrx_word' id='word_1_831' title='bbox 1604 5539 1658 5582; x_wconf 87' lang='lat' dir='ltr'><strong>et</strong></span> <span class='ocrx_word' id='word_1_832' title='bbox 1709 5536 1761 5580; x_wconf 92' lang='lat' dir='ltr'><strong>tu</strong></span> <span class='ocrx_word' id='word_1_833' title='bbox 1793 5527 1906 5580; x_wconf 88' lang='lat' dir='ltr'><strong>sive</strong></span> <span class='ocrx_word' id='word_1_834' title='bbox 1935 5541 2006 5580; x_wconf 84' lang='lat' dir='ltr'><strong>ex</strong></span> 
     </span>
    </p>
   </div>
   <div class='ocr_carea' id='block_1_105' title="bbox 441 5599 2004 5669">
    <p class='ocr_par' dir='ltr' id='par_1_105' title="bbox 441 5599 2004 5669">
     <span class='ocr_line' id='line_1_106' title="bbox 441 5599 2004 5669; baseline -0.001 -17"><span class='ocrx_word' id='word_1_835' title='bbox 441 5600 746 5654; x_wconf 73' lang='lat' dir='ltr'><strong>eruditione</strong></span> <span class='ocrx_word' id='word_1_836' title='bbox 785 5599 1035 5669; x_wconf 86' lang='lat' dir='ltr'><strong>spiritali,</strong></span> <span class='ocrx_word' id='word_1_837' title='bbox 1064 5608 1117 5653; x_wconf 87' lang='lat' dir='ltr'><strong>et</strong></span> <span class='ocrx_word' id='word_1_838' title='bbox 1145 5615 1213 5653; x_wconf 81' lang='lat' dir='ltr'><strong>ex</strong></span> <span class='ocrx_word' id='word_1_839' title='bbox 1248 5599 1390 5654; x_wconf 92' lang='lat' dir='ltr'><strong>dono</strong></span> <span class='ocrx_word' id='word_1_840' title='bbox 1421 5601 1608 5668; x_wconf 71' lang='lat' dir='ltr'><strong>gratia:</strong></span> <span class='ocrx_word' id='word_1_841' title='bbox 1650 5599 1763 5665; x_wconf 90' lang='lat' dir='ltr'><strong>Dei,</strong></span> <span class='ocrx_word' id='word_1_842' title='bbox 1801 5615 1818 5648; x_wconf 79' lang='grc' dir='ltr'><strong>ι</strong></span> <span class='ocrx_word' id='word_1_843' title='bbox 1853 5606 2004 5665; x_wconf 88' lang='lat' dir='ltr'><strong>etc.;</strong></span> 
     </span>
    </p>
   </div>
   <div class='ocr_carea' id='block_1_106' title="bbox 1187 5173 1803 5240">
    <p class='ocr_par' dir='ltr' id='par_1_106' title="bbox 1187 5173 1803 5240">
     <span class='ocr_line' id='line_1_107' title="bbox 1187 5173 1803 5240; baseline -0.002 -12"><span class='ocrx_word' id='word_1_844' title='bbox 1187 5174 1234 5207; x_wconf 73' lang='lat'><strong>“</strong></span> <span class='ocrx_word' id='word_1_845' title='bbox 1265 5173 1453 5230; x_wconf 84' lang='lat' dir='ltr'><strong>Matth.</strong></span> <span class='ocrx_word' id='word_1_846' title='bbox 1507 5191 1671 5240; x_wconf 82' lang='lat' dir='ltr'><strong>xxvr,</strong></span> <span class='ocrx_word' id='word_1_847' title='bbox 1710 5174 1803 5228; x_wconf 76' lang='lat'><strong>26.</strong></span> 
     </span>
    </p>
   </div>
   <div class='ocr_carea' id='block_1_107' title="bbox 1911 5171 2212 5228">
    <p class='ocr_par' dir='ltr' id='par_1_107' title="bbox 1911 5171 2212 5228">
     <span class='ocr_line' id='line_1_108' title="bbox 1911 5171 2212 5228; baseline 0 -1"><span class='ocrx_word' id='word_1_848' title='bbox 1911 5175 1955 5206; x_wconf 70' lang='grc'>⁸⁷</span> <span class='ocrx_word' id='word_1_849' title='bbox 1985 5171 2100 5228; x_wconf 87' lang='lat' dir='ltr'><strong>Jos.</strong></span> <span class='ocrx_word' id='word_1_850' title='bbox 2134 5189 2212 5228; x_wconf 81' lang='lat' dir='ltr'><strong>Ix.</strong></span> 
     </span>
    </p>
   </div>
   <div class='ocr_carea' id='block_1_108' title="bbox 1673 5243 2163 5309">
    <p class='ocr_par' dir='ltr' id='par_1_108' title="bbox 1673 5243 2163 5309">
     <span class='ocr_line' id='line_1_109' title="bbox 1673 5243 2163 5309; baseline -0.002 -10"><span class='ocrx_word' id='word_1_851' title='bbox 1673 5247 1718 5278; x_wconf 79' lang='grc'><strong>⁵³</strong></span> <span class='ocrx_word' id='word_1_852' title='bbox 1759 5246 1780 5299; x_wconf 92' lang='lat' dir='ltr'><strong>l</strong></span> <span class='ocrx_word' id='word_1_853' title='bbox 1825 5243 1948 5301; x_wconf 91' lang='lat' dir='ltr'><strong>Cor.</strong></span> <span class='ocrx_word' id='word_1_854' title='bbox 1985 5245 2163 5309; x_wconf 58' lang='lat'><strong>“11,9.</strong></span> 
     </span>
    </p>
   </div>
   <div class='ocr_carea' id='block_1_109' title="bbox 2121 4397 3694 4474">
    <p class='ocr_par' dir='ltr' id='par_1_109' title="bbox 2121 4397 3694 4474">
     <span class='ocr_line' id='line_1_110' title="bbox 2121 4397 3694 4474; baseline -0.005 -16"><span class='ocrx_word' id='word_1_855' title='bbox 2121 4419 2224 4474; x_wconf 91' lang='lat' dir='ltr'><strong>que</strong></span> <span class='ocrx_word' id='word_1_856' title='bbox 2241 4418 2357 4472; x_wconf 71' lang='lat' dir='ltr'><strong>qua:</strong></span> <span class='ocrx_word' id='word_1_857' title='bbox 2375 4403 2864 4472; x_wconf 82' lang='lat' dir='ltr'><strong>loquuntur,neque</strong></span> <span class='ocrx_word' id='word_1_858' title='bbox 2878 4404 2939 4456; x_wconf 90' lang='lat' dir='ltr'><strong>de</strong></span> <span class='ocrx_word' id='word_1_859' title='bbox 2958 4403 3150 4471; x_wconf 85' lang='lat' dir='ltr'><strong>quibus</strong></span> <span class='ocrx_word' id='word_1_860' title='bbox 3165 4399 3451 4454; x_wconf 83' lang='lat' dir='ltr'><strong>alﬁrmant.</strong></span> <span class='ocrx_word' id='word_1_861' title='bbox 3468 4417 3485 4449; x_wconf 78' lang='grc' dir='ltr'><strong>ι</strong></span> <span class='ocrx_word' id='word_1_862' title='bbox 3499 4397 3568 4451; x_wconf 75' lang='lat' dir='ltr'><strong>Ne</strong></span> <span class='ocrx_word' id='word_1_863' title='bbox 3591 4398 3694 4451; x_wconf 83' lang='lat' dir='ltr'><strong>lor-</strong></span> 
     </span>
    </p>
   </div>
   <div class='ocr_carea' id='block_1_110' title="bbox 2123 4490 3691 4562">
    <p class='ocr_par' dir='ltr' id='par_1_110' title="bbox 2123 4490 3691 4562">
     <span class='ocr_line' id='line_1_111' title="bbox 2123 4490 3691 4562; baseline -0.003 -13"><span class='ocrx_word' id='word_1_864' title='bbox 2123 4508 2174 4549; x_wconf 92' lang='lat' dir='ltr'><strong>te</strong></span> <span class='ocrx_word' id='word_1_865' title='bbox 2202 4510 2328 4562; x_wconf 84' lang='lat' dir='ltr'><strong>ergo</strong></span> <span class='ocrx_word' id='word_1_866' title='bbox 2348 4510 2449 4547; x_wconf 92' lang='lat' dir='ltr'><strong>non</strong></span> <span class='ocrx_word' id='word_1_867' title='bbox 2478 4493 3205 4562; x_wconf 86' lang='lat' dir='ltr'><strong>ﬁatacceptnmsacriﬁcium</strong></span> <span class='ocrx_word' id='word_1_868' title='bbox 3232 4501 3565 4557; x_wconf 89' lang='lat' dir='ltr'><strong>nostrum,et</strong></span> <span class='ocrx_word' id='word_1_869' title='bbox 3588 4490 3691 4545; x_wconf 82' lang='lat' dir='ltr'><strong>hoc</strong></span> 
     </span>
    </p>
   </div>
   <div class='ocr_carea' id='block_1_111' title="bbox 2121 4582 3692 4655">
    <p class='ocr_par' dir='ltr' id='par_1_111' title="bbox 2121 4582 3692 4655">
     <span class='ocr_line' id='line_1_112' title="bbox 2121 4582 3692 4655; baseline -0.007 -15"><span class='ocrx_word' id='word_1_870' title='bbox 2121 4590 2290 4655; x_wconf 87' lang='lat' dir='ltr'><strong>ipsum</strong></span> <span class='ocrx_word' id='word_1_871' title='bbox 2308 4585 2524 4653; x_wconf 79' lang='lat' dir='ltr'><strong>quodex</strong></span> <span class='ocrx_word' id='word_1_872' title='bbox 2541 4584 2734 4638; x_wconf 80' lang='lat' dir='ltr'><strong>divinis</strong></span> <span class='ocrx_word' id='word_1_873' title='bbox 2750 4583 3042 4652; x_wconf 75' lang='lat' dir='ltr'><strong>Scripturis</strong></span> <span class='ocrx_word' id='word_1_874' title='bbox 3056 4584 3301 4652; x_wconf 89' lang='lat' dir='ltr'><strong>cupimus</strong></span> <span class='ocrx_word' id='word_1_875' title='bbox 3315 4582 3590 4637; x_wconf 86' lang='lat' dir='ltr'><strong>scientiam</strong></span> <span class='ocrx_word' id='word_1_876' title='bbox 3609 4597 3692 4633; x_wconf 79' lang='lat' dir='ltr'><strong>Cn-</strong></span> 
     </span>
    </p>
   </div>
   <div class='ocr_carea' id='block_1_112' title="bbox 2121 4674 3689 4746">
    <p class='ocr_par' dir='ltr' id='par_1_112' title="bbox 2121 4674 3689 4746">
     <span class='ocr_line' id='line_1_113' title="bbox 2121 4674 3689 4746; baseline -0.006 -16"><span class='ocrx_word' id='word_1_877' title='bbox 2121 4691 2270 4746; x_wconf 88' lang='lat' dir='ltr'><strong>pere,</strong></span> <span class='ocrx_word' id='word_1_878' title='bbox 2286 4683 2524 4728; x_wconf 87' lang='lat' dir='ltr'><strong>vertatur</strong></span> <span class='ocrx_word' id='word_1_879' title='bbox 2541 4674 2694 4727; x_wconf 87' lang='lat' dir='ltr'><strong>nobis</strong></span> <span class='ocrx_word' id='word_1_880' title='bbox 2709 4676 2759 4726; x_wconf 90' lang='lat' dir='ltr'><strong>in</strong></span> <span class='ocrx_word' id='word_1_881' title='bbox 2777 4683 3359 4742; x_wconf 88' lang='lat' dir='ltr'><strong>peccatum,servemus</strong></span> <span class='ocrx_word' id='word_1_882' title='bbox 3376 4686 3464 4725; x_wconf 88' lang='lat' dir='ltr'><strong>eas</strong></span> <span class='ocrx_word' id='word_1_883' title='bbox 3479 4687 3689 4724; x_wconf 86' lang='lat' dir='ltr'><strong>mensu-</strong></span> 
     </span>
    </p>
   </div>
   <div class='ocr_carea' id='block_1_113' title="bbox 2119 4761 3684 4834">
    <p class='ocr_par' dir='ltr' id='par_1_113' title="bbox 2119 4761 3684 4834">
     <span class='ocr_line' id='line_1_114' title="bbox 2119 4761 3684 4834; baseline -0.004 -14"><span class='ocrx_word' id='word_1_884' title='bbox 2119 4779 2369 4834; x_wconf 88' lang='lat' dir='ltr'><strong>ras,quas</strong></span> <span class='ocrx_word' id='word_1_885' title='bbox 2387 4764 2539 4818; x_wconf 83' lang='lat' dir='ltr'><strong>nobis</strong></span> <span class='ocrx_word' id='word_1_886' title='bbox 2551 4778 2645 4832; x_wconf 91' lang='lat' dir='ltr'><strong>per</strong></span> <span class='ocrx_word' id='word_1_887' title='bbox 2660 4763 2902 4834; x_wconf 85' lang='lat' dir='ltr'><strong>legislato</strong></span> <span class='ocrx_word' id='word_1_888' title='bbox 2913 4779 3020 4816; x_wconf 90' lang='lat' dir='ltr'><strong>rem</strong></span> <span class='ocrx_word' id='word_1_889' title='bbox 3041 4763 3122 4816; x_wconf 83' lang='lat' dir='ltr'><strong>lex</strong></span> <span class='ocrx_word' id='word_1_890' title='bbox 3142 4761 3400 4831; x_wconf 90' lang='lat' dir='ltr'><strong>spiritalis</strong></span> <span class='ocrx_word' id='word_1_891' title='bbox 3417 4761 3684 4814; x_wconf 85' lang='lat' dir='ltr'><strong>enuntiat.</strong></span> 
     </span>
    </p>
   </div>
   <div class='ocr_carea' id='block_1_114' title="bbox 2192 4850 3684 4921">
    <p class='ocr_par' dir='ltr' id='par_1_114' title="bbox 2192 4850 3684 4921">
     <span class='ocr_line' id='line_1_115' title="bbox 2192 4850 3684 4921; baseline -0.003 -14"><span class='ocrx_word' id='word_1_892' title='bbox 2192 4853 2281 4907; x_wconf 84' lang='grc'><strong>10.</strong></span> <span class='ocrx_word' id='word_1_893' title='bbox 2338 4871 2357 4902; x_wconf 83' lang='grc' dir='ltr'><strong>ι</strong></span> <span class='ocrx_word' id='word_1_894' title='bbox 2412 4854 2475 4904; x_wconf 82' lang='lat' dir='ltr'><strong>Et</strong></span> <span class='ocrx_word' id='word_1_895' title='bbox 2525 4867 2717 4906; x_wconf 90' lang='lat' dir='ltr'><strong>carnes</strong></span> <span class='ocrx_word' id='word_1_896' title='bbox 2768 4867 3103 4921; x_wconf 75' lang='lat' dir='ltr'><strong>quzrcunque</strong></span> <span class='ocrx_word' id='word_1_897' title='bbox 3163 4861 3318 4905; x_wconf 79' lang='lat' dir='ltr'><strong>tacta:</strong></span> <span class='ocrx_word' id='word_1_898' title='bbox 3356 4850 3557 4903; x_wconf 89' lang='lat' dir='ltr'><strong>fuerint</strong></span> <span class='ocrx_word' id='word_1_899' title='bbox 3618 4850 3684 4903; x_wconf 92' lang='lat' dir='ltr'><strong>ab</strong></span> 
     </span>
    </p>
   </div>
   <div class='ocr_carea' id='block_1_115' title="bbox 2121 4941 3681 5011">
    <p class='ocr_par' dir='ltr' id='par_1_115' title="bbox 2121 4941 3681 5011">
     <span class='ocr_line' id='line_1_116' title="bbox 2121 4941 3681 5011; baseline -0.003 -16"><span class='ocrx_word' id='word_1_900' title='bbox 2121 4943 2269 4995; x_wconf 91' lang='lat' dir='ltr'><strong>omni</strong></span> <span class='ocrx_word' id='word_1_901' title='bbox 2308 4941 2605 5004; x_wconf 84' lang='lat' dir='ltr'><strong>immundo,</strong></span> <span class='ocrx_word' id='word_1_902' title='bbox 2637 4955 2740 4994; x_wconf 91' lang='lat' dir='ltr'><strong>non</strong></span> <span class='ocrx_word' id='word_1_903' title='bbox 2775 4942 3260 5007; x_wconf 88' lang='lat' dir='ltr'><strong>manducabuntur,</strong></span> <span class='ocrx_word' id='word_1_904' title='bbox 3315 4941 3423 5011; x_wconf 88' lang='lat' dir='ltr'><strong>igni</strong></span> <span class='ocrx_word' id='word_1_905' title='bbox 3469 4956 3681 4994; x_wconf 88' lang='lat' dir='ltr'><strong>crema-</strong></span> 
     </span>
    </p>
   </div>
   <div class='ocr_carea' id='block_1_116' title="bbox 2121 5030 3684 5099">
    <p class='ocr_par' dir='ltr' id='par_1_116' title="bbox 2121 5030 3684 5099">
     <span class='ocr_line' id='line_1_117' title="bbox 2121 5030 3684 5099; baseline -0.003 -11"><span class='ocrx_word' id='word_1_906' title='bbox 2121 5033 2346 5088; x_wconf 91' lang='lat' dir='ltr'><strong>buntur.</strong></span> <span class='ocrx_word' id='word_1_907' title='bbox 2376 5031 2566 5087; x_wconf 86' lang='lat' dir='ltr'><strong>Omnis</strong></span> <span class='ocrx_word' id='word_1_908' title='bbox 2595 5033 2825 5086; x_wconf 89' lang='lat' dir='ltr'><strong>mundus</strong></span> <span class='ocrx_word' id='word_1_909' title='bbox 2853 5031 3198 5086; x_wconf 90' lang='lat' dir='ltr'><strong>manducabit</strong></span> <span class='ocrx_word' id='word_1_910' title='bbox 3231 5045 3444 5099; x_wconf 88' lang='lat' dir='ltr'><strong>carnes,</strong></span> <span class='ocrx_word' id='word_1_911' title='bbox 3479 5041 3532 5084; x_wconf 91' lang='lat' dir='ltr'><strong>et</strong></span> <span class='ocrx_word' id='word_1_912' title='bbox 3565 5030 3684 5084; x_wconf 88' lang='lat' dir='ltr'><strong>ani-</strong></span> 
     </span>
    </p>
   </div>
   <div class='ocr_carea' id='block_1_117' title="bbox 2324 5166 3682 5237">
    <p class='ocr_par' dir='ltr' id='par_1_117' title="bbox 2324 5166 3682 5237">
     <span class='ocr_line' id='line_1_118' title="bbox 2324 5166 3682 5237; baseline 0.001 -13"><span class='ocrx_word' id='word_1_913' title='bbox 2324 5171 2367 5202; x_wconf 69' lang='grc' dir='ltr'><strong>ἰθ</strong></span> <span class='ocrx_word' id='word_1_914' title='bbox 2399 5169 2571 5224; x_wconf 85' lang='lat' dir='ltr'><strong>chit.</strong></span> <span class='ocrx_word' id='word_1_915' title='bbox 2606 5187 2734 5237; x_wconf 77' lang='lat' dir='ltr'><strong>xxv,</strong></span> <span class='ocrx_word' id='word_1_916' title='bbox 2762 5171 2852 5224; x_wconf 71' lang='lat'><strong>2‘2.</strong></span> <span class='ocrx_word' id='word_1_917' title='bbox 2960 5169 3002 5202; x_wconf 71' lang='lat'><strong>‘9</strong></span> <span class='ocrx_word' id='word_1_918' title='bbox 3037 5169 3208 5224; x_wconf 88' lang='lat' dir='ltr'><strong>Levit.</strong></span> <span class='ocrx_word' id='word_1_919' title='bbox 3233 5184 3328 5224; x_wconf 87' lang='lat' dir='ltr'><strong>vn.</strong></span> <span class='ocrx_word' id='word_1_920' title='bbox 3359 5169 3450 5234; x_wconf 82' lang='lat' dir='ltr'><strong>l6,</strong></span> <span class='ocrx_word' id='word_1_921' title='bbox 3481 5166 3682 5234; x_wconf 68' lang='lat'><strong>£7,18.</strong></span> 
     </span>
    </p>
   </div>
   <div class='ocr_carea' id='block_1_118' title="bbox 2271 5242 2735 5308">
    <p class='ocr_par' dir='ltr' id='par_1_118' title="bbox 2271 5242 2735 5308">
     <span class='ocr_line' id='line_1_119' title="bbox 2271 5242 2735 5308; baseline -0.002 -13"><span class='ocrx_word' id='word_1_922' title='bbox 2271 5242 2318 5273; x_wconf 83' lang='grc'><strong>⁸³</strong></span> <span class='ocrx_word' id='word_1_923' title='bbox 2352 5242 2366 5295; x_wconf 99' lang='grc' dir='ltr'><strong>Ι</strong></span> <span class='ocrx_word' id='word_1_924' title='bbox 2426 5242 2565 5295; x_wconf 91' lang='lat' dir='ltr'><strong>Tim.</strong></span> <span class='ocrx_word' id='word_1_925' title='bbox 2612 5257 2649 5308; x_wconf 90' lang='grc' dir='ltr'>ι,</span> <span class='ocrx_word' id='word_1_926' title='bbox 2683 5243 2735 5294; x_wconf 88' lang='lat'><strong>7.</strong></span> 
     </span>
    </p>
   </div>
   <div class='ocr_carea' id='block_1_119' title="bbox 2109 5382 2952 5440">
    <p class='ocr_par' dir='ltr' id='par_1_119' title="bbox 2109 5382 2952 5440">
     <span class='ocr_line' id='line_1_120' title="bbox 2109 5382 2952 5440; baseline -0.009 0"><span class='ocrx_word' id='word_1_927' title='bbox 2109 5383 2204 5440; x_wconf 84' lang='lat' dir='ltr'><strong>sed</strong></span> <span class='ocrx_word' id='word_1_928' title='bbox 2241 5398 2341 5437; x_wconf 91' lang='lat' dir='ltr'><strong>ms.</strong></span> <span class='ocrx_word' id='word_1_929' title='bbox 2380 5389 2438 5435; x_wconf 91' lang='lat' dir='ltr'><strong>ut</strong></span> <span class='ocrx_word' id='word_1_930' title='bbox 2469 5382 2520 5436; x_wconf 90' lang='lat' dir='ltr'><strong>in</strong></span> <span class='ocrx_word' id='word_1_931' title='bbox 2558 5389 2746 5436; x_wconf 89' lang='lat' dir='ltr'><strong>nostro</strong></span> <span class='ocrx_word' id='word_1_932' title='bbox 2781 5389 2952 5432; x_wconf 78' lang='lat' dir='ltr'><strong>textu.</strong></span> 
     </span>
    </p>
   </div>
   <div class='ocr_carea' id='block_1_120' title="bbox 2185 5447 3678 5529">
    <p class='ocr_par' dir='ltr' id='par_1_120' title="bbox 2185 5447 3678 5529">
     <span class='ocr_line' id='line_1_121' title="bbox 2185 5447 3678 5529; baseline -0.001 -23"><span class='ocrx_word' id='word_1_933' title='bbox 2185 5452 2296 5529; x_wconf 83' lang='grc'>(50)</span> <span class='ocrx_word' id='word_1_934' title='bbox 2326 5451 2467 5529; x_wconf 81' lang='lat' dir='ltr'><strong>llls.,_</strong></span> <span class='ocrx_word' id='word_1_935' title='bbox 2493 5471 2510 5502; x_wconf 76' lang='grc' dir='ltr'><strong>ι</strong></span> <span class='ocrx_word' id='word_1_936' title='bbox 2543 5451 2888 5529; x_wconf 49' lang='grc' dir='ltr'>ιιιιιΙιιιιιιηιςξι</span> <span class='ocrx_word' id='word_1_937' title='bbox 2909 5465 3164 5529; x_wconf 77' lang='lat' dir='ltr'><strong>excessus</strong></span> <span class='ocrx_word' id='word_1_938' title='bbox 3193 5449 3396 5503; x_wconf 83' lang='lat' dir='ltr'><strong>habere</strong></span> <span class='ocrx_word' id='word_1_939' title='bbox 3431 5464 3526 5529; x_wconf 83' lang='lat' dir='ltr'><strong>per</strong></span> <span class='ocrx_word' id='word_1_940' title='bbox 3563 5447 3678 5529; x_wconf 65' lang='lat' dir='ltr'><strong>haec</strong></span> 
     </span>
    </p>
   </div>
   <div class='ocr_carea' id='block_1_121' title="bbox 2113 5520 3678 5593">
    <p class='ocr_par' dir='ltr' id='par_1_121' title="bbox 2113 5520 3678 5593">
     <span class='ocr_line' id='line_1_122' title="bbox 2113 5520 3678 5593; baseline -0.002 -16"><span class='ocrx_word' id='word_1_941' title='bbox 2113 5520 2341 5593; x_wconf 85' lang='lat' dir='ltr'><strong>singula.</strong></span> <span class='ocrx_word' id='word_1_942' title='bbox 2378 5541 2397 5574; x_wconf 78' lang='grc' dir='ltr'><strong>ι</strong></span> <span class='ocrx_word' id='word_1_943' title='bbox 2435 5521 2597 5575; x_wconf 88' lang='lat' dir='ltr'><strong>Paulo</strong></span> <span class='ocrx_word' id='word_1_944' title='bbox 2619 5529 2740 5593; x_wconf 77' lang='lat' dir='ltr'><strong>post</strong></span> <span class='ocrx_word' id='word_1_945' title='bbox 2762 5520 2903 5593; x_wconf 84' lang='lat' dir='ltr'><strong>libb.</strong></span> <span class='ocrx_word' id='word_1_946' title='bbox 2930 5523 3080 5593; x_wconf 84' lang='lat' dir='ltr'><strong>editi,</strong></span> <span class='ocrx_word' id='word_1_947' title='bbox 3118 5539 3136 5570; x_wconf 83' lang='grc' dir='ltr'><strong>ι</strong></span> <span class='ocrx_word' id='word_1_948' title='bbox 3169 5535 3291 5593; x_wconf 80' lang='lat' dir='ltr'><strong>cum</strong></span> <span class='ocrx_word' id='word_1_949' title='bbox 3336 5520 3678 5590; x_wconf 77' lang='lat' dir='ltr'><strong>explanatio-</strong></span> 
     </span>
    </p>
   </div>
   <div class='ocr_carea' id='block_1_122' title="bbox 2113 5591 3426 5650">
    <p class='ocr_par' dir='ltr' id='par_1_122' title="bbox 2113 5591 3426 5650">
     <span class='ocr_line' id='line_1_123' title="bbox 2113 5591 3426 5650; baseline -0.003 -1"><span class='ocrx_word' id='word_1_950' title='bbox 2113 5591 2236 5650; x_wconf 86' lang='lat' dir='ltr'><strong>nem</strong></span> <span class='ocrx_word' id='word_1_951' title='bbox 2271 5593 2660 5649; x_wconf 87' lang='lat' dir='ltr'><strong>sacriﬁciorqu</strong></span> <span class='ocrx_word' id='word_1_952' title='bbox 2689 5591 2983 5646; x_wconf 82' lang='lat' dir='ltr'><strong>habeamus</strong></span> <span class='ocrx_word' id='word_1_953' title='bbox 3014 5592 3065 5645; x_wconf 92' lang='lat' dir='ltr'><strong>in</strong></span> <span class='ocrx_word' id='word_1_954' title='bbox 3100 5591 3368 5645; x_wconf 88' lang='lat' dir='ltr'><strong>matubtts.</strong></span> <span class='ocrx_word' id='word_1_955' title='bbox 3407 5610 3426 5644; x_wconf 74' lang='grc' dir='ltr'><strong>ι</strong></span> 
     </span>
    </p>
   </div>
  </div>
