4024 6146
326 189 442 248 ιω

1507 186 1576 248 ΙΝ
1613 183 1988 247 LEVITICUM
2026 180 2314 241 HOMILIA
2351 183 2418 239 V.

3478 180 3586 236 46‘!

330 323 427 367 ma
458 319 790 378 quaecunque
818 306 1228 364 manducaverit
1257 322 1451 364 carnes
1478 306 1737 364 sacriﬁcii
1771 304 1919 361 salu-
1944 300 1994 361 Δ
2020 299 2347 355 sanctificati
2379 305 2567 354 essent
2585 296 2735 367 prius
2766 303 2821 352 et
2848 293 3030 350 mundi
3060 293 3260 363 effecti,
3288 309 3480 354 earnm
3504 299 3587 354 eis

327 405 475 456 taris
501 401 646 470 quod
663 410 747 454 est
786 400 1016 455 Domino
1040 441 1056 464 ,
1126 408 1183 456 et
1234 400 1576 457 immunditia
1607 400 1725 469 ejus
1762 400 1816 453 in
1849 411 1917 453 eo

328 489 529 558 fuerit,
561 492 763 562 peribit
789 491 971 545 anima
1024 490 1115 547 illa
1148 493 1215 548 de
1249 490 1450 561 populo
1479 507 1599 547 suo.
1632 491 1700 545 Et
1733 490 1916 545 anima

330 599 684 655 quaecunque
718 585 963 656 tetigerit
990 600 1210 641 omnem
1263 599 1379 639 rem
1410 585 1783 651 immundam,
1832 581 1917 638 vel

332 680 410 735 ab
447 678 787 733 immunditia
817 678 1075 740 hominis,
1105 676 1192 732 vel
1228 677 1644 747 quadrupedum
1677 676 1915 730 immun-

330 770 562 834 dorum,
596 769 683 823 vel
717 770 787 824 ab
820 770 968 825 omni
997 768 1440 824 abominamento
1468 766 1583 839 (51)
1613 766 1912 834 immundo,

330 868 395 914 et
448 858 862 915 manducaverit
918 873 986 914 ex
1035 858 1294 913 carnibus
1342 856 1597 912 sacriﬁcii
1657 855 1917 913 salutaris

329 952 484 1021 quod
544 963 632 1008 est
662 948 901 1018 Domini,
952 950 1147 1020 peribit
1199 950 1385 1005 anima
1456 949 1550 1004 ille
1601 950 1668 1004 de
1719 948 1916 1019 populo

328 1059 442 1101 suo
464 1044 537 1100 “.
569 1063 587 1097 ι
622 1043 888 1114 Triplices
910 1043 1277 1100 immunditia:
1298 1057 1491 1097 causas
1516 1042 1602 1096 hic
1637 1041 1918 1112 legislator

330 1137 617 1207 exposuit.
648 1128 848 1202 Unam,
880 1150 949 1191 ne
976 1150 1171 1191 carnes
1197 1133 1588 1190 sacrificiorum
1612 1134 1792 1204 aliqua
1822 1135 1921 1188 im-

329 1229 609 1284 munditia
632 1230 1036 1299 contingantur.
1069 1229 1271 1292 Aliam,
1293 1245 1359 1285 ne
1378 1228 1425 1283 is
1454 1228 1544 1297 qui
1573 1229 1685 1283 edit
1717 1243 1916 1282 carnes

329 1320 601 1376 sacrificii
633 1322 949 1377 immundus
980 1321 1071 1385 sit,
1112 1331 1168 1376 et
1198 1319 1539 1375 immunditia
1565 1319 1685 1390 ejus
1709 1321 1760 1373 in
1795 1320 1914 1390 ipso

334 1415 435 1470 sit.
480 1412 748 1478 Tertiam,
799 1415 943 1483 quod
999 1414 1098 1470 etsi
1159 1429 1352 1470 carnes
1402 1413 1615 1467 mundae
1659 1414 1809 1476 sint,
1863 1423 1919 1468 et

334 1504 463 1574 ipse
488 1505 583 1575 qui
635 1504 747 1560 edit
774 1506 1016 1560 mundus
1046 1506 1139 1575 sit,
1176 1514 1354 1561 tamen
1383 1520 1453 1560 ne
1485 1507 1772 1575 contigerit
1823 1506 1920 1560 ali-

329 1596 469 1666 quid
500 1597 858 1661 immundum,
882 1597 967 1652 vel
995 1613 1022 1651 a
1048 1598 1337 1666 pecoribus
1363 1597 1450 1651 vel
1469 1600 1536 1654 ab
1561 1599 1756 1655 avibus
1780 1598 1916 1671 (εἰ),

2018 408 2126 448 non
2152 393 2308 448 daret
2346 393 2512 448 Deus.
2564 390 2713 447 Bene
2744 397 2927 445 autem
2980 389 3320 446 clementiam
3365 391 3586 448 Domini

2016 483 2299 554 legislator
2328 484 2593 549 ostendit,
2629 492 2689 537 ut
2719 498 2828 539 non
2851 484 3062 540 diceret
3092 486 3218 556 quia
3266 501 3370 540 non
3428 502 3586 541 man-

2016 576 2180 633 ducet
2225 592 2420 634 carnes
2472 577 2528 632 in
2578 592 2687 648 quo
2742 576 2846 633 fuit
2897 576 3281 647 immunditia,
3325 580 3420 637 sed
3472 582 3587 648 ait,

2017 660 2072 723 in
2100 684 2208 739 quo
2254 669 2594 725 immunditia
2618 669 2738 739 ejus
2766 671 2821 725 in
2865 671 2985 741 ipso
3014 681 3120 727 est.
3166 670 3339 727 Nemo
3379 675 3584 728 etenim

2018 763 2134 820 fere
2190 763 2472 818 invenitur
2493 802 2510 829 ,
2556 764 2608 817 in
2633 776 2740 832 quo
2773 776 2879 816 non
2908 761 3011 816 fuit
3037 762 3398 819 immunditia.
3432 764 3590 820 Inve-

2017 854 2121 910 niri
2157 865 2334 909 autem
2359 862 2559 925 potest,
2595 853 2650 908 in
2680 868 2787 924 quo
2811 852 2979 909 fuerit
3007 854 3243 922 quidem,
3277 856 3371 911 sed
3399 857 3587 913 audita

2018 945 2139 1017 lege
2163 946 2379 1002 Domini
2407 949 2550 1000 ultra
2582 943 2697 1014 jam
2752 960 2859 1000 non
2886 946 2979 1003 sit.
3015 944 3171 1013 Quod
3213 946 3260 1001 si
3305 957 3590 1017 permanet

2018 1038 2072 1094 in
2099 1051 2165 1093 eo
2197 1036 2543 1092 immunditia
2578 1051 2697 1104 sua,
2749 1045 2807 1090 et
2852 1036 2939 1092 his
2969 1037 3170 1092 auditis
3199 1040 3443 1095 converti
3480 1052 3588 1096 non

2017 1125 2136 1181 vult
2174 1135 2230 1182 et
2258 1127 2578 1193 emendari,
2605 1126 2841 1198 peribit,
2893 1128 3113 1197 inquit,
3174 1130 3353 1185 anima
3405 1131 3493 1186 illa
3523 1134 3591 1189 de

2018 1218 2216 1289 populo
2244 1235 2363 1274 suo.
2397 1219 2583 1274 Tertia
2615 1229 2700 1274 est
2743 1220 3100 1275 imnmnditiae
3146 1223 3377 1291 species,
3407 1238 3512 1294 qua
3543 1225 3593 1283 is

2017 1312 2109 1381 qui
2135 1310 2371 1366 mundus
2395 1319 2498 1377 est,
2527 1310 2575 1365 si
2602 1310 2807 1380 aliquid
2838 1312 3066 1382 contigit
3097 1313 3456 1381 immundum,
3479 1331 3588 1371 non

2020 1412 2131 1457 tam
2157 1416 2257 1457 suo
2286 1412 2530 1473 peccato,
2556 1417 2717 1471 quam
2744 1403 2919 1458 aliena
2949 1405 3276 1474 contagione
3296 1404 3587 1475 polluitur;

2018 1503 2078 1547 ut
2106 1504 2232 1562 puta
2264 1494 2309 1547 si
2340 1495 2465 1563 quis
2501 1496 2743 1549 societur
2775 1495 3036 1550 amicitiis
3074 1507 3135 1551 et
3161 1498 3437 1553 consortio
3484 1498 3588 1554 ho.

2021 1586 2182 1640 ruinis
2212 1584 2386 1651 lividi,
2422 1586 2506 1641 vel
2537 1587 2812 1655 iracundi,
2838 1589 2924 1645 vel
2970 1589 3222 1657 adulteri,
3248 1600 3306 1647 et
3331 1591 3445 1662 ipse
3472 1593 3589 1662 qui-

331 1685 423 1740 vel
454 1701 527 1741 ex
557 1688 816 1743 omnibus
865 1702 984 1757 qua:
1022 1689 1301 1743 immunda
1357 1690 1703 1758 pronuntiata
1763 1660 1911 1746 sunt.
1948 1660 1992 1716 Β
2021 1678 2140 1732 δοίη
2200 1678 2438 1746 Propriis
2497 1680 2710 1736 auibus
2758 1697 2867 1736 ηοη
2944 1681 3221 1738 inseratur
3290 1685 3589 1742 sceleribus

332 1772 405 1832 Et
443 1778 561 1833 haec
597 1778 818 1848 quidem
856 1779 1107 1834 voluntas
1134 1790 1215 1834 est
1243 1779 1572 1850 legislatoris
1602 1782 1666 1836 de
1693 1782 1799 1837 ritu
1827 1798 1913 1839 sa-

331 1869 675 1925 crificiorum
716 1871 1083 1940 corporalium
1125 1871 1439 1925 sancientis.
1473 1871 1779 1927 Secundum
1815 1889 1914 1929 no-

332 1972 471 2016 stra}
503 1976 635 2016 vero
661 1962 1025 2031 expositionis
1051 1963 1322 2031 ordinem,
1365 1964 1453 2019 ubi
1488 1978 1684 2020 carnes
1711 1976 1918 2020 sanctae

336 2055 513 2109 verba
545 2055 926 2125 intelliguntur
953 2052 1063 2127 (55)
1089 2070 1211 2111 esse
1240 2055 1446 2123 divina,
1481 2057 1785 2127 hnjusmodi
1824 2059 1920 2112 ha-

336 2144 525 2202 benda
566 2154 650 2202 est
682 2147 998 2202 observatio
1025 2187 1040 2211 ,
1077 2147 1201 2216 quia
1237 2162 1380 2218 sape
1438 2149 1635 2203 accidit
1690 2151 1918 2203 mundas

334 2250 542 2295 carnes
569 2239 813 2309 contingi
840 2241 909 2294 ab
936 2238 1118 2307 aliquo
1142 2238 1437 2306 immundo,
1467 2250 1545 2305 ut,
1578 2242 1726 2296 verbi
1754 2257 1917 2296 causa

336 2331 604 2401 dixerim,
645 2333 692 2389 si
722 2334 847 2404 quis
899 2333 967 2388 de
1025 2332 1132 2389 Deo
1165 2333 1325 2389 Patre
1350 2374 1366 2399 ,
1404 2349 1468 2388 ac
1506 2333 1575 2387 de
1630 2334 1920 2405 Unigenito

336 2424 502 2495 ejus,
537 2434 595 2484 et
645 2425 852 2498 Spiritu
885 2436 1108 2495 sancto,
1163 2428 1326 2499 digno
1376 2428 1597 2483 deitatis
1659 2430 1920 2499 mysterio

336 2532 548 2589 purum
585 2518 751 2576 faciat
778 2520 1163 2591 sincerumque
1200 2535 1506 2575 sermonem
1529 2561 1544 2587 ,
1584 2521 1838 2576 similiter
1867 2529 1921 2575 et

339 2606 409 2664 de
438 2609 700 2667 omnibus
749 2613 1015 2667 creaturis
1046 2611 1403 2668 rationalibus
1436 2622 1692 2682 tanquam
1725 2629 1754 2666 a
1811 2614 1920 2669 Deo

340 2698 509 2758 factis
531 2701 600 2757 ad
631 2701 737 2758 hoc
769 2713 828 2757 ut
853 2713 1121 2775 caperent
1146 2713 1200 2759 et
1233 2705 1605 2772 intelligerent
1630 2719 1776 2772 eum,
1809 2720 1918 2760 non

339 2802 532 2849 autem
571 2795 924 2865 consequenti
974 2795 1240 2866 mysterio
1274 2794 1469 2849 afferat
1506 2796 1671 2849 etiam
1735 2797 1922 2850 carnis

337 2886 831 2961 resurrectionem.
872 2887 1086 2943 Primus
1135 2887 1356 2956 quidem
1409 2885 1527 2955 ejus
1579 2902 1757 2941 sermo
1785 2901 1924 2955 quo-

338 2979 499 3035 niam
531 2975 649 3050 (54)
683 2976 923 3049 perfecte
962 2987 1013 3034 et
1046 2987 1240 3032 sancte
1296 2978 1574 3043 disseruit,
1607 2979 1815 3034 solidus
1843 2980 1921 3034 ci-

337 3072 445 3127 bus
471 3081 580 3137 est,
605 3088 798 3127 carnes
835 3082 1037 3128 sancta:
1066 3081 1215 3132 sunt,
1248 3071 1351 3126 hoc
1379 3087 1511 3126 vero
1532 3073 1674 3141 quod
1710 3073 1794 3127 his
1826 3074 1922 3126 ad-

341 3162 521 3228 ditur,
553 3164 1016 3219 resurrectionem
1060 3165 1246 3219 carnis
1298 3164 1564 3234 negando,
1602 3163 1730 3233 quia
1784 3162 1920 3217 alie-

340 3268 476 3312 num
511 3271 543 3311 a
574 3256 680 3312 fide
706 3265 815 3324 est,
848 3258 1228 3328 superioribus
1267 3257 1519 3327 junctum
1558 3255 1815 3328 perfectis
1867 3265 1922 3311 et

340 3340 602 3429 ﬁdelibus
664 3349 846 3405 verbis
873 3389 891 3417 ,
932 3361 1154 3405 sanctas
1213 3365 1404 3405 carnes
1435 3350 1829 3404 contaminavit
1866 3359 1921 3403 et

340 3442 558 3514 polluit.
589 3442 718 3511 ldeo
741 3457 871 3515 ergo
902 3444 1164 3516 pratccpit
1190 3443 1468 3515 legislator
1494 3459 1561 3498 ne
1590 3445 1923 3499 manducen-

346 3524 440 3591 lur
469 3535 783 3606 huiusmodi
818 3552 1032 3602 carnes,
1063 3539 1261 3607 quibus
1295 3537 1639 3593 immunditia
1691 3537 1922 3592 infideli-

345 3616 495 3703 tatis
524 3626 757 3703 alicujus
804 3628 1135 3699 adjungitur.
1186 3627 1477 3699 Propterea
1522 3638 1577 3684 et
1630 3629 1920 3700 Apostolus

344 3702 482 3799 dicit
510 3720 559 3754 ⁸⁸
581 3702 659 3777 :1
687 3721 902 3777 Etenim
935 3722 1081 3777 diem
1127 3720 1331 3776 festum
1369 3720 1709 3776 celebremus
1733 3737 1837 3775 non
1866 3722 1919 3775 in

346 3812 621 3891 fermento
652 3816 848 3882 veteri;
883 3828 1061 3885 neque
1089 3814 1143 3868 in
1177 3813 1445 3868 fermento
1477 3814 1700 3869 malitiae
1737 3824 1793 3869 et
1825 3830 1921 3869 ne—

346 3905 559 3980 quitia,
578 3906 675 3981 sed
700 3907 755 3963 in
787 3906 995 3979 azymis
1023 3905 1361 3962 sinceritatis
1385 3916 1439 3961 et
1466 3907 1740 3962 veritatis.
1770 3926 1789 3959 ι
1827 3908 1924 3961 Sc-

346 3988 586 4073 cundum
609 3994 970 4052 immunditia:
998 4010 1165 4067 genus
1198 4007 1302 4061 est,
1340 4012 1408 4052 ne
1440 3998 1554 4067 ipse
1607 3996 1697 4065 qui
1730 4011 1923 4051 carnes

346 4076 828 4156 efﬂigimmundus
859 4089 953 4154 sit,
982 4097 1038 4144 et
1068 4087 1414 4144 immunditia
1446 4088 1564 4156 ejus
1594 4090 1645 4142 in
1681 4090 1800 4160 ipso
1827 4089 1921 4154 sit,

520 4182 626 4238 hoc
654 4180 817 4238 modo
845 4178 1070 4250 intelligi
1108 4188 1308 4250 potest,
1340 4181 1493 4235 verbi
1532 4181 1732 4250 gratia,
1774 4180 1819 4235 si
1852 4180 1924 4234 sit

348 4266 549 4357 aliquis
570 4287 785 4333 natura:
812 4273 1060 4330 ﬂorentis
1080 4316 1097 4341 ,
1136 4283 1191 4329 et
1222 4274 1465 4328 ardentis
1516 4272 1714 4344 ingenii
1745 4311 1761 4339 ,
1813 4287 1918 4327 non

2018 1772 2157 1841 ejus,
2205 1771 2386 1826 videat
2436 1781 2616 1827 tamen
2647 1788 2794 1842 eum,
2834 1784 2890 1829 et
2934 1775 3199 1848 intelligat
3236 1777 3398 1849 213
3450 1793 3587 1848 quo-

2019 1864 2179 1918 modo
2254 1861 2477 1918 fratrem
2556 1879 2715 1920 suum
2785 1867 2901 1922 odit
2978 1876 3039 1922 et
3118 1869 3394 1924 homicida
3462 1881 3588 1934 est.

2019 1955 2103 2010 vel
2135 1957 2406 2026 quomodo
2445 1956 2736 2012 insidiatur
2788 1958 2983 2015 alienae
3027 1960 3243 2017 mulieri
3272 1970 3328 2017 et
3372 1962 3588 2018 adulter

2018 2057 2126 2116 est,
2163 2048 2249 2103 vel
2290 2050 2563 2119 quomodo
2599 2050 2653 2105 in
2677 2052 2897 2107 caateris
2940 2053 3249 2123 quibusque
3287 2055 3588 2125 sacrilegus

2018 2153 2121 2204 est,
2160 2156 2259 2196 nec
2285 2142 2640 2210 deprehensis
2670 2142 2754 2199 his
2788 2143 3118 2203 discedatab
3141 2144 3259 2213 ejus
3286 2147 3587 2214 consortio,

2022 2234 2125 2289 isxe
2150 2244 2235 2290 est
2286 2236 2379 2304 qui
2413 2237 2642 2305 contigit
2682 2237 3042 2304 immundum,
3085 2239 3171 2295 vel
3221 2240 3447 2308 animal,
3501 2240 3589 2297 vel

2020 2342 2198 2391 avem,
2248 2325 2333 2381 vel
2380 2327 2748 2395 morticinum,
2783 2337 2838 2384 et
2873 2327 3049 2385 aliena
3100 2330 3441 2388 immunditia
3473 2335 3589 2403 ipse

2019 2418 2255 2489 pollutus
2277 2428 2382 2474 est.
2414 2420 2491 2475 De
2515 2419 2926 2477 diversitatibus
2957 2431 3135 2479 autem
3163 2425 3590 2495 immnndorum,

2020 2516 2180 2580 prout
2231 2524 2522 2565 occurrere
2571 2511 2768 2579 potuit,
2818 2511 2874 2567 in
2920 2513 3292 2582 superioribus
3322 2516 3588 2574 diximus.

2019 2605 2129 2657 Aut
2155 2618 2260 2657 non
2288 2611 2342 2658 et
2365 2601 2652 2672 Apostolus
2677 2604 2972 2659 secundum
3006 2606 3149 2663 hanc
3177 2608 3424 2664 eamdem
3453 2626 3592 2681 pra:-

2022 2694 2167 2764 cepit
2187 2694 2442 2761 formam,
2460 2710 2583 2750 cum
2605 2695 2790 2751 dicit"
2814 2712 2831 2752 ;
2856 2714 2875 2749 ι
2893 2695 3054 2753 Nunc
3080 2707 3259 2757 autem
3280 2702 3458 2758 scribo
3475 2701 3592 2777 (55)

2021 2787 2179 2842 vobis
2206 2787 2260 2842 in
2300 2785 2548 2858 epistola,
2583 2796 2643 2841 ut
2690 2805 2794 2843 non
2828 2792 3302 2849 commisceamini
3352 2796 3594 2851 fornica-

2022 2877 2142 2945 riis,
2172 2879 2217 2933 si
2245 2877 2367 2946 quis
2399 2877 2570 2934 frater
2616 2880 2931 2935 nominatur
2981 2880 3303 2953 fornicator,
3341 2894 3437 2940 aut
3462 2901 3596 2941 ava-

1948 3000 1994 3062 c
2024 2983 2141 3035 rus,
2177 2979 2271 3024 aut
2315 2969 2475 3026 idolis
2518 2972 2786 3040 serviens,
2839 2982 2936 3028 aut
2968 2973 3237 3039 ebriosus,
3269 2983 3368 3028 aut
3402 2989 3595 3045 rapax,

2023 3076 2146 3117 cum
2202 3061 2506 3131 hujusmodi
2557 3081 2660 3121 nec
2704 3067 2884 3120 cibum
2930 3064 3184 3121 sumere?
3232 3084 3252 3118 ι
3285 3063 3346 3119 In
3397 3066 3592 3135 quibus

2020 3151 2270 3208 omnibus
2290 3155 2418 3224 quid
2454 3164 2538 3209 est
2562 3154 2712 3209 aliud
2737 3155 2885 3225 quod
2914 3155 3192 3224 praecepit,
3229 3155 3332 3210 nisi
3363 3167 3434 3210 ne
3458 3154 3595 3211 alie-

2022 3246 2106 3301 nis
2132 3247 2369 3315 peccatis
2394 3256 2449 3301 et
2474 3248 2834 3303 immunditiis
2861 3245 3203 3317 polluantur?

2092 3340 2181 3393 H.
2218 3356 2238 3390 ι
2274 3338 2341 3393 Ει
2366 3341 2575 3396 locutus
2603 3350 2706 3409 est,
2743 3340 2920 3410 inquit
2947 3336 3019 3405 ⁸⁸,
3057 3339 3316 3395 Dominus
3347 3340 3413 3395 ad
3441 3336 3593 3415 Moy-

2021 3448 2117 3488 sen
2154 3432 2384 3487 dicens:
2415 3428 2661 3502 Loquere
2703 3429 2833 3486 ﬁliis
2880 3429 3051 3485 Israel
3100 3431 3291 3488 dicens
3323 3453 3336 3488 :
3364 3429 3593 3489 Omnem

2021 3524 2232 3594 adipem
2260 3526 2443 3589 boum,
2468 3534 2524 3579 et
2550 3524 2751 3589 ovium,
2786 3533 2843 3579 et
2891 3539 3207 3594 caprarum,
3259 3541 3367 3583 non
3394 3526 3591 3592 edetis,

2020 3625 2077 3673 et
2104 3619 2269 3686 adeps
2300 3617 2737 3686 morticinorum,
2767 3625 2824 3671 et
2846 3632 2877 3669 a
2902 3614 3017 3671 fera
3050 3624 3332 3687 captorum
3358 3632 3464 3679 non
3488 3620 3595 3675 erit

2023 3710 2091 3765 ad
2116 3725 2279 3767 omne
2307 3725 2465 3779 opus,
2511 3718 2565 3764 et
2594 3710 2649 3764 in
2697 3722 2825 3764 esca
2875 3723 2982 3764 non
3030 3708 3243 3765 edctur.
3291 3708 3480 3765 Omnis
3502 3710 3595 3781 qni

2024 3803 2237 3872 adipem
2269 3804 2398 3858 edet
2431 3817 2499 3856 ex
2538 3801 2828 3870 pecoribus
2862 3814 2926 3856 ex
2962 3798 3158 3872 quibus
3181 3800 3393 3858 offertis
3417 3802 3486 3859 ab
3515 3803 3596 3861 eis

2023 3897 2254 3952 hostiam
2287 3896 2537 3959 Domino,
2573 3894 2775 3964 peribit
2800 3881 2979 3947 anima
3010 3893 3101 3949 illa
3143 3896 3211 3950 de
3242 3896 3442 3966 populo
3471 3910 3591 3953 suo.

2024 3990 2092 4045 Et
2119 4004 2333 4044 omnem
2378 3987 2696 4058 sanguinem
2731 4000 2835 4041 non
2879 3985 3053 4041 edetis
3091 3987 3145 4040 in
3195 3989 3342 4041 omni
3381 3987 3596 4042 habita-

2027 4084 2171 4137 tione
2225 4090 2400 4134 vestra
2443 4095 2471 4132 a
2527 4077 2835 4148 pecoribus,
2888 4087 2941 4131 et
2969 4092 2999 4131 a
3038 4078 3372 4134 volatilibus.
3405 4079 3597 4138 Omnis

2025 4172 2202 4226 anima
2233 4186 2567 4241 quaecunque
2601 4169 3009 4225 manducaverit
3034 4171 3377 4238 sanguinem,
3398 4170 3597 4240 peribit

2028 4265 2207 4320 anima
2252 4263 2342 4318 illa
2369 4266 2434 4318 de
2483 4264 2678 4334 populo
2721 4279 2840 4319 suo.
2877 4282 2896 4317 ›
2935 4263 3135 4333 Adipes
3163 4262 3379 4332 quidem
3401 4276 3594 4320 eorum

640 4378 802 4441 aptus
829 4367 1103 4423 videbitur
1148 4367 1215 4421 ad
1266 4342 1614 4436 suscipienda
1643 4366 1792 4421 verbi
1825 4366 1916 4420 Dei
1954 4342 1996 4396 θ
2028 4357 2366 4422 animalium,
2405 4373 2526 4428 quae
2564 4357 2618 4411 in
2667 4357 2955 4413 sacrificiis
3002 4355 3320 4420 offeruntur,
3353 4364 3412 4410 et
3456 4355 3595 4412 alio-

351 4448 636 4545 mysteria,
682 4461 780 4517 sed
806 4461 1074 4532 quaeritur
1103 4458 1268 4514 etiam
1303 4459 1426 4523 hoc,
1461 4469 1520 4513 nt
1545 4458 1697 4527 prius
1723 4473 1753 4512 a
1794 4473 1922 4528 pro-

350 4540 509 4629 risi;
531 4540 766 4619 actibus,
799 4563 853 4607 et
890 4549 1189 4608 immundis
1226 4548 1482 4616 operibus
1510 4555 1819 4617 separetur,
1871 4557 1926 4603 et

352 4649 431 4719 ita
474 4634 696 4711 demum
741 4643 1063 4700 eruditionis
1093 4656 1267 4711 capax
1318 4642 1432 4703 fiat,
1472 4641 1516 4694 si
1568 4641 1722 4710 prius
1750 4654 1924 4710 capax

350 4718 521 4819 fuerit
558 4738 890 4801 sanctitatis.
947 4736 1137 4792 Simile
1184 4736 1272 4790 his
1305 4735 1361 4789 in
1413 4732 1666 4788 Numeris
1694 4732 1925 4803 legimus

344 4834 641 4915 rscr'iptum,
670 4830 763 4887 ubi
806 4826 1076 4885 Dominus
1122 4839 1316 4882 carnes
1355 4824 1572 4881 caelitus
1605 4824 1753 4879 dedit
1800 4823 1927 4878 filiis

552 4932 613 4999 et
653 4923 789 4981 dicit
826 4921 914 4979 “z
949 4939 973 4974 ι
1025 4919 1454 4977 Sanctificamini
1494 4918 1548 4973 in
1580 4916 1914 4983 crastinum,

353 5005 786 5097 “amanducetis
812 5027 1030 5081 carnes,
1066 5030 1086 5065 ι
1125 5013 1229 5068 hoc
1256 5009 1569 5074 ostendens,
1628 5005 1770 5078 quod
1810 5008 1915 5062 nisi

2028 4468 2150 4507 rum
2191 4450 2570 4505 nonnuﬂorum
2619 4451 2705 4506 edi
2754 4449 2839 4505 vel
2886 4448 2942 4504 in
2993 4465 3093 4506 usu
3137 4448 3328 4505 haberi
3363 4450 3598 4520 abnegat

2028 4543 2329 4613 legislator,
2378 4540 2697 4611 sanguinem
2755 4552 2885 4593 vero
2930 4539 3112 4595 omnis
3150 4537 3336 4593 carnis
3384 4535 3595 4593 comedi

2027 4646 2192 4691 vetat.
2228 4634 2283 4688 ln
2318 4633 2691 4702 superioribus
2714 4632 2892 4688 locum
2922 4633 3212 4704 mysticum
3255 4641 3597 4704 pertractan-

2029 4736 2130 4792 tes,
2155 4726 2243 4781 ubi
2271 4725 2470 4779 vitulus
2502 4725 2554 4779 in
2605 4722 2979 4779 holocaustum
3006 4723 3239 4778 dabatur
3271 4739 3370 4794 pro
3406 4739 3599 4794 pecca-

2028 4832 2106 4888 to,
2135 4830 2190 4876 et
2223 4820 2407 4890 adipes
2442 4817 2863 4887 imponebantur
2890 4815 3075 4884 altari,
3105 4817 3428 4888 sanguinem
3476 4819 3598 4888 qui.

2027 4912 2149 4967 dem
2177 4924 2285 4981 quo
2314 4924 2378 4964 ex
2414 4918 2565 4978 parte
2594 4906 2775 4976 aliqua
2815 4922 3020 4964 cornua
3078 4907 3423 4972 liniebantur,
3468 4907 3596 4966 rell-

2025 5020 2161 5075 quus
2191 5018 2323 5058 vero
2347 5002 2414 5057 ad
2443 5000 2617 5057 basim
2662 4999 3037 5057 effundebatur
3082 5001 3295 5067 altaris,
3319 5003 3373 5057 in
3404 5017 3592 5063 eorum

356 5202 371 5217 ﬂ
396 5135 679 5211 :“Levit.
712 5149 808 5202 vn,
835 5133 903 5190 i9
930 5141 986 5187 et
1009 5145 1167 5202 seqq.
1243 5128 1289 5161 ⁸⁸
1323 5129 1343 5182 l
1386 5127 1513 5182 Cor.
1554 5142 1605 5194 v,
1635 5126 1689 5180 '5.
1765 5124 1812 5157 "
1841 5125 1919 5180 Nu

2038 5142 2120 5191 ιι,
2154 5124 2240 5178 l3.
2317 5118 2364 5153 ⁸⁷
2423 5120 2440 5174 Ι
2474 5118 2600 5175 Cor.
2624 5133 2679 5187 v,
2706 5118 2761 5174 9.
2836 5118 2882 5150 ⁵⁸
2901 5117 3077 5173 Levii.
3118 5134 3217 5185 νη,
3251 5117 3325 5172 22
3354 5130 3409 5173 et
3437 5132 3592 5189 seqq.

426 5234 695 5354 (SI-lle,
733 5291 754 5328 ι
783 5273 1242 5332 abominamento.
1276 5287 1294 5321 ι
1346 5266 1500 5323 Libb.
1535 5265 1688 5330 editi,
1727 5282 1746 5315 ι
1781 5265 1918 5320 abo-
2019 5258 3281 5354 bishaddit,“resprrectionisserpis-negando
3336 5257 3590 5329 gloriam,

322 5360 325 5361 ⁷
358 5352 586 5407 libato.
618 5366 639 5403 ι

370 5405 692 5497 ίίξίεξχτιξη
722 5434 744 5471 α
776 5431 824 5497 a_
845 5416 1043 5474 bobus.
1082 5431 1103 5466 ι
1164 5412 1232 5467 Ει
1262 5408 1423 5483 paulo
1476 5415 1623 5479 post,
1667 5422 1687 5458 ‹
1723 5405 1861 5478 legis
1896 5424 1917 5459 ι

469 5632 517 5689 il

960 5550 1115 5618 editi,
1145 5551 1579 5620 «intelligantur.
1619 5567 1638 5602 ι

414 5650 419 5657 ο
469 5632 517 5689 ’λι
570 5630 729 5691 um),
756 5624 911 5697 editi,
944 5645 966 5681 ε
993 5640 1228 5700 quemn
1262 5624 1329 5680 Et
1354 5621 1520 5693 paulo
1547 5634 1638 5690 pos

398 5616 539 5700 "iiii
570 5616 729 5691 bimi.
756 5624 911 5697 editi.
944 5645 966 5681 ‹
993 5616 1228 5700 quem»
1262 5624 1329 5680 Ει
1354 5616 1520 5693 ῦυυιο
1547 5628 1694 5690 Ws"
1731 5638 1750 5673 ‘
1781 5618 1926 5691 ¹¹¹¹⁰⁴¹

2020 5337 2171 5405 quia,
2205 5353 2224 5386 ι
2257 5346 2400 5405 etc.;
2433 5332 2665 5405 sedins.
2698 5341 2757 5405 ut
2781 5331 2848 5405 _i_n_
2874 5341 3063 5405 nostro
3103 5340 3275 5383 textu.

2095 5396 2206 5477 (55)
2238 5404 2364 5465 Ms.,
2402 5403 2705 5477 ¢_scrlbo.3
2734 5401 2891 5477 Libb.
2917 5402 3065 5477 Aediti
3087 5419 3160 5477 ,Δί
3191 5398 3407 5477 scripsi.
3444 5417 3463 5452 ι
3490 5396 3593 5451 lbi-

2026 5470 2147 5534 dem
2176 5470 2229 5529 in
2274 5491 2374 5529 ms.
2412 5474 2587 5538 deest,
2617 5492 2636 5525 ι
2671 5472 3002 5529 fornicariis.
3041 5490 3061 5522 ι
3100 5470 3267 5525 Paulo
3299 5478 3422 5534 post
3465 5484 3594 5534 ms.,

2033 5567 2052 5601 ι
2089 5547 2190 5602 nisi
2236 5562 2303 5601 ne
2347 5543 2562 5609 alienis,
2599 5562 2618 5596 ι
2655 5552 2764 5600 etc.
2814 5542 2972 5599 Libb.
3023 5541 3174 5608 editi,
3205 5557 3224 5592 ς
3264 5538 3367 5595 nisi
3402 5552 3469 5598 ne
3493 5551 3597 5597 nos

2027 5619 2095 5675 ab
2120 5617 2341 5684 alienis,
2375 5633 2392 5665 ›
2427 5623 2532 5673 etc.
