4024 6146
435 199 542 260 ‘63

1876 193 2130 250 ORIGEN
2138 194 2198 253 IS

3566 194 3672 251 464

439 324 747 395 accepimus
774 319 887 395 (56)
911 322 1163 392 ﬁguram,
1195 322 1285 391 qui
1312 322 1564 379 residuus
1591 322 1792 377 dicitur
1813 322 1998 388 Israel,
2031 327 2078 383 Α
2103 322 2241 392 ejus,
2285 322 2338 377 id
2387 330 2471 378 est
2499 336 2661 393 Opera
2697 322 2848 393 ejus?
2888 320 3063 394 Opera
3112 338 3343 393 namque
3370 335 3517 390 sunt,
3549 342 3669 395 qum

439 427 495 473 et
517 426 803 487 postquam
828 415 1104 484 plenitudo
1146 415 1387 484 gentium
1432 415 1825 479 subi’ntroierit,
1852 416 2000 471 salu-

443 522 547 564 tem
578 511 630 562 in
661 507 967 562 novissimis
997 516 1201 574 sperat.
1226 506 1427 576 Adipes
1451 520 1582 561 vero
1607 506 1840 560 animam
1864 506 2006 560 dixi-

443 618 562 657 mus
600 600 826 664 Christi,
859 614 977 669 quzc
1006 610 1092 654 est
1133 598 1369 653 Ecclesia
1400 597 1702 652 amicorum
1740 597 1877 669 ejus,
1906 614 2003 668 pro

442 696 633 764 quibus
664 693 901 746 animam
934 706 1086 746 suam
1114 692 1309 757 posuit.
1342 690 1527 746 Potest
1556 705 1685 759 ergo
1712 690 1826 745 ﬁeri
1863 701 1917 745 et
1948 691 2001 746 in

443 789 544 841 hoc
566 785 703 848 loco,
734 791 793 837 ut
816 783 958 851 quod
981 782 1265 835 mandatur
1296 797 1361 836 ne
1391 781 1515 851 quis
1560 782 1744 849 adipes
1774 782 1899 836 edat
1933 797 2001 837 ex

444 878 527 931 his
552 891 672 946 qua:
701 875 924 929 Domino
959 870 1277 938 offeruntur,
1330 873 1431 926 hoc
1457 873 1530 926 sit
1556 872 1697 941 quod
1735 881 1788 927 et
1818 871 2004 927 Domi-

444 982 543 1021 nus
574 964 706 1022 dicit
731 964 779 998 ⁸⁹
811 983 824 1018 :
852 965 931 1020 Ne
960 965 1082 1035 quis
1126 963 1459 1019 scandalizet
1511 979 1674 1016 unum
1705 977 1768 1016 ex
1796 963 1880 1019 his
1913 964 2005 1016 tui-

444 1058 625 1123 nimis,
660 1058 752 1126 qui
780 1056 1008 1110 credunt
1036 1055 1087 1107 in
1115 1069 1217 1107 mc.
1243 1053 1397 1119 Quod
1429 1062 1613 1107 autem
1645 1054 1866 1124 sanguis
1884 1052 2005 1106 titil-

444 1150 547 1204 lius
577 1145 826 1202 animalis
850 1147 935 1201 edi
961 1146 1199 1216 iubetur,
1231 1145 1361 1199 illud
1390 1145 1621 1199 fortasse
1653 1146 1741 1209 sit,
1778 1147 1920 1213 quod
1938 1146 2005 1199 de

445 1241 708 1296 Israelitis
738 1239 866 1294 dicit
890 1238 1185 1307 Apostolus
1212 1236 1257 1267 '°
1287 1254 1300 1288 :
1342 1254 1360 1287 ι
1401 1236 1545 1291 Dicis
1576 1251 1725 1307 ergo,
1762 1237 1807 1290 si
1842 1237 2001 1291 tracti
2034 1268 2039 1273 ε

444 1343 570 1388 sunt
592 1331 805 1397 rami,ut
830 1343 929 1398 ego
961 1329 1188 1383 inserar.
1213 1327 1603 1398 Beue,propter
1653 1328 2006 1383 incredulita-

445 1437 551 1482 tem
584 1423 742 1479 l'racti
768 1432 914 1477 sunt.
951 1419 1031 1474 Tu
1058 1431 1235 1475 autem
1270 1420 1373 1474 ﬁde
1410 1429 1522 1475 stas
1548 1419 1679 1490 (57),
1708 1420 1812 1475 noli
1837 1420 2003 1474 altum

444 1530 657 1587 sapere,
688 1515 782 1570 sed
831 1517 977 1568 time.
1025 1530 1047 1565 ι
1083 1512 1147 1566 Ει
1188 1512 1387 1565 iterum
1435 1512 1477 1543 ⁸⁸
1514 1528 1528 1563 :
1571 1530 1590 1562 ι
1638 1509 1755 1566 Noli
1788 1510 2004 1581 gloriari

444 1611 703 1665 adversus
734 1622 931 1671 ramos,
967 1623 987 1659 ι
1018 1620 1125 1674 quo
1152 1603 1361 1659 scilicet
1397 1603 1548 1658 casui
1589 1617 1774 1658 eorum
1824 1602 2003 1658 nullus

2109 416 2495 472 commendant
2517 417 2747 472 hostiam
2772 418 2900 472 Deo.
2930 416 2987 472 Si
3028 418 3170 471 enim
3201 426 3430 471 attracta
3461 418 3528 471 sit
3560 432 3674 471 ma-

2109 523 2214 562 nus
2261 517 2351 563 tua
2378 508 2443 563 ad
2489 509 2744 572 danduut,
2795 519 2851 564 et
2882 524 3118 582 expansa
3162 511 3229 564 ad
3271 511 3672 579 accipiendum,

2108 601 2248 654 intra
2300 611 2353 656 te
2396 609 2476 655 est
2506 602 2680 655 adhuc
2724 601 2870 669 lepra
2917 613 3028 665 tua,
3076 612 3129 658 et
3162 602 3356 659 oﬁ‘erre
3382 620 3484 658 non
3515 613 3677 673 potes

2109 690 2339 744 hostiam
2369 689 2642 745 salutaris.
2673 690 2861 747 Manus
2892 708 3020 762 ergo
3048 694 3164 764 ejus
3208 692 3433 749 oﬁ‘creut
3461 696 3672 748 sacrili-

2109 781 2251 836 cium
2275 782 2552 847 salutaris,
2587 792 2640 837 et
2671 800 2859 839 manus
2898 786 3013 855 ejus
3038 785 3267 841 oﬁ'erent
3295 798 3381 851 ea,
3409 803 3530 857 qure
3565 789 3674 841 Do-

2111 874 2259 928 mino
2290 872 2568 930 oﬂ‘erenda
2613 885 2760 939 sunt,
2818 878 2868 931 id
2912 889 2993 932 est
3021 877 3228 946 adipem
3271 879 3359 945 qui
3387 894 3549 948 super
3575 894 3672 949 pe-

2110 966 2409 1020 ctusculum
2436 977 2542 1035 est,
2579 978 2634 1021 et
2671 968 2889 1036 pinnam
2929 968 3154 1037 jecoris.
3205 966 3264 1023 In
3299 970 3401 1024 hoc
3427 971 3547 1030 loco
3574 972 3665 1024 ubi

2110 1073 2210 1113 nos
2237 1060 2518 1125 habemus,
2559 1077 2580 1111 ι
2631 1076 2821 1114 manus
2871 1061 2990 1129 ejus
3036 1061 3268 1115 offerent
3304 1062 3534 1116 hostiam
3570 1063 3673 1116 Do-

2112 1151 2282 1215 mino,
2314 1169 2331 1202 i
2361 1152 2412 1206 in
2435 1150 2636 1207 Graecis
2660 1154 2889 1209 habetur
2906 1171 3000 1223 pro
3023 1155 3194 1209 hostia
3214 1155 3671 1228 ὀλοκαρπὼματα,

2109 1243 2251 1310 quod
2276 1243 2589 1315 intelligitur
2617 1260 2835 1301 omnem
2878 1248 3114 1301 fructum
3144 1268 3156 1303 :
3194 1262 3291 1316 per
3319 1249 3459 1316 quod
3496 1259 3674 1303 osten-

2108 1338 2187 1393 dit
2214 1355 2316 1393 non
2347 1353 2508 1407 posse
2537 1339 2761 1395 Domino
2800 1337 2997 1394 oﬁ‘erre
3039 1355 3255 1394 omnem
3290 1340 3527 1395 fructum
3551 1358 3673 1397 eum

2110 1434 2198 1503 qui
2229 1434 2594 1488 infructuosus
2630 1443 2735 1501 est,
2782 1434 2874 1503 qui
2916 1449 3022 1488 non
3055 1433 3207 1487 aﬁ'ert
3236 1434 3474 1489 fructum
3518 1436 3674 1506 justi-

2113 1526 2217 1590 tize,
2248 1523 2482 1579 fructum
2525 1525 2935 1589 misericordia},
2966 1527 3049 1579 vel
3076 1526 3237 1580 etiam
3269 1525 3480 1582 fructus
3511 1528 3672 1598 spiri-

2113 1627 2217 1679 tus,
2253 1630 2388 1685 quos
2421 1622 2705 1671 enumerat
2731 1615 3018 1684 Apostolus
3039 1616 3104 1683 “,
3132 1616 3481 1680 charitatem,
3540 1633 3675 1686 gau-

445 1702 687 1757 iusultet.
718 1698 798 1757 Ne
830 1698 972 1754 forte
998 1698 1141 1753 sicut
1179 1698 1317 1750 idem
1360 1695 1650 1765 Apostolus
1679 1696 1833 1762 dicit,
1870 1707 1923 1747 et
1950 1706 2004 1747 tu

2112 1710 2276 1773 dium,
2309 1722 2519 1776 pacem,
2550 1708 2898 1778 patientiam,
2934 1710 3371 1773 unanimitalem,
3395 1719 3448 1762 ct
3470 1723 3674 1766 caetera

444 1794 735 1860 excideris,
775 1791 931 1846 etilli
976 1790 1019 1845 si
1051 1805 1157 1843 non
1210 1789 1609 1855 permanserint
1635 1789 1687 1840 in
1721 1787 2009 1842 increduli-

445 1896 558 1943 tate
583 1886 909 1940 inserantur.
953 1881 1189 1951 Sanguis
1223 1887 1405 1933 autem
1450 1888 1579 1949 puto
1605 1879 1747 1948 quod
1780 1878 2008 1948 populus

444 1978 535 2035 ille
557 1985 928 2044 competenter
953 1973 1307 2042 intelligatur.
1342 1970 1457 2025 Non
1489 1971 1631 2025 enim
1657 1986 1720 2025 ex
1756 1970 1881 2037 ﬁde,
1912 1989 2007 2026 ue-

445 2085 550 2142 que
576 2084 643 2126 ex
689 2068 879 2138 Spiritu
914 2065 1206 2129 Abraham,
1244 2068 1339 2119 sed
1389 2073 1596 2118 tantutn
1627 2079 1694 2118 ex
1743 2062 2009 2133 sanguine

444 2163 564 2236 ejus
590 2160 947 2217 descendunt.

518 2279 604 2333 12.
639 2278 765 2334 Post
813 2276 929 2330 hinc
950 2275 995 2310 ⁶¹
1027 2290 1041 2327 :
1074 2291 1092 2324 ι
1135 2271 1202 2328 Ει
1252 2272 1464 2326 locutus
1518 2280 1601 2325 est
1655 2270 1914 2325 Dominus
1941 2271 2009 2326 ad

450 2373 668 2440 Moysen
695 2370 900 2430 .dlcens
932 2366 1115 2422 :Filiis
1165 2366 1327 2420 Israel
1371 2365 1590 2435 loquere
1629 2364 1817 2418 dicens
1852 2380 1865 2416 :
1906 2363 2007 2429 Qui

447 2463 608 2520 oﬁ‘ert
633 2460 959 2519 sacriﬁcium
992 2460 1246 2515 salutaris
1276 2459 1355 2512 sui
1394 2457 1645 2521 Domino,
1683 2454 1871 2510 oﬁ‘eret
1896 2471 2011 2509 mu-

446 2570 549 2612 nus
576 2570 730 2611 suum
769 2552 997 2608 Domino
1020 2554 1072 2605 in
1098 2549 1365 2606 sacriﬁcio
1395 2548 1647 2604 salutaris
1670 2549 1775 2603 sui.
1818 2546 2007 2601 Manus

445 2649 565 2720 ejus
592 2643 823 2702 oﬁ‘ereut
873 2645 1104 2699 hostiam
1150 2642 1398 2705 Domino,
1439 2641 1650 2708 adipem
1708 2638 1802 2710 qui
1849 2652 2012 2709 super

445 2739 820 2812 pectusculum
845 2751 961 2803 est,
994 2746 1049 2792 et
1072 2736 1287 2805 pinnam
1316 2734 1519 2803 jecoris
1552 2752 1565 2787 :
1597 2732 1788 2788 oﬁ‘eret
1818 2748 1879 2788 ea
1910 2733 2009 2796 ita,

446 2843 507 2889 ut
552 2842 784 2903 ponatur
832 2829 1027 2884 donum
1081 2836 1272 2881 contra
1316 2824 1621 2879 Dominum.
1674 2824 1737 2877 Et
1770 2824 2011 2893 imponet

444 2927 702 2985 sacerdos
729 2924 960 2993 adipem,
990 2922 1079 2990 qui
1106 2928 1191 2975 est
1217 2935 1377 2987 super
1406 2918 1798 2988 pectusculum,
1847 2932 2012 2986 super

2111 1802 2195 1856 his
2225 1802 2444 1857 similia.
2481 1800 2635 1857 Unde
2686 1813 2740 1856 et
2784 1802 2833 1855 iu
2872 1801 2982 1855 alio
3026 1800 3190 1873 214
3236 1801 3356 1855 loco
3405 1801 3673 1871 Propheta

2110 1891 2240 1945 dicit
2270 1892 2314 1924 ⁸⁸
2348 1910 2361 1946 :
2393 1910 2411 1943 ι
2446 1890 2511 1947 Et
2539 1891 2913 1948 holocaustum
2963 1901 3111 1945 tuum
3146 1894 3343 1962 pingue
3378 1892 3490 1947 ﬁat.
3535 1912 3555 1946 ι
3584 1892 3674 1948 01‘-

2113 1982 2216 2036 l'ert
2248 1980 2361 2053 (58)
2386 1997 2515 2052 ergo
2544 1983 2754 2051 adipes,
2788 1982 2881 2051 qui
2916 1997 3079 2051 super
3112 1982 3483 2052 pectusculum
3517 1992 3672 2049 sunt,

2110 2084 2164 2128 et
2202 2076 2419 2143 pinnam
2464 2073 2689 2142 jecoris,
2736 2089 2855 2142 qua!
2904 2083 3345 2143 superponantur
3378 2074 3559 2128 altari.
3602 2077 3676 2132 De

2110 2167 2354 2235 adipibus
2383 2182 2523 2235 smpe.
2544 2166 2655 2235 jam
2682 2167 2936 2221 diximus.
2978 2167 3126 2233 Quod
3159 2176 3336 2221 autem
3372 2167 3523 2230 dicit,
3554 2169 3676 2221 adi-

2111 2274 2203 2328 pes
2227 2260 2316 2328 qui
2363 2275 2526 2328 super
2569 2259 2937 2329 pectuSculum
2962 2267 3108 2319 sunt,
3133 2260 3499 2327 pectusculum
3526 2270 3673 2316 tuum

2111 2350 2351 2420 iutellige
2387 2366 2506 2407 esse
2538 2367 2633 2406 cor
2663 2362 2834 2413 tuum,
2863 2351 2928 2406 de
2958 2365 3063 2420 quo
3097 2352 3190 2405 tibi
3215 2352 3519 2409 auferenda:
3549 2354 3678 2409 sunt

2110 2458 2299 2499 omnes
2332 2443 2484 2498 mala:
2515 2443 2908 2514 cogitationes;
2943 2443 3066 2497 inde
3094 2444 3237 2498 enim
3267 2446 3588 2513 procedunt,
3621 2453 3677 2501 et

2111 2536 2298 2591 altaris
2354 2536 2459 2605 igni
2510 2536 2786 2590 tradenda:
2835 2545 2983 2599 sunt,
3041 2544 3101 2590 ut
3153 2535 3324 2606 possit
3374 2550 3471 2591 cor
3522 2546 3675 2594 tuum

2111 2628 2371 2681 mundum
2401 2623 2647 2680 eﬁ'ectum
2680 2625 2849 2681 Deum
2881 2626 3085 2681 videre.
3133 2629 3241 2683 Sed
3266 2638 3322 2684 et
3350 2632 3568 2701 pinnam
3593 2631 3680 2701 je-

2111 2717 2255 2772 coris
2278 2718 2535 2788 prwcepit
2559 2714 2916 2772 oﬂ‘erendam.
2945 2717 3191 2776 Diximus
3220 2730 3273 2775 et
3303 2732 3449 2786 ante,
3472 2721 3678 2791 jecoris

2112 2810 2356 2878 pinnam,
2397 2810 2513 2865 loca
2546 2810 2844 2864 iracundia:
2874 2810 3009 2883 (59),
3040 2811 3123 2866 vel
3154 2813 3468 2881 cupiditatis
3504 2829 3677 2883 expo-

2114 2904 2203 2969 ni;
2238 2903 2396 2958 oﬁ‘ert
2418 2904 2560 2958 enim
2586 2905 2803 2972 pinnam
2832 2902 3050 2972 jecoris,
3082 2906 3173 2975 qui
3204 2920 3275 2960 ex
3302 2920 3362 2961 se
3394 2922 3558 2963 omne
3588 2909 3677 2963 vi-

446 3021 643 3083 amre,
670 3025 724 3071 ει
756 3017 862 3070 em
889 3011 1258 3083 peclugculum
1296 3010 1482 3064 Aaron
1523 3019 1579 3064 ei
1625 3010 1756 3064 ﬁliis
1784 3009 1922 3079 ejus,
1954 3018 2009 3063 ει
2035 3038 2078 3095 C
2116 2997 2244 3051 tium
2273 2997 2459 3095 iraa-ct
2502 2996 2698 3095 furoris
2742 2996 2960 3095 excidit.
3006 2997 3206 3095 A‘dipes
3255 3010 3384 3068 ergo
3411 3000 3502 3070 qui
3547 3008 3679 3055 sunt

442 3113 725 3171 brachium
760 3111 1012 3162 dextrum
1056 3105 1254 3161 dabitis
1293 3104 1691 3173 separatiouem
1734 3102 2008 3157 sacerdoti

446 3221 476 3260 a
518 3199 799 3257 sacriliciis
836 3198 1166 3252 salutaribus
1204 3197 1424 3250 vestris.
1470 3195 1573 3258 Qui
1597 3193 1759 3249 offert
1789 3194 2008 3265 sangui-

446 3310 573 3351 nem
606 3290 883 3354 salutaris,
932 3298 985 3344 et
1013 3289 1223 3356 adipem
1250 3302 1317 3342 ex
1368 3286 1495 3341 ﬁliis
1515 3285 1721 3352 Aaron,
1764 3287 1865 3354 ipsi
1900 3287 2010 3342 erit

444 3378 725 3442 brachium
759 3382 1008 3435 dextrum
1037 3379 1091 3432 iu
1116 3387 1306 3448 parte;
1340 3377 1709 3446 pectusculum
1737 3377 1880 3433 enim
1907 3377 2008 3430 im-

445 3474 746 3550 positionis,
795 3482 848 3527 et
880 3470 1161 3527 brachium
1218 3470 1542 3538 demptionis
1586 3470 1771 3539 accepi
1800 3486 1830 3524 a
1883 3470 2009 3526 ﬁliis

446 3569 611 3626 Israel
660 3584 690 3623 a
733 3566 1014 3622 sacriﬁciis
1062 3565 1400 3620 salutaribus
1442 3569 1659 3630 vestris,
1711 3572 1766 3620 et
1795 3566 1913 3620 dedi
1943 3580 2005 3620 ea

443 3665 625 3719 Aaron
647 3658 939 3723 sacerdoti,
967 3666 1022 3712 et
1058 3656 1181 3711 liliis
1212 3657 1348 3728 ejus,
1392 3656 1688 3726 legitimum
1744 3669 2007 3711 mternum

445 3771 476 3810 a
509 3753 630 3809 ﬁliis
657 3750 844 3807 Israel.
877 3768 898 3804 ›
934 3749 1047 3805 Hoc
1072 3758 1155 3804 est
1178 3749 1504 3803 sacriﬁcium
1532 3748 1676 3817 quod
1699 3748 1896 3803 dicitur
1922 3762 2008 3804 sa-

444 3846 638 3901 lutare.
670 3843 821 3911 Quod
863 3840 1189 3896 sacriﬁcium
1238 3852 1399 3892 nemo
1427 3836 1585 3892 oﬁert
1630 3837 1874 3904 Domino,
1907 3837 2009 3893 uisi

440 3938 537 4010 qui
570 3952 734 3992 sanus
759 3944 861 3999 est,
891 3944 948 3987 et
974 3932 1168 3987 salutis
1207 3946 1318 3986 suae
1361 3931 1634 3996 conscius,
1665 3932 1869 4002 gratias
1905 3931 2009 3987 Do-

445 4032 593 4087 mino
621 4026 807 4084 refert.
838 4027 1005 4079 Nemo
1031 4039 1159 4093 ergo
1188 4024 1277 4093 qui
1303 4038 1444 4093 :egcr
1471 4031 1554 4077 est
1581 4024 1781 4089 animo,
1807 4033 1863 4078 et
1893 4022 2011 4077 lan-

442 4122 638 4195 guidus
678 4119 733 4174 in
779 4117 1055 4186 Operibus,
1084 4115 1283 4171 oﬂ'erre
1316 4124 1497 4186 putest
1543 4114 1875 4170 sacriﬁcium
1914 4130 2007 4170 sa-

445 4218 638 4272 lutare.
668 4210 764 4267 Vis
796 4211 978 4265 videre
1018 4209 1142 4279 quia
1173 4224 1329 4263 nemo
1350 4223 1491 4278 aeger
1521 4219 1575 4263 et
1605 4207 1889 4277 languidus
1914 4222 2012 4279 po—

444 4317 555 4362 test
584 4304 712 4360 illud
748 4301 946 4357 oﬁ‘erre
993 4298 1353 4355 sacriﬁcium?
1399 4298 1668 4368 Leprosus
1697 4299 1806 4361 ille,
1841 4313 2003 4367 quem

2116 3089 2877 3160 pectusculum,imponuntur
2897 3088 3265 3157 altari,ipsum
3295 3107 3424 3147 vero
3455 3105 3675 3162 pectus-

2115 3184 2316 3250 culum,
2360 3184 2539 3236 Aaron
2588 3191 2643 3237 et
2678 3182 2802 3236 ﬁliis
2840 3182 2975 3252 ejus.
3020 3182 3124 3235 Sed
3156 3194 3211 3236 ct
3251 3184 3530 3237 brachium
3582 3187 3678 3241 de-

2116 3289 2296 3331 xtrum
2320 3276 2558 3346 separari
2584 3277 2861 3345 praecepit,
2883 3285 3073 3329 etesse
3095 3276 3173 3330 eis
3198 3278 3435 3332 muneris
3465 3277 3584 3334 loco
3606 3293 3673 3335 ex

2116 3368 2387 3424 sacriﬁcio
2416 3366 2667 3421 salutari.
2702 3365 2837 3420 Vide
2867 3365 3062 3434 quibus
3096 3370 3411 3423 muneribus
3432 3370 3678 3425 honora-

2116 3467 2203 3511 tur
2223 3457 2497 3512 sacerdos.
2523 3455 2899 3510 Pectusculum
2930 3457 3149 3526 accipit,
3175 3466 3227 3513 et
3249 3458 3555 3526 brachium,
3577 3464 3676 3518 sed

2113 3552 2401 3608 brachium
2434 3551 2704 3606 dextrum.
2738 3550 2999 3607 Putamus
3033 3567 3139 3606 non
3180 3568 3301 3610 esse
3343 3555 3547 3626 aliquid
3589 3574 3677 3613 ra-

2115 3645 2296 3707 tionis,
2332 3643 2473 3714 quod
2502 3657 2568 3698 ex
2589 3643 2842 3698 omnibus
2871 3643 3129 3700 membris
3160 3645 3501 3715 animalium,
3553 3665 3676 3719 quas

2109 3733 2423 3805 iugulantur
2455 3735 2505 3788 in
2545 3733 2846 3799 sacriﬁciis,
2891 3735 3006 3789 haec
3051 3735 3394 3804 potissimum
3427 3742 3671 3796 membra

2114 3832 2317 3885 delecta
2347 3828 2494 3883 sint?
2524 3826 2632 3897 Ego
2658 3835 2787 3897 puto
2809 3828 2951 3896 quod
2980 3827 3025 3881 si
3053 3830 3175 3898 quis
3200 3830 3332 3886 dicit
3363 3845 3423 3887 se
3444 3848 3565 3888 esse
3592 3851 3676 3889 sa-

2114 3925 2387 3979 cerdotem
2458 3921 2573 3984 Dei,
2629 3921 2733 3975 nisi
2787 3921 2983 3974 haheat
3037 3933 3228 3990 pectus
3292 3938 3360 3979 ex
3420 3927 3676 3983 omnibus

2115 4014 2371 4071 membris
2405 4012 2657 4073 electum.
2693 4028 2798 4067 non
2833 4022 2917 4066 est
2943 4015 3231 4081 sacerdos;
3266 4027 3319 4070 et
3352 4018 3455 4072 nisi
3477 4018 3674 4076 habeat

2115 4106 2396 4161 brachium
2426 4105 2699 4166 dextrum,
2727 4118 2831 4156 non
2861 4114 3037 4172 potest
3063 4104 3357 4161 ascendere
3390 4110 3457 4164 ad
3505 4111 3674 4169 altare

2114 4198 2348 4263 Domini,
2376 4211 2477 4251 nec
2505 4197 2759 4252 sacerdos
2783 4187 3075 4251 nominari.
3134 4197 3288 4266 Quod
3313 4215 3445 4271 ergo
3472 4214 3555 4259 esi
3587 4222 3675 4260 sa-

2115 4291 2354 4347 cerdotis
2385 4299 2593 4359 pectus,
2644 4298 2739 4342 aut
2793 4288 2992 4358 quale?
3042 4289 3173 4345 Tale
3229 4307 3329 4364 ego
3356 4304 3487 4362 puto
3531 4310 3675 4365 esse,

443 4399 499 4453 iu
532 4391 821 4465 Evangello
871 4390 1126 4445 Dominus
1179 4401 1401 4441 curasse
1444 4386 1769 4440 describitur
1800 4385 1866 4452 ",
1898 4399 2002 4439 non
2038 4389 2082 4445 D
2110 4382 2251 4452 quod
2275 4382 2491 4453 plenum
2520 4380 2589 4434 sit
2618 4379 2901 4448 sapientia,
2935 4379 3151 4445 plenum
3184 4383 3429 4448 scientia,
3455 4385 3672 4455 plenum

445 4494 655 4558 peierat
703 4479 897 4537 oﬁ‘erre
945 4478 1177 4533 hostiam
1203 4517 1216 4540 ,
1269 4476 1441 4531 donec
1481 4475 1643 4544 lepra:
1685 4474 2008 4546 aegritudine

447 4577 755 4633 tenebatur.
788 4572 924 4628 Cum
955 4581 1133 4625 autem
1160 4568 1391 4623 accessit
1418 4569 1483 4621 ad
1517 4566 1727 4630 Jesum,
1775 4574 1825 4621 et
1855 4582 2009 4621 mun-

446 4667 605 4720 datus
636 4674 745 4730 est,
775 4660 1139 4729 tuncjubetur
1163 4659 1210 4713 ei
1234 4674 1266 4713 a
1299 4657 1527 4713 Domino
1549 4654 1747 4711 oﬂ'erre
1784 4672 2008 4712 munera

445 4756 516 4812 ad
542 4754 733 4816 altare,
762 4771 781 4801 σ
814 4752 955 4823 quod
990 4751 1270 4822 praecepit,
1296 4749 1473 4819 inquit
1502 4747 1568 4814 “,
1602 4748 1812 4820 Moyses
1843 4749 1896 4804 in
1925 4760 2009 4804 ιε·-

446 4846 762 4902 stimonium
789 4843 913 4898 illis.
946 4862 965 4896 ι
992 4842 1204 4897 Audisti
1237 4841 1360 4911 quis
1390 4842 1482 4904 sit,
1513 4840 1602 4910 qui
1627 4839 1821 4895 oﬁ‘erre
1846 4840 2011 4896 debet

445 4938 680 4994 hostiatn
715 4936 989 4999 salutaris,
1048 4935 1172 4988 audi
1213 4949 1354 4988 nunc
1384 4933 1658 5002 quomodo
1701 4932 2001 4987 debeatof-

448 5031 614 5083 ferre.
647 5045 668 5080 ι
705 5025 913 5088 Manus,
964 5025 1156 5093 inquit,
1204 5023 1321 5089 ejus
1362 5022 1595 5078 oﬁ'erent
1638 5025 1873 5079 hostiam
1901 5023 2009 5079 Do-

447 5122 613 5177 mino.
649 5138 670 5173 ι
701 5118 955 5186 Nunquid
1002 5133 1107 5171 non
1152 5117 1433 5171 evidenter
1474 5116 1679 5171 clamat
1705 5116 2010 5187 legislator,

447 5215 573 5284 quia
611 5228 716 5268 non
751 5214 911 5267 homo
957 5224 1042 5266 est
1066 5210 1157 5280 qui
1208 5209 1367 5265 otl'ert
1399 5210 1657 5275 hostiam,
1696 5210 1790 5264 sed
1819 5225 2012 5267 manus

518 5308 567 5342 "
591 5307 777 5363 Matth.
804 5322 957 5369 xvut.
984 5306 1037 5362 6.
1113 5307 1157 5337 ⁶⁰
1188 5305 1344 5360 Rom.
1378 5320 1452 5373 ιι,
1493 5306 1580 5362 l9.

449 5378 496 5414 ⁸⁸
522 5378 643 5435 Gal.
678 5395 729 5441 v,
758 5378 848 5433 22.
925 5377 969 5409 “
996 5376 1139 5432 Psal.
1166 5392 1281 5439 xix,
1316 5378 1371 5430 4.

521 5469 634 5539 (56)
686 5468 806 5541 his,
846 5488 865 5521 ‹
900 5469 1232 5541 accepimus.
1270 5486 1291 5541 ρ
1343 5468 1501 5524 Libb.
1550 5469 1701 5535 editi,
1744 5488 1764 5523 ι
1810 5472 2016 5541 accipi-

450 5555 591 5596 mus.
633 5539 824 5620 ilnlra
856 5540 987 5621 libb.
1015 5539 1167 5620 editi,
1201 5557 1219 5591 ι
1265 5540 1319 5593 in
1361 5541 1672 5598 novissimis
1702 5539 1947 5610 sperant.
1984 5560 2005 5595 ι

449 5626 575 5675 tus.,
613 5627 633 5661 ι
672 5619 724 5663 in
756 5619 1062 5665 novissimis
1088 5619 1289 5679 Sperat.
1324 5628 1345 5663 ι

1679 5305 1722 5337 ⁶¹
1756 5304 1909 5374 ibid.,
1941 5307 2027 5366 18.
2105 5308 2327 5365 ⁸³1..ενὶι.
2354 5322 2449 5372 vn,
2484 5306 2554 5361 28
2576 5317 2631 5360 et
2657 5320 2812 5374 seqq.

2116 4474 2263 4528 omni
2290 4472 2466 4526 divina
2500 4469 2880 4540 intelligentia;
2913 4481 2967 4525 et
3000 4471 3131 4539 quid
3178 4474 3297 4530 ilico
3341 4476 3558 4544 plenum
3591 4478 3676 4533 iu-

2118 4563 2450 4635 telligentia?
2486 4566 2591 4619 imo
2617 4565 2759 4633 quod
2790 4563 3006 4632 plenum
3038 4564 3110 4619 sit
3142 4566 3284 4630 Deo,
3317 4566 3479 4637 quale
3511 4579 3674 4627 estet

2117 4658 2401 4712 brachium
2431 4654 2730 4709 sacerdotis
2753 4654 2897 4722 quod
2921 4654 2968 4707 ei
2994 4654 3229 4711 oﬁ‘erunt
3263 4658 3359 4712 ﬁlii
3387 4658 3547 4716 Israel
3577 4677 3674 4731 pro

2116 4750 2289 4804 salute
2311 4764 2407 4803 sua
2438 4762 2543 4817 qua
2568 4747 2865 4801 salvantur.
2906 4746 3119 4803 Formae
3176 4759 3303 4805 sunt
3329 4752 3541 4820 singula
3573 4754 3674 4809 ista

2116 4857 2238 4913 qua-
2265 4841 2580 4896 scribuntur
2613 4840 2666 4892 in
2698 4840 2833 4908 lege,
2856 4852 3045 4893 eorum
3077 4856 3195 4910 qua:
3224 4842 3276 4896 in
3307 4842 3549 4900 Ecclesia
3581 4861 3678 4916 ge-

2114 4937 2157 4990 ri
2197 4936 2446 4990 debeant.
2492 4931 2746 5003 Alioquin
2782 4946 2887 5003 nec
2930 4932 3122 4988 fuisset
3167 4938 3532 4991 necessarium
3571 4937 3676 5010 legi

2115 5031 2229 5085 haec
2269 5029 2321 5082 in
2370 5026 2635 5090 Ecclesia,
2689 5025 2790 5079 nisi
2833 5040 2899 5081 ex
2929 5027 3013 5080 his
3056 5026 3342 5083 aediﬁcatio
3370 5028 3550 5099 aliqua
3578 5045 3673 5084 au-

2113 5119 2384 5177 dientibus
2431 5120 2783 5189 praeberetur.
2828 5118 2886 5174 Si
2935 5134 3064 5190 ergo
3109 5121 3369 5175 sacerdos
3423 5121 3680 5178 Ecclesiae

2114 5229 2210 5284 per
2233 5211 2422 5277 verba,
2462 5218 2518 5264 et
2545 5211 2869 5276 doctrinam,
2915 5219 2969 5262 et
3002 5210 3221 5263 multam
3262 5211 3679 5269 sollicitudinem

2888 5304 2933 5336 ⁸³
2962 5303 3148 5357 Matth.
3174 5319 3288 5358 vni.
3366 5305 3413 5337 “
3442 5307 3596 5372 ibid.,
3624 5308 3684 5364 4.

2200 5466 2314 5538 (57)
2335 5467 2465 5538 Ms"
2503 5486 2521 5518 ι
2556 5474 2658 5538 sta.
2697 5485 2715 5517 ι
2742 5464 3079 5538 Libb._edit_i_,
3108 5482 3131 5538 ι
3166 5473 3306 5538 stas.
3347 5485 3367 5518 ι

2189 5534 2304 5609 (58)
2330 5537 2451 5604 Ms.,
2491 5556 2510 5589 ι
2539 5536 2715 5591 olTert.
2754 5555 2772 5586 ι
2803 5534 2968 5609 Libb._
2985 5535 3141 5601 editi,
3172 5552 3198 5609 At
3229 5536 3444 5592 oil‘eret.
3479 5556 3501 5590 ι

2185 5605 2297 5675 (59)
2324 5610 2447 5673 Ms,
2485 5626 2503 5660 ι
2536 5619 2741 5673 partem
2762 5645 2777 5665 .
2810 5608 2925 5662 loca
2957 5605 3269 5659 iracundia}.
3306 5625 3331 5661 ι
