4024 6146
321 339 445 397 465
1526 348 1594 404 IN
1632 346 1921 405 LEVlTlCl

2038 345 2319 402 HOMILIA
2353 344 2439 400 Vl.
3496 345 3605 398 Mitt
3626 340 3627 343 “

327 436 532 527 suam,
582 468 639 518 et
673 458 916 519 laborem
959 464 1292 536 vigiliarum,
1331 478 1655 524 convertere
1686 470 1927 539 potuerit
1954 472 2003 528 Α
2029 474 2138 522 tem
2166 464 2468 520 communis
2503 470 2605 527 est,
2631 462 2853 518 dubium
2881 476 2987 517 non
3026 462 3276 530 estquod
3299 458 3593 516 multorum

331 561 726 623 peccatorem,
752 565 805 611 et
832 556 1029 614 docere
1058 573 1204 626 eum,
1252 568 1313 615 ut
1349 561 1631 618 meliorem
1665 564 1811 619 viam
1847 577 1933 619 se-
2034 559 2124 623 sit,
2157 567 2211 614 et
2256 557 2375 612 ideo
2426 556 2730 613 communis
2773 554 3004 611 dicatur.
3034 553 3258 610 Grande
3309 562 3394 609 est
3416 554 3469 608 in
3498 556 3595 609 hoc

331 654 581 714 (luatur,
621 655 683 701 ut
727 646 795 702 ad
845 648 1093 706 timorem
1133 650 1228 707 Dei
1268 652 1479 719 redeat,
1540 655 1744 724 cogitet
1779 672 1929 727 spem
2033 663 2285 704 sermone
2319 648 2658 719 mysterium,
2692 649 2835 718 quod
2866 647 3029 702 Israel
3056 649 3351 703 secundum
3381 661 3597 701 carnem

330 735 625 806 futuram,
683 755 713 794 a
754 741 912 797 malis
949 744 1162 802 actibus
1196 745 1434 816 desinat,
1478 758 1536 806 et
1578 758 1921 805 convertatur

2033 741 2087 795 in
2117 757 2215 796 usu
2245 755 2463 796 sensum
2518 741 2732 809 quidem
2765 740 2945 806 habet,
2974 741 3070 795 sed
3124 740 3452 794 intellectum
3493 754 3596 794 non

331 829 406 882 ad
437 828 661 899 bonos;
705 832 774 899 si,
801 833 1047 905 inquam,
1074 836 1182 892 tale
1206 853 1342 908 opus
1360 840 1573 909 fecerit,
1600 857 1932 914 consequens
2032 833 2215 888 habet.
2246 833 2601 887 Communem
2637 832 2825 887 dicunt
2856 841 2911 887 et
2951 831 3026 885 illi
3062 831 3334 886 hominem
3364 831 3594 884 immun-

330 927 620 987 est,eu1n,
661 922 753 993 qui
796 924 971 995 ipsius
996 927 1186 984 labore
1226 930 1339 1002 (60)
1373 932 1637 999 salvetur,
1677 933 1787 990 Deo
1810 951 1933 1006 gra-
2032 925 2183 990 dum,
2214 924 2307 979 sed
2338 939 2437 978 cur
2474 924 2782 979 communis
2805 925 3046 987 dicatur,
3083 924 3356 993 ignorant.
3377 922 3598 979 Discant

336 1011 451 1071 tias
496 1027 688 1083 agere,
753 1024 811 1071 et
844 1015 1045 1074 otl‘erre
1093 1020 1331 1078 hostiam
1386 1024 1662 1092 salutaris,
1716 1042 1816 1096 pro
1867 1043 1921 1084 eo

2031 1032 2164 1086 ergo
2194 1018 2262 1073 ab
2292 1017 2550 1080 Ecclesia,
2599 1017 2724 1085 quia
2764 1016 2857 1085 qui
2897 1028 3120 1070 sanctus
3159 1025 3262 1083 est,
3297 1015 3466 1070 solius
3506 1017 3596 1071 Dei

333 1104 494 1172 quod
540 1106 775 1164 salutem
803 1121 1128 1169 consecutus
1192 1114 1285 1174 sit.
1328 1114 1385 1171 lu
1427 1132 1534 1187 qua
1586 1119 1765 1175 hostia
1806 1135 1932 1190 pars

339 1196 601 1257 efﬁcitur
650 1205 970 1272 sacerdotis,
1011 1209 1385 1276 pectusculum
1429 1222 1484 1267 et
1519 1211 1802 1269 brachium
1840 1216 1933 1271 de-

338 1300 550 1345 strum
594 1309 608 1346 :
665 1299 726 1348 ut
765 1295 837 1349 sit
874 1296 1134 1354 indicium
1162 1302 1303 1370 quod
1341 1310 1527 1372 pectus
1582 1304 1700 1375 ejus
1732 1315 1787 1362 et
1835 1321 1932 1361 cor

334 1381 497 1447 quod
527 1391 660 1438 ante
706 1386 848 1442 mala
905 1389 1202 1457 cogitabat,
1241 1393 1542 1449 sacerdotis
1576 1395 1762 1453 labore
1799 1411 1926 1453 cou-

332 1484 605 1540 Versum,
649 1479 859 1547 recepit
896 1481 1258 1551 cogitationes
1284 1484 1476 1552 bonas,
1496 1495 1554 1541 et
1591 1487 1666 1542 ita
1704 1490 1931 1544 munda-

336 1569 465 1620 tum
497 1574 608 1631 est,
638 1568 889 1625 utetiam
922 1570 1091 1627 Deum
1142 1575 1312 1642 possit
1341 1577 1546 1632 videre.
1584 1576 1852 1635 Similiter
1876 1588 1932 1635 et

336 1654 399 1710 in
426 1656 666 1714 brachio
707 1658 797 1715 illo
840 1660 955 1733 (6f)
1007 1663 1263 1720 indicium
1306 1676 1411 1734 est,
1446 1669 1588 1738 quod
1637 1669 1774 1724 mala
1815 1670 1930 1739 ejus

333 1761 525 1816 opera
562 1757 621 1803 et
666 1749 910 1817 sinistra,
958 1767 1082 1822 quae
1117 1764 1244 1810 sunt
1273 1756 1460 1827 utique
1499 1774 1686 1829 prava,
1727 1769 1784 1816 et
1822 1776 1928 1816 non

340 1837 523 1919 bona,
568 1841 840 1909 convertit
886 1843 939 1898 in
988 1844 1215 1912 dextra,
1288 1858 1350 1903 ut
1405 1860 1587 1905 essent
1633 1851 1927 1907 secundum

339 1928 566 1997 Deum;
609 1942 664 1987 et
702 1934 808 1991 hoc
837 1945 924 1991 est
952 1935 1205 1993 dextrum
1231 1940 1541 2007 brachium,
1585 1940 1640 1996 in
1669 1957 1776 2013 quo
1800 1959 1928 2013 pars

341 2036 472 2077 esse
522 2024 725 2079 dicitur
777 2028 1099 2084 sacerdotis.
1155 2028 1262 2085 Sed
1320 2041 1377 2085 et
1404 2047 1499 2087 vos
1550 2033 1925 2103 deprecamur,

341 2115 439 2183 qni
463 2115 587 2171 haec
615 2117 840 2181 auditis,
884 2120 1027 2175 detis
1078 2124 1417 2192 pecluscula,
1446 2123 1686 2181 offeratis
1709 2138 1929 2196 pectora

340 2217 537 2262 vestra
569 2210 950 2267 sacerdotibus
992 2212 1112 2279 Dei,
1149 2223 1207 2269 ut
1251 2214 1504 2273 auferant
1546 2233 1613 2274 ex
1661 2217 1745 2274 his
1770 2235 1929 2276 omne

342 2297 498 2367 quod
537 2312 783 2354 crassum
828 2309 934 2366 est,
996 2312 1055 2357 ut
1101 2306 1498 2361 sacerdotalem
1550 2323 1670 2362 eam
1724 2309 1928 2364 faciant

342 2392 689 2457 portionem.
728 2390 859 2445 Date
888 2393 1047 2449 nobis
1077 2396 1242 2449 etiam
1273 2397 1518 2464 brachia,
1549 2400 1643 2452 sed
1681 2398 1869 2453 dextra
1896 2418 1924 2455 a

340 2480 512 2536 vobis
540 2483 816 2551 poscimus
849 2484 1069 2539 brachia
1107 2502 1122 2539 :
1174 2487 1456 2543 sinistrum
1490 2489 1622 2544 nihil
1656 2491 1924 2559 volumus,

343 2576 551 2632 dextra
582 2592 610 2632 a
637 2578 790 2634 vobis
831 2595 995 2650 opera
1039 2582 1393 2651 requirimus.
1428 2583 1532 2639 Sed
1571 2594 1626 2641 et
1656 2588 1757 2641 hoc
1783 2587 1926 2658 quod

345 2667 510 2722 addit
549 2669 918 2737 pectusculum
962 2671 1066 2726 dici
1141 2674 1496 2742 appositionis
1538 2686 1591 2731 et
1646 2678 1924 2733 brachium

348 2758 712 2829 demptionis,
743 2776 847 2817 non
874 2762 1008 2817 mihi
1030 2762 1150 2818 sine
1174 2778 1341 2820 causa
1374 2765 1574 2821 dictum
1604 2767 1837 2823 videtur.
1859 2770 1930 2823 Et

344 2848 482 2905 ideo
529 2851 690 2906 velim
739 2852 1019 2923 requirere
1059 2854 1190 2924 quid
1236 2865 1319 2911 est
1370 2858 1512 2927 quod
1548 2861 1923 2928 apponendum

346 2951 437 2997 est
466 2944 537 2997 ad
565 2946 936 3013 pectusculum
967 2945 1105 3019 (62),
1140 2956 1199 3002 ut
1227 2949 1320 3002 flat
1351 2951 1725 3020 pectusculum
1760 2967 1928 3023 appo-

346 3028 596 3084 sitionis.
669 3030 1026 3103 Posteaquam
1075 3035 1314 3091 ablatum
1365 3037 1531 3094 fuerit
1571 3043 1788 3097 acorde
1835 3054 1927 3099 tuo

2031 1120 2135 1170 eSt,
2164 1116 2220 1162 et
2246 1122 2367 1161 cum
2395 1107 2542 1162 nullo
2570 1107 2619 1161 ei
2649 1107 2960 1161 communio
2988 1116 3092 1160 est.
3121 1105 3223 1172 Qui
3259 1116 3439 1161 autem
3472 1123 3600 1176 pec-

2030 1208 2185 1254 cator
2210 1208 2294 1253 est
2325 1208 2381 1254 et
2404 1198 2739 1263 immundus,
2781 1198 3070 1253 multorum
3126 1208 3229 1254 est.
3272 1198 3421 1252 Multi
3450 1200 3596 1253 enim

2032 1287 2303 1344 daemones
2324 1291 2607 1359 possident
2638 1305 2782 1353 eum,
2823 1298 2878 1346 et
2904 1291 3025 1346 ideo
3071 1291 3381 1346 communis
3407 1292 3596 1362 appel-

2032 1378 2195 1439 latur.
2235 1377 2475 1451 Denique
2507 1391 2561 1436 et
2591 1381 2679 1436 ille
2726 1382 2818 1452 qui
2859 1384 2911 1436 in
2958 1381 3261 1452 Evangeliis
3301 1396 3330 1437 a
3372 1383 3597 1439 Domino

2032 1482 2256 1528 curatus
2286 1482 2392 1536 est,
2437 1488 2560 1528 eum
2609 1475 2970 1543 interrogatus
3014 1484 3176 1541 esset,
3239 1493 3259 1527 ι
3294 1474 3445 1542 Quod
3505 1476 3598 1532 tibi

2032 1578 2226 1619 nomen
2264 1566 2385 1621 est?
2429 1565 2570 1621 dixit
2602 1582 2616 1619 :
2654 1566 2837 1637 Legio,
2865 1567 3019 1622 multi
3056 1567 3200 1622 enim
3227 1581 3412 1621 sumus
3436 1567 3506 1624 ".
3573 1585 3596 1621 ι

2033 1654 2158 1710 ιιωο
2189 1656 2313 1712 Ιὶεει
2339 1657 2390 1711 in
2421 1672 2649 1713 excessu
2679 1660 2936 1728 quodam,
2957 1658 3268 1714 necessario
3296 1666 3478 1713 tamen
3507 1660 3603 1711 ad-

2032 1746 2146 1800 dita
2194 1747 2465 1811 videntur,
2495 1758 2555 1803 ut
2589 1749 2905 1819 mysterium
2952 1749 3247 1819 pectuscnli
3304 1748 3598 1816 appositio-

2031 1837 2134 1902 nis,
2185 1848 2243 1893 et
2280 1838 2484 1894 brachii
2533 1840 2913 1908 separationis,
2970 1854 3141 1909 quare
3187 1838 3451 1907 scriptum
3523 1837 3598 1890 sit

2029 1928 2437 1996 dissereremus,
2473 1943 2594 2000 quae
2629 1941 2712 1986 est
2752 1940 2950 1987 aeterna
2992 1927 3167 2003 portio
3221 1928 3599 1984 sacerdotibus

2028 2021 2190 2092 215
2225 2024 2371 2089 data,
2414 2023 2469 2078 in
2514 2037 2618 2093 qua
2651 2023 2842 2094 dignos
2883 2038 2983 2077 nos
3017 2021 3198 2077 facere
3226 2021 3500 2091 dignetur,
3539 2029 3600 2073 ut
3629 2047 3647 2064 ι

2029 2128 2127 2182 ρει·
2171 2114 2351 2169 cordis
2380 2116 2696 2183 puritatem,
2735 2122 2790 2168 et
2833 2127 3057 2181 operum
3097 2111 3423 2181 probitatem
3460 2108 3611 2182 (64)..

2028 2203 2083 2259 in
2107 2205 2289 2259 divino
2340 2205 2609 2260 sacrificio
2639 2205 2838 2260 trahere
2868 2203 3211 2272 participium
3263 2218 3594 2270 mereamur,

2028 2309 2126 2365 per
2163 2305 2425 2350 arternum
2479 2296 2788 2363 pontificem
2832 2295 3116 2348 Dominum
3163 2305 3219 2350 et
3258 2293 3595 2348 Salvatorcm

2029 2398 2272 2442 nostrum
2294 2387 2475 2442 desum
2506 2387 2802 2451 Christum,
2850 2402 2946 2455 per
2979 2402 3139 2456 quem
3190 2396 3275 2440 est
3306 2387 3415 2440 Deo
3445 2384 3608 2439 Patri.

2027 2492 2148 2531 cum
2181 2479 2390 2549 Spiritu
2424 2489 2614 2533 sancto
2645 2478 2814 2549 gloria
2871 2488 2929 2533 et
2980 2478 3267 2548 imperium
3297 2481 3350 2533 in
3393 2475 3592 2532 saecula

2027 2570 2372 2626 smculorum.
2394 2572 2588 2626 Amen.

2498 2690 2501 2691 ν
2540 2661 2818 2719 HOMlLlA
2866 2662 2925 2716 VI
2957 2661 3090 2734 (65).

2169 2754 2249 2810 De
2278 2755 2597 2810 indumentis
2627 2752 2894 2821 pontiﬁcis
2926 2762 2975 2808 et
3008 2756 3340 2810 sacerdotum
3373 2756 3441 2809 ⁷⁸.

2096 2847 2148 2902 l.
2182 2847 2442 2911 Causam,
2476 2860 2579 2913 qua
2608 2843 2824 2913 quidem
2861 2844 2979 2900 hree
3005 2859 3129 2915 quae
3163 2845 3321 2901 nobis
3361 2844 3595 2900 recitan-

2029 2945 2134 3004 tur,
2185 2949 2281 2992 aut
2327 2937 2555 3006 intelligi
2605 2936 2816 3005 possint
2848 2934 2984 3007 (66),
3034 2947 3129 2991 aut
3160 2950 3271 2991 non
3322 2935 3534 3007 intelligi
3575 2976 3593 2999 ,

2026 3028 2264 3085 breviter
2293 3029 2529 3084 ostendit
2561 3026 2850 3096 Apostolus
2876 3029 2921 3063 τί
2943 3069 2960 3095 ,
2990 3028 3174 3083 dicens
3204 3028 3273 3083 ab
3304 3026 3423 3094 ejus
3459 3042 3592 3083 ocu-

348 3134 520 3176 omne
543 3121 687 3192 quod
717 3140 963 3180 crassum
1012 3135 1118 3193 est,
1147 3138 1201 3182 et
1241 3130 1593 3185 emundatum
1637 3133 1805 3188 fuerit
1857 3136 1921 3191 ab

2028 3118 2095 3175 lis
2138 3135 2298 3190 posse
2334 3121 2546 3176 Veteris
2591 3121 2923 3176 Testamenti
2961 3119 3207 3174 velamen
3241 3117 3468 3182 auferri,
3496 3117 3591 3189 qui

348 3212 500 3266 omni
531 3214 895 3281 operimento,
924 3216 1006 3272 vel
1033 3218 1445 3289 inquinamento
1470 3223 1608 3291 (6'5),
1644 3228 1788 3294 quod
1814 3227 1923 3298 igni

351 3302 680 3358 tradendum
705 3314 808 3369 est,
845 3317 1013 3362 restat
1055 3319 1112 3362 ut
1138 3321 1443 3379 apponatur
1475 3314 1524 3367 ei
1553 3315 1723 3384 gratia
1752 3317 1927 3386 Spiri-

351 3402 442 3450 tus
492 3396 696 3466 sancti,
742 3405 799 3452 et
841 3408 969 3454 tunc
999 3400 1093 3455 fiet
1135 3403 1506 3471 pectusculum
1547 3393 1922 3478 appositionis,

350 3487 447 3540 sed
487 3496 545 3542 et
590 3487 875 3543 brachium
922 3493 1324 3560 separationis,
1391 3497 1505 3552 sive
1558 3498 1915 3569 deruptionis.

351 3578 634 3648 Quomodo
664 3582 771 3636 erit
813 3593 868 3635 et
912 3584 1194 3640 brachium
1220 3590 1617 3657 separationis?
1665 3590 1721 3646 Si
1752 3595 1919 3662 scias,

351 3685 406 3726 et
432 3671 703 3744 intelligas
726 3673 1036 3731 discernere
1063 3692 1183 3746 qua:
1204 3679 1316 3733 sint
1342 3672 1507 3747 opera
1533 3682 1690 3747 lucis,
1721 3692 1771 3738 et
1802 3700 1923 3754 quae

353 3765 467 3818 sint
503 3780 667 3833 opera
713 3770 1084 3833 tenebrarum,
1134 3779 1189 3823 et
1228 3785 1452 3842 separes
1506 3783 1661 3828 actus
1704 3785 1825 3830 tuos
1855 3779 1923 3833 de

355 3853 609 3916 tenebris,
658 3865 716 3908 ut
759 3856 869 3909 sint
908 3872 1072 3925 opera
1124 3868 1213 3913 tua
1260 3860 1314 3914 in
1358 3861 1583 3927 lumine,
1635 3864 1916 3922 brachium

354 3951 505 3996 tuum
536 3943 770 4001 efﬁcitur
805 3948 1086 4002 brachium
1116 3951 1508 4020 separationis;
1547 3956 1627 4009 vel
1680 3972 1804 4010 cum
1833 3972 1921 4013 se-

351 4037 633 4102 paraveris
676 4047 726 4091 te
756 4039 823 4093 ab
865 4041 1010 4094 omni
1061 4040 1228 4096 fratre
1268 4044 1507 4112 inquiete
1565 4049 1915 4118 ambulante;

347 4125 430 4181 vel
468 4138 618 4183 certe
641 4146 761 4183 cum
791 4131 1091 4186 secundum
1121 4136 1441 4205 prophetam
1486 4138 1529 4169 ‘7
1561 4151 1815 4207 separant
1838 4158 1915 4209 se,

350 4226 403 4268 et
424 4230 628 4274 exeunt
657 4221 722 4275 de
757 4223 938 4277 medio
986 4236 1359 4293 peccatorum,
1409 4228 1500 4296 qui
1540 4240 1758 4298 portant
1792 4248 1914 4287 vasa

349 4309 585 4366 Domini.
624 4312 868 4383 Denique
910 4318 1201 4371 vernacula
1243 4320 1473 4386 quadam
1527 4327 1915 4381 censuetndine

352 4403 664 4473 Scripturae,
692 4421 978 4462 commune
1006 4422 1127 4464 esse
1155 4410 1355 4465 dicitur
1389 4413 1529 4479 quod
1572 4414 1911 4471 innnundum

2027 3225 2323 3266 conversus
2370 3213 2438 3266 ad
2495 3212 2662 3267 Deum
2700 3213 2897 3279 fuerit;
2959 3226 3027 3266 ex
3077 3225 3185 3280 quo
3216 3210 3344 3265 sciri
3377 3211 3588 3276 voluit,

2025 3304 2168 3372 quod
2201 3312 2401 3371 quanto
2464 3303 2642 3359 minus
2704 3305 2817 3360 bzec
2857 3303 3011 3359 nobis
3062 3302 3220 3372 plana
3254 3309 3408 3366 sunt,
3439 3310 3589 3356 tanto

2025 3395 2205 3448 minor
2231 3406 2316 3449 est
2350 3395 2417 3449 ad
2449 3394 2618 3450 Deum
2646 3405 2828 3450 nostra
2861 3395 3166 3450 conversio.
3197 3393 3262 3447 Et
3290 3393 3411 3448 ideo
3439 3393 3587 3447 omni

2024 3484 2224 3538 virtute
2257 3485 2539 3539 nitendum
2577 3496 2679 3549 cst,
2714 3495 2769 3539 ut
2812 3489 2880 3541 ab
2904 3488 3352 3556 occupationibus
3381 3486 3586 3551 saeculi,

2022 3585 2077 3628 et
2099 3590 2128 3628 a
2162 3577 2450 3631 mundanis
2482 3578 2693 3633 actibus
2722 3577 2900 3644 liberi,
2922 3588 2977 3633 et
3007 3579 3150 3646 ipsas
3174 3580 3364 3644 etiam,
3390 3578 3435 3634 si
3464 3578 3585 3634 ﬁeri

2020 3675 2242 3736 potest,
2278 3667 2583 3738 superfluas
2617 3670 2881 3724 sodalium
2913 3670 3124 3725 fabulas
3177 3670 3542 3740 relinquentes
3566 3712 3584 3739 ,

2021 3759 2188 3813 verbo
2219 3760 2308 3813 Dei
2344 3774 2568 3829 operam
2599 3760 2819 3824 demus,
2853 3773 2909 3816 et
2950 3761 3004 3815 in
3043 3762 3160 3832 lege
3199 3762 3314 3829 ejus
3357 3762 3586 3818 medite-

2022 3866 2144 3904 mur
2165 3852 2251 3906 die
2273 3866 2338 3906 ac
2367 3861 2548 3916 nocte,
2578 3863 2637 3906 ut
2661 3863 2775 3907 toto
2794 3855 2955 3909 corde
2980 3854 3248 3918 conversi,
3290 3855 3582 3912 revelatam

2018 3954 2076 3997 et
2109 3954 2350 4011 apertam
2407 3943 2577 4015 Moysi
2636 3945 2828 4000 faciem
2881 3948 3151 4015 possimus
3209 3948 3468 4017 aspicere,
3528 3957 3586 4003 et

2020 4037 2253 4090 maxime
2289 4036 2343 4088 in
2374 4035 2493 4102 his,
2524 4052 2646 4105 quae
2672 4052 2816 4093 nunc
2848 4039 3073 4093 recitata
3103 4051 3251 4101 sunt.
3285 4038 3369 4093 vel
3399 4040 3466 4094 de
3492 4054 3584 4094 sa-

2021 4127 2384 4183 cerdotalibus
2421 4129 2772 4196 indumentis,
2801 4131 2886 4184 vel
2909 4131 2975 4186 de
3006 4131 3414 4187 consecratione
3442 4146 3584 4196 pono

2021 4220 2201 4286 tificis,
2239 4220 2291 4273 in
2329 4221 2529 4289 quibus
2554 4221 2683 4277 talia
2717 4223 2964 4294 quaedam
3012 4224 3286 4289 dicuntur,
3322 4234 3380 4277 ut
3415 4226 3581 4279 etiam

2020 4308 2171 4361 illum
2223 4311 2399 4378 ipsum
2446 4312 2723 4369 carnalem
2757 4312 2925 4369 Israel
2978 4315 3045 4370 ab
3086 4316 3343 4371 historica
3379 4315 3581 4370 intelli-

2018 4404 2195 4470 gentia
2238 4405 2456 4473 penitus
2481 4407 2803 4475 excludant;
2832 4417 2888 4462 et
2908 4407 3028 4461 ideo
3051 4410 3117 4464 ad
3140 4408 3253 4463 haec
3287 4407 3582 4479 explanan-

349 4504 450 4550 εει,
479 4496 630 4551 Sicut
657 4511 712 4552 er
742 4499 808 4552 ad
836 4498 1053 4554 Petrum
1079 4516 1182 4556 vox
1212 4503 1280 4559 de
1308 4504 1445 4558 ριειο
1461 4506 1684 4559 dicit“;
1714 4526 1731 4558 ς
1760 4506 1914 4575 Quod
1945 4495 1988 4551 D
2018 4496 2082 4547 da
2110 4495 2242 4566 (67),
2276 4512 2381 4552 non
2421 4499 2640 4554 humani
2676 4500 2876 4568 ingenii
2913 4503 3121 4557 viribus
3163 4502 3444 4557 nitendum
3469 4513 3579 4567 est,

352 4586 489 4643 Deus
514 4590 814 4656 mundavit,
841 4600 892 4645 tu
924 4608 1212 4648 commune
1268 4610 1335 4648 ne
1383 4598 1608 4651 dixeris.
1654 4617 1672 4650 ι
1706 4598 1915 4654 Conse-

348 4690 576 4747 quenter
599 4697 729 4751 ergo
753 4683 796 4736 si
832 4683 882 4737 id
910 4684 1051 4752 quod
1088 4685 1424 4740 immundum
1472 4699 1588 4751 est,
1621 4704 1910 4745 commune

348 4771 664 4842 appellatur,
698 4773 838 4841 quod
895 4786 1141 4829 sanctum
1176 4787 1281 4844 est,
1333 4780 1701 4834 nominabitur
1753 4796 1911 4848 sepa-

349 4872 541 4918 ratum.
592 4864 697 4919 Sed
728 4877 782 4920 et
816 4866 949 4920 illud
1004 4869 1275 4924 addimus.
1329 4870 1386 4925 Si
1417 4874 1542 4942 quis
1590 4873 1683 4926 Dei
1738 4875 1911 4930 solius

346 4967 534 5010 servus
560 4967 662 5021 est,
694 4958 996 5015 communis
1035 4975 1171 5056 nor‘rp
1188 4971 1365 5030 potest
1396 4964 1525 5018 dici.
1573 4963 1629 5018 Si
1655 4964 1774 5034 quis
1812 4979 1910 5017 au-

1006 5097 1052 5131 “
1076 5099 1199 5157 Act.
1232 5117 1285 5163 ι,
1316 5102 1405 5159 15.
1481 5103 1524 5136 ⁶⁹
1553 5101 1720 5158 Marc.
1749 5115 1805 5162 ν,
1830 5099 1886 5155 9.

560 5207 713 5284 Libb.
740 5211 897 5284 editi,
934 5232 954 5264 ι
991 5216 1080 5282 qui
1116 5215 1168 5269 in
1201 5216 1367 5284 ipsius
1393 5215 1599 5272 labore.
1638 5236 1657 5269 ι

415 5278 527 5346 461)
556 5279 679 5343 Ms.,
725 5299 744 5332 ι
785 5283 895 5337 illo.
929 5303 949 5335 s
985 5278 1147 5340 Libb.
1172 5278 1304 5341 editi
1360 5305 1379 5339 ι
1412 5288 1562 5345 illud.
1600 5307 1620 5341 ι

416 5348 529 5418 (62)
557 5350 677 5412 Ms.,
708 5370 728 5403 ι
760 5356 1089 5418 pectusculo.
1129 5376 1146 5408 ι

415 5418 528 5492 (fili)
554 5418 644 5492 [εἰ
673 5421 1080 5492 inquinamento.
1113 5423 1267 5481 Deest
1294 5424 1347 5479 in
1381 5440 1483 5479 ms.

349 5487 527 5613 Μὲθίι)
552 5488 677 5556 Ms.,
711 5487 824 5546 (ιιι
850 5507 946 5561 pro
973 5493 1153 5548 cordis
1181 5497 1439 5565 puritate,
1464 5505 1517 5550 et
1538 5511 1759 5567 operum
1782 5515 1906 5572 pro-

429 5578 455 5611 ιι
483 5574 535 5613 e.
560 5578 578 5610 ›

429 5574 535 5614 ate.
560 5578 578 5610 ι

418 5627 623 5711 (65)“ln
657 5629 1032 5711 vetustissimo
1085 5633 1274 5711 codice
1308 5634 1786 5711 Sangermanensi,
1814 5642 1906 5711 qui

352 5699 721 5773 totnslitleris
749 5700 1053 5756 unciaiibus
1094 5703 1331 5771 scriptus
1380 5699 1505 5773 est,
1562 5699 1907 5768 desiderat-ur

352 5767 467 5823 haec
510 5769 734 5824 homilia
767 5782 944 5836 sexta,
982 5786 1082 5828 nec
1114 5767 1222 5827 non
1254 5767 1500 5842 septima.
1528 5778 1633 5836 Sed
1676 5767 1906 5845 utraque

416 5094 460 5126 ⁸⁷
483 5093 588 5149 lsa.
621 5109 732 5151 xw
754 5107 808 5151 et
834 5112 929 5152 ιιι.

1994 5098 2040 5131 ’⁷ο
2070 5096 2244 5153 Levit.
2267 5114 2339 5152 vn
2363 5107 2418 5154 et
2438 5114 2553 5153 vm.

2018 4587 2112 4641 sed
2160 4589 2498 4645 orationibus
2527 4602 2577 4646 et
2609 4593 2858 4661 precibus
2886 4596 2953 4649 ad
2993 4599 3160 4649 Deum
3189 4593 3345 4650 fusis.
3382 4592 3440 4648 In
3473 4610 3580 4663 quo

2015 4678 2180 4731 etiam
2234 4681 2398 4734 vestri
2441 4680 2706 4751 adjutorio
2756 4683 3082 4755 indigemus,
3134 4693 3193 4739 ut
3237 4685 3378 4741 Deus
3414 4683 3581 4740 Pater

2017 4768 2181 4826 Verbi
2221 4771 2316 4826 det
2350 4774 2504 4829 nobis
2537 4776 2763 4830 verbum
2807 4775 2859 4829 in
2890 4777 3222 4845 apertionem
3244 4778 3358 4833 oris
3383 4777 3577 4846 nostri,

2017 4876 2070 4920 ut
2099 4868 2370 4936 possimus
2400 4868 2750 4923 considerare
2790 4869 3060 4924 mirabilia
3094 4870 3160 4925 de
3193 4868 3312 4941 lege
3342 4868 3477 4940 ejus.

2085 4961 2140 5018 2.
2170 4961 2266 5016 Est
2300 4975 2428 5030 ergo
2474 4962 2690 5016 initium
2740 4977 2925 5017 eorum
2966 4978 3085 5033 quae
3140 4964 3302 5020 hodie
3343 4966 3577 5021 recitata

2627 5099 2670 5129 "
2702 5099 2743 5153 ll
2770 5099 2895 5154 Cor.
2931 5116 3018 5155 ιιι.

2013 5212 2205 5267 collata
2245 5223 2322 5266 est
2355 5229 2477 5266 cum
2509 5214 2683 5268 tribus
2708 5213 2829 5269 aliis
2862 5229 2996 5270 mss.
3030 5215 3308 5281 Beccensi,
3336 5217 3579 5275 Gemeti-

2011 5283 2184 5342 censi,
2209 5292 2264 5338 et
2292 5284 2631 5338 Cadomensi.

2085 5352 2197 5425 (66)
2224 5351 2381 5425 Mss.,
2430 5356 2741 5420 «possint.»
2795 5353 2953 5411 Libb.
3009 5355 3178 5422 editi,
3224 5370 3512 5424 «possunt.
3546 5375 3569 5413 ι

2013 5420 2155 5476 Int’ra
2178 5420 2347 5500 iidem
2402 5438 2552 5486 mss.,
2595 5442 2614 5476 ι
2641 5434 2787 5479 tanto
2816 5427 2995 5483 minor
3023 5435 3126 5482 est.
3158 5420 3178 5480 ὁ
3214 5420 3369 5482 Libb.
3416 5429 3575 5500 editi,

2013 5511 2032 5545 ι
2060 5502 2209 5546 tanto
2242 5495 2420 5548 minus
2445 5503 2549 5549 est.
2575 5511 2596 5545 ι

2078 5561 2189 5633 (67)
2219 5559 2376 5636 Libb.
2404 5563 2555 5625 editi,
2595 5580 2615 5614 ι
2635 5562 2790 5618 nobis
2821 5564 2886 5636 ad
2918 5565 3033 5636 haec
3062 5566 3402 5636 exponenda,
3428 5585 3447 5619 ι
3478 5569 3574 5623 sed

2004 5646 2137 5690 mss.
2169 5642 2252 5702 rut
2303 5633 2355 5684 in
2405 5643 2592 5702 nostro
2633 5641 2807 5687 textu.
2852 5634 2994 5690 Infra
3039 5633 3199 5691 iidem
3239 5650 3367 5689 mss.
3395 5678 3410 5702 ,
3464 5656 3483 5688 ι
3517 5638 3573 5692 in

1984 5701 2367 5791 apertionem.
2397 5721 2416 5754 ι
2451 5701 2610 5758 Libb.
2642 5702 2798 5770 editi,
2838 5721 2858 5756 ι
2880 5706 2934 5761 iu
2960 5707 3386 5776 adapertionem.
3420 5723 3438 5755 ο
