4024 6146
436 287 545 349 467
632 352 637 358 ,

1883 278 2205 337 ORIGENIS

3587 281 3700 332 ιω

439 415 591 472 sunt,
619 407 671 460 in
705 406 789 461 his
817 405 998 460 verbis
1024 405 1068 437 τ’
1105 422 1117 463 :
1163 422 1182 455 ι
1222 403 1348 458 llmc
1379 404 1564 459 unctio
1604 405 1805 471 Aaron,
1833 417 1886 461 et
1909 422 2012 459 un-
2043 408 2089 466 Α
2119 404 2222 460 nisi
2261 414 2387 460 ante
2416 402 2559 459 lotus
2592 400 2779 457 fueris.
2808 418 2828 452 ι
2861 397 3144 455 Lavamini
3174 410 3307 468 ergo
3330 437 3346 463 ,
3396 402 3451 451 et
3494 395 3696 450 mundi

445 500 552 554 ctio
585 501 812 553 ﬁliorum
837 496 953 566 ejus
980 501 1048 551 ab
1072 497 1271 551 hostiis
1299 497 1530 558 Domini.
1573 512 1676 566 qua
1715 498 1803 551 die
1835 498 2008 567 appli-

444 591 554 645 cuit
573 604 666 653 eos
690 587 1004 643 sacriﬁcare
1028 586 1273 649 Domino,
1298 587 1438 641 sicut
1463 588 1717 656 praecepit
1746 587 2010 643 Dominus

442 678 575 737 dare
606 679 733 746 illis,
764 693 871 750 qua
912 680 1002 735 die
1036 678 1196 733 unxit
1231 678 1351 733 illos
1382 694 1411 732 a
1444 679 1569 735 ﬁliis
1601 678 1785 743 Israel,
1838 680 2010 752 legiti-

442 787 586 825 mmn
637 784 897 827 aeternum
933 773 986 828 in
1036 772 1319 841 progenies
1370 787 1579 830 eorum.
1626 773 1750 830 Hzec
1787 773 1871 829 lex
1927 782 2011 829 est

440 863 911 929 ltolocaustorum,
954 878 1010 920 et
1040 880 1139 934 pro
1171 873 1416 934 peccato,
1462 874 1520 921 et
1574 882 1670 936 pro
1707 866 1924 931 delicto,
1956 876 2011 922 et

436 957 954 1021 consummationis,
982 966 1036 1013 et
1065 956 1322 1012 sacriﬁcii
1375 957 1652 1021 salutaris,
1692 959 1829 1013 sicut
1861 974 2011 1012 man-

437 1045 589 1103 davit
622 1048 880 1104 Dominus
915 1050 1085 1121 Moysi
1130 1051 1183 1106 in
1224 1060 1403 1106 monte
1434 1051 1590 1119 Sina,
1618 1067 1726 1122 qua
1758 1052 1846 1106 die
1872 1067 2012 1121 prae-

438 1139 581 1210 cepit
611 1140 740 1197 ﬁliis
770 1141 937 1199 Israel
965 1142 1165 1200 oﬂ‘erre
1194 1159 1418 1199 nmnera
1447 1160 1543 1199 sua
1575 1160 1756 1200 coram
1780 1144 2010 1200 Domino

438 1229 492 1287 in
523 1231 741 1289 deserto
776 1233 929 1295 Sina.
960 1253 980 1288 ι
1016 1233 1149 1289 Cum
1182 1235 1525 1303 proposuerit
1567 1234 1750 1289 dicere
1796 1234 2010 1306 legisla-

437 1329 546 1387 tor,
583 1324 697 1379 hare
732 1326 919 1381 unctio
953 1325 1187 1383 ﬁliorum
1224 1324 1363 1394 eius,
1397 1342 1503 1382 non
1559 1325 1840 1396 subiunxit
1889 1345 2010 1399 qum

434 1425 583 1472 esset
613 1418 816 1484 unctio,
858 1433 960 1475 nec
994 1418 1228 1489 qualiter
1285 1420 1532 1475 tinxisset
1572 1421 1859 1489 exposuit,
1912 1422 2007 1475 sed

437 1510 541 1568 hoc
576 1512 792 1582 quidem
824 1512 877 1567 in
909 1512 1265 1583 sequentibus
1312 1510 1467 1577 facit,
1517 1526 1661 1566 nunc
1701 1526 1831 1568 vero
1860 1522 2008 1582 post-

434 1618 664 1674 eaquam
706 1604 848 1659 dixit
879 1624 895 1663 :
928 1605 1046 1661 haec
1078 1604 1264 1661 unctio
1295 1607 1476 1660 Aaron
1505 1613 1561 1658 et
1600 1604 1832 1659 ﬁliorum
1866 1606 2004 1677 ejus.

433 1695 571 1753 nihil
603 1696 671 1752 de
701 1697 958 1754 unctione
1006 1696 1308 1767 subiunxit.
1364 1698 1620 1755 Profecto
1656 1707 1715 1753 ut
1748 1699 2005 1754 ostende-

2116 506 2323 563 estote,
2360 505 2413 551 et
2464 494 2675 550 auferte
2708 493 2980 563 nequitias
3010 493 3078 546 ab
3104 491 3301 545 animis
3330 490 3526 544 vestris
3553 486 3626 544 ⁷⁸.
3668 506 3692 540 ι

2115 588 2229 643 Nisi
2265 590 2409 644 enim
2444 588 2549 643 hoc
2581 590 2741 642 modo
2769 587 2913 642 lotus
2957 585 3153 650 fueris,
3194 599 3300 639 non
3344 584 3553 653 poteris
3603 583 3696 637 in-

2114 686 2280 742 duere
2305 686 2597 741 Dominum
2628 683 2810 739 Jesum
2850 683 3149 747 Christum,
3202 680 3494 736 secundum
3538 677 3696 747 quod

2112 777 2247 832 dicit
2276 776 2571 847 Apostolus
2598 777 2646 808 ⁷⁶
2676 794 2690 830 :
2723 793 2741 827 ι
2776 773 2988 828 luduite
3022 771 3306 827 Dominum
3327 770 3508 825 Iesum
3537 769 3700 823 Chri-

2112 876 2278 934 stum,
2309 877 2363 922 et
2391 868 2574 923 carnis
2605 881 2790 922 curam
2827 881 2893 918 ne
2922 863 3163 919 feceritis
3207 864 3258 917 in
3296 861 3696 930 concupiscen-

2112 959 2223 1015 tiis.
2258 979 2277 1012 ι
2310 959 2474 1014 Lavet
2509 969 2565 1015 te
2592 959 2758 1024 igitur
2783 959 3023 1029 Moyses,
3052 957 3167 1025 ipse
3202 966 3256 1010 te
3291 954 3540 1022 lavet,,et
3569 956 3697 1022 ipse

2114 1059 2169 1104 te
2201 1049 2414 1104 induat.
2446 1048 2729 1116 Quomodo
2765 1060 2816 1104 te
2861 1048 3044 1102 lavare
3072 1054 3253 1117 potest
3296 1044 3532 1115 Moyses,
3581 1043 3698 1098 fre-

2111 1153 2347 1212 quenter
2377 1142 2600 1196 audisti.
2638 1141 2793 1211 Sa‘pe
2823 1141 2965 1195 enim
3019 1139 3251 1195 diximus
3291 1138 3432 1207 quod
3467 1135 3699 1207 Moyses

2110 1233 2166 1289 in
2200 1234 2501 1303 Scripturis
2532 1235 2646 1289 suis
2678 1250 2775 1305 pro
2822 1234 2942 1305 lege
2972 1240 3227 1303 ponatur,
3252 1233 3392 1288 sicut
3424 1231 3476 1285 in
3505 1231 3699 1285 Evan-

2109 1326 2254 1399 gelio
2282 1327 2485 1382 dictum
2510 1328 2652 1382 est"
2689 1345 2704 1383 :
2739 1347 2758 1380 ι
2795 1327 3008 1382 Habent
3036 1326 3256 1398 Moysen
3284 1332 3339 1380 et
3366 1325 3692 1395 prophetas,

2110 1420 2331 1475 audiant
2363 1420 2503 1475 illos.
2539 1439 2558 1473 ι
2591 1419 2702 1475 Lex
2733 1435 2863 1491 ergo
2894 1419 2987 1474 Dei
3017 1428 3101 1474 est
3127 1433 3248 1489 quae
3276 1428 3329 1472 te
3360 1417 3534 1481 lavat,
3571 1418 3693 1486 ipsa

2109 1513 2297 1568 sordes
2331 1522 2452 1570 tuas
2486 1514 2650 1585 216
2679 1513 2875 1579 diluit,
2918 1512 3056 1580 ipsa,
3088 1512 3134 1567 si
3167 1511 3357 1566 audias
3379 1523 3525 1577 eam,
3558 1523 3694 1577 pec-

2110 1615 2361 1661 catorum
2395 1617 2606 1661 tuorum
2640 1604 2883 1660 maculas
2913 1605 3180 1675 abstergit
3219 1622 3234 1659 :
3266 1603 3385 1671 ipse
3412 1611 3497 1658 est
3535 1601 3697 1664 Moy-

2110 1711 2237 1762 ses,
2290 1697 2394 1754 hoc
2439 1708 2523 1755 est
2566 1699 2653 1755 lex
2698 1716 2816 1769 quae
2868 1700 3176 1756 sacerdotes
3208 1705 3519 1763 consecrat,
3586 1710 3694 1752 nec

433 1798 554 1855 ret,
597 1789 724 1861 quia
775 1790 892 1845 haec
922 1805 1044 1860 quae
1071 1804 1234 1862 supra
1265 1791 1496 1857 dixerat,
1531 1792 1584 1847 id
1608 1802 1690 1848 est
1721 1802 2008 1865 pectuscu-
2039 1765 2081 1822 Β
2113 1796 2291 1860 potest
2319 1791 2574 1847 sacerdos
2604 1765 2745 1859 esse,
2777 1808 2936 1863 quem
2968 1808 3072 1847 non
3098 1792 3180 1846 lex
3209 1790 3564 1847 constituerit
3593 1803 3692 1844 sa-

433 1881 548 1942 lum
606 1883 1011 1953 impositionis,
1056 1893 1112 1939 et
1138 1883 1422 1940 brachium
1476 1886 1858 1956 separationis,
1891 1886 2007 1955 ipsa

430 1985 621 2032 essent
651 1973 764 2048 (68)
796 1974 980 2031 unctio
1009 1973 1191 2030 Aaron
1226 1983 1280 2030 et
1317 1975 1550 2030 ﬁliorum
1581 1976 1720 2047 ejus,
1753 1991 1820 2032 ne
1850 1988 2007 2046 puta-

433 2082 619 2127 remus
655 2068 746 2125 illa
771 2084 872 2139 pro
901 2069 1164 2124 carnibus
1186 2067 1351 2135 dicta,
1385 2070 1480 2124 sed
1512 2079 1569 2123 ut
1600 2070 1820 2125 doceret
1842 2070 2003 2124 etiam

433 2159 548 2229 ipsa
581 2159 684 2216 sub
712 2171 1056 2217 sacramento
1103 2159 1377 2216 unctionis
1407 2164 1640 2218 inserta.
1678 2162 1920 2235 Denique
1949 2163 2004 2219 in

429 2252 895 2321 consequentibus
929 2253 1130 2321 repetit
1156 2267 1246 2317 ea,
1289 2267 1411 2321 quae
1454 2253 1705 2322 superius
1735 2269 2005 2322 exposue-

429 2353 540 2408 rat,
566 2355 624 2398 et
655 2343 787 2400 dicit
823 2361 838 2398 :
872 2344 1001 2400 Haec
1037 2344 1122 2400 lex
1149 2345 1616 2412 holocaustornm,
1643 2354 1696 2399 et
1718 2346 2003 2410 sacriﬁcii,

427 2445 486 2491 et
517 2452 615 2506 pro
666 2446 920 2508 peccato.
954 2436 1081 2494 Haec
1104 2479 1120 2507 ,
1163 2441 1216 2495 id
1267 2448 1352 2495 est
1409 2454 1530 2508 qua:
1563 2454 1727 2509 supra
1762 2443 2003 2509 exposita

425 2541 530 2596 est,
560 2538 615 2586 et
639 2530 854 2586 videtur
883 2545 1005 2587 esse
1032 2531 1508 2604 ἀνακεφαλαίωσις
1529 2573 1545 2599 ,
1578 2532 1629 2587 id
1664 2541 1747 2588 est
1797 2535 2005 2603 recapi-

424 2621 623 2682 mlatio
670 2634 1166 2692 sacramentorum,
1193 2640 1314 2694 qua:
1355 2625 1406 2678 in
1437 2625 1810 2694 superioribus
1843 2624 2005 2680 latius

422 2713 643 2771 fuerant
671 2726 950 2772 enarrata.
993 2717 1125 2773 Post
1176 2717 1295 2772 haec
1340 2731 1471 2773 vero
1517 2717 1799 2788 subiungit
1834 2740 1847 2774 ;
1881 2736 1901 2769 ι
1938 2718 2004 2773 Et

424 2804 640 2865 locutus
668 2817 752 2864 est
783 2809 1064 2874 Dominus,
1098 2810 1273 2879 inquit
1298 2808 1363 2873 ⁷³,
1385 2809 1453 2863 ad
1480 2808 1732 2881 Moysen,
1769 2810 2001 2866 dicens:

425 2895 598 2953 Sume
628 2898 812 2953 Aaron
839 2936 855 2966 ,
902 2908 957 2955 et
1004 2898 1146 2955 ﬁlios
1175 2898 1314 2968 eius,
1345 2909 1402 2954 et
1420 2901 1591 2957 stolas
1621 2908 1675 2957 et
1701 2901 1878 2957 oleum
1906 2918 2006 2956 un-

424 2992 647 3055 ctionis,
686 3001 743 3047 et
781 2993 1009 3048 vitulum
1048 2994 1143 3065 qui
1192 3002 1276 3047 est
1318 3007 1417 3063 pro
1468 3003 1717 3064 peccato,
1770 3004 1827 3049 et
1866 2996 2004 3050 duos

425 3084 648 3149 arietes,
681 3093 738 3139 et
760 3085 1066 3141 canistrum
1114 3093 1430 3156 azymorum
1454 3126 1470 3151 ,
1501 3093 1557 3139 et
1593 3099 1810 3141 omnem
1840 3101 2004 3156 syna-

425 3190 621 3245 gogam
658 3190 899 3231 convoca
937 3179 1002 3231 ad
1023 3177 1250 3245 ianuam
1295 3176 1628 3231 tabernaculi
1683 3176 2002 3233 testimonii.

425 3266 497 3320 Et
533 3265 668 3321 fecit
698 3266 911 3340 Moyses
942 3268 1084 3324 sicut
1114 3268 1373 3337 prtecepit
1399 3267 1449 3322 ei
1487 3267 1771 3332 Dominus,
1796 3277 1851 3322 et
1874 3284 2006 3324 con-

426 3361 644 3414 vocavit
673 3374 1004 3430 synagogam
1034 3361 1102 3415 ad
1129 3359 1353 3429 ianuam
1388 3359 1722 3414 tabernaculi
1761 3361 2006 3417 testimo-

423 3452 524 3508 nii.
561 3452 625 3508 Et
650 3452 788 3507 dixit
816 3452 1026 3524 Moyses
1048 3455 1114 3507 ad
1137 3465 1470 3524 synagogam
1495 3468 1510 3506 :
1536 3450 1649 3506 lloc
1670 3462 1755 3506 est
1780 3454 2001 3508 verbum

422 3545 569 3615 quod
606 3544 882 3598 mandavit
916 3543 1180 3600 Dominus
1221 3542 1425 3599 facere.
1460 3542 1529 3598 Et
1553 3542 1812 3613 applicuit
1861 3544 2005 3616 Moy—

423 3652 513 3692 ses
543 3637 724 3691 Aaron
758 3635 985 3691 fratrem
1020 3651 1199 3703 suum,
1229 3644 1286 3691 et
1316 3634 1459 3691 ﬁlios
1493 3632 1631 3704 eius,
1668 3644 1723 3689 et
1748 3634 1882 3691 lavit
1909 3652 2004 3694 eos

422 3745 564 3800 aqua
603 3748 616 3783 :
648 3739 704 3784 et
736 3730 954 3785 vestivit
983 3744 1109 3786 eum
1152 3729 1332 3785 tunica
1364 3767 1385 3795 ,
1440 3736 1496 3784 et
1543 3729 1828 3798 praecinxit
1877 3744 2001 3784 eum

422 3837 584 3888 zona,
615 3833 670 3877 et
693 3824 914 3878 vestivit
939 3838 1063 3879 eum
1109 3822 1291 3878 tunica
1332 3820 1634 3884 interiore,
1664 3830 1718 3875 et
1751 3822 2005 3890 imposuit

421 3916 473 3972 ei
502 3914 782 3970 humerale
813 3914 929 3988 (69)
962 3925 1018 3971 et
1048 3914 1223 3971 cinxit
1252 3929 1375 3969 eum
1400 3913 1702 3969 secundum
1733 3912 2000 3968 facturam

421 4007 748 4071 humeralis,
787 4016 841 4062 et
889 4007 1218 4063 constrinxit
1246 4020 1371 4061 eum
1406 4007 1461 4060 in
1487 4005 1625 4075 ipso,
1659 4015 1717 4061 et
1746 4006 2005 4077 imposuit

423 4113 588 4168 super
618 4115 741 4155 eum
773 4099 975 4171 logium
1006 4107 1061 4154 et
1107 4097 1364 4169 imposuit
1408 4112 1572 4167 super
1600 4096 1798 4166 logium
1827 4097 2003 4151 mani-

422 4191 773 4247 festationem
801 4200 856 4246 et
876 4191 1187 4256 veritatem,
1213 4199 1268 4245 et
1300 4190 1560 4260 imposuit
1589 4190 1808 4245 mitram
1838 4205 2002 4259 super

422 4281 753 4352 caputeius,
782 4288 838 4336 et
857 4281 1044 4351 posuit
1072 4295 1237 4350 super
1268 4280 1483 4334 mitram
1515 4288 1641 4334 ante
1664 4278 1858 4334 faciem
1887 4277 2002 4346 eius

422 4373 684 4428 laminam
713 4387 935 4427 auream
967 4371 1367 4428 sanctiﬁcatam
1400 4381 1670 4435 sanctam,
1700 4371 1840 4425 sicut
1867 4385 2002 4441 prte-

423 4478 648 4536 ceperat
682 4466 942 4522 Dominus
996 4465 1190 4536 Moysi.
1222 4484 1243 4518 l
1290 4464 1518 4519 lntentis
1554 4464 1782 4519 auribus
1829 4475 1884 4519 et
1920 4464 2001 4518 vi-

423 4557 616 4625 gilanti
667 4557 831 4612 corde
877 4556 1344 4612 consecrationem
1380 4554 1654 4626 pontiﬁcis
1688 4553 1773 4608 vel
1810 4568 1997 4608 sacer-

426 4649 570 4705 d0tis
619 4649 824 4713 audite,
857 4649 982 4719 quia
1017 4657 1073 4703 et
1104 4662 1204 4704 vos
1229 4646 1522 4702 secundum
1566 4646 1836 4715 promissa
1877 4645 1996 4711 Dei,

426 4741 738 4797 sacerdotes
778 4741 875 4796 Dei
910 4741 1064 4805 estis,
1103 4758 1122 4792 ι
1159 4754 1294 4811 gens
1316 4739 1461 4793 enim
1492 4748 1707 4805 sancta,
1734 4749 1787 4795 et
1814 4753 2001 4794 sacer-

430 4835 633 4891 dotium
679 4843 929 4890 sanctum
974 4832 1088 4906 (70)
1146 4832 1280 4887 estis
1324 4830 1394 4884 ⁷⁸.
1420 4849 1440 4882 ›
1472 4830 1737 4901 Accepit,
1776 4830 2000 4900 inquit,

430 4928 647 4999 Moyses
688 4928 989 4982 secundum
1046 4932 1377 4995 praeceptum
1434 4923 1649 4977 Domini
1706 4923 1890 4979 Aaron
1947 4932 2003 4977 et

431 5021 573 5076 filios
595 5020 733 5089 eius,
766 5027 820 5074 et
848 5020 1023 5089 primo
1046 5018 1264 5088 quidem
1296 5016 1465 5080 lavat,
1507 5023 1694 5092 postea
1732 5029 1864 5070 vero
1921 5016 2003 5071 in-

432 5114 549 5168 duit
570 5128 682 5169 eos.
709 5111 1064 5171 Considerate
1093 5108 1407 5178 diligentius
1432 5108 1677 5162 ordinem
1705 5107 2001 5172 dictorum,

434 5206 610 5276 primo
639 5209 800 5271 lavat,
837 5212 1027 5270 postea
1064 5201 1255 5256 induit.
1289 5198 1406 5254 Non
1455 5200 1600 5255 enim
1631 5208 1784 5259 notes
1828 5200 2001 5265 indui,

501 5299 550 5367 τέ’
577 5298 751 5353 Levit.
782 5313 877 5358 vn.
908 5295 979 5354 55
1004 5304 1060 5350 et
1091 5310 1242 5363 seqq.
1321 5293 1368 5325 ⁷⁸
1389 5292 1562 5367 Levi}.
1586 5288 1769 5367 _v_ttt,_i
1821 5296 1876 5345 et
1918 5304 2071 5367 seqq.

429 5370 475 5402 '"
513 5366 644 5425 Luc.
687 5383 796 5434 xvi,
824 5368 915 5423 29.
990 5367 1037 5398 ⁷⁸
1075 5367 1175 5419 lsa.
1209 5380 1355 5430 uvr,
1383 5364 1437 5418 2.
1513 5364 1559 5396 ⁷⁸
1585 5363 1774 5417 Matth.
1805 5376 1940 5417 xvtt.

505 5462 616 5535 (68)
646 5463 798 5535 Mss"
832 5483 851 5515 ι
875 5469 1078 5519 essent.
1113 5481 1132 5513 ι
1162 5459 1518 5535 _Libb._edi_ti,
1553 5468 1755 5535 (esset.
1779 5477 1798 5511 ι

502 5530 618 5657 609)
658 5534 784 5589 Mss.
813 5572 828 5598 ,
885 5552 905 5585 ‹
936 5532 1234 5590 Itumcrale.
1262 5549 1282 5584 ο
1338 5530 1495 5586 Libb.
1540 5532 1704 5599 editi,
1763 5547 1783 5581 ι
1808 5531 2002 5585 hume-

435 5620 496 5664 ra
521 5623 626 5657 vin.
654 5624 674 5657 ι

506 5676 615 5745 (τυ)
644 5675 699 5728 1η
752 5689 880 5734 mss.
928 5673 1290 5730 Gemeticensi
1324 5680 1382 5730 et
1430 5671 1753 5731 Cadomensi
1809 5673 1998 5741 deest,
2089 5733 2096 5740 _

434 5764 459 5810 ι
479 5759 746 5806 salictum.
780 5767 797 5799 ι

2109 1884 2400 1939 cerdotem.
2440 1884 2585 1939 Multi
2619 1885 2761 1941 enim
2809 1894 2939 1941 sunt
3014 1886 3351 1951 sacerdotes,
3398 1883 3493 1939 sed
3544 1897 3695 1952 quos

2109 1989 2216 2029 non
2264 1975 2399 2030 lavit
2435 1975 2520 2032 lex
2545 2017 2561 2044 ,
2609 1992 2785 2048 neque
2815 1992 2981 2048 puros
3024 1977 3262 2032 reddidit
3299 1975 3524 2031 verbum
3564 1973 3690 2041 Dei,

2108 2082 2282 2137 neque
2310 2070 2484 2124 abluit
2512 2085 2542 2124 a
2572 2081 2920 2141 peccatorum
2953 2070 3209 2125 sordibus
3234 2084 3414 2125 sermo
3444 2069 3691 2124 divinus.

2108 2160 2214 2217 Sed
2238 2172 2293 2217 et
2325 2178 2442 2226 vos,
2472 2163 2566 2233 qui
2599 2179 2817 2219 sacrum
2864 2163 3132 2232 baptisma
3174 2161 3497 2217 desideratis
3535 2160 3696 2216 acci-

2105 2269 2255 2324 pere,
2278 2266 2333 2310 et
2365 2259 2601 2327 gratiam
2634 2257 2862 2327 spiritus
2889 2254 3234 2324 promereri,
3281 2254 3433 2324 prius
3468 2254 3691 2310 debetis

2106 2362 2175 2406 ex
2197 2347 2314 2420 lege
2338 2349 2576 2420 purgari,
2606 2349 2756 2418 prius
2781 2348 3016 2416 debetis,
3048 2348 3242 2403 audito
3267 2348 3435 2403 verbo
3469 2346 3590 2414 Dei,
3609 2348 3693 2400 vi-

2107 2440 2306 2494 tiorum
2334 2441 2578 2511 germina
2619 2454 2905 2506 resecare,
2958 2449 3013 2495 et
3062 2455 3242 2495 mores
3293 2439 3561 2494 barbaros
3609 2441 3693 2494 fe-

2105 2547 2308 2604 rosque
2335 2548 2691 2602 componere,
2738 2542 2799 2588 ut
2833 2531 3244 2588 mansuetudine
3279 2540 3336 2586 et
3369 2530 3691 2586 humilitate

2105 2635 2380 2697 suscepta,
2403 2627 2623 2696 possitis
2647 2626 2812 2681 etiam
2840 2626 3075 2695 gratiam
3117 2625 3287 2680 sancti
3327 2624 3566 2693 Spiritus
3600 2639 3693 2678 ca—

2103 2734 2256 2791 pere.
2305 2720 2398 2774 Sic
2443 2724 2589 2775 enim
2622 2720 2752 2774 dicit
2795 2718 3056 2774 Dominus
3103 2734 3201 2789 per
3244 2719 3567 2789 prophetam
3596 2715 3687 2770 τες

2109 2831 2128 2864 r
2161 2812 2338 2883 Super
2364 2828 2525 2884 quem
2554 2813 2914 2882 requiescam,
2953 2812 3057 2866 nisi
3099 2826 3264 2881 super
3301 2810 3589 2877 humilem,
3634 2817 3693 2866 et

2105 2902 2372 2973 quietum,
2406 2914 2463 2958 et
2494 2914 2818 2958 trementem
2872 2915 3152 2956 sermones
3201 2899 3389 2953 meos?
3421 2919 3440 2951 ι
3481 2897 3540 2952 Si
3580 2900 3690 2952 hu-

2105 2995 2250 3051 milis
2278 3011 2387 3053 non
2424 2994 2593 3050 fueris
2631 3002 2687 3049 et
2723 2994 2961 3064 quietus,
3006 3008 3113 3048 non
3158 3002 3337 3063 potest
3369 2990 3687 3046 inhabitare

2031 3104 2074 3163 ο
2108 3086 2165 3145 in
2200 3096 2254 3142 te
2289 3087 2461 3157 gratia
2508 3086 2743 3156 Spiritus
2776 3085 2987 3152 sancti,
3037 3086 3083 3140 si
3139 3100 3245 3139 non
3286 3100 3406 3139 cum
3442 3093 3690 3140 tremore

2108 3179 2344 3252 suscipis
2378 3179 2548 3234 verba
2583 3178 2790 3237 divina.
2822 3176 3122 3245 Superbam
3164 3191 3396 3244 namque
3436 3185 3493 3230 et
3545 3190 3689 3230 con-

2105 3278 2373 3325 tumacem
2418 3269 2681 3331 animam,
2719 3274 2775 3320 et
2820 3265 2998 3320 ﬁctam
3044 3263 3244 3334 refugit
3280 3263 3517 3332 Spiritus
3561 3276 3692 3317 sano

2103 3368 2245 3413 ctus.
2282 3358 2456 3414 Debes
2486 3373 2615 3429 ergo
2653 3359 2806 3427 prius
2853 3355 3104 3411 meditari
3139 3354 3313 3423 legem
3361 3353 3499 3417 Dei,
3538 3361 3601 3405 ut
3638 3350 3687 3409 si

2102 3448 2246 3506 forte
2289 3460 2445 3505 actus
2481 3451 2558 3505 tui
2606 3448 2953 3519 intemperati
2999 3458 3160 3513 sunt,
3191 3455 3244 3500 et
3271 3461 3457 3500 mores
3488 3445 3688 3501 incon-

2102 3544 2224 3613 diti,
2255 3543 2341 3600 lex
2366 3543 2463 3598 Dei
2498 3554 2549 3598 te
2579 3543 2830 3598 emendet
2854 3550 2909 3595 et
2933 3540 3188 3609 corrigat.
3223 3536 3318 3593 Vis
3343 3538 3531 3593 videre
3551 3536 3685 3607 quia

2102 3635 2319 3709 Moyses
2340 3650 2553 3705 semper
2576 3650 2700 3689 cum
2725 3633 2851 3692 Jesu
2881 3640 2986 3695 est,
3012 3632 3113 3687 hoc
3141 3641 3224 3687 est
3251 3630 3337 3686 lex
3358 3645 3479 3686 cum
3506 3630 3686 3683 Evan-

2101 3729 2294 3799 geliis?
2350 3729 2554 3783 Doceat
2602 3726 2716 3798 (7l)
2760 3734 2813 3780 te
2856 3723 3210 3794 Evangelium
3252 3725 3335 3790 ",
3366 3725 3493 3795 quia
3553 3738 3684 3776 cum

2100 3820 2530 3878 transformatus
2559 3827 2705 3873 esset
2731 3818 2784 3871 in
2807 3817 3033 3889 gloriam
3062 3815 3426 3879 Jesus.etiarn
3461 3813 3684 3889 Moyses

2103 3922 2158 3969 et
2187 3912 2333 3971 Elias
2366 3911 2527 3967 simul
2567 3926 2691 3965 cum
2727 3910 2843 3980 ipso
2868 3918 3238 3980 apparuerunt
3280 3908 3332 3961 in
3386 3907 3579 3976 gloria,
3624 3914 3687 3959 ut

2102 4004 2248 4059 scias
2277 4004 2404 4072 quia
2437 4003 2523 4057 lex
2554 4012 2608 4056 et
2657 4004 2952 4072 prophetae,
2994 4012 3047 4056 et
3099 4000 3445 4071 Evangelium
3476 3999 3590 4070 (72)
3627 3998 3681 4052 in

2101 4111 2270 4150 unum
2300 4109 2515 4164 semper
2540 4094 2890 4161 conveniunt,
2923 4106 2976 4148 et
3010 4095 3060 4147 in
3094 4109 3199 4147 una
3240 4092 3410 4163 gloria
3457 4107 3684 4162 perma-

2104 4198 2256 4242 nent.
2290 4185 2534 4256 Denique
2564 4195 2618 4240 et
2648 4185 2846 4240 Petrus
2878 4201 3002 4239 cum
3033 4185 3189 4239 vellet
3232 4185 3312 4238 eis
3346 4182 3448 4237 tria
3493 4183 3684 4238 facere

2106 4278 2479 4342 tabernacula,
2521 4275 2806 4345 imperitiae
2842 4286 3060 4330 notatur
3087 4315 3103 4341 ,
3156 4284 3411 4345 tanquam
3453 4274 3545 4344 qui
3580 4288 3684 4329 ne-

2106 4371 2276 4424 sciret
2302 4368 2430 4440 quid
2463 4368 2689 4424 diceret.
2734 4365 2861 4434 Legi
2908 4366 3087 4429 enim,
3139 4375 3195 4419 et
3249 4365 3572 4437 prophetis,
3625 4372 3685 4419 et

2030 4443 2074 4499 D
2106 4461 2400 4530 Evangelia
2434 4475 2541 4514 non
2576 4459 2702 4522 tria,
2751 4459 2843 4514 sed
2884 4474 3047 4513 ttnum
3100 4466 3183 4513 est
3227 4457 3636 4511 tabernaculum
3663 4495 3682 4522 ,

2105 4569 2229 4624 qua:
2256 4561 2341 4607 est
2369 4550 2612 4605 Ecclesia
2650 4550 2767 4604 Dei.
2796 4549 2964 4603 Lavat
2992 4564 3123 4619 ergo
3154 4550 3329 4618 primo
3351 4547 3564 4623 Moyses
3593 4563 3686 4602 sa-

2105 4647 2380 4702 cerdotem
2410 4643 2646 4707 Domini,
2676 4653 2730 4697 et
2758 4657 2879 4696 cum
2913 4656 3034 4695 eum
3066 4641 3277 4706 laverit,
3308 4651 3363 4695 et
3387 4651 3681 4711 purgatum

2106 4737 2407 4794 reddiderit
2439 4750 2471 4789 a
2508 4736 2760 4790 sordibus
2822 4732 3110 4795 vitiorum,
3151 4742 3273 4802 post
3333 4734 3448 4786 haec
3505 4733 3685 4786 induit

2106 4846 2253 4886 eum.
2292 4828 2397 4883 Sed
2436 4830 2856 4885 consideremus
2889 4843 3008 4896 qua:
3038 4829 3146 4882 sint
3191 4829 3289 4880 ista
3337 4827 3680 4891 indumenta,

2107 4921 2307 4994 quibus
2346 4921 2521 4979 induit
2556 4920 2768 4993 Moyses
2817 4920 2997 4972 Aaron
3040 4918 3262 4972 fratrem
3299 4933 3456 4972 suum
3499 4919 3684 4990 pomi-

2108 5016 2267 5071 ﬁcem
2320 5012 2576 5082 primum,
2612 5014 2658 5065 si
2692 5012 2832 5065 forte
2869 5010 3123 5081 possibile
3166 5011 3236 5065 sit
3281 5012 3443 5064 etiam
3482 5022 3533 5064 te
3563 5009 3680 5080 (73)

2106 5106 2258 5163 indui
2296 5105 2501 5159 eisdem
2534 5103 2867 5158 indumentis
2892 5142 2907 5166 ,
2953 5112 3006 5156 et
3049 5118 3167 5155 csse
3219 5103 3552 5171 pontiﬁcem.
3589 5101 3683 5155 Est

2107 5199 2324 5270 quidem
2352 5212 2492 5251 unus
2520 5195 2764 5264 pontifex
2802 5210 3027 5264 magnus
3078 5195 3338 5248 Dominus
3377 5206 3563 5248 noster
3590 5193 3680 5249 Je-

2176 5290 2223 5326 7"
2259 5286 2280 5343 Ι
2324 5285 2445 5344 Pet.
2493 5288 2628 5354 ",9.
2716 5288 2761 5320 "
2786 5287 2887 5342 lsa.
2924 5302 2962 5352 ι,
2992 5285 3079 5340 16.
3155 5286 3203 5317 ’⁸
3235 5285 3396 5344 Rom.
3433 5302 3555 5352 xm,
3586 5286 3677 5342 M.

2175 5456 2290 5520 (7|)
2323 5454 2480 5515 Libh.
2518 5455 2674 5520 editi,
2705 5473 2723 5506 ι
2745 5453 2916 5507 docet.
2943 5470 2962 5504 ι
2993 5450 3148 5516 Mss.,
3192 5470 3211 5504 r
3236 5452 3447 5506 doceat.
3471 5471 3491 5504 ι

2174 5528 2289 5599 (72)
2320 5525 2475 5578 Liblt.
2509 5526 2682 5592 editi,
2720 5541 2739 5574 ι
2765 5523 3076 5592 Evangelia.
3103 5540 3122 5573 ι
3162 5521 3288 5576 Mss.
3313 5563 3328 5588 ,
3377 5540 3396 5573 ι
3431 5524 3682 5593 Evange-

2097 5599 2298 5743 Πηίςέό).
2320 5666 2469 5733 1155.,
2508 5682 2528 5719 ι
2558 5673 2630 5721 te.
2660 5683 2680 5717 ι
2717 5660 2873 5722 Libb.
2902 5661 3055 5730 editi,
3089 5679 3108 5715 ι
3141 5661 3261 5719 ιίυῖο
3285 5681 3309 5718 ι
