4024 6146
310 322 423 387 460

1480 317 1547 372 ΙΝ
1581 310 1955 371 LEVITICUM
1993 308 2276 368 HOMILIA
2313 308 2402 363 Vl.

3441 299 3558 356 470

314 455 408 496 sus
437 436 719 499 Christus,
752 434 848 490 sed
874 433 967 489 ille
1004 448 1111 489 non
1152 433 1327 490 solum
1371 432 1624 488 sacerdos
1647 470 1664 494 ,
1713 428 1809 483 sed
1838 434 1891 479 et
1919 425 1967 484 Α
1995 423 2073 477 sui
2128 422 2299 492 possit
2352 421 2656 474 advertere.
2711 416 2867 473 Lavit
2895 429 3027 486 ergo
3064 428 3212 477 eum,
3251 422 3305 468 et
3352 412 3546 468 Induit.

314 531 669 588 sacerdotum
722 526 982 583 sacerdos
1009 538 1117 592 est,
1160 536 1216 582 et
1251 542 1357 581 non
1398 524 1572 581 solum
1615 519 1889 591 pontifex,

315 624 412 680 sed
441 621 768 692 pontificum
797 616 1065 688 pontifex,
1105 633 1206 674 nec
1237 618 1582 672 sacerdotum
1621 614 1891 686 princeps,

316 711 414 767 sed
447 708 705 776 princeps
737 707 1043 776 principum
1089 708 1456 763 sacerdotum.
1506 707 1660 760 Sicut
1699 713 1755 757 et
1801 716 1894 755 rex

317 818 426 856 non
463 800 667 854 dicitur
696 798 891 868 plebis,
921 798 1016 852 sed
1042 812 1227 868 regum
1262 813 1379 861 rex,
1414 805 1470 852 et
1504 795 1763 850 Dominus
1789 807 1895 847 non

317 906 613 947 servorum
635 928 652 957 ,
683 891 783 945 sed
816 889 1080 945 Dominus
1120 889 1480 945 dominorum.
1535 887 1720 941 Potest
1768 898 1899 954 ergo

320 979 463 1042 fieri.
513 982 559 1035 si
606 988 666 1033 et
712 986 769 1034 tu
822 978 964 1034 lotus
1019 977 1189 1033 fueris
1217 993 1313 1046 per
1355 976 1601 1048 Moysen,
1648 981 1704 1029 et
1735 973 1899 1028 fueris

321 1072 397 1125 ita
457 1070 741 1136 mundus,
806 1070 962 1140 quasi
1013 1083 1172 1140 quem
1227 1069 1438 1140 Moyses
1484 1066 1677 1121 laverit
1717 1074 1901 1119 tantus

321 1167 414 1222 ille
446 1165 567 1240 (74)
600 1182 666 1223 ac
691 1166 836 1231 talis,
868 1176 928 1222 ut
958 1168 1136 1237 possis
1168 1166 1333 1221 etiam
1365 1162 1648 1235 pervenire
1677 1165 1744 1217 ad
1786 1163 1903 1218 haec

324 1255 657 1312 Indumenta
685 1272 806 1328 quae
835 1258 1044 1328 profert
1070 1257 1304 1328 Moyses,
1332 1267 1387 1312 et
1407 1257 1575 1312 stolas
1606 1256 1758 1318 istas,
1781 1256 1900 1325 qui-

327 1347 435 1403 bus
461 1348 643 1403 induit
669 1348 853 1404 Aaron
889 1348 1114 1404 fratrem
1143 1364 1299 1405 suum
1321 1389 1337 1414 ,
1369 1357 1424 1403 et
1456 1349 1597 1403 filios
1624 1349 1764 1418 ejus.
1798 1346 1903 1401 Sed

327 1453 438 1493 non
474 1439 657 1494 solum
687 1440 1017 1496 indumentis
1045 1456 1181 1511 opus
1210 1450 1294 1496 est
1324 1441 1390 1495 ad
1425 1440 1793 1494 sacerdotales
1825 1440 1905 1493 in-

327 1526 497 1596 fulas,
534 1544 726 1584 verum
768 1541 823 1586 et
858 1531 1105 1599 cingulis.
1146 1530 1254 1587 Sed
1288 1532 1600 1601 priusquam
1635 1530 1699 1584 de
1729 1530 1907 1600 specie

330 1621 450 1690 ipsa
488 1621 935 1677 indumentorum
979 1623 1162 1680 dicere
1194 1623 1543 1692 incipiamus,
1577 1622 1736 1675 velim
1775 1636 1909 1675 con-

328 1709 481 1767 ferre
517 1712 613 1767 illa
642 1712 881 1768 infelicia
913 1714 1247 1780 indumenta,
1281 1713 1476 1782 quibus
1508 1714 1713 1783 primus
1745 1713 1906 1766 homo

332 1816 457 1858 cum
514 1813 818 1872 peccasset,
866 1805 1083 1860 indutus
1129 1814 1230 1871 est,
1264 1819 1385 1858 cum
1415 1804 1498 1856 his
1530 1803 1735 1856 sanctis
1763 1812 1817 1855 et
1845 1802 1900 1855 fi-

334 1893 560 1950 delibus
602 1895 951 1950 indumentis.
1003 1896 1071 1953 Et
1109 1894 1324 1965 quidem
1377 1893 1466 1947 illa
1517 1893 1717 1948 dicitur
1768 1894 1906 1947 Deus

335 1986 544 2041 fecisse
573 2004 588 2040 :
628 2004 647 2038 ι
682 1987 837 2042 Fecit
876 1988 1045 2052 enim,
1088 1988 1265 2059 inquit
1286 1988 1357 2055 δι’,
1386 1987 1528 2042 Deus
1559 1986 1768 2041 tunicas
1794 1984 1909 2054 pel.

336 2076 535 2145 liccas,
564 2087 620 2133 et
645 2079 818 2133 induit
851 2080 1021 2134 Adam
1048 2090 1100 2134 et
1128 2080 1404 2135 mulierem
1431 2079 1564 2149 ejus.
1596 2097 1614 2130 ι
1645 2077 1749 2131 illae
1781 2091 1908 2145 ergo

337 2169 547 2224 tunicae
596 2170 663 2225 de
717 2170 948 2241 pellibus
990 2181 1155 2227 erant
1193 2187 1259 2226 ex
1298 2171 1623 2226 animalibus
1659 2181 1906 2234 sumptae.

337 2256 569 2315 Talibus
589 2260 733 2315 enim
767 2261 1048 2332 oportebat
1077 2262 1223 2316 indui
1258 2272 1617 2332 peccatorem,
1651 2261 1908 2327 pelliceis,

339 2354 568 2425 inquam
594 2354 730 2430 (75),
760 2357 977 2421 tunicis,
1004 2371 1125 2427 quae
1151 2367 1335 2411 essent
1360 2356 1724 2421 mortalitatis,
1751 2370 1909 2422 quam

340 2461 438 2515 pro
472 2458 707 2515 peccato
739 2459 1044 2518 acceperat,
1088 2458 1142 2505 et
1191 2449 1500 2517 fragilitatis
1550 2449 1665 2517 ejus
1693 2464 1813 2518 qua:
1845 2463 1912 2502 ex

343 2537 536 2593 carnis
561 2526 911 2607 corruptione
934 2540 1204 2604 veniebat,
1238 2539 1516 2593 indicium.
1543 2538 1598 2593 Si
1639 2553 1766 2592 vero
1803 2538 1912 2605 jam

346 2628 498 2684 lotus
534 2629 603 2684 ab
644 2631 734 2684 his
766 2629 934 2685 fueris
959 2669 977 2696 ,
1028 2643 1083 2686 et
1126 2631 1442 2701 purificatns
1473 2646 1567 2699 per
1600 2631 1769 2698 legem
1800 2630 1913 2694 Dei,

345 2720 539 2773 induet
572 2728 624 2775 te
649 2719 862 2791 Moyses
896 2722 1207 2777 indumento
1244 2722 1699 2791 incorruptionis;
1751 2721 1822 2774 ita
1859 2728 1918 2774 ut

348 2827 623 2880 nusquam
651 2822 911 2883 appareat
937 2813 1217 2885 turpitudo
1256 2824 1368 2881 tua,
1397 2824 1454 2870 et
1482 2823 1540 2868 ut
1563 2813 1919 2867 absorbeatur

348 2901 584 2956 mortale
605 2904 706 2957 hoc
729 2919 758 2957 a
784 2904 914 2959 vita.

418 2993 479 3048 5.
518 2992 814 3050 Videamus
850 3010 980 3067 ergo
1020 2996 1161 3065 quali
1209 2994 1400 3050 ordine
1444 2994 1681 3066 pontifex
1717 2995 1920 3050 constio

362 3084 536 3139 tuitur
565 3100 581 3140 :
611 3103 630 3136 ι
659 3085 1011 3153 Convocavit,
1035 3088 1210 3156 inquit
1236 3087 1306 3154 εί,
1335 3086 1548 3158 Moyses
1571 3102 1921 3157 synagogam,

359 3182 416 3228 et
441 3175 577 3230 dicit
604 3176 673 3231 ad
708 3191 804 3233 eos
836 3196 853 3232 :
883 3178 995 3233 Hoc
1018 3187 1101 3233 est
1133 3180 1352 3233 verbum
1377 3178 1518 3248 quod
1547 3179 1801 3247 praecepit
1825 3179 1922 3232 Do-

360 3264 568 3318 minus.
600 3283 619 3318 ι
655 3264 809 3321 Licet
835 3282 964 3339 ergo
994 3269 1252 3324 Dominus
1282 3269 1346 3323 de
1372 3269 1755 3324 constituendo
1784 3285 1922 3339 pon-

363 3353 511 3409 tifice
555 3358 930 3428 praecepisset,
974 3372 1029 3414 et
1077 3361 1331 3415 Dominus
1387 3362 1686 3432 elegisset,
1743 3370 1921 3414 tamen

364 3458 702 3502 convocatur
731 3459 784 3503 et
822 3465 1116 3522 synagoga.
1151 3452 1469 3521 Requiritur
1499 3453 1643 3508 enim
1687 3453 1740 3505 in
1774 3453 1925 3506 ordi—

366 3538 547 3592 nando
592 3539 877 3594 sacerdote
921 3552 975 3595 et
1029 3544 1315 3610 prmsentia
1378 3545 1559 3613 populi
1588 3585 1604 3609 ,
1656 3554 1716 3597 ut
1754 3547 1928 3600 sciant

366 3642 581 3697 omnes,
614 3641 669 3684 et
696 3632 831 3685 certi
880 3632 1013 3696 sint,
1043 3637 1165 3701 quia
1219 3638 1308 3704 qui
1358 3637 1700 3704 prmstantior
1749 3645 1927 3690 estex

370 3721 518 3775 omni
572 3723 804 3790 populo,
859 3726 947 3793 qui
991 3726 1219 3789 doctior,
1262 3726 1351 3796 qui
1410 3728 1683 3788 sanctior.
1725 3727 1817 3795 qui
1875 3729 1927 3780 in

371 3810 520 3865 omni
549 3812 754 3866 virtute
781 3813 1126 3878 eminentior,
1171 3815 1259 3869 ille
1301 3815 1520 3883 cligitur
1570 3817 1635 3867 ad
1679 3817 1932 3869 sacerdo-

375 3901 530 3966 tium,
571 3912 625 3957 et
660 3902 763 3958 hoc
802 3917 1012 3960 astante
1053 3906 1287 3976 p0pttlo,
1332 3922 1399 3961 ne
1438 3923 1541 3976 qua
1588 3909 1927 3976 postmodum

372 3993 692 4048 retractatio
729 3997 977 4065 Cuiquam
1005 4039 1019 4064 ,
1071 4014 1136 4051 ne
1168 3998 1290 4067 quis
1325 3998 1608 4069 scrupulus
1650 3999 1928 4055 resideret.

374 4080 490 4139 Hoc
517 4093 602 4140 est
627 4096 808 4141 autem
840 4089 985 4158 quod
1014 4097 1066 4143 et
1092 4089 1382 4158 Apostolus
1409 4090 1662 4159 prazcepit
1700 4090 1750 4142 in
1790 4091 1934 4143 ordi-

376 4178 602 4231 natione
632 4180 955 4245 sacerdotis,
989 4181 1174 4235 dicens
1198 4181 1283 4234 δίε
1320 4201 1338 4231 ι
1375 4181 1597 4251 Oportet
1640 4191 1817 4235 autem
1871 4181 1936 4235 il”-

377 4266 485 4322 lum
521 4279 577 4323 et
613 4270 983 4326 testimonium
1019 4272 1220 4326 habere
1246 4272 1444 4326 bonum
1473 4273 1540 4326 ab
1572 4274 1654 4326 his
1682 4274 1772 4342 qui
1807 4273 1937 4327 foris

378 4369 526 4414 sunt.
552 4381 573 4413 ι
609 4360 724 4432 Ego
766 4372 944 4417 tamen
986 4375 1040 4418 et
1086 4364 1322 4432 amplius
1350 4363 1548 4431 aliquid
1586 4365 1742 4418 video
1789 4364 1839 4418 iu
1872 4380 1937 4418 eo

380 4454 520 4519 quod
547 4453 699 4519 dicit,
725 4458 850 4524 quia
876 4458 1196 4511 convocavit
1224 4456 1434 4526 Moyses
1457 4471 1669 4509 omnem
1708 4471 1939 4526 synago-

383 4560 500 4615 gam
522 4585 538 4613 ,
575 4556 631 4599 et
666 4559 795 4615 puto
831 4548 972 4617 quod
1011 4562 1308 4601 convocare
1339 4563 1689 4619 synagogam,
1721 4549 1822 4603 hoc
1868 4549 1940 4604 sit

382 4636 637 4706 colligere
661 4654 845 4693 omnes
883 4639 1046 4693 animi
1073 4651 1121 4693 et
1143 4641 1193 4692 in
1225 4655 1387 4692 unum
1415 4654 1741 4709 congregare
1771 4642 1940 4694 virtu-

383 4738 488 4795 tes,
519 4743 578 4786 ut
611 4748 733 4786 cum
775 4749 956 4787 sermo
1004 4735 1070 4787 de
1122 4733 1547 4787 sacerdotalibus
1584 4734 1942 4788 sacramentis

385 4824 636 4887 habetur,
668 4825 891 4894 vigilent
920 4840 1108 4878 omnes
1138 4825 1301 4877 animi
1331 4825 1582 4886 virtutes,
1629 4832 1685 4876 et
1724 4822 1943 4877 intenta:

387 4914 515 4976 sint.
568 4916 699 4970 nihil
733 4916 785 4969 in
818 4918 899 4971 eis
932 4916 1243 4985 sapientiae,
1297 4916 1436 4970 nihil
1470 4916 1754 4979 scientiae,
1813 4915 1943 4968 nihil

388 5007 526 5062 desit
574 5008 854 5062 industriae
882 5047 897 5071 ,
946 5008 1038 5061 sed
1078 5006 1221 5060 adsit
1256 5008 1434 5060 omnis
1476 5007 1766 5060 multitudo
1818 5020 1944 5057 sen-

388 5112 566 5164 suum,
602 5100 743 5153 adsit
791 5098 971 5153 omnis
1011 5098 1358 5167 congregatio
1394 5108 1701 5152 sanctarum
1737 5096 1946 5164 cogita-

391 5191 617 5254 tionum,
655 5200 715 5245 ut
743 5191 870 5258 quid
902 5189 973 5244 sit
1011 5189 1272 5260 pontifex,
1307 5189 1435 5258 quid
1467 5189 1673 5254 unctio,
1708 5203 1827 5256 qua:
1863 5188 1947 5240 in-

393 5283 646 5338 dumenta
676 5282 835 5351 ejus,
887 5282 1176 5338 conferens
1232 5284 1374 5338 intra
1430 5283 1728 5336 sacrarium
1766 5280 1946 5336 cordis

458 5419 507 5456 ⁶⁰
532 5420 734 5477 Genes.
758 5436 840 5487 ιιι,
876 5421 967 5477 21.
1059 5422 1101 5453 ⁸³
1141 5421 1315 5477 Levit.
1352 5438 1468 5487 vni,
1497 5421 1551 5484 4,
1588 5422 1642 5476 5.

1762 5420 1808 5453 ⁸⁸
1847 5420 2028 5476 l'l‘im.
2059 5424 2120 5464 ιιι
2178 5404 2233 5465 7.

1994 515 2148 581 Quali
2172 510 2523 569 indumento?
2555 508 2780 572 Tunica,
2810 508 3005 577 inquit,
3031 516 3084 562 et
3118 505 3400 576 praecinxit
3427 517 3549 559 eum

1993 621 2154 669 zona,
2189 616 2242 658 et
2266 604 2459 657 iterum
2487 600 2705 654 vestivit
2736 615 2858 655 eum
2889 598 3127 653 tunicam
3156 596 3403 659 talarem,
3442 594 3549 663 vel,

1994 708 2054 751 ut
2084 696 2214 750 alibi
2247 695 2495 765 legimus,
2528 693 2867 745 interiorem.
2898 689 3133 754 Duabus,
3167 697 3224 742 ut
3255 688 3429 750 video,
3466 695 3554 739 tu-

1995 789 2132 843 nicis
2183 804 2279 856 per
2318 786 2538 856 Moysen
2594 784 2837 837 induitur
2883 782 3144 852 pontifex.
3175 782 3278 836 Sed
3317 780 3444 851 quid
3476 779 3557 832 fa-

1997 881 2203 933 ciemus
2232 878 2372 946 quod
2420 875 2578 932 Jesns
2614 877 2927 931 sacerdotes
2976 888 3102 928 suos
3145 871 3417 940 apostolos
3455 884 3556 924 non

1997 978 2138 1023 stros
2195 966 2468 1036 prohibuit
2530 966 2604 1019 liti
2673 964 2883 1020 duabus
2932 961 3137 1017 tunicis
3183 960 3278 1015 ⁸³⁸1
3328 960 3555 1014 Dixera-

1998 1074 2121 1113 mus
2159 1058 2298 1127 quod
2334 1057 2547 1128 Moyses
2592 1068 2647 1110 et
2694 1053 2888 1119 Jesus,
2938 1055 2990 1108 id
3032 1064 3116 1106 est
3151 1052 3238 1106 lex
3272 1061 3327 1106 et
3383 1051 3561 1106 Evan-

1999 1151 2138 1221 gelia
2188 1150 2290 1205 sibi
2348 1149 2581 1202 invicem
2646 1152 3033 1202 consonarent.
3090 1143 3280 1197 Posset
3331 1143 3562 1198 fortasse

2001 1241 2185 1294 dicere
2229 1238 2428 1307 aliquis
2476 1237 2601 1306 quia
2648 1235 2790 1304 quod
2823 1233 3081 1304 praecepit
3111 1229 3266 1287 Jesns
3310 1231 3445 1284 duas
3477 1240 3563 1284 tu-

2002 1333 2156 1387 nicas
2189 1346 2296 1384 non
2330 1331 2631 1393 habendas,
2663 1342 2772 1382 non
2818 1337 2903 1381 est
2929 1325 3262 1380 contrarium
3294 1324 3396 1394 legi
3417 1362 3434 1386 ,
3468 1323 3563 1377 sed

2004 1422 2300 1494 perfectius
2351 1421 2518 1490 lege,
2576 1421 2721 1474 sicut
2774 1428 2827 1472 et
2887 1432 3009 1472 cum
3067 1417 3154 1471 lex
3212 1415 3565 1470 homicidium

2004 1524 2193 1581 vetat,
2242 1512 2399 1568 Jesus
2451 1520 2629 1565 autem
2677 1511 2845 1564 etiam
2906 1510 3238 1563 iracundiam
3297 1517 3512 1562 resecat
3546 1547 3564 1571 ,

2005 1614 2063 1659 et
2114 1618 2237 1658 eum
2291 1603 2376 1656 lex
2430 1603 2684 1668 prohibet
2735 1599 3058 1653 adulterium
3091 1598 3173 1664 “,
3206 1597 3364 1652 Jesns
3403 1599 3571 1675 etiam.

2008 1698 2168 1768 217
2211 1694 2704 1765 concupiscentiam
2741 1693 2922 1748 cordis
2967 1689 3259 1745 abscindit.
3309 1690 3399 1744 Sic
3430 1704 3569 1758 “ergo

2009 1787 2276 1842 videbitur
2307 1793 2359 1838 et
2402 1785 2609 1837 duabus
2655 1783 2729 1838 ibi
2778 1782 2974 1836 tunicis
3008 1779 3335 1849 pontificem,
3380 1789 3434 1832 et
3479 1777 3570 1833 hic

2007 1895 2114 1934 una
2153 1879 2423 1949 apostolos
2454 1877 2714 1930 induisse.
2753 1874 2837 1927 Sit
2866 1873 3085 1941 quidem
3125 1873 3289 1925 etiam
3316 1871 3418 1923 iste
3442 1884 3568 1923 sen-

2006 1987 2119 2037 sus,
2149 1971 2444 2040 probabilis
2489 1969 2532 2023 si
2563 1969 2796 2029 videtur,
2823 1980 2922 2034 ego
2961 1972 3138 2017 tamen
3173 1976 3277 2015 non
3309 1961 3450 2014 intra
3482 1959 3577 2013 ltu-

1999 2066 2091 2131 jus
2121 2061 2490 2131 intelligentiae
2535 2058 2840 2128 angustiam
2871 2053 3195 2125 pontificalia
3226 2059 3570 2105 sacramenta

2007 2153 2290 2208 concludo.
2333 2149 2576 2219 Amplius
2604 2148 2734 2201 mihi
2764 2146 2965 2213 aliquid
2989 2159 3055 2198 ex
3084 2145 3184 2196 ista
3222 2142 3392 2195 forma
3416 2141 3567 2193 vide-

2009 2252 2098 2299 tur
2127 2241 2372 2306 ostendi;
2403 2239 2643 2309 pontifex
2673 2249 2778 2301 est,
2801 2237 2891 2305 qui
2920 2235 3199 2291 scientiam
3227 2232 3361 2301 legis
3395 2238 3579 2295 tenet,“

2009 2345 2066 2389 et
2100 2314 2525 2399 uniuscujusque
2571 2328 2813 2398 mysterii
2851 2325 3101 2392 intelligit
3129 2324 3389 2385 rationes,
3414 2330 3471 2376 et
3499 2329 3563 2375 ut

2012 2425 2250 2481 breviter
2269 2423 2553 2491 explicem,
2572 2422 2659 2489 qui
2687 2419 2858 2487 legem
2895 2416 3261 2471 etsecundum
3292 2412 3572 2483 spiritum,

2013 2525 2068 2570 ct
2087 2516 2380 2571 secundum
2398 2512 2634 2565 litteram
2655 2508 3040 2563 novit.Sciebat
3058 2521 3187 2576 ergo
3205 2502 3443 2573 pontifex
3461 2502 3571 2565 ille,

2015 2624 2173 2676 quem
2195 2618 2320 2660 tunc
2336 2604 2622 2659 ordinabat
2646 2601 2881 2672 Moyses,
2916 2601 3038 2668 quia
3065 2607 3210 2653 esset
3230 2595 3579 2653 circumcisio

2017 2698 2301 2769 spiritalis,
2326 2697 2578 2749 servabat
2609 2703 2787 2746 tamen
2816 2703 2869 2745 et
2888 2692 3355 2744 circumcisionem
3373 2687 3574 2754 carnis,

2018 2788 2143 2857 quia
2176 2784 2586 2839 incircumcisns
2612 2779 2847 2850 pontifex
2869 2795 3109 2834 essenon
3139 2786 3368 2843 poterat.
3394 2776 3580 2833 Habe-

2021 2879 2112 2933 bat
2131 2891 2257 2946 ergo
2279 2880 2378 2929 iste
2399 2876 2531 2928 duas
2552 2871 2790 2927 'tuuicas.
2816 2872 2983 2928 Unam
3013 2871 3298 2926 ministerii
3321 2870 3580 2935 carnalis,

2021 2977 2076 3024 et
2105 2968 2262 3021 aliam
2301 2965 2665 3034 intelligentim
2697 2964 2979 3032 spiritalis.
3011 2965 3232 3017 Sciebat
3255 2961 3382 3032 quia
3404 2970 3458 3015 et
3494 2977 3583 3015 sa-

1949 3092 1995 3152 c
2027 3062 2234 3118 crificia
2280 3060 2547 3130 spiritalia
2580 3056 2763 3111 offerri
2796 3058 3174 3152 debentHDeo,
3206 3053 3468 3109 offerebat
3502 3062 3584 3106 ta-

2031 3169 2152 3208 men
2203 3151 2552 3206 nihilominus
2597 3156 2651 3200 et
2697 3146 2959 3201 carnalia.
3003 3144 3118 3199 Non
3170 3144 3314 3197 enim
3371 3150 3588 3213 poterat

2028 3263 2149 3303 esse
2201 3246 2442 3315 pontifex
2489 3258 2679 3297 eorum
2722 3243 2811 3311 qui
2861 3249 2988 3294 tunc
3021 3248 3199 3302 erant,
3227 3236 3331 3290 nisi
3378 3234 3587 3290 hostias

2031 3338 2356 3394 immolaret.
2383 3336 2459 3388 lta
2490 3348 2620 3401 ergo
2647 3331 3030 3386 convenienter
3060 3327 3150 3381 ille
3174 3325 3417 3396 pontiiex
3452 3325 3586 3377 dua-

2032 3436 2132 3487 bus
2172 3429 2390 3483 indutus
2437 3427 2634 3481 tunicis
2672 3424 2885 3479 dicitur.
2930 3418 3169 3489 Apostoli
3219 3430 3350 3471 vero
3380 3417 3472 3487 qni
3507 3416 3590 3469 di-

2031 3524 2169 3579 cturi
2214 3521 2454 3583 erant“,
2500 3536 2520 3570 ί
2549 3517 2672 3584 quia
2717 3515 2762 3568 si
2818 3511 3313 3577 circumcidamini,
3345 3508 3591 3564 Christus

2033 3617 2186 3671 vobis
2213 3615 2343 3669 nihil
2374 3612 2640 3681 proderit,
2668 3627 2686 3660 ι
2721 3616 2775 3661 et
2804 3609 2894 3675 qui
2925 3605 3124 3658 dicturi
3164 3601 3407 3668 erant“,
3435 3619 3454 3652 ι
3491 3615 3589 3654 ne-

2034 3726 2124 3763 mo
2171 3724 2264 3761 vos
2307 3706 2510 3773 judicct
2555 3704 2607 3755 in
2646 3700 2788 3762 cibo,
2828 3706 2920 3751 aut
2962 3697 3015 3749 in
3062 3704 3329 3765 potn,ant
3356 3694 3408 3747 in
3436 3701 3593 3761 parte

2035 3802 2138 3854 diei
2181 3799 2323 3862 festi,
2364 3809 2458 3851 aut
2507 3795 2814 3854 neomenia,
2851 3800 2944 3845 aut
2993 3790 3253 3853 Sabbato,
3302 3801 3424 3856 qua:
3469 3794 3595 3840 sunt

2038 3895 2225 3945 umbra
2266 3892 2596 3951 futurorum,
2621 3907 2640 3939 ι
2679 3888 2763 3941 isti
2797 3900 2927 3955 ergo
2954 3894 3015 3937 ut
3045 3881 3354 3951 bujusmodi
3400 3892 3595 3933 secun-

2038 3987 2163 4038 dmn
2217 3984 2448 4036 litteram
2501 3982 2635 4051 legis
2675 3976 3051 4032 observantias
3096 3974 3310 4043 penitus
3345 3968 3596 4039 repudia-

2041 4087 2183 4140 rent,
2213 4089 2312 4127 nec
2338 4078 2667 4141 occuparent
2702 4066 2992 4138 discipulos
3027 4065 3264 4120 Judaicis
3294 4061 3510 4124 fabulis,
3541 4068 3597 4116 et

2040 4168 2377 4235 imponerent
2402 4164 2485 4219 his
2507 4163 2716 4232 jugum,
2751 4160 2893 4229 quod
2938 4170 3112 4226 neque
3142 4155 3266 4225 ipsi,
3300 4166 3474 4222 neque
3498 4167 3597 4221 pa-

2044 4273 2153 4315 tres
2183 4275 2366 4313 eorum
2402 4267 2620 4327 portare
2659 4255 2948 4323 potuerunt
2968 4250 3034 4315 ⁸⁷,
3062 4249 3251 4302 merito
3283 4247 3417 4300 duas
3449 4242 3599 4298 tuni-

2043 4371 2135 4411 cas
2175 4354 2378 4408 babere
2412 4349 2784 4418 prohibentur,
2813 4346 2906 4399 sed
2934 4343 3130 4398 sufficit
3151 4341 3232 4395 eis
3256 4351 3389 4402 una,
3410 4337 3599 4390 ethaec

1968 4445 2012 4500 D
2041 4451 2286 4504 interior.
2323 4444 2455 4497 Nam
2494 4443 2649 4496 istam
2684 4456 2805 4511 quire
2836 4439 2970 4493 foris
2997 4446 3098 4499 est,
3130 4443 3187 4488 et
3218 4447 3339 4501 qua:
3364 4433 3600 4497 desuper

2043 4551 2287 4611 apparet,
2322 4538 2455 4606 legis
2506 4534 2739 4587 tunicam
2801 4530 3007 4585 nolunt.
3054 4527 3229 4581 Unam
3258 4535 3491 4590 namque
3520 4521 3600 4575 eis

2042 4632 2223 4693 Jcsus,
2265 4640 2317 4682 et
2357 4630 2531 4699 ipsam
2581 4626 2897 4679 interiorem
2934 4621 3136 4675 habere
3165 4613 3458 4685 permittit.
3492 4610 3602 4667 lm-

2042 4725 2192 4795 ponit
2225 4721 2337 4793 (76)
2382 4731 2560 4772 tamen
2608 4716 2816 4785 Moyses
2849 4710 3084 4782 pontifici
3138 4717 3193 4763 et
3247 4702 3598 4771 humeralem,

2044 4817 2136 4886 qni
2170 4824 2252 4869 est
2287 4814 2632 4867 humerorum
2667 4808 2885 4877 quidam
2919 4819 2986 4857 ex
3015 4800 3474 4855 circumductione
3503 4811 3601 4851 ve-

2045 4909 2145 4962 stis
2185 4913 2433 4961 ornatus.
2488 4901 2709 4955 Humeri
2759 4908 2936 4952 autem
2987 4905 3212 4964 operum
3236 4889 3480 4961 ifiguram
3523 4895 3601 4942 te-

2047 5005 2197 5057 nent,
2233 5008 2296 5047 ac
2340 4990 2543 5049 laboris
2572 4986 2792 5043 indicia.
2825 4984 2950 5038 Vult
2976 4997 3108 5052 ergo
3142 4979 3449 5049 pontificem
3478 4988 3606 5033 esse

2046 5087 2211 5138 etiam
2238 5083 2291 5136 i‘n
2323 5081 2578 5150 Operibus
2608 5086 2882 5141 ornatum,
2918 5090 3018 5131 nec
3060 5073 3257 5131 suﬁicit
3280 5072 3393 5129 sola
3424 5070 3603 5126 scien-

2049 5181 2144 5242 tia,
2181 5177 2307 5246 quia
2343 5193 2361 5226 ι
2385 5174 2473 5242 qui
2519 5170 2713 5227 fecerit
2745 5180 2799 5225 et
2832 5168 3097 5235 docuerit,
3129 5168 3218 5222 hic
3248 5176 3477 5235 magnus
3506 5175 3607 5218 vo-

2051 5270 2266 5325 cabitur
2294 5268 2345 5321 in
2386 5278 2553 5335 regno
2580 5262 2840 5317 caelorum
2858 5261 2924 5316 ⁸⁸.
2949 5278 2969 5312 ι

2350 5402 2399 5434 ⁸⁸
2427 5399 2558 5456 Luc.
2591 5414 2678 5464 ut,
2714 5397 2802 5453 li.
2907 5394 2954 5427 ”
2985 5391 3178 5450 Matth.
3202 5407 3259 5462 v,
3280 5389 3356 5447 ‘27
3375 5397 3428 5443 et
3448 5398 3608 5460 seqq.

403 5491 447 5524 ⁸⁸
477 5471 736 5550 uaga";
754 5471 1022 5559 Tan“
1041 5471 1343 5558 εοιιῖεὲζίἰ,
1365 5471 1468 5548 is:
1507 5471 1574 5524 Ἕν
1590 5471 1716 5548 λοι.
1734 5506 1823 5552 xv,
1846 5471 1919 5547 id

2019 5487 2054 5520 ιθ
2080 5478 2278 5533 Matth.
2309 5490 2363 5540 v,
2397 5471 2483 5529 l9.

400 5609 661 5737 ἰῆιῖἒζιη
696 5608 828 5665 libb.
876 5611 1036 5666 editis
1084 5612 1269 5675 deest,
1300 5629 1319 5661 ι
1352 5611 1472 5675 ille,
1506 5627 1526 5662 ι
1556 5611 1650 5665 sed
1684 5611 1950 5678 reperitur

484 5700 495 5731 Ι
553 5702 558 5706 ”
596 5717 611 5733 ο

484 5700 611 5733 mss.

469 5750 581 5819 L75)
611 5749 765 5805 Libb.
782 5750 940 5825 editi,
970 5769 990 5803 ι
1018 5750 1214 5815 ἱιιαυίι.
1244 5768 1264 5803 ι
1290 5750 1381 5807 sed
1413 5765 1567 5809 mss..
1598 5769 1624 5826 «ψ
1650 5750 1889 5807 inuuam.
1923 5768 1941 5802 ι

2102 5592 2243 5681 ⁸(76)
2273 5590 2435 5681 bilib.
2463 5588 2616 5655 editi,
2647 5606 2669 5639 ι
2696 5587 2963 5657 imponet;
2990 5602 3010 5639 ι
3044 5598 3148 5641 ms.
3197 5575 3614 5642 Gemeticensis,

2061 5687 2081 5720 ι
2102 5674 2347 5734 imponit.
2370 5679 2390 5713 ι
