4024 6146
422 250 522 306 471

1867 248 2027 306 OIllG
2037 248 2192 303 ENIS

3566 247 3692 309 473

494 368 549 424 4.
597 385 616 418 ι
638 367 706 423 Et
731 367 922 432 cinxit,
947 367 1214 437 inquit'j”,
1242 382 1371 423 eum
1397 368 1692 424 secundum
1725 364 1993 424 facturam
2023 374 2071 431 Α
2099 372 2226 442 quia
2264 387 2368 425 non
2405 383 2528 427 ante
2557 371 2689 426 alios
2728 371 2945 437 docere,
2975 384 3134 439 quam
3182 384 3281 424 nos
3319 369 3581 427 instructi
3628 380 3692 428 et

420 457 786 513 httmeralis.)
832 457 949 512 Jam
997 466 1051 513 et
1096 462 1346 527 superius
1404 460 1614 514 dixerat
1656 460 1782 530 quia
1820 460 1993 514 cinxit

420 563 545 603 eum
575 563 766 603 zonam
811 562 977 618 super
1005 549 1268 617 tunicam,
1302 559 1358 605 et
1388 552 1551 606 modo
1586 551 1786 606 iterum
1810 552 1984 622 cingi-

426 651 516 696 tur
540 641 836 697 secundum
880 642 1150 698 facturam
1193 644 1512 719 humeralis.
1543 643 1698 715 Quod
1734 653 1818 700 est
1850 642 1992 700 istud

426 731 622 801 duplex
670 730 968 802 cingulum,
1019 748 1131 803 quo
1181 734 1545 789 constrictum
1599 733 1715 788 vult
1762 749 1882 789 esse
1925 749 1994 788 ex

426 822 573 878 omni
607 832 761 893 parte
814 825 1171 895 pontiﬁcem?
1212 827 1557 883 Constrictus
1595 827 1674 881 sit
1719 825 1774 880 in
1804 825 1991 890 verbo,

427 914 762 971 constrictus
792 915 846 970 in
874 932 1061 987 opere,
1087 919 1376 990 expeditus
1405 918 1473 975 ad
1507 918 1710 983 omnia,
1746 917 1880 973 nihil
1903 932 1995 973 re-

428 1007 674 1074 missum,
704 1009 838 1066 nihil
867 1011 1065 1066 habeat
1088 1011 1431 1068 dissolutum.
1459 1011 1755 1069 Accinctus
1780 1011 1852 1065 sit
1879 1010 1995 1065 ani-

430 1099 503 1152 mi
535 1100 848 1167 virtutibus,
890 1102 1220 1158 constrictus
1248 1102 1318 1158 sit
1347 1118 1377 1157 a
1414 1101 1789 1172 corporalibus
1821 1103 1993 1166 vitiis,

425 1189 634 1247 nullum
677 1192 877 1248 animae
919 1192 1152 1264 lapsum,
1198 1192 1403 1250 nullum
1476 1194 1724 1265 corporis
1781 1196 1990 1261 timeat,

426 1291 662 1355 utroque
689 1285 908 1357 cingulo
934 1301 1154 1357 semper
1186 1296 1370 1341 utatur
1402 1295 1461 1340 ut
1505 1287 1579 1341 sit
1606 1295 1833 1341 sanctus
1864 1302 1992 1340 cor-

431 1387 565 1442 pore
594 1380 653 1428 et
677 1374 891 1444 spiritu.
924 1374 1070 1432 Bene
1094 1385 1276 1432 autem
1307 1386 1363 1433 et
1390 1379 1688 1432 secundum
1724 1377 1989 1434 facturam

428 1461 732 1523 humeralis
779 1466 1037 1538 cingitur.
1088 1467 1400 1525 Secundum
1454 1469 1595 1524 facta
1643 1470 1786 1525 enim
1814 1479 1995 1525 suaet

426 1556 725 1613 secundum
749 1572 912 1628 opera
946 1573 1042 1615 sua
1059 1560 1281 1631 cingulo
1317 1561 1534 1617 virtutis
1561 1562 1752 1616 utitur.
1778 1560 1845 1616 Et
1877 1571 1996 1630 post

427 1645 583 1712 itare,
637 1646 895 1717 inquit“,
953 1650 1249 1719 «imposuit
1308 1666 1473 1722 super
1526 1667 1647 1707 eum
1699 1652 1936 1724 legium,
1968 1671 1988 1704 ι

427 1736 573 1806 quod
607 1746 691 1794 est
712 1737 1003 1806 rationale,
1044 1759 1063 1794 ι
1085 1752 1139 1796 et
1173 1742 1428 1811 imposuit
1453 1757 1617 1812 super
1642 1742 1842 1812 legium
1878 1758 1994 1797 ma-

432 1827 864 1896 nil‘estationem,
903 1843 958 1888 et
1003 1834 1311 1898 veritatem,
1375 1842 1432 1889 et
1478 1834 1733 1905 imposuit
1774 1834 1989 1889 mitram

429 1933 596 1991 super
633 1930 802 1992 caput
841 1921 977 1992 ejus.
1004 1941 1024 1975 ι
1076 1924 1185 1980 Sed
1229 1924 1510 1981 videamus
1579 1924 1707 1994 quid
1768 1922 1990 1994 lagium,

430 2011 577 2080 quod
605 2021 689 2070 est
715 2014 1003 2081 rationale,
1037 2016 1321 2087 signiﬁcet.
1358 2015 1717 2085 Posteaquam
1773 2017 1993 2074 nuditas

429 2109 573 2157 tecta
603 2112 709 2170 est,
740 2113 798 2160 et
841 2105 1166 2162 iudumentis
1200 2106 1471 2176 turpitudo
1493 2107 1667 2163 velata
1685 2107 1821 2178 (77),
1844 2116 1994 2177 post-

427 2207 659 2263 eaquam
700 2197 949 2254 munitus
980 2199 1238 2267 operibus
1277 2208 1335 2254 et
1386 2199 1604 2270 cingulo
1650 2208 1878 2270 utroque
1899 2200 1995 2255 ﬁr-

430 2294 613 2338 matus
637 2292 743 2352 est,
773 2285 971 2357 logium
1006 2290 1077 2356 ei,
1113 2287 1166 2343 id
1212 2296 1295 2344 est
1329 2289 1615 2354 rationale,
1649 2298 1774 2345 tunc
1823 2288 1993 2343 tradi-

430 2379 544 2431 tur.
576 2372 806 2446 Logium
842 2378 1124 2449 sapientiae
1153 2380 1411 2436 indicium
1450 2381 1698 2449 est,quia
1728 2383 1994 2452 sapientia

433 2461 490 2518 in
524 2465 735 2522 ratione
771 2469 1047 2525 consistit.
1082 2468 1188 2524 Sed
1229 2484 1348 2539 quae
1393 2471 1466 2526 sit
1507 2470 1792 2540 sapientiae
1831 2468 1995 2538 huius

428 2566 484 2612 et
512 2558 738 2615 rationis
767 2560 939 2616 virtus
970 2563 1230 2618 ostendit.
1280 2562 1512 2634 imponit
1536 2564 1681 2619 enim
1711 2579 1873 2635 super
1908 2580 1996 2619 ra-

431 2649 711 2718 tionalem,
740 2652 1231 2708 manili-stationem
1262 2663 1319 2710 et
1348 2654 1655 2710 veritatem.
1698 2654 1814 2711 Non
1846 2655 1992 2710 enim

433 2737 632 2795 suﬁicit
672 2741 917 2811 pontifici
962 2740 1167 2797 habere
1215 2743 1574 2812 sapientiam;
1609 2753 1665 2799 et
1705 2745 1845 2801 scire
1877 2762 1995 2803 ome

431 2829 584 2884 nium
619 2835 904 2896 rationem,
946 2832 1050 2887 nisi
1100 2834 1272 2902 possit
1319 2836 1483 2889 etiam
1533 2836 1730 2906 populo
1770 2828 1994 2892 manife-

432 2928 581 2974 stare
607 2935 729 2989 quae
759 2921 931 2976 novit.
960 2919 1086 2977 ideo
1108 2938 1239 2993 ergo
1275 2923 1568 2993 imponitur
1595 2925 1843 2980 rationali
1880 2940 1995 2981 ma-

427 3011 727 3075 nilestatio,
770 3024 829 3067 ut
862 3014 1033 3082 possit
1072 3015 1400 3083 respondere
1457 3016 1602 3071 omni
1642 3018 1883 3086 poscenti
1931 3034 1990 3075 se

428 3097 699 3151 rationem
753 3102 821 3154 de
865 3100 967 3154 ﬁde
999 3108 1054 3156 et
1085 3102 1336 3157 veritate.
1369 3102 1594 3158 Ponitur
1619 3115 1796 3160 autem
1829 3121 1991 3177 super

428 3186 560 3241 illud
593 3197 650 3242 et
693 3190 919 3255 veritas,
949 3200 1007 3245 ut
1041 3208 1145 3245 non
1200 3193 1293 3247 illa
1343 3204 1577 3262 astruat,
1618 3212 1738 3265 quae
1769 3198 1990 3266 proprio

426 3280 744 3347 excogitare
793 3292 970 3352 potest
1015 3283 1252 3353 ingenio,
1303 3288 1395 3339 sed
1425 3301 1545 3355 quae
1576 3288 1777 3343 veritas
1807 3288 1990 3356 habet,

427 3387 530 3426 nec
573 3387 829 3448 unquam.
860 3389 889 3428 a
941 3376 1172 3430 veritate
1212 3377 1478 3440 discedat,
1514 3388 1570 3432 ut
1606 3378 1658 3433 in
1701 3381 1847 3435 omni
1878 3396 1994 3437 ser-

430 3476 594 3517 mone
636 3462 755 3533 ejus
807 3478 1023 3534 semper
1068 3466 1272 3522 veritas
1304 3479 1544 3523 maneat.
1574 3469 1689 3525 lloc
1736 3480 1819 3526 est
1859 3487 1991 3544 ergo

427 3556 842 3624 superposuisse
897 3556 1145 3611 rationali
1197 3557 1685 3626 manifestationetn
1716 3572 1770 3617 et
1801 3564 1993 3618 verita-

429 3654 559 3698 tem.
596 3643 845 3701 Infelices
876 3646 974 3714 illi,
1002 3648 1092 3718 qui
1122 3650 1236 3705 haec
1267 3649 1508 3720 legentes
1532 3667 1749 3708 omnem
1794 3655 1995 3710 intelli-

428 3737 665 3806 gentiam
717 3754 868 3796 suam
910 3755 1037 3812 erga
1087 3757 1307 3796 sensum
1354 3744 1668 3798 vestimenti
1690 3748 1990 3816 corporalis

425 3826 733 3885 eﬁunduntl
763 3830 956 3886 Dicant
986 3831 1141 3888 nobis
1169 3833 1327 3902 quale
1351 3843 1434 3889 est
1464 3835 1843 3895 vestimentum
1875 3853 1991 3892 ma-

426 3921 819 3992 nil‘estationis,
868 3935 963 3979 aut
1003 3926 1372 3981 indumentum
1404 3928 1562 3997 quale
1595 3938 1680 3984 est
1703 3929 1976 3984 veritatis.

430 4012 488 4068 Si
515 4014 639 4084 quis
672 4030 907 4085 unquam
938 4017 1087 4085 vidit,
1119 4018 1163 4072 si
1201 4019 1322 4088 quis
1356 4020 1564 4073 audivit
1599 4020 1991 4075 tnauil‘estatio-

428 4122 554 4163 nem
587 4118 644 4164 et
671 4110 957 4164 veritatem
990 4112 1305 4168 vestimenta
1340 4114 1628 4178 nominari,
1661 4115 1844 4169 dicant
1890 4130 1987 4169 no-

430 4200 518 4256 bis
553 4216 674 4272 que
718 4202 830 4257 sint
871 4204 1123 4259 mulieres
1171 4221 1290 4274 qua:
1332 4207 1434 4260 ista
1486 4209 1734 4272 texerint,
1779 4209 1831 4261 in
1882 4222 1991 4279 quo

433 4293 553 4349 haec
601 4310 837 4366 unquam
868 4297 979 4351 sint
1006 4296 1257 4353 confecta
1303 4299 1563 4354 textrino.
1593 4300 1697 4354 Sed
1725 4302 1770 4354 si
1801 4315 1987 4354 verum

2095 467 2445 522 rationabiles
2477 480 2600 522 esse
2629 465 2908 522 debemus.
2938 464 3113 533 Super
3154 464 3267 518 inec
3306 475 3489 521 autem
3520 463 3689 519 addi-

2094 565 2184 610 tur
2213 557 2434 621 Veritas,
2458 557 2588 626 quia
2615 556 2820 610 veritas
2867 563 2951 610 est
2990 568 3197 608 summa
3241 554 3536 623 sapientia.
3574 553 3692 609 lie-

2094 649 2257 719 nique
2292 648 2554 718 propheta
2584 647 2730 703 hunc
2760 647 3012 702 eumdem
3043 647 3292 701 ordinem
3312 655 3502 701 servat
3532 661 3672 700 cum

2094 737 2337 794 dicit“:
2375 755 2394 789 ι
2429 736 2708 792 Seminate
2752 735 2908 791 vobis
2948 738 3014 791 ad
3055 735 3430 805 justitiam.et
3461 734 3676 788 metite

2096 828 2332 884 fructum
2372 827 2516 894 vitae,
2550 828 2854 882 illuminate
2908 827 3063 883 vobis
3105 826 3287 881 lumen
3331 827 3621 883 scientiae.
3655 844 3678 878 ι

2094 919 2260 977 Vides
2286 919 2557 989 quomodo
2588 934 2692 974 non
2746 918 2880 973 dicit
2918 919 3094 988 primo
3123 936 3142 970 ‹
3166 917 3471 972 illuminate
3519 916 3687 987 vobis

2093 1012 2273 1067 lumen
2324 1010 2585 1073 scientiae,
2613 1028 2632 1063 ι
2680 1009 2774 1065 sed
2822 1010 2996 1080 primo
3027 1026 3047 1060 ‹
3094 1010 3357 1065 seminate
3404 1009 3576 1063 vobis
3609 1006 3684 1061 ad

2088 1102 2376 1174 justitiam,
2405 1120 2425 1153 ι
2460 1111 2517 1156 et
2549 1116 2654 1156 non
2696 1098 2893 1157 snﬁicit
2938 1100 3229 1165 seminare,
3275 1101 3368 1156 sed
3407 1118 3427 1153 ι
3454 1100 3682 1163 metite,

2094 1193 2291 1263 inquit,
2318 1192 2551 1248 fructum
2582 1192 2727 1256 vitae,
2752 1212 2771 1245 ι
2807 1201 2863 1246 ιιι
2890 1201 3012 1263 post
3047 1191 3160 1247 haec
3190 1192 3406 1262 possitis
3436 1191 3686 1261 implere

2092 1285 2236 1353 quod
2270 1284 2540 1352 sequitur,
2581 1302 2600 1335 ‹
2631 1283 2935 1338 illuminate
2963 1282 3114 1338 vobis
3143 1281 3322 1336 lumen
3354 1282 3680 1337 scientiae.»

2094 1375 2187 1432 Sic
2218 1390 2352 1447 ergo
2387 1373 2553 1445 218
2579 1374 2743 1428 etiam
2790 1374 2879 1429 hic
2920 1373 3220 1444 imponitur
3246 1373 3554 1428 humeralis
3587 1388 3687 1427 or-

2094 1477 2276 1534 natus,
2325 1475 2379 1519 et
2427 1479 2533 1519 non
2580 1462 2777 1518 suﬁicit
2827 1463 2974 1519 solus
3025 1471 3252 1517 ornatus
3284 1458 3421 1533 (79),
3457 1461 3567 1515 sed
3622 1468 3683 1514 et

2095 1574 2229 1612 zona
2279 1554 2692 1624 constringitur.
2726 1554 2832 1609 Sed
2882 1570 2951 1610 ne
3000 1554 3100 1609 hoc
3133 1554 3349 1622 quidem
3391 1552 3535 1607 satis
3567 1561 3685 1617 est,

2097 1650 2334 1707 secundo
2371 1649 2548 1703 adhuc
2587 1647 2846 1716 cingitur,
2899 1656 2958 1700 ut
3000 1647 3074 1701 ita
3129 1646 3347 1700 demum
3395 1644 3688 1700 rationale

2097 1742 2271 1814 possit
2314 1741 2542 1809 imponi,
2591 1749 2644 1795 et
2688 1749 2810 1808 post
2832 1740 2949 1795 haec
2978 1738 3342 1795 manifestatio
3368 1737 3683 1807 subsequa-

2097 1847 2186 1891 tur
2214 1843 2271 1889 et
2305 1834 2530 1889 veritas.
2558 1831 2652 1887 llis
2683 1831 3013 1888 indumentis
3041 1832 3280 1902 pontifex
3308 1840 3519 1886 utatur.
3550 1829 3683 1885 Tali

2093 1936 2288 1984 ornatu
2320 1926 2475 1981 debet
2507 1925 2678 1991 indui,
2710 1925 2800 1992 qui
2833 1924 3191 1978 sacerdotium
3221 1924 3379 1988 gerit.

2166 2023 2218 2078 5.
2261 2021 2367 2076 Sed
2415 2019 2650 2075 nondum
2699 2016 2895 2081 ﬁnivit,
2937 2026 2994 2070 et
3046 2015 3182 2069 alius
3214 2015 3390 2068 adhuc
3433 2021 3680 2068 ornatus

2096 2111 2378 2167 addeudus
2426 2121 2529 2173 est,
2561 2122 2785 2163 necesse
2819 2116 2903 2162 est
2944 2116 3004 2161 ut
3048 2104 3285 2172 accipiat
3308 2104 3472 2158 etiam
3498 2116 3678 2157 coro-

2093 2219 2242 2259 nant.
2298 2201 2590 2271 Propterea
2633 2200 2830 2267 accipit
2874 2199 3046 2267 primo
3095 2196 3348 2262 cidarim,
3391 2195 3536 2266 quod
3586 2203 3680 2248 est

2092 2294 2181 2351 vel
2225 2291 2617 2362 operimentum
2673 2289 2942 2360 quoddam
2996 2286 3210 2357 capitis,
3242 2287 3326 2341 vel
3370 2300 3678 2341 ornamen-

2097 2395 2229 2441 tum.
2267 2383 2335 2438 Et
2368 2391 2489 2452 post
2523 2380 2639 2436 hac
2685 2379 3147 2448 superimponitur
3194 2378 3241 2432 ei
3287 2375 3469 2431 mitra.
3516 2379 3674 2430 Ante

2093 2471 2312 2536 faciem,
2352 2470 2404 2523 id
2454 2478 2545 2536 est,
2583 2482 2612 2521 a
2666 2465 2841 2521 fronte
2892 2465 3188 2537 pontiﬁcis,
3236 2465 3436 2521 lamina
3493 2479 3672 2519 aurea

2094 2565 2455 2629 sanctiﬁcata,
2479 2563 2531 2616 in
2558 2576 2662 2631 qua
2687 2559 2954 2630 sculptum
2973 2558 3178 2613 dicitur
3195 2556 3515 2613 vocabulum
3541 2556 3668 2612 Dei.

2097 2659 2299 2715 Verum
2328 2656 2434 2711 iste
2455 2655 2650 2726 capitis
2675 2665 2923 2715 ornatus,
2955 2652 3044 2707 ubi
3074 2666 3268 2707 nomen
3306 2650 3401 2704 Dei
3435 2649 3672 2720 imposi-

2101 2760 2215 2806 tum
2250 2748 2471 2814 dicitttr,
2510 2755 2631 2815 post
2661 2744 2751 2800 illa
2808 2743 2988 2798 omnia
3018 2744 3217 2813 quibus
3248 2741 3505 2797 inferiora
3538 2756 3682 2795 cor--

2092 2842 2241 2912 poris
2272 2840 2514 2894 membra
2570 2836 2788 2891 fuerant
2841 2844 3124 2899 exornata,
3167 2837 3573 2904 superponitur.
3605 2829 3668 2886 In

2095 2947 2205 3002 quo
2235 2928 2365 2985 mihi
2399 2926 2627 2983 indicari
2655 2926 2890 2989 videtur,
2923 2925 3066 2992 quod
3113 2937 3274 2993 super
3301 2922 3510 2982 omnia,
3538 2935 3668 2990 quae

2094 3022 2162 3077 de
2190 3022 2390 3075 mundo
2426 3017 2508 3073 vel
2538 3018 2606 3073 de
2631 3015 2846 3072 caeteris
2894 3012 3162 3069 creaturis
3207 3010 3418 3075 sentiri,
3450 3018 3545 3064 aut
3580 3010 3670 3064 in-

2095 3112 2260 3182 telligi
2301 3120 2548 3181 possunt,
2576 3107 2907 3163 eminentior
2956 3115 3213 3174 tauquam
3264 3102 3505 3158 auctoris
3535 3118 3664 3156 out—

2094 3205 2240 3260 nium
2288 3203 2513 3258 scientia
2567 3200 2663 3256 Dei
2704 3201 2793 3255 sit.
2820 3198 2887 3253 Et
2933 3200 3059 3269 quia
3095 3199 3208 3266 ipse
3228 3205 3392 3264 caput
3418 3206 3504 3250 est
3540 3209 3667 3249 om-

2092 3299 2263 3364 nium,
2295 3298 2417 3351 ideo
2445 3306 2498 3350 et
2521 3304 2747 3349 ornatus
2768 3294 2867 3346 iste
2892 3307 3052 3362 super
3071 3290 3252 3345 omnia
3278 3288 3438 3357 capiti
3467 3302 3666 3358 super-

2091 3391 2332 3460 ponitur.
2360 3386 2501 3440 Nihil
2528 3384 2674 3441 enim
2696 3395 2816 3455 post
2844 3385 2957 3439 haec
2984 3381 3233 3451 adjicitur
3264 3378 3534 3450 pontiﬁcis
3565 3393 3665 3433 ca-

2093 3480 2213 3551 piti.
2248 3477 2313 3534 Et
2337 3478 2453 3531 ideo
2483 3475 2665 3531 miseri
2690 3483 2817 3529 sunt
2847 3472 2919 3527 illi
2950 3473 3017 3526 de
3046 3471 3241 3541 quibus
3266 3467 3397 3522 dicit
3421 3467 3662 3536 Aposto-

2093 3571 2261 3636 ius”,
2290 3569 2419 3638 quia
2450 3582 2557 3622 non
2608 3575 2790 3621 tenent
2829 3583 2846 3617 ι
2871 3575 3054 3634 caput,
3089 3577 3156 3618 ex
3196 3575 3303 3631 quo
3327 3558 3503 3616 omnis
3528 3558 3663 3627 jun-

2093 3672 2241 3718 ctura
2272 3674 2514 3717 connexa
2541 3666 2594 3713 et
2627 3656 3002 3726 compaginata
3029 3654 3229 3709 crescit
3258 3653 3309 3705 in
3355 3650 3663 3704 incremen-

2094 3766 2206 3809 tum
2237 3753 2329 3809 Dei
2366 3753 2419 3806 in
2453 3749 2668 3820 spiritu.
2702 3766 2722 3800 ›
2757 3745 2862 3801 Sed
2889 3759 2989 3799 nos
3032 3745 3078 3798 si
3128 3744 3268 3797 bene
3296 3737 3663 3795 intelleximus

2091 3846 2215 3915 quis
2248 3845 2318 3898 sit
2355 3841 2653 3898 sacerdotis
2678 3846 2923 3901 ornatus,
2959 3835 3119 3904 quive
3143 3846 3306 3902 super
3350 3829 3533 3885 omnia
3559 3828 3661 3881 bo~

2094 3953 2191 3991 nor
2223 3936 2414 4005 capitis
2455 3932 2595 4001 ejus,
2624 3930 3009 4001 mysteriorum
3046 3926 3354 3980 divinorum
3386 3921 3657 3991 profunda

2094 4031 2379 4094 rimantes,
2410 4041 2515 4080 non
2559 4024 2701 4078 scire
2747 4031 2959 4075 tantum
3000 4016 3114 4073 haec
3146 4024 3199 4069 et
3229 4015 3434 4078 audire,
3467 4011 3560 4066 sed
3604 4019 3660 4065 et

2094 4119 2317 4186 implere
2359 4116 2733 4170 desideremus
2765 4122 2819 4167 ct
2865 4109 3067 4174 facere,
3094 4107 3217 4177 quia
3247 4119 3352 4158 non
3382 4098 3660 4156 auditores

2092 4209 2226 4278 legis
2251 4206 2699 4275 jnstilicabuntur
2742 4201 2882 4270 apud
2916 4201 3103 4262 Deum,
3139 4196 3233 4252 sed
3263 4192 3517 4248 factores.
3551 4190 3658 4246 Po-

2093 4311 2172 4355 tes
2206 4300 2347 4355 euim
2372 4306 2428 4352 et
2454 4307 2533 4362 ttt,
2568 4306 2627 4348 ut
2660 4309 2803 4364 stepe
2831 4291 2939 4361 jam
2974 4291 3232 4353 diximus,
3276 4288 3322 4341 si
3367 4285 3562 4339 studiis
3602 4291 3660 4338 et

425 4385 591 4441 vultis
642 4387 850 4452 audire,
888 4389 1150 4457 sapientia
1181 4401 1265 4442 est
1307 4405 1429 4458 quae
1463 4390 1766 4460 ltujusmodi
1801 4390 1988 4444 conle-
2019 4398 2067 4458 ι)
2098 4390 2294 4460 vigiliis
2341 4388 2449 4444 tuis
2491 4382 2862 4454 hujuscemodi
2912 4382 3010 4436 tibi
3055 4377 3448 4451 praeparaveris
3500 4375 3658 4429 indu-

425 4476 503 4529 cit
557 4477 896 4534 indumenta.
944 4478 1038 4534 Illa
1091 4480 1428 4534 occultorum
1467 4481 1983 4548 manifestationem,

425 4568 519 4624 illa
549 4570 684 4625 texit
714 4585 894 4626 rerum
917 4573 1157 4627 omnium
1185 4572 1488 4630 veritatem.
1523 4572 1676 4628 Hanc
1700 4590 1833 4644 ergo
1858 4588 1988 4629 ore-

427 4675 548 4716 mus
581 4676 610 4716 a
643 4661 872 4720 Domino
896 4664 1007 4736 (78)
1044 4676 1102 4718 ut
1128 4665 1375 4733 accipere
1419 4680 1746 4732 mereamur,
1783 4676 1838 4721 et
1874 4667 1988 4736 ipsa

432 4769 533 4810 nos
583 4754 784 4812 talibus
832 4756 1194 4812 circumdabit
1243 4757 1590 4812 indumentis.
1635 4758 1739 4813 Sed
1788 4767 1842 4813 et
1876 4759 1990 4827 ipse

428 4844 569 4901 ordo
597 4861 780 4901 rerum
813 4861 977 4915 quam
1010 4855 1231 4901 sanctus
1264 4846 1356 4911 sit,
1388 4857 1443 4900 et
1487 4861 1649 4915 quam
1701 4848 1986 4917 mirabilis,

425 4936 654 4993 intuere.
691 4936 807 4992 Non
836 4936 1204 5008 antelogium,
1240 4947 1295 4992 et
1325 4947 1507 5006 postea
1545 4939 1983 5007 bunterale,quia

426 5042 533 5082 non
559 5035 687 5084 ante
729 5029 998 5098 sapientia
1043 5042 1205 5099 quam
1254 5043 1441 5096 opera,
1476 5029 1569 5083 sed
1623 5031 1775 5098 prius
1821 5046 1983 5098 Opera

426 5119 617 5176 haberi
661 5119 878 5188 debent,
919 5128 974 5176 et
1016 5129 1210 5192 postea
1250 5120 1539 5189 quaerenda
1586 5121 1855 5191 sapientia
1880 5132 1982 5178 est.

426 5212 567 5269 Tum
603 5214 797 5270 deinde
822 5229 927 5271 non
960 5225 1087 5268 ante
1117 5211 1486 5267 manifestatio
1510 5228 1670 5281 quam
1697 5216 1982 5285 rationale,

513 5354 559 5389 ⁸⁸
586 5353 760 5411 Levit.
788 5367 903 5419 vut,
927 5352 980 5406 7.
1046 5353 1092 5386 ⁹⁰
1117 5353 1273 5419 ibid.,
1301 5353 1358 5409 8.

497 5476 611 5550 (77)
643 5476 843 5535 Omnes
878 5491 1033 5542 mss.,
1079 5494 1099 5527 ι
1121 5475 1318 5531 velata.
1343 5494 1363 5529 ι
1399 5474 1560 5535 Libb.
1593 5479 1744 5545 editi,
1786 5498 1806 5531 ι
1838 5478 1989 5535 vola-

428 5559 610 5689 ωιδὲ)
640 5582 843 5675 Οιιιιιθε
873 5633 1030 5686 mss.,
1062 5634 1081 5669 ι
1106 5632 1137 5673 a
1160 5615 1409 5676 Domino.
1443 5637 1463 5673 ι
1491 5618 1653 5679 Libb.
1678 5619 1835 5690 editi,
1866 5637 1887 5674 ι
1915 5619 1986 5678 ad

429 5691 733 5745 Dominum.
760 5710 780 5742 ι

2094 4494 2301 4550 menta,
2333 4482 2378 4536 si
2420 4489 2473 4535 te
2501 4480 2752 4543 abluerlt,
2782 4484 2837 4530 et
2870 4475 3125 4529 mundum
3157 4471 3350 4526 fecerit
3373 4481 3553 4523 sermo
3580 4465 3658 4517 le-

2092 4576 2196 4645 gis,
2225 4584 2281 4628 et
2316 4572 2502 4626 unctio
2546 4567 2885 4632 chrismatis,
2915 4575 2972 4619 et
3011 4563 3186 4632 gratia
3235 4562 3288 4615 in
3323 4569 3373 4614 te
3401 4555 3657 4628 baptismi

2092 4662 2521 4717 incontatninata
2564 4660 2865 4723 duraverit,
2927 4658 2973 4711 si
3024 4652 3247 4709 indutus
3284 4648 3453 4705 fueris
3500 4646 3655 4701 indu-

2092 4755 2288 4810 mentis
2322 4752 2630 4822 duplicibus
2656 4752 2849 4805 litterae
2884 4764 2948 4803 ac
2992 4747 3246 4817 spiritus,
3276 4744 3321 4798 si
3360 4742 3527 4797 etiam
3555 4739 3654 4793 du-

2092 4848 2310 4917 pliciter
2344 4843 2673 4914 accingaris,
2703 4852 2764 4896 ut
2801 4854 2971 4896 carne
3012 4850 3067 4895 et
3113 4839 3296 4892 animo
3322 4845 3514 4890 castus
3553 4831 3650 4896 sis,

2091 4940 2135 4994 si
2162 4937 2431 4994 hutuerali
2469 4950 2719 5005 operum,
2749 4942 2804 4988 et
2830 4933 3108 5001 sapientia:
3138 4927 3386 4983 rationali
3416 4924 3653 4988 orneris,

2090 5033 2135 5086 si
2154 5033 2318 5087 etiam
2347 5029 2510 5083 mitra
2528 5027 2625 5082 tibi
2651 5035 2707 5081 et
2732 5025 2932 5080 lamina
2962 5039 3147 5088 aurea,
3172 5018 3447 5090 plenitudo
3476 5018 3657 5070 scien-

2088 5125 2179 5179 tia:
2205 5122 2298 5178 Dei
2335 5129 2501 5191 caput
2527 5127 2773 5181 coronet,
2810 5118 2953 5171 scito
2982 5125 3032 5169 te
3060 5111 3275 5169 etiamsi
3308 5111 3451 5181 apud
3475 5108 3648 5163 homi-

2089 5233 2189 5273 nes
2240 5216 2411 5270 lateas
2436 5223 2494 5269 et
2527 5211 2817 5281 ignoreris,
2857 5209 2998 5278 apud
3053 5205 3221 5261 Deum
3276 5213 3453 5258 tamen
3493 5211 3656 5268 agere

1452 5352 1659 5412 “Osee.
1693 5373 1746 5424 κ,
1778 5356 1869 5411 12.
1944 5359 1990 5389 ⁹¹
2016 5356 2132 5414 Col.
2165 5373 2228 5423 ιι,
2259 5357 2347 5414 l9.

2167 5479 2279 5553 (79)
2309 5480 2366 5535 ln
2408 5495 2543 5553 mss.
2573 5479 2795 5553 deest,_¢
2821 5478 2972 5534 solus
3007 5482 3256 5553 ornatus.
3281 5492 3302 5526 ι
3331 5472 3479 5553 intra
3521 5485 3653 5553 mss.

2094 5544 2316 5618 habent,
2357 5561 2452 5605 «et
2493 5552 2633 5607 alius
2683 5544 2859 5606 adhuc
2904 5559 3149 5604 ornatus.
3186 5564 3205 5597 ι
3236 5546 3294 5600 in
3330 5544 3457 5598 libb.
3495 5545 3654 5599 editis

2090 5623 2264 5690 deest,
2304 5640 2323 5675 ι
2342 5620 2542 5693 alius.)
