4024 6146
288 324 390 388 178

1450 314 1519 371 ΙΝ
1557 311 1930 371 LEVITICUM
1975 309 2258 367 HOMILIA
2308 306 2397 363 Vl.

3415 288 3523 347 474

287 444 655 519 pontificatum
688 441 833 496 intra
862 441 1057 496 anima:
1084 449 1188 495 tum
1213 438 1492 507 templum.
1529 456 1550 490 ι
1568 436 1681 493 Vos
1706 435 1853 491 enim
1884 437 1931 495 Α
1959 428 2257 487 indumenti
2282 426 2539 483 indicium
2565 419 2828 479 castitatis
2855 414 3051 480 videri,
3073 426 3181 483 quo
3205 407 3288 465 vel
3313 406 3518 463 femora

290 537 416 593 estis
448 534 708 605 templum
740 533 834 588 Dei
871 533 1003 597 vivi,
1036 533 1080 587 si
1113 532 1337 602 spiritus
1387 531 1479 586 Dei
1535 529 1750 585 habitat
1800 526 1853 580 in

290 628 438 683 vobis
460 626 529 680 “.
561 646 581 680 ι
620 625 750 682 Post
768 624 885 680 haec
916 640 1036 694 quae
1062 624 1129 679 de
1157 623 1570 679 consecratione
1614 619 1733 690 ejus
1775 618 1857 673 di-

291 728 488 774 cuntur
531 725 589 774 et
636 719 705 773 de
752 717 1031 784 unctione,
1069 717 1301 787 sparsim
1347 730 1379 770 a
1430 712 1589 770 nobis
1618 723 1673 769 et
1716 727 1859 784 saepe

290 812 522 867 disserta
554 812 702 864 sunt.

360 899 414 954 6.
456 899 612 966 Quod
661 908 839 954 autem
896 898 1135 954 dicit“:
1178 914 1198 949 ι
1224 894 1294 952 Et
1341 894 1603 966 applicuit
1648 894 1860 965 Moyses

286 993 432 1048 ﬁlios
459 993 669 1057 Aaron,
699 1002 754 1047 et
784 991 962 1046 induit
985 1005 1082 1044 eos
1108 990 1342 1050 tunicas,
1368 995 1422 1043 et
1457 987 1743 1059 praecinxit
1762 1002 1859 1043 eos

286 1098 482 1152 zonas,
519 1092 577 1139 et
608 1083 864 1154 imposuit
892 1083 975 1138 eis
1021 1082 1258 1148 cidares,
1286 1082 1425 1137 sicut
1463 1080 1723 1152 praecepit
1751 1078 1860 1134 Do-

284 1173 472 1227 minus
511 1172 741 1243 Moysi,»
779 1171 1167 1228 attendendum
1227 1182 1316 1228 est
1347 1186 1466 1243 quae
1502 1174 1573 1227 sit
1605 1171 1862 1226 differen-

287 1265 366 1317 tia
405 1264 602 1319 horum
640 1264 756 1337 (80)
781 1264 1154 1330 sacerdotum,
1183 1267 1251 1319 ad
1292 1265 1497 1336 majora
1531 1266 1861 1321 sacerdotia.

284 1350 416 1407 Istis
463 1367 637 1422 neque
668 1354 795 1409 bina
834 1355 1151 1411 indumenta
1203 1355 1511 1421 traduntur,
1559 1371 1734 1425 neque
1758 1356 1863 1410 hu—

286 1442 513 1546 rrieralis
562 1459 745 1514 neque
797 1445 1103 1512 rationalis,
1137 1461 1312 1517 neque
1365 1446 1559 1518 capitis
1616 1457 1863 1515 ornatus,

283 1535 395 1590 nisi
441 1544 648 1591 tantum
681 1536 885 1593 cidaris
919 1546 975 1593 et
1021 1551 1193 1604 zonae,
1228 1554 1352 1609 quae
1399 1542 1642 1596 tunicam
1694 1540 1866 1595 strin-

285 1634 445 1696 gant.
478 1625 547 1679 Et
589 1626 678 1681 isti
717 1642 849 1696 ergo
879 1627 1157 1698 accipiunt
1191 1628 1481 1684 sacerdotii
1523 1631 1776 1700 gratiam,
1811 1639 1867 1687 et

285 1716 380 1772 isti
413 1716 719 1790 funguntur
752 1718 953 1787 ofﬁcio,
980 1721 1075 1775 sed
1106 1735 1210 1775 non
1260 1730 1320 1774 ut
1356 1719 1433 1775 illi
1470 1721 1562 1791 qui
1593 1731 1647 1776 et
1675 1723 1867 1778 hume-

286 1806 391 1862 rali
417 1817 474 1861 et
499 1808 759 1863 rationali
810 1819 1041 1865 ornatus
1065 1820 1174 1876 est,
1207 1807 1301 1879 qui
1332 1809 1773 1866 manifestatione
1812 1822 1868 1866 et

298 1901 538 1956 veritate
574 1901 905 1972 resplendet,
932 1901 1027 1972 qui
1078 1915 1259 1956 aurea:
1286 1902 1500 1957 laminae
1549 1912 1868 1958 ornamento

286 1992 612 2049 decoratur.
650 1992 804 2050 Unde
838 1995 1076 2050 arbitror
1114 1994 1258 2051 aliud
1304 2011 1427 2051 esse
1466 1995 1523 2049 in
1571 1997 1870 2052 sacerdoti-

288 2085 396 2141 bus
425 2086 607 2143 olIicio
637 2085 809 2159 fungi,
846 2087 992 2143 aliud
1032 2086 1362 2143 instructum
1385 2101 1508 2143 esse
1539 2086 1590 2140 in
1617 2086 1869 2141 omnibus

288 2186 348 2230 et
371 2188 657 2233 ornatum.
685 2178 876 2246 Quivis
921 2179 1067 2234 enim
1099 2186 1280 2250 potest
1304 2177 1533 2233 solemni
1564 2177 1871 2232 ministerio

290 2266 446 2340 fungi
482 2269 553 2325 ad
581 2270 851 2341 populum,
878 2272 1033 2343 pauci
1058 2281 1239 2327 autem
1275 2283 1400 2327 sunt
1427 2269 1521 2341 qui
1541 2269 1720 2326 ornati
1751 2284 1869 2324 mo-

294 2362 473 2428 ribus,
509 2363 765 2419 instructi
811 2364 1085 2431 doctrina,
1116 2363 1380 2434 sapientia
1411 2361 1632 2428 eruditi,
1663 2363 1731 2417 ad
1756 2377 1872 2417 ma-

291 2454 671 2511 nifestandam
739 2457 1024 2513 veritatem
1086 2471 1267 2513 rerum
1321 2455 1620 2526 peridonei,
1663 2463 1719 2510 et
1775 2454 1870 2524 qui

292 2547 594 2602 scientiam
631 2547 755 2603 fidei
808 2564 916 2604 non
955 2549 1076 2605 sine
1129 2558 1452 2604 ornamento
1516 2562 1774 2603 sensuum
1817 2555 1873 2601 et

289 2637 660 2693 assertionum
675 2637 887 2709 fulgore
912 2624 1249 2709 depromant,
1276 2639 1422 2710 quod
1450 2652 1629 2693 aureae
1655 2636 1873 2693 lamina:

289 2730 462 2800 capiti
495 2729 785 2799 impositus
825 2732 1075 2802 designat
1103 2742 1353 2786 ornatus.
1389 2730 1565 2786 Unum
1598 2729 1764 2800 igitur
1787 2738 1874 2786 est

289 2819 597 2874 sacerdotii
650 2834 868 2883 nomen,
901 2819 996 2876 sed
1041 2836 1148 2875 non
1200 2836 1329 2885 una,
1364 2820 1448 2875 vel
1478 2835 1579 2888 pro
1605 2820 1728 2874 vita:
1759 2834 1873 2875 me-

290 2911 432 2980 rito,
465 2910 554 2968 vel
601 2927 701 2982 pro
747 2912 914 2968 animi
946 2912 1244 2969 virtutibus
1276 2913 1535 2983 dignitas.
1568 2912 1637 2967 Et
1671 2911 1794 2968 ideo
1816 2912 1872 2967 in

287 3001 381 3059 his
407 3019 531 3073 quae
566 3004 653 3059 lex
686 3004 867 3061 divina
907 3004 1185 3070 describit,
1218 3002 1380 3058 veluti
1432 3003 1487 3057 in
1535 3002 1755 3073 speculo
1789 3001 1875 3057 in-

1959 522 2182 591 Operiri,
2204 521 2288 575 vel
2322 515 2616 584 constringi
2645 527 2802 567 renes
2828 508 3079 562 videntur
3121 518 3186 559 ac
3226 500 3421 564 lumbi,
3454 512 3524 554 ne

1962 616 2126 680 forte,
2169 613 2414 682 inquam,
2460 624 2566 663 non
2609 618 2823 674 semper
2847 602 2904 656 in
2944 599 3051 654 illis
3080 595 3172 668 qui
3209 606 3334 648 tunc
3363 599 3526 649 erant

1960 706 2296 769 sacerdotes,
2342 701 2441 756 has
2479 710 2662 770 partes
2701 696 2848 750 dicat
2876 705 2998 746 esse
3023 687 3369 744 constrictas.
3406 682 3523 737 Ali-

1961 798 2178 870 quando
2209 796 2351 849 enim
2389 801 2443 848 et
2471 791 2537 845 de
2571 785 2894 857 posteritate
2925 781 3165 853 generis,
3189 786 3244 833 et
3290 778 3357 832 de
3401 788 3530 830 suc-

1961 864 2120 945 cessu
2170 886 2375 942 sobolis
2414 881 2751 950 indulgetur.
2789 876 2894 930 Sed
2926 887 3026 943 ego
3056 873 3108 926 in
3150 864 3527 925 sacerdotibus

1960 980 2220 1037 Ecclesiae
2262 972 2570 1043 hujusmodi
2623 964 3033 1034 intelligentiam
3073 975 3178 1014 non
3211 955 3530 1012 introduxe-

1963 1075 2089 1128 rim.
2116 1070 2289 1125 Aliam
2311 1079 2546 1134 namque
2574 1077 2690 1117 rem
2725 1061 2882 1113 video
2899 1066 3189 1113 occurrere
3217 1049 3330 1121 (8‘2)
3348 1061 3532 1102 sacra-

1964 1171 2170 1220 mento.
2208 1158 2373 1229 219
2403 1156 2637 1211 Possunt
2670 1151 2815 1206 enim
2846 1155 2901 1203 et
2931 1145 2984 1202 in
3008 1140 3245 1199 Ecclesia
3268 1137 3529 1193 sacerdo—

1967 1269 2048 1315 tes
2090 1268 2145 1314 et
2197 1227 2452 1311 (ﬁctores
2477 1249 2616 1304 {Ilios
2642 1257 2927 1318 generare,
2957 1240 3097 1294 sicut
3125 1244 3180 1290 et
3208 1233 3297 1287 ille
3331 1231 3421 1300 qui
3446 1227 3531 1283 di-

1965 1350 2125 1407 cebat
2157 1348 2203 1380 ³³
2243 1364 2257 1400 :
2297 1362 2315 1396 ι
2357 1340 2537 1397 Filioli
2572 1337 2700 1403 mei,
2733 1348 2870 1404 quos
2912 1331 3106 1385 iterum
3137 1322 3406 1395 parturio,
3437 1318 3535 1372 do-

1966 1460 2069 1502 nec
2102 1442 2368 1497 formetur
2397 1435 2647 1493 Christus
2677 1431 2733 1484 in
2774 1427 2947 1482 vobis.
2988 1442 3008 1476 ι
3048 1419 3115 1475 Ει
3161 1419 3360 1471 iterum
3400 1408 3535 1466 alibi

1968 1537 2101 1591 dicit
2131 1535 2216 1587 ":
2259 1550 2279 1584 σ
2309 1526 2553 1586 Tametsi
2588 1521 2755 1578 multa
2787 1518 2953 1574 millia
2991 1514 3406 1584 paedagogorum
3438 1504 3536 1558 ha-

1967 1627 2146 1682 beatis
2195 1626 2250 1680 in
2286 1621 2526 1680 Christo,
2562 1617 2654 1672 sed
2687 1628 2796 1668 non
2841 1608 3041 1664 multos
3070 1613 3276 1674 patres.
3315 1597 3444 1651 Nam
3480 1595 3535 1648 in

1968 1720 2188 1778 Christo
2215 1714 2343 1770 Jesu
2369 1727 2464 1782 per
2491 1707 2840 1778 Evangelium
2874 1715 2976 1772 ego
3010 1712 3112 1752 vos
3159 1691 3347 1765 genui.
3386 1708 3403 1741 ι
3444 1689 3534 1744 lsti

1968 1827 2099 1884 ergo
2127 1781 2380 1865 doctores
2400 1800 2651 1857 Ecclesiae
2680 1798 2734 1852 in
2761 1790 3069 1864 hujusmodi
3094 1781 3537 1859 generationibus

1971 1867 2326 1973 procreandis
2356 1890 2650 1960 aliquando
2691 1882 3009 1942 constrictis
3040 1873 3392 1934 femoralibus
3421 1867 3536 1941 (85)

1972 1963 2220 2055 utuntur,
2252 1995 2308 2043 et
2345 1981 2618 2036 abstinent
2642 1995 2671 2033 a
2698 1973 3026 2048 generando,
3051 1984 3175 2026 cum
3206 1964 3342 2020 tales
3388 1963 3540 2017 inve-

1972 2085 2156 2140 nerint
2185 2081 2486 2141 auditores,
2518 2075 2571 2129 in
2602 2071 2804 2142 quibus
2833 2067 3008 2122 sciant
3049 2077 3108 2117 se
3154 2058 3391 2113 fructum
3434 2055 3540 2109 ha-

1970 2176 2104 2233 bere
2129 2189 2236 2229 non
2269 2186 2448 2243 posse.
2482 2163 2727 2232 Denique
2753 2169 2809 2215 et
2834 2160 2887 2213 in
2918 2156 3145 2212 Actibus
3174 2151 3538 2221 apostolorum

1973 2266 2212 2322 refertur
2238 2239 2305 2318 de
2350 2257 2695 2331 quibusdam,
2728 2251 2873 2322 quod
2927 2264 3032 2303 non
3081 2253 3376 2316 potuerunt
3405 2239 3539 2314 (84),

1971 2358 2152 2428 inquit
2184 2356 2253 2420 ”,
2283 2373 2302 2406 ι
2354 2353 2408 2407 in
2456 2350 2583 2405 Asia
2613 2345 2839 2401 verbum
2887 2340 2981 2396 Dei
3027 2338 3197 2407 loqui,
3253 2354 3270 2386 ι
3310 2334 3413 2387 hoc
3457 2338 3544 2385 est

1976 2449 2225 2520 imposita
2270 2443 2528 2500 habuisse
2568 2436 2870 2499 ﬂetiioralia,
2924 2441 2978 2488 et
3022 2427 3358 2486 continuisse
3383 2439 3443 2479 se
3476 2436 3543 2477 ne

1976 2516 2117 2599 filios
2145 2542 2498 2611 generarent,
2522 2533 2647 2602 quia
2666 2527 2874 2583 scilicet
2898 2523 3033 2579 tales
3056 2527 3212 2576 erant
3243 2516 3541 2581 auditores,

1976 2635 2030 2690 in
2083 2606 2279 2704 quibus
2322 2635 2379 2683 et
2427 2639 2613 2681 semen
2672 2619 2894 2690 periret,
2920 2626 2974 2671 et
3003 2630 3107 2668 non
3142 2620 3324 2682 posset
3352 2606 3540 2662 haberi

1973 2701 2268 2783 successio.
2304 2720 2396 2776 Sic
2433 2732 2562 2786 ergo
2597 2712 2850 2770 Ecclesiae
2877 2708 3205 2768 sacerdotes,
3236 2715 3358 2756 cum
3389 2701 3544 2754 inca-

1974 2832 2136 2892 paces
2167 2828 2329 2869 aures
2359 2808 2613 2875 viderint,
2637 2814 2730 2860 aut
2752 2819 2874 2859 cum
2903 2799 3186 2857 simulatos
3221 2793 3328 2867 (85)
3360 2794 3543 2861 inspe-

1974 2891 2156 2964 Xerint
2204 2914 2261 2961 et
2312 2900 2624 2975 ltypocritas
2669 2898 2966 2958 auditores,
3001 2891 3283 2960 imponant
3327 2897 3546 2952 campe-

1974 3014 2107 3072 stre,
2148 3008 2373 3057 utantur
2395 2991 2766 3056 femoralibus,
2796 3004 2861 3044 ne
2900 2993 3091 3058 pereat
3145 2993 3332 3037 semen
3390 2976 3542 3030 verbi

290 3098 518 3169 spicere
550 3112 610 3153 se
642 3096 803 3153 debet
837 3096 1205 3164 unusquisque
1228 3095 1572 3151 sacerdotum
1602 3105 1693 3150 :et
1729 3110 1862 3166 gra-
1899 3110 1943 3170 ο
1976 3067 2103 3162 Dei,
2126 3095 2252 3165 quia
2292 3100 2349 3147 et
2396 3088 2658 3145 Dominus
2704 3083 2891 3137 eadem
2925 3075 3151 3132 mandat
3190 3084 3247 3129 et
3289 3068 3420 3126 dicit
3449 3067 3499 3101 ”
3527 3084 3542 3124 :

290 3191 403 3248 dus
435 3191 619 3246 meriti
669 3190 753 3245 sui
808 3190 932 3244 inde
966 3188 1247 3258 colligere,
1273 3188 1319 3243 si
1366 3203 1425 3243 se
1455 3188 1637 3243 videat
1690 3187 1745 3242 in
1780 3188 1866 3243 his

291 3282 581 3347 omnibus,
608 3297 729 3352 qua:
767 3296 929 3351 supra
969 3279 1344 3350 exposuimus,
1381 3279 1644 3350 positum,
1682 3279 1869 3350 ponti-

296 3378 558 3433 ficalibus
586 3385 840 3431 ornatum
871 3373 982 3445 (8i)
1008 3373 1379 3439 ornamentis;
1413 3372 1458 3427 si
1492 3372 1748 3427 conscius
1772 3371 1875 3427 sibi

295 3473 376 3527 sit
406 3469 551 3541 quod
595 3467 679 3523 vel
723 3468 776 3522 in
827 3467 1078 3530 scientia,
1113 3465 1193 3518 vel
1226 3465 1277 3518 in
1318 3464 1550 3529 actibus,
1579 3464 1663 3518 vel
1700 3465 1753 3518 in
1781 3463 1880 3518 do-

298 3565 488 3620 ctrina
512 3572 699 3618 tantus
729 3577 795 3617 ac
820 3560 944 3616 talis
972 3559 1066 3627 sit,
1095 3558 1312 3615 sciatse
1330 3573 1601 3612 summum
1625 3555 1881 3611 sacerdo-

299 3659 442 3712 tium
493 3670 603 3711 non
642 3654 822 3709 solum
856 3652 1094 3714 nomine,
1126 3652 1219 3707 sed
1261 3660 1316 3707 et
1349 3649 1559 3705 meritis
1606 3649 1878 3703 obtinere.

306 3748 572 3816 Alioquin
622 3744 940 3800 inferiorem
987 3742 1090 3798 sibi
1137 3742 1364 3812 gradum
1399 3739 1636 3809 positum
1667 3737 1879 3792 noverit

301 3840 526 3897 etiamsi
554 3839 718 3911 primi
755 3851 952 3894 nomen
973 3835 1265 3906 acceperit.
1298 3833 1408 3888 Nos
1430 3846 1564 3888 sane
1589 3847 1696 3886 non
1722 3831 1884 3886 debet

300 3932 591 4006 praterire
660 3932 824 3986 etiam
865 3931 986 3996 hoc,
1026 3929 1169 4000 quod
1216 3936 1395 3998 potest
1447 3942 1479 3982 a
1536 3925 1779 3981 studioso
1813 3923 1885 3978 le-

301 4037 463 4083 ctore
509 4022 767 4094 proferri,
822 4024 874 4077 in
932 4037 1042 4093 quo
1090 4030 1146 4076 et
1193 4035 1293 4090 ego
1327 4033 1467 4088 saepe
1513 4014 1739 4073 mecnm'
1768 4017 1883 4086 ipse

302 4118 580 4177 hesitavi.
626 4116 683 4170 lu
724 4114 910 4170 Exodo
945 4115 1090 4169 enim
1131 4111 1343 4182 legens,
1384 4111 1474 4164 ubi
1526 4110 1594 4163 de
1635 4109 1886 4164 sacerdo-

306 4211 837 4269 talibusmacdatur
873 4205 1205 4263 indumentis
1229 4206 1445 4259 invenio
1464 4214 1588 4260 octo
1615 4218 1735 4259 esse
1760 4217 1885 4273 spe-

304 4306 443 4368 cies,
478 4316 605 4372 qum
634 4300 880 4370 pontifici
932 4308 1335 4368 praeparantur.
1372 4295 1472 4350 Hic
1514 4310 1639 4350 vero
1677 4304 1883 4362 septem

309 4396 691 4454 tantummodo
736 4403 1114 4450 numerantur.
1148 4392 1390 4462 Requiro
1422 4404 1551 4460 ergo
1605 4388 1735 4458 quid
1787 4388 1882 4452 sit,

1985 3208 2005 3243 ι
2050 3187 2229 3242 Nolite
2258 3185 2476 3239 mittere
2504 3188 2752 3235 sanctum
2787 3172 3036 3234 canibus,
3068 3180 3242 3237 neque
3274 3158 3545 3231 margari-

1977 3287 2062 3335 tas
2097 3287 2309 3333 vestras
2355 3282 2481 3329 ante
2528 3283 2746 3341 porcos,
2792 3280 2860 3320 ne
2905 3264 3045 3318 forte
3088 3257 3412 3314 conculcent
3454 3265 3550 3306 eas

1979 3391 2228 3464 pedibus,
2261 3395 2317 3442 et
2366 3383 2614 3441 conversi
2678 3380 2992 3446 dirumpant
3027 3387 3145 3426 vos.
3183 3388 3204 3423 ι
3251 3366 3549 3436 Propterea

1980 3457 2110 3553 ergo
2142 3481 2187 3536 si
2215 3479 2338 3550 quis
2367 3476 2485 3531 vult
2523 3470 2767 3544 pontifex
2809 3483 2916 3523 non
2948 3475 3057 3520 tam
3091 3457 3363 3517 vocabulo
3405 3469 3548 3520 esse,

1978 3537 2163 3648 quam.
2203 3537 2422 3632 merito,
2478 3537 2721 3622 imitetur
2765 3559 3009 3631 Moysen,
3061 3553 3302 3609 imitetur
3348 3537 3588 3603 Aaron.‘

1981 3638 2124 3736 Quid
2149 3664 2296 3720 enim
2329 3660 2532 3716 dicitur
2584 3657 2653 3711 de
2701 3653 2816 3709 eis?
2840 3649 2967 3720 quia
3002 3660 3108 3701 non
3154 3641 3440 3698 discedunt
3487 3638 3553 3690 de

1985 3731 2342 3811 tabernaculo
2368 3746 2603 3805 Domini.
2627 3743 2759 3798 Erat
2782 3754 2912 3808 ergo
2946 3737 3155 3807 Moyses
3181 3731 3554 3787 indesinenter

1982 3847 2037 3901 in
2064 3841 2421 3901 tabernaculo
2454 3834 2690 3893 Domini.
2713 3831 2870 3899 Quod
2892 3836 3071 3883 autem
3097 3838 3234 3893 opus
3263 3820 3380 3889 ejus
3408 3813 3554 3872 erat?

1981 3947 2041 3995 ut
2068 3946 2162 3993 aut
2182 3951 2215 3991 a
2238 3935 2349 3989 Deo
2372 3928 2576 3999 aliquid
2608 3927 2865 3988 disceret,
2905 3929 3001 3975 aut
3026 3919 3142 3987 ipse
3166 3913 3423 3985 populum
3454 3910 3555 3965 do-

1981 4037 2147 4084 ceret.
2182 4025 2307 4080 liaec
2332 4023 2441 4077 duo
2480 4028 2606 4075 sunt
2638 4013 2908 4085 pontificis
2945 4024 3130 4080 opera,
3168 4016 3225 4061 ιιι
3251 4013 3346 4058 aut
3376 4018 3405 4056 a
3448 4002 3556 4055 Deo

1982 4120 2156 4175 discat
2192 4114 2420 4186 legendo
2463 4109 2775 4179 Scripturas
2808 4102 3047 4165 divinas,
3077 4107 3133 4153 et
3161 4095 3356 4166 sacpius
3386 4091 3558 4146 medi-

1984 4208 2173 4271 tando,
2203 4213 2296 4261 aut
2323 4202 2578 4275 populum
2619 4201 2829 4254 doceat.
2885 4190 2992 4248 Sed
3032 4190 3124 4245 illa
3175 4189 3389 4250 doceat,
3437 4195 3556 4254 qua

1984 4302 2101 4372 ipse
2123 4316 2150 4354 a
2189 4299 2302 4353 Deo
2331 4293 2607 4355 didicerit,
2635 4304 2740 4343 non
2785 4302 2850 4341 ex
2881 4284 3101 4356 proprio
3137 4280 3323 4345 corde,
3356 4276 3440 4331 vel
3487 4289 3552 4328 ex

1981 4367 2221 4447 humano
2244 4403 2429 4452 sensu,
2462 4381 2556 4442 sed
2584 4397 2703 4453 qua:
2728 4379 2963 4449 Spiritus
2990 4383 3217 4431 sanctus
3245 4371 3425 4425 docet.
3464 4367 3559 4422 Est

306 4490 455 4561 quod
490 4489 753 4545 omissum
771 4495 877 4542 est.
900 4485 1104 4543 Octava
1131 4486 1343 4554 species
1369 4483 1441 4537 ibi
1475 4482 1697 4551 ponitur
1728 4497 1879 4535 catn-
1915 4474 1960 4533 Ι)
1988 4495 2042 4541 et
2069 4483 2200 4539 illud
2237 4495 2375 4551 opus
2398 4476 2543 4548 quod
2575 4475 2707 4530 facit,
2755 4472 3006 4541 Moyses:
3041 4469 3108 4521 ad
3142 4464 3280 4521 bella
3324 4478 3430 4517 non
3463 4477 3556 4515 va-

306 4594 516 4654 pestre.
553 4582 690 4647 sive,
730 4590 791 4637 ut
826 4580 959 4635 alibi
1001 4578 1255 4650 legimus,
1282 4574 1563 4631 femoralia
1615 4574 1783 4639 linea,
1818 4573 1885 4627 de

309 4692 421 4749 quo
468 4675 564 4731 hic
610 4673 756 4728 inter
792 4681 983 4727 caetera
1025 4669 1176 4725 siluit
1215 4669 1552 4723 indumenta.
1583 4663 1721 4730 Quid
1755 4677 1885 4733 ergo

312 4769 591 4829 dicemus?
637 4766 965 4824 oblivionem
1014 4761 1265 4818 dabimus
1319 4758 1374 4813 in
1421 4757 1600 4813 verbis
1645 4754 1885 4824 Spiritus

313 4865 513 4928 sancti,
565 4871 626 4917 ut
666 4874 795 4916 cum
840 4864 1036 4914 caitera
1058 4855 1237 4912 omnia
1264 4852 1502 4907 secundo
1527 4847 1886 4913 enarraverit,

313 4975 421 5013 una
443 4970 568 5031 eum
599 4952 809 5025 species
842 4949 1087 5021 superius
1115 4948 1259 5003 dicta
1288 4946 1547 5002 latuerit?
1569 4944 1684 5000 Non
1711 4945 1887 4999 audeo

314 5053 434 5107 haec
464 5050 532 5105 de
556 5046 732 5104 sacris
771 5045 978 5100 sentire
996 5039 1362 5097 sermonibus.
1390 5036 1494 5093 Sed
1520 5037 1797 5092 videamus
1821 5055 1889 5095 ne

317 5143 478 5210 forte,
509 5139 772 5212 quoniam
808 5136 864 5191 in
899 5133 1271 5204 superioribus
1301 5131 1540 5186 diximus
1572 5132 1674 5186 hoc
1717 5146 1888 5199 genus

382 5235 430 5268 ”
458 5234 499 5288 ll
520 5232 648 5289 Cor.
674 5245 752 5297 v1,
785 5227 962 5296 l6;et
988 5224 1012 5282 ι
1043 5224 1172 5281 Cor.
1205 5239 1291 5290 nt,
1319 5223 1407 5280 l6.
1480 5222 1529 5256 ³⁵
1547 5222 1722 5279 Levit.
1753 5238 1871 5292 Vill,
1909 5223 1998 5281 15.

319 5306 364 5339 ’⁸
394 5304 586 5361 Matth.
616 5317 718 5367 vn,
748 5298 803 5355 6.

392 5398 505 5474 (80)
534 5396 740 5453 Omnes
784 5409 945 5462 mss.,
988 5410 1008 5444 t
1031 5392 1249 5448 horum.
1277 5407 1297 5442 ι
1344 5384 1505 5441 Libb.
1553 5383 1706 5452 editi,
1740 5402 1759 5437 ι
1789 5385 1891 5439 mi-

324 5486 675 5615 “(Silii/’03,
707 5555 727 5590 ι
748 5543 1026 5603 ornatum,
1047 5553 1067 5588 ι
1112 5532 1267 5591 deest
1303 5531 1357 5585 in
1390 5532 1549 5581 antea
1577 5524 1762 5593 editis,
1795 5524 1891 5581 sed

329 5611 595 5679 reperitur
621 5611 678 5663 in
711 5622 845 5662 mss.

421 5682 509 5745 82)
543 5680 700 5746 Mss.,
730 5698 748 5729 ι
776 5691 1092 5734 occurrere.
1122 5695 1142 5728 ι
1179 5672 1339 5746 Libb.
1363 5666 1842 5746 editi,_c_curr_ere.
1867 5683 1886 5717 ι

1989 4577 2094 4638 dit,
2125 4589 2231 4629 non
2264 4578 2471 4643 pugnat
2515 4576 2708 4623 contra
2749 4564 3023 4619 inimicos.
3078 4558 3187 4614 Sed
3218 4556 3348 4627 quid
3392 4555 3561 4610 facit?

1957 4644 1963 4652 ’
1991 4667 2160 4723 Orat:
2196 4674 2251 4720 et
2274 4665 2448 4719 donec
2480 4661 2568 4715 ille
2599 4665 2738 4722 orat,
2770 4655 2939 4710 vincit
2967 4650 3193 4723 populus
3213 4649 3347 4718 ejus.
3380 4647 3437 4701 Si
3475 4662 3560 4702 re-

1990 4757 2261 4814 laxaverit
2284 4765 2338 4810 et
2360 4751 2634 4808 dimiserit
2662 4763 2881 4814 manus,
2920 4744 3150 4815 p0pulus
3176 4741 3291 4812 ejus
3322 4740 3559 4794 vincitur

1991 4861 2048 4907 et
2070 4849 2311 4919 fugatur.
2348 4845 2482 4901 Oret
2508 4857 2638 4911 ergo
2668 4851 2725 4896 et
2768 4838 3025 4895 sacerdos
3062 4835 3319 4890 Ecclesiae
3359 4833 3562 4887 indesi-

1991 4953 2205 5011 nenter,
2233 4950 2292 4997 ut
2315 4942 2498 4995 vincat
2530 4937 2758 5009 populus
2781 4934 2873 5005 qui
2909 4934 3009 4989 sub
3043 4933 3159 5001 ipso
3180 4940 3235 4984 et
3261 4930 3444 4984 hostes
3477 4927 3562 4982 in-

1994 5037 2237 5094 visibiles
2264 5032 2614 5093 Amalecitas,
2649 5029 2738 5099 qui
2766 5027 3204 5087 suntdaemones,
3236 5023 3561 5093 impugnan-

1994 5142 2077 5189 tes
2101 5146 2196 5186 eos
2222 5129 2311 5199 qui
2347 5127 2536 5180 volunt
2562 5124 2648 5193 pie
2671 5122 2853 5175 vivere
2874 5121 2927 5175 in
2951 5118 3185 5175 Christo.
3223 5117 3287 5168 Et
3315 5116 3434 5170 ideo
3463 5129 3560 5168 nos

2104 5225 2149 5257 ³⁸
2180 5223 2300 5280 Gal.
2325 5238 2400 5288 tv,
2429 5222 2518 5278 19.
2590 5218 2680 5273 "1
2713 5215 2839 5271 Cor.
2876 5228 2948 5279 tv,
2983 5210 3069 5267 £5.
3143 5209 3188 5241 ⁸⁷
3215 5211 3335 5262 Act.
3361 5222 3472 5274 xvi,
3504 5208 3563 5263 6.

1989 5385 2163 5441 ribus.
2194 5404 2217 5439 ι

2061 5455 2176 5526 (84)
2206 5453 2263 5509 ln
2288 5471 2422 5512 mss.
2447 5450 2788 5526 Gemetic._et
2809 5446 3061 5526 Decce‘nsi
3089 5445 3308 5515 legitur,
3340 5461 3360 5495 ‹
3386 5443 3566 5526 potui-

1989 5515 2132 5580 mus.
2162 5546 2181 5580 ι
2210 5527 2470 5592 Etiufra,
2513 5541 2534 5576 ι
2579 5521 2915 5578 continuisse
2963 5517 3104 5573 filios
3129 5515 3562 5586 generare,q,uia

1989 5597 2358 5659 scilicet,»etc.

2061 5666 2178 5736 (85)
2204 5652 2409 5721 Omnes
2460 5679 2616 5731 mss.,
2643 5681 2661 5717 ι
2700 5657 3005 5719 simulatos.
3050 5675 3071 5710 ι
3098 5656 3220 5714 Lib.
3247 5652 3403 5718 editi,
3429 5669 3452 5707 ι
3482 5653 3562 5711 si-

544 5737 700 5817 Mss.,
729 5766 750 5801 ι
791 5748 1164 5806 femoralibus.
1196 5762 1216 5798 ι
1262 5743 1420 5798 Libb.
1454 5737 1608 5806 editi,
1655 5754 1675 5788 ι
1721 5737 1894 5792 femo-
1992 5737 2309 5794 mulatores.
2359 5754 2380 5789 ι
