4024 6146
475 304 584 367 475

1951 304 2277 367 ORIGENIS

3638 299 3755 361 476

475 425 806 482 meditantes
842 425 907 481 -in
953 426 1061 495 bis,
1102 436 1160 485 et
1207 428 1324 485 haec
1362 427 1454 484 die
1482 442 1547 484 ac
1573 436 1736 485 nocte
1762 428 1829 484 ad
1860 442 2068 484 memo-
2094 427 2141 484 A
2168 424 2410 491 dotibus,
2443 423 2531 479 vel
2573 421 2917 494 principibus
2947 422 3293 480 sacerdotum
3347 424 3475 481 vitae
3530 429 3757 500 regulas

475 515 613 570 riam
648 525 993 585 revocantes,
1017 527 1071 574 et
1093 519 1332 574 orationi
1365 519 1636 575 instantes
1675 534 1740 575 ac
1773 520 2064 591 vigilantes

473 604 530 659 in
564 618 650 670 ea,
680 604 1034 675 deprecemur
1076 606 1368 664 Dominum
1400 618 1461 665 ut
1507 610 1666 666 nobis
1716 611 1834 681 ipse
1867 613 2061 667 borum

472 708 595 763 qute
631 695 864 767 legimus
892 698 1179 754 scientiam
1205 701 1450 758 revelare
1479 703 1753 773 dignetur,
1784 713 1839 759 et
1868 713 2058 761 osten-

470 786 604 841 dere
640 791 917 856 quomodo
959 791 1264 861 spiritalem
1299 792 1473 863 legem
1514 808 1623 849 non
1659 795 1840 851 solum
1874 797 1929 852 in
1977 797 2062 852 in-

467 874 796 948 telligentia,
822 881 917 935 sed
944 891 999 936 et
1025 878 1316 940 in‘actibus
1346 886 1720 953 observemus,
1750 897 1811 945 ut
1841 889 2058 959 spirita-

467 965 573 1022 lem
588 973 819 1038 gratiam
837 979 1097 1044 consequi
1121 991 1432 1032 mereamur
1459 979 1747 1036 illuminati
1766 996 1860 1050 per
1882 981 2056 1053 legem

467 1057 705 1129 Spiritus
736 1065 935 1132 sancti,
969 1065 1023 1120 in
1052 1065 1418 1125 ChristoJesu
1446 1071 1678 1128 Domino
1703 1084 1909 1138 nostro,
1964 1076 2056 1131 cui

466 1157 551 1204 est
569 1148 738 1220 gloria
760 1162 814 1207 et
841 1152 1131 1225 imperium
1173 1157 1228 1212 in
1260 1158 1460 1214 Saecula
1483 1162 1828 1219 saeculorum.
1860 1164 2053 1221 Amen.

1031 1272 1322 1330 HOMILIA
1376 1276 1486 1333 Vll.

465 1358 545 1415 De
572 1377 633 1415 eo
667 1363 807 1442 quod
832 1365 1144 1421 mandatum
1170 1378 1243 1442 est
1279 1370 1459 1424 Aaron
1487 1379 1534 1424 et
1562 1370 1692 1439 ﬁliis
1721 1373 1855 1442 ejus,
1890 1383 1946 1427 ut
1971 1375 2051 1428 vi-

537 1448 660 1508 num
684 1442 738 1486 et
762 1436 984 1508 siceram
1015 1455 1123 1508 non
1163 1438 1366 1503 bibant,
1402 1456 1519 1493 cum
1562 1436 1938 1508 ingrediuntur
1974 1455 2054 1499 ta-

537 1502 882 1582 bernaculum
905 1507 1212 1582 testintonti,
1235 1510 1317 1582 uel
1343 1502 1460 1564 eum
1484 1502 1737 1567 acted-unt
1764 1518 1832 1566 ad
1858 1514 2049 1582 altare,

534 1583 582 1626 et
618 1574 681 1654 de
721 1578 1034 1654 pectusculo
1059 1579 1427 1654 appositionis,
1465 1591 1528 1654 et‘
1558 1584 1623 1636 de
1659 1583 1873 1638 brachio
1901 1574 2052 1654 sepe;

535 1644 783 1766 rabtiorgis,
814 1653 863 1698 et
886 1647 950 1702 de
975 1648 1186 1702 mundis
1217 1660 1265 1703 et
1292 1644 1576 1707 immundis
1607 1644 2050 1721 animalium-vel

537 1728 579 1766 ct
620 1730 664 1766 ts
741 1750 757 1765 .

537 1728 664 1766 81018
692 1728 757 1765 ’⁵.

2163 530 2390 587 ponens,
2424 516 2557 572 dicit
2584 531 2679 572 eos
2707 531 2814 572 non
2848 515 3052 573 debere
3072 532 3195 573 esse
3225 518 3390 589 220
3413 521 3539 577 vino
3573 524 3756 579 multo

2162 608 2490 673 servientes,
2515 608 2612 663 sed
2644 609 2860 664 sobrios
2883 623 3008 665 esse
3038 611 3082 665 ⁵.
3126 609 3409 669 Sobrietas
3440 614 3584 669 enim
3623 631 3753 671 om-

2160 702 2309 757 nium
2337 703 2599 757 virtutum
2632 713 2811 759 mater
2843 713 2949 771 est,
2979 703 3126 759 sicut
3158 709 3472 763 econtrario
3499 711 3751 769 ebrietas

2159 792 2403 848 omnium
2429 795 2714 850 vitiorum.
2746 797 2949 866 Aperte
2978 797 3129 852 enim
3172 802 3555 869 pronuntiavit
3596 806 3752 874 Apo-

2159 885 2333 940 stolus
2361 887 2548 943 dicens
2577 890 2599 923 ⁸
2635 905 2651 944 :
2691 906 2710 940 ι
2752 888 2973 956 Vinum,
3014 890 3069 945 in
3101 906 3211 962 quo
3235 902 3319 948 est
3349 894 3585 965 luxuria,
3620 916 3641 951 ι
3682 909 3754 956 ιιι

2157 979 2472 1035 ostenderet
2499 996 2567 1035 ex
2590 981 2876 1047 ebrietate,
2907 982 3073 1037 veluti
3117 983 3538 1056 primogenilam
3567 988 3747 1045 ﬁliam

2157 1071 2410 1140 generari
2443 1071 2736 1127 luxuriam.
2770 1071 2907 1126 Tum
2942 1082 3208 1144 prteterea
3243 1084 3296 1130 et
3337 1075 3608 1147 Salvator,
3633 1080 3755 1136 Do-

2156 1162 2290 1217 mini
2321 1172 2375 1217 et
2405 1165 2549 1235 regis
2576 1167 2912 1223 auctoritate
2957 1169 3337 1225 sacerdotibus
3375 1172 3535 1228 simul
3565 1182 3622 1229 et
3647 1190 3757 1245 po-

2154 1251 2264 1320 puli
2300 1252 2447 1323 leges
2474 1270 2538 1309 ac
2558 1255 2684 1326 jura
2714 1259 3056 1314 constituens
3086 1276 3100 1313 :
3129 1259 3472 1330 «Attendite,
3501 1265 3745 1336 inquit‘,

2154 1358 2223 1398 ne
2253 1344 2395 1400 forte
2442 1358 2741 1417 graventur
2794 1351 2961 1404 corda
2995 1359 3178 1405 vestra
3239 1352 3295 1406 iu
3339 1354 3630 1422 ebrietate,
3677 1368 3747 1415 et

2152 1437 2400 1508 crapula,
2434 1449 2490 1494 et
2516 1441 2571 1494 in
2606 1441 3062 1497 sollicitudinibus
3107 1444 3314 1512 saeculi,
3346 1455 3403 1502 et
3428 1450 3611 1504 veniat
3638 1467 3745 1506 su-

2152 1543 2249 1597 per
2283 1546 2378 1586 vos
2430 1535 2753 1588 subitaneus
2804 1535 3079 1591 interitus.
3125 1555 3146 1590 »
3203 1541 3449 1598 Audistis
3494 1542 3738 1601 edictum

2151 1620 2317 1694 Regis
2346 1626 2558 1692 :eterni,
2583 1637 2641 1681 et
2678 1627 3083 1684 lamentabilem
3116 1630 3279 1688 ﬁnem
3317 1635 3603 1694 ebrietatis
3643 1641 3738 1696 vel

2152 1717 2392 1788 crapulae
2419 1720 2714 1778 didicistis.
2761 1723 2819 1779 Si
2851 1726 2978 1795 quis
3010 1727 3162 1783 vobis
3190 1728 3401 1797 peritus
3427 1739 3483 1785 et
3511 1733 3740 1803 sapiens

535 1800 699 1858 Plura
728 1804 949 1877 quidem
979 1807 1251 1876 superiori
1276 1809 1508 1869 lectione
1536 1812 1757 1869 fuerunt
1792 1817 2030 1884 recitata,

2145 1808 2391 1864 medicus
2416 1811 2502 1866 bis
2528 1813 2662 1883 ipsis
2691 1793 2885 1871 verbis
2908 1793 3254 1887 przeciperet,
3287 1828 3343 1874 et
3375 1793 3602 1890 diceret,
3638 1821 3739 1877 At-

457 1907 528 1949 αι
558 1896 757 1964 quibus
812 1899 1078 1968 temporis
1117 1903 1387 1959 brevitate
1428 1907 1710 1963 constricti
1741 1924 1909 1977 pauca
1943 1914 2040 1966 ad-

463 1989 684 2044 modum
717 1989 982 2050 diximus.
1024 1991 1142 2048 Non
1191 1995 1336 2050 enim
1371 2012 1518 2054 nunc
1546 2002 1847 2070 exponendi
1897 2001 2042 2058 Scri-

461 2089 669 2150 pturas,
698 2082 790 2138 sed
817 2084 1128 2141 aediﬁcandi
1165 2086 1442 2145 Ecclesias
1488 2091 1848 2148 ministerium
1897 2097 2040 2165 geri-

463 2190 605 2243 mus,
639 2181 894 2247 quamvis
917 2190 972 2236 et
1000 2196 1067 2236 ex
1099 2181 1206 2249 his,
1240 2198 1362 2254 quae
1407 2198 1437 2238 a
1467 2184 1624 2241 nobis
1650 2196 1776 2243 ante
1809 2197 2039 2247 tractata

459 2279 609 2333 sunt,
640 2271 880 2340 prudens
913 2273 1143 2343 quisque
1188 2276 1404 2332 auditor
1433 2278 1714 2335 evidentes
1742 2282 1807 2336 ad
1842 2284 2040 2340 intelli-

456 2364 690 2434 gendum
724 2367 896 2435 possit
918 2368 1144 2423 semitas
1169 2368 1440 2426 invenire.
1467 2370 1534 2426 Et
1556 2372 1675 2429 ideo
1704 2392 1770 2430 ex
1798 2377 1882 2433 bis
1904 2394 2038 2449 quo-

455 2466 585 2521 que,
621 2468 746 2523 Quae
795 2472 941 2511 nunc
990 2457 1132 2512 lecta
1191 2469 1338 2529 sunt,
1372 2465 1630 2531 quoniam
1679 2477 1877 2522 cuncta
1930 2486 2036 2526 non

463 2558 776 2614 possumus,
803 2550 980 2620 aliqua
1020 2559 1225 2619 tamen,
1259 2570 1379 2624 quae
1418 2556 1686 2613 aediﬁcent
1734 2562 2032 2633 auditores,

454 2637 603 2692 velut
637 2641 750 2708 agri
786 2641 955 2710 pleni,
983 2659 1144 2714 quem
1173 2646 1452 2703 benedixit
1478 2648 1756 2716 Dominus,
1785 2653 2037 2714 ﬂosculos

455 2731 796 2801 colligemus.
828 2733 966 2802 Quid
1005 2752 1136 2806 ergo
1183 2740 1256 2793 sit
1294 2742 1438 2811 quod
1478 2743 1636 2797 nobis
1663 2761 1804 2802 nunc
1836 2748 2033 2804 lectum

454 2834 561 2889 est,
593 2826 895 2883 videamus.
938 2847 957 2881 ι
998 2829 1067 2884 Ει
1094 2830 1311 2889 locutus
1338 2845 1417 2890 est
1450 2837 1710 2895 Dominus
1739 2844 1920 2898 Aaron
1953 2845 2036 2899 di-

450 2930 582 2971 cens
617 2933 632 2969 :
670 2916 870 2973 Vinum
894 2930 949 2974 et
983 2921 1217 2978 siceram
1266 2942 1372 2980 non
1414 2928 1614 2987 bibetis
1650 2942 1704 2987 tu
1735 2944 1788 2988 et
1822 2934 1914 2989 ﬁlii
1954 2946 2035 2990 te-

449 3023 598 3075 cum,
649 3025 772 3064 cum
833 3012 1109 3071 intrabitis
1154 3017 1205 3070 in
1254 3022 1658 3081 tabernaculum
1713 3029 2029 3099 testimonii,

450 3107 549 3151 aut
578 3115 706 3155 cum
734 3104 990 3159 acceditis
1014 3105 1081 3161 ad
1110 3107 1303 3173 altare,
1333 3120 1389 3166 et
1422 3128 1527 3169 non
1569 3120 1898 3175 moriemini.
1930 3123 2030 3178 Le-

448 3186 990 3257 gitimumzeternum
1032 3194 1405 3270 inprogenies
1438 3214 1667 3273 vestras,
1716 3210 2031 3271 discernere

447 3277 592 3332 inter
642 3282 879 3336 medium
934 3297 1244 3344 sanctorum
1308 3300 1362 3347 et
1410 3299 1926 3367 contaminatorum,
1974 3314 2029 3360 et

447 3368 596 3424 inter
653 3373 890 3427 medium
962 3375 1384 3446 immundorum,
1457 3394 1513 3439 et
1579 3387 1723 3444 inter
1794 3396 2025 3450 medium

449 3461 796 3527 mundorum,
861 3472 916 3520 et
962 3466 1230 3524 instruere
1291 3472 1432 3529 ﬁlios
1479 3473 1648 3534 Israel
1683 3484 1862 3536 omnia
1892 3484 2027 3555 legi-

446 3551 574 3607 tima
631 3569 752 3622 quae
816 3557 1027 3616 locutus
1070 3572 1154 3618 est
1217 3566 1478 3625 Dominus
1528 3573 1595 3628 ad
1644 3589 1740 3631 eos
1778 3593 1874 3646 per
1912 3596 2027 3634 rna-

443 3659 572 3700 num
629 3647 795 3721 Moysi
843 3653 883 3708 ¹.
930 3674 949 3708 ι
985 3654 1096 3711 Lex
1154 3659 1374 3716 evidens
1425 3664 1606 3735 datur,
1660 3679 1715 3723 et
1772 3676 2027 3729 sacerdo-

445 3738 607 3807 tibus,
649 3750 701 3795 et
746 3745 974 3817 principi
1016 3753 1387 3820 sacerdotum,
1433 3767 1639 3815 utcum
1670 3765 1935 3820 accedunt
1956 3770 2022 3822 ad

441 3829 632 3897 altare,
665 3834 786 3889 vino
803 3838 1132 3907 abstineant,
1156 3852 1213 3900 et
1241 3848 1387 3902 omni
1416 3859 1542 3919 potu
1575 3856 1716 3922 quod
1751 3856 2024 3916 inebriare

440 3932 635 3993 potest,
660 3928 803 3995 quod
837 3929 1136 4002 Scriptura:
1184 3938 1381 3993 divinae
1417 3943 1791 4011 appellatione
1818 3964 2017 4006 verna~

440 4015 587 4083 cula,
620 4019 854 4075 siceram
884 4025 1052 4079 moris
1080 4039 1164 4082 est
1188 4034 1491 4088 nominare.
1520 4033 1648 4091 Vult
1677 4052 1807 4108 ergo
1835 4055 2016 4098 sermo

441 4110 657 4166 divinus
689 4116 900 4170 sobrios
934 4117 985 4171 in
1014 4122 1268 4178 omnibus
1298 4141 1417 4182 esse
1439 4129 1650 4185 Domini
1684 4135 2014 4200 sacerdotes,

441 4209 627 4269 utpote
653 4204 746 4272 qui
776 4207 1102 4265 accedentes
1139 4213 1203 4266 ad
1260 4214 1431 4272 altare
1479 4218 1576 4275 Dei
1613 4236 1771 4278 orare
1800 4239 1896 4294 pro
1922 4242 2018 4295 po-

438 4293 566 4360 pulo
604 4294 864 4362 debeant,
911 4309 965 4355 et
1014 4318 1114 4371 pro
1161 4305 1358 4363 alienis
1403 4311 1734 4370 intervenire
1779 4293 2013 4385 delictis,

436 4387 530 4456 qui
565 4390 871 4456 portionem
910 4393 962 4447 in
998 4404 1139 4450 terra
1171 4414 1278 4453 non
1321 4400 1580 4473 habeant,
1619 4407 1713 4462 sed
1751 4408 1865 4478 ipse
1908 4410 2013 4466 Do-

2141 1900 2346 1955 tendite
2378 1901 2555 1971 vobis,
2604 1920 2675 1959 ne
2707 1909 2852 1977 quis,
2884 1914 3036 1968 verbi
3070 1916 3270 1984 gratia,
3324 1915 3395 1972 de
3441 1918 3607 1988 illius,
3641 1923 3735 1979 vel

2138 1990 2283 2048 illius
2316 1994 2497 2052 herba:
2534 2014 2701 2056 succo
2754 2005 2969 2061 avidius
3001 2020 3183 2065 sumat
3211 2026 3226 2076 ;
3253 2013 3399 2081 quod
3427 2014 3473 2069 si
3504 2012 3729 2081 fecerit,

2138 2086 2350 2142 subitus
2378 2090 2427 2144 ei
2465 2093 2651 2146 veniet
2708 2093 2988 2162 interitus,
3024 2114 3131 2153 non
3166 2100 3358 2156 dubito
3381 2103 3512 2174 quin
3549 2121 3730 2161 unus-

2139 2180 2370 2249 quisque
2413 2184 2647 2251 pr0prias
2698 2187 2891 2241 salutis
2935 2189 3140 2244 intuitu
3183 2196 3571 2260 praemonentis
3605 2212 3730 2252 me-

2139 2271 2247 2327 dici
2309 2285 2582 2346 prmcepta
2621 2291 2889 2338 servaret.
2945 2280 3101 2340 Nunc
3152 2300 3281 2340 vero
3331 2289 3638 2344 animarum
3670 2301 3730 2347 et

2138 2384 2431 2441 corporum
2492 2376 2759 2444 medicus,
2814 2380 3084 2451 simulque
3133 2393 3190 2439 et
3239 2387 3518 2456 Dominus,
3558 2389 3719 2457 jubet

2138 2461 2423 2521 ebrietatis
2455 2467 2680 2524 herbam
2700 2479 2754 2525 et
2777 2472 3012 2542 crapula!
3044 2473 3342 2540 vitandam,
3372 2480 3625 2537 similiter
3658 2494 3719 2538 et

2137 2554 2569 2612 sollicitudinum
2613 2562 2955 2618 saecularium
2990 2567 3136 2622 velut
3184 2570 3493 2627 mortiferos
3527 2588 3720 2630 succos

2138 2646 2432 2701 cavendos.
2466 2648 2734 2704 Etnescio
2761 2654 2806 2707 si
2833 2658 2958 2724 quis
2991 2671 3237 2715 nostrum
3274 2679 3376 2716 non
3403 2663 3456 2717 in
3484 2664 3565 2718 bis
3596 2680 3721 2720 con-

2137 2737 2395 2804 sumitur,
2424 2740 2505 2794 uti
2538 2757 2607 2796 ne
2642 2744 2875 2802 dixerim
2904 2754 3201 2807 sauciatur.
3232 2754 3327 2809 Est
3368 2771 3501 2828 ergo
3535 2759 3718 2814 ebrie-

2138 2835 2220 2883 tas
2256 2829 2368 2885 vini
2397 2836 2707 2901 perniciosa
2759 2838 2812 2892 in
2846 2841 3120 2907 omnibus,
3171 2847 3282 2901 sola
3335 2864 3569 2920 namque
3609 2861 3711 2918 est,

2136 2934 2257 2989 qua:
2285 2920 2449 2977 simul
2470 2938 2594 2981 cum
2624 2943 2855 2999 corpore
2876 2940 2931 2986 et
2954 2934 3191 2990 animam
3223 2928 3455 2994 debilem
3499 2943 3712 2997 reddat.

2134 3009 2193 3064 In
2221 3015 2433 3069 caeteris
2462 3018 2666 3072 etenim
2692 3030 2870 3089 potest
2901 3023 3041 3092 ﬁeri,
3075 3037 3134 3081 ut
3156 3031 3449 3083 secundum
3483 3031 3713 3102 Aposm-

2137 3101 2248 3156 lum
2272 3119 2395 3161 cum
2425 3107 2737 3165 inﬁrmatur
2759 3128 2978 3185 corpus,
3015 3125 3140 3174 tunc
3192 3121 3364 3191 magis
3399 3133 3591 3192 potens
3635 3128 3708 3180 sit

2136 3195 2384 3263 spiritus,
2414 3210 2470 3253 et
2504 3202 2592 3254 ubi
2633 3202 2678 3257 is
2711 3206 2803 3273 qui
2835 3207 3037 3264 deforis
3078 3221 3162 3264 est
3192 3212 3355 3266 homo
3397 3219 3704 3284 corrumpi-

2134 3294 2243 3352 tur,
2276 3288 2363 3341 ille
2391 3291 2481 3358 qui
2517 3292 2662 3348 intus
2681 3302 2768 3349 est
2806 3309 3095 3354 renm'etur
3118 3301 3158 3354 ⁷.
3186 3300 3241 3355 ln
3271 3303 3555 3361 ebrietatis
3579 3324 3707 3363 vero

2132 3380 2484 3449 aagritndine,
2524 3400 2721 3454 corpus
2775 3388 2935 3442 simul
2981 3401 3037 3446 et
3083 3393 3264 3447 anima
3316 3400 3703 3468 corrumpitur,

2131 3470 2360 3538 spiritus
2392 3475 2601 3542 pariter
2627 3491 2751 3530 cum
2770 3491 2937 3535 carne
2967 3481 3209 3539 vitiatur.
3235 3484 3427 3540 Omnia
3462 3493 3703 3546 membra

2129 3561 2398 3630 debilitat,
2433 3568 2649 3635 pedem,
2686 3582 2928 3633 manum,
2968 3571 3202 3643 linguam
3238 3578 3483 3643 resolvit,
3515 3583 3703 3638 oculos
3766 3638 3773 3645 ,

2130 3657 2401 3725 tenebrat,
2436 3669 2670 3714 mentem
2722 3662 2872 3718 velat
2917 3664 3120 3721 oblivio
3154 3667 3291 3740 (86),
3321 3671 3393 3725 ita
3423 3681 3482 3725 ut
3519 3673 3699 3728 homi-

2129 3762 2251 3803 nem
2283 3766 2342 3805 se
2375 3755 2587 3807 nesciat
2618 3770 2739 3810 esse
2779 3773 2877 3812 nec
2916 3762 3135 3815 sentiat.
3171 3762 3344 3819 Habet
3391 3782 3522 3836 ergo
3558 3768 3702 3825 istud

2124 3840 2301 3910 primo
2324 3842 2610 3900 dedecoris
2628 3849 2931 3916 corporalis
2952 3852 3209 3919 ebrietas,
3226 3855 3340 3925 jam
3364 3873 3493 3913 vero
3514 3861 3560 3913 si
3584 3860 3701 3916 dis-

2123 3934 2392 3992 cutiamus
2443 3951 2572 4007 quot
2606 3942 2781 3997 modis
2813 3959 2966 4000 mens
2994 3947 3297 4005 inebriatur
3324 3953 3583 4019 humana,
3608 3955 3693 4009 in-

2123 4027 2412 4083 veniemus
2444 4030 2625 4086 ebrios
2643 4033 2808 4088 etiam
2839 4049 2933 4092 eos
2962 4039 3053 4107 qui
3089 4041 3189 4095 sibi
3223 4042 3389 4098 sobrii
3424 4046 3697 4107 videntur.

2128 4114 2410 4173 Iracundia
2446 4120 2679 4176 inebriat
2736 4125 2997 4194 animam,
3033 4128 3187 4184 furor
3237 4148 3365 4188 vero
3412 4149 3532 4189 eam
3574 4138 3694 4208 plus

2122 4223 2284 4278 quam
2325 4211 2530 4266 ebriam
2580 4213 2740 4280 facit,
2777 4218 2826 4272 si
2872 4221 3000 4290 quid
3038 4229 3219 4278 tamen
3268 4240 3386 4280 esse
3430 4227 3696 4284 ebrietate

2119 4305 2349 4373 amplius
2378 4316 2573 4374 potest.
2625 4308 2908 4380 Cupiditas
2960 4323 3016 4369 et
3059 4317 3312 4382 avaritia,
3358 4333 3463 4373 non
3519 4321 3688 4377 solum

2119 4395 2466 4461 ebrium,sed
2517 4408 2572 4454 et
2607 4402 2851 4457 rabidum
2895 4404 3171 4461 hominem
3205 4409 3457 4464 reddunt.
3500 4411 3568 4467 Et
3592 4415 3690 4467 ob-

435 4483 618 4535 minus
649 4484 827 4551 portio
855 4500 1043 4541 eorum
1079 4490 1148 4543 sit
1176 4509 1191 4545 :
1234 4493 1313 4546 sic
1341 4495 1482 4548 enim
1508 4497 1640 4552 dicit
1663 4501 1727 4555 de
1754 4501 1837 4556 bis
1866 4502 2012 4557 Scri-

2133 4504 2295 4544 sccnae
2346 4495 2809 4563 concupiscentia:
2882 4498 3158 4554 inebriant
3217 4502 3493 4568 animam,
3551 4505 3695 4561 sicut

430 4580 584 4639 plura
617 4587 631 4624 :
665 4591 681 4625 ι
731 4573 907 4641 Filiis,
959 4578 1138 4648 inquit
1169 4583 1212 4650 ',
1261 4581 1388 4638 Levi
1425 4602 1529 4642 non
1568 4591 1768 4646 dabitis
1798 4604 2003 4664 partem

430 4663 483 4717 in
518 4666 697 4720 medio
748 4669 979 4726 fratrum
1017 4687 1265 4742 suorum,
1300 4679 1427 4747 quia
1468 4695 1568 4751 ego
1611 4686 1789 4751 portio
1814 4702 2003 4744 eorum

429 4753 692 4813 Dominus
727 4759 868 4817 Deus
906 4765 1173 4832 ipsorum.
1222 4786 1241 4819 ι
1279 4768 1405 4825 Vult
1439 4788 1571 4848 ergo
1626 4775 1780 4841 istos,
1809 4781 2007 4848 quibus

430 4846 546 4917 ipse
573 4850 833 4910 Dominus
866 4860 1046 4926 portio
1075 4867 1179 4925 est,
1222 4846 1618 4930 sobrios-esse,
1650 4866 1891 4939 jejunus,
1927 4873 2007 4927 vi-

425 4940 662 5008 gilantes
697 4945 749 4998 in
784 4950 932 5002 onmi
968 4958 1238 5019 tempore,
1282 4955 1518 5011 maxime
1553 4971 1731 5013 autem
1765 4977 1885 5016 cum
1930 4965 1997 5018 ad

421 5036 755 5090 exorandum
787 5038 1095 5105 Dominum,
1120 5045 1605 5103 etsacriﬁcandum
1638 5052 1688 5105 in
1711 5067 2001 5125 conspectu

420 5124 539 5193 ejus
561 5124 821 5184 altaribus
845 5141 1044 5199 praesto
1074 5145 1220 5191 sunt.
1256 5136 1387 5204 Qua:
1411 5142 1665 5196 mandata
1698 5145 1750 5197 in
1781 5124 1992 5204 tantum

424 5218 534 5271 vim
569 5220 653 5274 sui
694 5232 937 5290 servant,
977 5237 1033 5282 et
1078 5230 1227 5282 omni
1259 5230 1603 5287 observantia
1646 5222 2001 5296 custodienda

424 5318 574 5371 sunt,
607 5321 667 5366 ut
698 5323 754 5367 et
777 5314 1071 5384 Apostolus
1105 5319 1220 5373 base
1256 5321 1444 5376 eadem
1489 5323 1622 5380 Novi
1671 5326 2000 5387 Testamenti

422 5399 633 5473 legibus
662 5404 843 5463 ﬁrmet
868 5408 912 5466 ³.
941 5407 1000 5464 In
1041 5426 1152 5482 quo
1185 5414 1439 5471 similiter
1468 5420 1632 5472 etiam
1672 5420 1788 5490 ipse
1816 5437 2000 5479 sacer-

494 5537 543 5571 ”
581 5538 755 5597 Levit.
780 5559 812 5596 χ
840 5551 897 5598 et
928 5560 1007 5599 xl.

1120 5548 1137 5579 ⁸
1172 5547 1420 5624 Levius.
1446 5550 1478 5605 8
1506 5561 1571 5624 et
1589 5568 1745 5624 seqq.

444 5601 677 5678 'Ephes.
716 5628 767 5678 v,
802 5614 889 5671 18.

968 5617 988 5648 ⁸
1025 5615 1158 5673 Luc.
1189 5635 1301 5685 ut,
1329 5621 1421 5676 54.
1495 5624 1515 5656 ’

492 5725 622 5811 (86).
645 5727 829 5785 Codex
853 5729 1228 5811 Ca_domensis_,
1264 5754 1282 5786 ι
1314 5739 1509 5793 debilia
1539 5742 1672 5795 ﬁunt
1697 5759 1712 5797 :
1734 5758 1852 5811 pes,
1879 5760 1990 5797 ma-
2059 5758 2066 5765 ·

423 5812 549 5866 niis,
592 5800 769 5870 lingua
798 5802 1067 5872 resoluta;
1103 5807 1289 5868 oculos
1326 5812 1583 5873 tenebrae.
1612 5800 1851 5870 men'tcm'
1892 5830 1984 5872 ve-

1856 5557 1879 5588 ²
1908 5557 2067 5613 Num.
2096 5571 2251 5618 xvm,
2278 5553 2371 5617 9.0,
2428 5563 2482 5605 et
2534 5549 2649 5607 Jos.
2694 5567 2813 5619 xm,
2841 5553 2929 5607 14.

1546 5610 1590 5677 Π
1623 5610 1750 5683 ea}.
1782 5642 1859 5695 tv,
1910 5610 2269 5685 lﬁVIV‘iPsal'.
2318 5610 2473 5688 xitut,
2504 5621 2562 5677 5.

2117 4597 2147 4636 e
2178 4586 2457 4639 contrario
2480 4598 2535 4640 et
2555 4597 2760 4644 sancta:
2784 4592 3529 4660 concupiscentia:inebriant
3546 4612 3687 4666 eam,

2112 4675 2204 4729 sed
2255 4676 2522 4731 ebrietate
2575 4689 2762 4735 sancta
2798 4682 2883 4736 illa
2939 4683 3005 4739 de
3051 4700 3157 4753 qua
3201 4687 3417 4742 dicebat
3463 4690 3687 4759 quidam

2110 4782 2422 4825 sanctorum
2456 4771 2517 4824 δε
2560 4790 2579 4824 ‹
2621 4771 2687 4826 Et
2733 4773 2985 4843 poculum
3021 4785 3171 4832 tuum
3220 4777 3494 4835 inebrians
3524 4796 3687 4849 quam

2111 4863 2428 4931 praeclarum
2465 4863 2583 4918 est!
2613 4884 2631 4917 ι
2683 4863 2788 4920 Sed
2814 4869 3156 4935 postmodum
3189 4870 3255 4923 de
3297 4870 3577 4928 ebrietatis
3608 4874 3688 4926 di-

2111 4955 2370 5009 versitate
2395 4956 2721 5016 videbimus.
2742 4973 2887 5013 nunc
2925 4959 3139 5014 interim
3173 4962 3294 5015 vide
3321 4973 3522 5029 quanta
3558 4971 3687 5017 sunt

2109 5060 2227 5114 qua:
2252 5045 2521 5099 inebriant
2551 5046 2785 5101 animam
2810 5065 2825 5103 :
2850 5057 2905 5103 et
2936 5049 3167 5105 formido
3190 5049 3425 5105 inebriat
3454 5066 3595 5117 eam,
3631 5059 3685 5108 et

2106 5154 2240 5192 vana
2277 5139 2539 5208 suspicio.
2570 5140 2773 5196 Invidia
2796 5152 2974 5197 autem
2999 5153 3054 5198 et
3086 5143 3244 5210 livor,
3271 5159 3434 5214 supra
3465 5160 3682 5199 omnem

2103 5231 2420 5287 ebrietatem
2456 5241 2736 5286 macerant
2766 5248 2909 5287 eam.
2942 5232 3050 5287 Sed
3083 5235 3393 5289 enumerari
3428 5252 3532 5289 non
3559 5251 3681 5305 pos-

2101 5332 2229 5378 sunt
2283 5331 2484 5392 quanta
2532 5332 2677 5388 sunt,
2744 5339 2864 5393 quze
2918 5325 3187 5379 infelicem
3246 5328 3481 5380 animam
3545 5329 3681 5384 vitio

2101 5417 2390 5474 ebrietatis
2428 5412 2686 5470 alliciant.
2725 5414 2879 5471 Nunc
2922 5417 3139 5471 interim
3188 5421 3256 5473 de
3302 5419 3679 5475 sacerdotibus

3024 5552 3045 5584 ³
3066 5552 3087 5606 l
3105 5551 3245 5607 Tim.
3273 5568 3371 5608 vu.
3442 5553 3467 5585 ⁸
3492 5551 3603 5609 Tit.
3634 5569 3676 5612 ι.

2097 5743 2193 5866 la:l
2209 5740 2430 5806 oblivio,
2469 5758 2487 5793 ι
2518 5739 2706 5810 sicque
2749 5741 2843 5797 alii
2883 5756 3041 5810 mss.,
3083 5742 3184 5799 nisi
3214 5744 3358 5811 quod
3394 5742 3671 5809 omittunt,

2101 5832 2121 5865 ε
2178 5813 2318 5866 'uut.
2349 5827 2369 5862 θ

2101 5832 2121 5865 r
2158 5813 2318 5867 ﬁunt.
2349 5827 2369 5862 ι
