4024 6146
249 360 352 420 ιη

1374 337 1444 393 1Ν
1484 326 1859 391 LEVITICUM
1899 320 2180 378 HOMILIA
2220 317 2328 371 VII.

3381 292 3486 343 «δἿὸ

252 480 550 538 Vmenmus’
583 483 725 540 quos
757 465 1077 521 προύθηκε
1107 460 1172 515 ad
1203 459 1392 524 auare,
1426 457 1556 509 νῖηο
1583 452 1665 503 lex
1692 463 1828 517 prac-
1857 446 1903 499 A
1932 451 1989 495 ut
2024 441 2095 494 ibi
2127 439 2170 470 ιι
2203 454 2216 488 ;
2255 455 2272 486 ι
2319 425 2738 486 Inebriabuntur
2779 419 2846 475 ab
2889 415 3136 472 ubertate
3168 409 3360 464 domus
3386 412 3490 458 tute

2411 526 2421 540 .
2503 532 2514 540 .
2561 522 2625 540 .9-
2657 529 2757 540 .--μ
2787 523 2967 540 _-......
3003 507 3153 540 ,ιηιιια
3187 504 3290 540 illi:
3317 496 3487 540 (om)

252 566 385 631 cipit
416 559 714 614 abstinere.
755 555 823 608 Et
851 554 1064 623 quidem
1095 561 1358 618 quantum
1393 547 1458 599 ad
1501 540 1824 598 historicum

253 657 494 730 pertinet
518 657 873 722 praeceptum,
907 643 1177 700 sufﬁciant
1207 642 1308 694 ista
1347 653 1468 707 quae
1500 637 1641 688 dicta
1681 639 1826 686 sunt.

252 729 533 816 Quantum
578 750 762 796 autem
812 740 880 793 ad
925 735 1334 805 intelligentiam
1379 729 1661 800 mysticam
1707 739 1834 794 spe-

256 850 390 900 ctat,
431 839 484 891 in
519 832 868 902 sequentibus
893 829 1162 884 tenebitur
1191 825 1304 896 (87)
1323 831 1510 878 nostra
1543 816 1830 887 professio.

257 941 402 1000 quod
440 924 736 980 secundum
771 919 1147 973 auctoritatem
1176 913 1328 968 Pauli
1364 909 1616 978 apostoli,
1650 906 1836 960 Domi-

258 1036 360 1074 nus
398 1029 454 1072 et
481 1014 734 1071 Salvator
760 1021 944 1066 noster
967 1010 1268 1062 futurorum
1293 1006 1558 1058 bonorum
1595 997 1837 1070 pontifex

260 1109 471 1163 dicitur
503 1107 549 1160 ⁸.
591 1107 708 1176 Ipse
738 1111 822 1159 est
847 1117 976 1172 ergo
1007 1101 1213 1163 Aaron,
1250 1097 1346 1150 lilii
1375 1110 1509 1150 vero
1544 1094 1682 1161 eius,
1706 1106 1839 1158 apo-

264 1199 393 1256 stoli
431 1200 556 1269 ejus
585 1205 736 1260 sunt,
770 1196 834 1250 ad
865 1209 1005 1264 quos
1055 1193 1170 1260 ipse
1195 1189 1408 1246 dicebat
1454 1186 1500 1219 ¹⁶
1538 1207 1550 1241 :
1581 1203 1600 1236 ι
1638 1183 1840 1247 Filioli,

1928 547 1984 591 et
2017 542 2313 589 torrentem
2341 522 2628 593 voluptatis
2657 529 2760 572 tua:
2787 523 2968 585 potum
3003 507 3156 563 dabis
3187 504 3290 558 illis
3317 496 3487 571 (90).)

1928 629 1986 683 In
2016 627 2247 682 Jeremia
2279 632 2492 688 quoque
2518 613 2648 668 dicit
2672 608 2929 664 Dominus
2961 603 3005 634 ¹⁸
3031 619 3083 677 τε
3121 599 3186 654 Ει
3213 593 3493 650 iuebriabo

1929 718 2184 792 populum
2210 682 2421 768 meum:
2447 728 2467 756 ι
2505 705 2572 759 Et
2611 702 2786 756 Isaias
2828 696 2961 751 dicit
3003 693 3048 725 ¹⁶
3088 709 3101 745 :
3142 709 3158 741 ι
3214 687 3354 741 Ecce
3402 682 3495 752 qui

1934 774 2176 868 serviunt
2207 803 2338 860 mihi
2366 801 2572 862 bibent,
2605 810 2701 848 vos
2732 801 2912 845 autem
2933 783 3151 841 sitietis.
3189 799 3208 832 ι
3237 779 3304 832 Et
3330 774 3498 829 multa

1936 907 2002 960 de
2031 895 2400 971 hujuscemodi
2444 890 2706 946 ebrietate
2737 884 2789 936 in
2823 875 3126 946 Scripturis
3165 869 3366 924 divinis
3413 865 3500 919 in—

1937 995 2121 1050 venies
2159 985 2466 1044 memorari.
2494 981 2622 1048 Qua:
2646 975 2882 1032 ebrietas
2910 969 3028 1024 sine
3057 963 3218 1019 dubio
3241 973 3337 1028 pro
3373 969 3505 1025 gau-

1941 1091 2030 1147 dio
2069 1087 2258 1140 animae
2295 1089 2350 1134 et
2384 1077 2566 1131 lartitia
2597 1067 2794 1126 mentis
2835 1062 3120 1130 accipitur,
3155 1054 3294 1109 sicut
3318 1058 3373 1104 et
3403 1043 3509 1101 ali-

1941 1185 1996 1240 bi
2036 1177 2356 1235 distinxisse
2396 1184 2493 1224 nos
2557 1162 2926 1222 meminimus,
2979 1149 3122 1206 aliud
3175 1159 3295 1201 esse
3348 1146 3510 1194 nocte

264 1291 449 1345 adhuc
488 1289 761 1343 modicum
793 1286 1074 1341 vobiscum
1115 1298 1257 1339 sum.
1295 1300 1314 1334 ι
1353 1279 1491 1346 Quid
1535 1291 1665 1345 ergo
1705 1289 1846 1345 prae-
1943 1271 2301 1333 inebriari,et
2339 1262 2484 1318 aliud
2516 1259 2602 1314 die
2643 1249 2933 1307 inebriari.

264 1381 414 1449 cepit
441 1379 538 1434 lex
569 1378 750 1431 Aaron
784 1385 836 1431 et
870 1377 994 1430 filiis
1023 1374 1178 1444 ejus?
1221 1383 1284 1426 ut
1311 1370 1494 1424 vinum
1523 1376 1577 1421 et
1613 1367 1844 1421 siceram

268 1489 376 1528 non
405 1471 623 1534 bibant,
651 1483 773 1523 cum
799 1467 1067 1521 accedunt
1096 1466 1163 1520 ad
1190 1463 1378 1517 altare.
1398 1461 1690 1516 Videamus
1717 1470 1849 1524 quo-

268 1565 435 1617 modo
470 1563 524 1616 id
552 1575 680 1616 vero
703 1557 948 1628 pontifici
980 1556 1105 1611 .Iesu
1131 1555 1354 1611 Christo
1385 1553 1616 1608 Domino
1634 1556 1847 1608 nostro,

271 1666 324 1708 et
352 1653 737 1710 sacerdotibus
752 1651 870 1720 ejus
899 1664 965 1704 ac
991 1647 1140 1713 filiis,
1171 1647 1379 1702 nostris
1405 1659 1540 1699 vero
1571 1639 1850 1711 apostolis,

273 1747 552 1818 possimus
580 1752 788 1814 aptare.
816 1742 882 1796 Et
902 1741 1338 1812 perspiciendum
1366 1739 1546 1808 primo
1569 1742 1672 1794 est,
1717 1745 1854 1799 quo—

276 1837 442 1891 modo
480 1837 634 1904 prius
655 1833 874 1903 quidem
900 1847 1065 1902 quam
1105 1829 1330 1886 accedat
1367 1828 1433 1881 ad
1489 1825 1658 1879 altare
1693 1834 1853 1874 verus

279 1927 368 1980 hic
406 1924 684 1995 pontifex,
716 1938 839 1979 cum
869 1922 1249 1978 sacerdotibus
1288 1919 1402 1973 suis
1443 1915 1578 1970 bibit
1614 1913 1800 1966 vinum
1837 1924 1852 1961 :

285 2033 405 2074 cum
439 2030 577 2070 vero
615 2014 808 2084 incipit
836 2012 1098 2067 accedere
1135 2011 1200 2064 ad
1223 2009 1415 2073 altare,
1447 2013 1502 2061 et
1546 2000 1760 2072 ingredi
1805 1999 1856 2052 in

287 2105 706 2165 tabernaculum
734 2103 1050 2166 testimonii,
1081 2102 1317 2155 abstinet
1351 2099 1496 2152 vino.
1535 2096 1702 2150 Putas
1728 2105 1858 2161 pos-

289 2215 482 2255 sumus
519 2198 765 2254 invenire
810 2196 917 2250 tale
963 2174 1165 2265 aliquid
1197 2193 1265 2246 ab
1303 2205 1370 2245 eo
1401 2187 1650 2260 gestum?
1696 2183 1862 2237 Putas

289 2307 586 2364 possumus
613 2291 826 2346 Veteris
867 2286 1218 2343 Instrumenti
1253 2284 1477 2347 formas,
1515 2280 1647 2334 Novi
1674 2278 1867 2333 Testa-

293 2387 460 2441 menti
491 2385 658 2453 gestis
689 2390 744 2438 et
772 2381 1114 2437 sermonibus
1140 2377 1435 2449 coaptare?
1473 2375 1789 2436 Possumus,
1819 2371 1866 2426 si

295 2493 394 2532 nos
426 2479 606 2548 ipsum
644 2475 737 2529 Dei
773 2471 1012 2528 Verbum
1064 2481 1119 2527 et
1167 2472 1359 2541 juvare
1388 2480 1444 2523 et
1485 2466 1753 2535 inspirare
1786 2463 1868 2516 di-

296 2581 514 2641 gnetur.
553 2567 854 2634 Quaerimus
888 2579 1018 2634 ergo
1055 2562 1327 2634 quomodo
1359 2561 1617 2615 Dominus
1651 2564 1705 2610 et
1758 2553 1874 2608 Sal-

298 2671 457 2718 vator
492 2670 701 2728 noster,
734 2660 825 2728 qui
852 2666 935 2713 est
961 2671 1123 2711 verus
1147 2653 1407 2725 pontifex,
1445 2667 1567 2706 cum
1598 2648 1872 2717 discipulis

301 2756 438 2821 suis,
472 2755 563 2824 qui
594 2763 719 2808 sunt
746 2752 860 2806 veri
893 2749 1223 2812 sacerdotes,
1244 2756 1529 2814 antequam
1563 2741 1782 2796 accedat
1806 2739 1872 2792 ad

302 2849 484 2904 altare
517 2846 634 2911 Dei,
659 2846 810 2901 bibat
839 2842 948 2914 (88)
992 2841 1211 2904 vinum;
1268 2853 1391 2892 cum
1437 2849 1568 2890 vero
1616 2831 1876 2886 accedere

305 2940 563 3012 ceperit,
591 2947 695 2992 n0n
731 2937 900 2991 bibat.
932 2935 1166 2989 Venerat
1198 2932 1250 2985 in
1289 2930 1435 2983 hunc
1475 2924 1734 2980 mundum
1764 2921 1880 2975 Sal-

305 3044 490 3097 vator,
519 3040 578 3086 ut
624 3044 724 3100 pro
751 3028 993 3098 peccatis
1022 3025 1226 3079 nostris
1260 3035 1477 3077 carnem
1524 3032 1676 3072 suam
1717 3013 1880 3069 otIer-

2013 1367 2070 1422 2.
2103 1365 2158 1419 Si
2186 1375 2314 1429 ergo
2348 1353 2705 1411 intelleximus
2739 1352 3046 1399 sanctorum
3076 1346 3195 1403 quae
3220 1329 3292 1384 sit
3323 1324 3506 1381 ebrio»

1950 1471 2059 1522 tas,
2095 1467 2151 1512 et
2189 1449 2460 1522 quomodo
2492 1447 2604 1500 brec
2636 1454 2732 1510 pro
2760 1431 2942 1489 lmtitia
2965 1427 3169 1483 sanctis
3199 1423 3250 1475 in
3285 1415 3518 1489 promis-

1950 1552 2192 1609 sionibus
2225 1548 2382 1599 datur
2407 1579 2423 1604 ,
2459 1538 2738 1592 videamus
2787 1541 2936 1583 nunc
2967 1515 3238 1592 quomodo
3269 1509 3520 1566 Salvator

1954 1653 2136 1699 noster
2169 1654 2273 1693 non
2309 1633 2442 1688 bibit
2469 1630 2654 1685 vinum
2683 1665 2696 1686 ,
2744 1628 3022 1689 usquequo
3056 1611 3203 1664 bibat
3238 1601 3366 1660 illud
3395 1613 3518 1656 cum

1953 1734 2154 1791 sanctis
2187 1741 2382 1784 novum
2433 1723 2486 1777 in
2518 1732 2680 1787 regno
2723 1713 2841 1767 Dei.
2891 1707 3146 1761 Salvator
3195 1710 3346 1751 meus
3377 1693 3525 1760 luget

1955 1827 2116 1884 etiam
2150 1834 2294 1876 nunc
2324 1817 2434 1888 (91)
2467 1817 2687 1882 peccata
2711 1819 2852 1858 mea.
2887 1797 3134 1852 Salvator
3167 1801 3318 1842 meus
3353 1779 3522 1837 laetari

1957 1932 2063 1973 non
2091 1920 2266 1984 potest
2291 1875 2586 1972 donee‘ego
2616 1900 2668 1952 in
2696 1893 2980 1963 iniquitate
3005 1894 3316 1956 permaneo.
3348 1875 3528 1941 Quare

1959 1964 2063 1973 ""'
2095 1964 2204 1984 r'“
2523 1964 2548 1972 ν

1959 2025 2066 2066 non
2108 2002 2332 2078 potest?
2380 1999 2502 2068 quia
2555 1996 2671 2064 ipse
2705 1999 2786 2044 est
2834 1986 3129 2039 advocatus
3160 1989 3257 2045 pro
3289 1964 3529 2040 peccatis

1960 2058 2161 2158 nostris
2189 2094 2330 2165 apud
2365 2058 2606 2146 Patrem,
2635 2083 2776 2137 sicut
2811 2075 3051 2130 Joannes
3083 2071 3384 2139 symmysta
3413 2058 3530 2127 ejus

1961 2189 2291 2266 przeuuntiat
2324 2185 2511 2239 dicens
2559 2179 2599 2210 "
2633 2176 2758 2246 quia
2804 2189 2821 2221 ι
2853 2179 2906 2224 et
2942 2165 2987 2220 si
3033 2163 3154 2230 quis
3184 2152 3532 2227 peccaverit,

2735 2264 2746 2266 ⁸
2789 2260 2821 2266 “
3037 2250 3057 2266 ¹¹
3196 2263 3208 2266 -
3259 2244 3532 2266 ¹”Ι»-2,.ι.ι-η

1965 2244 2286 2340 advocatum
2315 2276 2579 2331 habemus
2611 2244 2749 2335 apud
2789 2260 3003 2315 Patrem
3030 2250 3216 2308 Jesutn
3257 2244 3534 2302 Christum

1962 2379 2202 2449 justum,
2243 2380 2298 2426 et
2340 2371 2455 2438 ipse
2477 2373 2561 2420 est
2594 2352 2968 2428 repropitiatio
3014 2361 3112 2418 pro
3155 2337 3391 2413 peccatis
3442 2348 3539 2387 no-
3599 2385 3602 2390 ,

1969 2434 2120 2528 stris.
2151 2485 2171 2519 ι
2206 2434 2488 2532 Quomodo
2512 2471 2638 2525 ergo
2672 2457 2847 2521 potest
2879 2444 2988 2510 ille,
3017 2435 3432 2510 qui'advocatus
3457 2434 3542 2480 est

1972 2579 2068 2634 pro
2099 2557 2334 2630 peccatis
2369 2552 2526 2613 meis,
2567 2547 2750 2600 bibere
2777 2540 2963 2592 vinum
2995 2531 3213 2590 lretitiae,
3245 2537 3404 2594 quem
3439 2534 3540 2589 ego

1971 2651 2246 2724 peccando
2277 2641 2578 2702 contristo?
2610 2631 2889 2704 Quomodo
2917 2632 3091 2697 potest
3118 2623 3238 2684 iste,
3269 2617 3357 2686 qui
3391 2627 3546 2666 acce-

1974 2702 2233 2724 ντ--νπνί
2622 2702 2650 2704 τ

1974 2747 2052 2802 dit
2085 2744 2151 2798 ad
2183 2740 2355 2795 altare
2384 2745 2442 2788 ut
2473 2727 2794 2801 reprOpitiet
2832 2734 2917 2774 mc
2947 2722 3306 2786 peccatorem,
3337 2720 3457 2759 esse
3491 2702 3544 2755 in

1974 2837 2178 2900 laetitia,
2221 2833 2286 2886 ad
2315 2843 2472 2898 quem
2507 2831 2854 2893 peccatorum
2893 2821 3134 2865 meorum
3167 2815 3369 2858 maeror
3405 2811 3550 2852 sem-

1976 2943 2074 2998 per
2102 2919 2389 2979 ascendit?
2423 2909 2919 2987 Vobiscum,inquit
2941 2950 2954 2972 ,
3001 2901 3128 2957 illud
3165 2899 3342 2952 bibam
3380 2893 3430 2944 in
3464 2903 3552 2942 re-

1980 3035 2085 3090 gno
2135 3016 2312 3071 Patris
2345 3011 2468 3065 mei.
2505 3004 2756 3074 Quandiu
2804 3015 2902 3054 nos
2944 3011 3048 3051 non
3097 2995 3168 3046 ita
3222 2989 3450 3058 agimus,
3493 2991 3552 3035 ut

315 3074 490 3097 ...πη
520 3074 578 3086 ..-
627 3074 722 3100 τ.-
755 3074 990 3098 ,ηπ-η--
1025 3074 1222 3079 ---νη
1269 3074 1283 3077 -
1407 3074 1412 3075 γ

310 3137 392 3180 ret
441 3125 680 3180 hostiam
731 3121 862 3175 Deo.
908 3119 1060 3173 Ilanc
1108 3117 1422 3187 priusquam
1467 3109 1706 3174 oll‘errct,
1743 3108 1884 3160 inter
1910 3117 1953 3174 ο
1988 3112 2342 3168 ascendamus
2374 3105 2439 3156 ad
2471 3114 2719 3169 regnum,
2755 3110 2860 3148 non
2897 3095 3075 3159 potest
3107 3083 3233 3138 illud
3263 3081 3444 3132 viuum
3479 3074 3556 3128 hi-

312 3216 782 3286 dispensationum
819 3225 1000 3266 moras
1039 3211 1221 3263 vinum
1255 3206 1498 3261 bibebat.
1527 3201 1766 3269 Denique
1800 3199 1884 3252 di-

315 3313 550 3367 cebatur
577 3311 738 3364 homo
762 3321 954 3369 vorax,
987 3312 1043 3358 et
1070 3303 1179 3354 vini
1208 3309 1445 3369 potator,
1473 3296 1678 3350 amicus
1712 3291 1890 3362 publi-

317 3419 605 3469 canorum,
638 3412 690 3455 et
717 3404 1082 3469 peccatorum.
1117 3393 1219 3448 Ubi
1262 3405 1391 3446 vero
1423 3398 1635 3458 tempus
1673 3384 1892 3440 advenit

321 3497 507 3552 crucis
545 3510 677 3558 suae,
701 3501 756 3546 et
781 3502 1106 3546 accessurus
1133 3493 1250 3540 erat
1281 3485 1346 3536 ad
1377 3483 1548 3536 altare
1569 3479 1658 3533 ubi
1699 3480 1894 3534 immo-

325 3587 468 3641 laret
493 3585 722 3640 hostiam
757 3582 941 3637 carnis
973 3576 1430 3644 suetaecipiens,
1472 3570 1648 3641 inquit
1683 3568 1747 3634 ιι,
1798 3584 1892 3623 ca-

325 3676 510 3742 licem,
546 3674 847 3737 benedixit,
898 3681 946 3727 el
991 3671 1134 3725 dedit
1171 3666 1450 3734 discipulis
1502 3663 1616 3718 suis
1667 3660 1891 3715 dicens:

326 3769 592 3836 Accipite,
637 3777 691 3820 et
735 3765 902 3818 bibite
940 3777 1007 3817 ex
1036 3760 1161 3814 hoc.
1200 3777 1220 3811 ι
1277 3757 1408 3823 Vos,
1458 3755 1657 3824 inquit,
1698 3752 1893 3817 bibite,

330 3862 421 3932 qui
463 3860 572 3931 (f9)
601 3857 763 3913 modo
805 3851 1076 3914 accessuri
1110 3865 1215 3904 non
1263 3848 1396 3902 estis
1427 3846 1494 3900 ad
1543 3844 1733 3897 altare.
1781 3843 1898 3910 Ipse

332 3962 512 4007 autem
542 3961 796 4018 tanquam
825 3957 1144 4000 accessurus
1174 3941 1240 3995 ad
1267 3941 1457 4003 altare,
1490 3936 1626 3991 dicit
1648 3935 1713 3989 de
1741 3951 1800 3990 se
1820 3935 1896 3988 ":

337 4066 355 4100 ι
393 4049 566 4100 Amen
597 4044 716 4099 dico
747 4041 923 4103 vobis,
949 4037 1070 4106 quia
1104 4049 1210 4088 non
1239 4033 1418 4087 bibam
1453 4031 1518 4085 de
1553 4027 1902 4099 generatione

332 4141 458 4195 vitis
479 4136 666 4205 hujus,
703 4145 980 4201 usquequo
1008 4128 1191 4199 bibam
1229 4123 1358 4178 illud
1393 4121 1674 4176 vobiscum
1703 4132 1902 4173 novum

336 4235 390 4290 in
413 4246 580 4304 regno
602 4229 782 4284 Patris
819 4225 947 4280 mei.
983 4242 1004 4276 ι
1047 4222 1104 4275 Si
1146 4221 1270 4290 quis
1306 4226 1546 4271 vestrum
1579 4213 1804 4268 auribus
1839 4213 1904 4266 ad

338 4326 671 4382 audiendum
714 4317 1014 4390 puriﬁcatis
1051 4311 1284 4376 accedit,
1328 4307 1618 4362 ineffabilis
1659 4303 1905 4376 mysterii

341 4419 622 4474 intueatur
655 4423 937 4466 arcanum.
976 4405 1116 4471 Quid
1145 4399 1398 4470 estquod
1431 4397 1562 4452 dicit
1589 4395 1710 4464 quia
1745 4413 1764 4446 ι
1798 4409 1905 4448 ηοιι

341 4511 523 4566 bibam
554 4521 622 4561 ex
656 4501 1008 4575 generatione
1032 4495 1159 4550 vitis
1196 4491 1373 4560 hujus,
1409 4502 1695 4558 usquequo
1729 4486 1904 4538 bibam

344 4600 476 4656 illud
506 4597 789 4653 vobiscum
815 4605 1010 4646 novum
1043 4588 1096 4640 in
1126 4600 1290 4654 regno
1329 4582 1505 4635 Patris
1538 4577 1676 4633 mei?
1711 4595 1728 4627 ι
1762 4576 1912 4630 Dice-

344 4693 536 4748 bamus
585 4690 639 4743 in
669 4684 1040 4756 superioribus
1070 4676 1486 4748 promissionem
1521 4671 1725 4727 sanetis
1758 4672 1910 4725 boum

347 4785 508 4856 hujus
538 4779 822 4838 ebrietatis
853 4777 1053 4840 datam,
1077 4786 1198 4827 cum
1234 4770 1423 4823 dicunt
1455 4765 1498 4796 ¹³
1526 4781 1539 4817 :
1578 4782 1597 4814 ς
1637 4763 1704 4816 Ει
1737 4778 1910 4830 pocu-

347 4855 456 4934 lum
491 4886 640 4932 tuum
665 4870 960 4929 inebrians,
992 4878 1153 4935 quant
1186 4859 1506 4932 praeclarum
1540 4856 1653 4910 est!
1685 4855 1828 4910 iSed
1861 4863 1915 4908 et

352 4971 405 5028 in
426 4968 548 5025 aliis
579 4964 763 5020 multis
778 4959 934 5032 221
963 4956 1252 5026 Scriptura:
1277 4949 1407 5006 locis
1433 4946 1627 5004 similia
1657 4947 1913 5013 legimus,

411 5101 434 5134 ’
463 5097 632 5153 Hebr.
666 5109 744 5157 Ix,
782 5087 861 5143 II.

349 5169 392 5203 "
419 5150 621 5226 Jerem.
651 5150 799 5221 xxxi,
833 5157 920 5213 14.
995 5155 1038 5186 ⁵⁸
1067 5152 1172 5206 Isa.
1204 5166 1324 5226 _L_xv,
1354 5150 1441 5203 I5.

350 5222 502 5303 XXIII,
533 5238 624 5292 37.
698 5232 744 5268 ³³
773 5229 914 5285 Psal.
948 5238 1171 5284 xxxviii,
1201 5222 1252 5273 5.

419 5339 533 5408 (87)
589 5335 745 5397 Mss.,
783 5321 1305 5408 «insequentibus
1345 5315 1632 5374 tenebitur.
1685 5331 1704 5366 ι
1750 5311 1906 5368 1..ἰ1)1).

356 5400 551 5467 εῐιῖιί.’‹
582 5409 633 5461 in
661 5400 1031 5470 superioribus
1057 5403 1290 5470 tenetur:
1321 5409 1340 5442 ι

427 5451 550 5553 ὶὲἑῐ
571 5451 1050 5553 iis-37123551“)
1085 5461 1536 5553 “Pellal’isfzf
1570 5451 1912 5553 P°.'.LE"‘.2‘.‘.'.:.'

361 5522 1038 5616 υὺὶῪέὲἱῐῦζκιῖιὶὲωὶ,
1073 5554 1092 5588 ι
1131 5522 1183 5590 εἰ
1212 5522 1371 5604 paulo
1399 5536 1537 5601 post,
1575 5543 1593 5574 σ
1638 5539 1743 5579 non
1772 5522 1924 5576 bibe-

364 5620 549 5760 baibii)
575 5685 735 5760 Mss"
775 5703 794 5738 ι
827 5680 940 5753 qui.
972 5695 991 5730 ι
1024 5676 1180 5760 Libb.
1207 5671 1358 5760 editi,
1389 5691 1407 5725 ‹
1455 5669 1602 5760 quia.
1650 5685 1671 5719 ι

437 5743 552 5816 ὶξιόδ
599 5743 734 5814 ηδε.
776 5743 876 5810 (ἐι
912 5758 1202 5807 torrentem
1250 5743 1537 5801 voluntatis
1591 5749 1691 5794 tuae
1738 5745 1922 5792 uotum

1989 3205 2120 3259 bere
2147 3198 2319 3262 solus,
2351 3194 2495 3264 quod
2539 3191 2819 3245 nobiscum
2855 3199 2912 3237 se
2945 3182 3127 3234 bibere
3159 3170 3424 3244 promisit.
3456 3167 3556 3220 Est

1989 3310 2118 3364 ergo
2153 3290 2336 3346 tandin
2365 3289 2417 3340 in
2451 3295 2704 3341 maerore,
2730 3274 2968 3346 quandiu
3003 3284 3101 3323 nos
3131 3264 3468 3336 persistimus
3500 3257 3555 3310 in

1988 3399 2196 3441 errore.
2232 3381 2288 3434 Si
2320 3378 2462 3433 enim
2498 3369 2784 3443 Apostolus
2815 3367 2984 3434 ipsius
3009 3362 3150 3430 luget
3173 3354 3434 3424 quosdam
3464 3348 3557 3418 qui

1991 3489 2117 3532 ante
2162 3477 2523 3544 peccat-erunt
2545 3505 2561 3530 ,
2596 3476 2651 3518 et
2683 3479 2788 3518 non
2824 3465 3052 3529 egerunt
3081 3448 3452 3522 paenitentiam
3504 3442 3560 3495 in

1994 3572 2082 3626 his
2107 3534 2226 3638 quae
2255 3570 2540 3636 gesserunt
2562 3558 2628 3623 ³⁸,
2659 3555 2788 3626 quid
2819 3553 2992 3606 dicam
3032 3547 3096 3600 de
3125 3545 3260 3611 ipso,
3297 3537 3387 3608 qui
3423 3534 3564 3588 filius

1995 3660 2192 3718 dicitur
2222 3648 2548 3708 charitatis?
2580 3646 2668 3715 qui
2705 3640 3052 3707 semetipsum
3089 3626 3390 3686 cxinanivit
3432 3636 3564 3691 pro-

1993 3761 2115 3823 pter
2158 3745 2477 3802 charitatem
2513 3751 2677 3806 quam
2729 3731 2963 3786 habebat
2989 3738 3118 3792 erga
3159 3734 3300 3784 nos,
3353 3725 3407 3769 et
3459 3727 3562 3766 non

1997 3803 2079 3823 τη
2533 3803 2545 3806 -

1997 3840 2249 3914 quaasivit
2277 3851 2396 3905 qua:
2434 3847 2527 3886 sua
2559 3836 2703 3888 sunt,
2739 3838 2860 3878 cum
2886 3822 3030 3874 esset
3056 3811 3278 3882 aequalis
3308 3809 3439 3868 Deo,
3474 3803 3566 3858 sed

2004 3895 2032 3914 τ
2295 3895 2308 3905 .

1999 3931 2244 4004 ῳιωεὶνίι
2274 3939 2393 3996 qua:
2442 3929 2622 3976 nostra
2651 3923 2792 3977 sunt,
2826 3921 2881 3966 et
2909 3917 3128 3978 propter
3159 3905 3258 3958 hoc
3286 3895 3570 3955 evacuavit

2001 4040 2063 4081 se
2093 4023 2136 4054 ¹⁹
2163 4022 2184 4074 ?
2215 4021 2348 4075 Cum
2389 4028 2518 4082 ergo
2561 4012 2664 4064 ista
2712 4021 2830 4075 quae
2869 4010 3053 4057 nostra
3088 4004 3213 4052 sunt
3257 3988 3568 4063 quaesierit,

2004 4129 2149 4172 nunc
2178 4112 2288 4184 jam
2317 4123 2415 4163 nos
2450 4121 2554 4159 non
2591 4100 2806 4170 qmerit,
2834 4109 2934 4149 nec
2965 4107 3082 4162 quae
3111 4097 3294 4143 nostra
3324 4093 3454 4139 sunt
3481 4073 3577 4134 coi-

2004 4208 2136 4279 gitat
2157 4245 2172 4269 ,
2204 4216 2300 4257 nec
2336 4200 2402 4254 de
2451 4193 2729 4250 erroribus
2761 4187 2962 4241 nostris
2996 4191 3186 4237 monet
3212 4218 3228 4243 ,
3260 4191 3361 4231 nec
3389 4172 3575 4244 perdi-

2009 4299 2180 4350 tiones
2212 4301 2422 4347 nostras
2447 4295 2502 4342 et
2533 4281 2886 4338 contritiones
2917 4273 3095 4340 deﬂet,
3121 4272 3212 4342 qui
3241 4268 3386 4322 ﬂevit
3414 4278 3579 4334 super

2008 4385 2328 4446 Jerusalem,
2359 4389 2413 4434 et
2442 4377 2575 4432 dixit
2603 4375 2667 4428 ad
2701 4387 2820 4427 eam
2848 4370 2930 4424 ὀε
2970 4388 2987 4420 ι
3016 4366 3239 4433 Quoties
3272 4360 3414 4416 volui
3446 4371 3580 4412 eone

1943 4462 1986 4517 Ῑ)
2014 4490 2236 4547 gregare
2269 4472 2405 4526 filios
2453 4481 2574 4524 tuos
2599 4509 2614 4534 ,
2647 4466 2789 4520 sicut
2826 4462 3021 4532 gallina
3064 4464 3358 4527 congregat
3403 4451 3580 4522 pullos

2017 4585 2147 4625 suos
2169 4608 2184 4630 ,
2219 4573 2273 4621 et
2304 4562 2601 4621 noluisti?»
2634 4558 2737 4625 Qui
2771 4569 2898 4625 ergo
2928 4552 3145 4605 vulnera
3179 4559 3360 4602 nostra
3393 4559 3584 4600 susce-

2018 4667 2119 4736 pit,
2154 4671 2207 4718 et
2257 4668 2475 4730 propter
2502 4668 2599 4708 nos
2633 4651 2805 4705 doluit
2854 4659 3105 4716 tanquam
3139 4643 3445 4696 animarum
3485 4651 3586 4692 n0-

2021 4769 2254 4814 strarutn
2309 4761 2366 4806 et
2410 4762 2696 4818 corporum
2767 4741 3050 4805 medicus,
3105 4737 3264 4792 modo
3298 4733 3584 4788 vulnerum

2019 4861 2334 4906 nostrorum
2388 4839 2704 4912 putredines
2755 4833 3029 4905 negligit?
3074 4849 3090 4882 ι
3125 4829 3587 4893 Computruerunt

2019 4945 2162 5000 enim
2192 4942 2286 5012 (ut
2313 4939 2387 4992 ait
2419 4936 2687 5004 Propheta
2720 4930 2799 5003 υ)
2834 4938 2889 4984 et
2918 4935 3180 4994 corrupta:
3212 4934 3338 4979 sunt
3362 4919 3586 4976 cicatri-

940 5083 986 5116 ¹⁹
1004 5081 1159 5137 Joan.
1185 5093 1304 5137 xm.
1335 5079 1424 5133 55.
1501 5077 1542 5107 ¹¹
1571 5072 1762 5127 Matth.
1794 5084 1874 5122 xxi

995 5155 1038 5186 ⁵⁸
1067 5152 1172 5205 Isa.
1206 5166 1324 5205 va.
1354 5150 1441 5203 I5.
1537 5145 1577 5177 ⁸⁷
1610 5144 1631 5198 Ι
1661 5142 1817 5196 Joan.
1849 5156 1874 5193 l‘

1977 5066 2060 5120 27.
2136 5063 2180 5094 "
2211 5060 2338 5117 ibid.
2370 5059 2460 5114 29.
2538 5057 2582 5088 ¹³
2610 5055 2751 5109 Psal.
2794 5070 2957 5114 xxnt.
2987 5054 3039 5110 5.
3117 5052 3160 5083 ’δ
3190 5051 3328 5107 Psal.
3364 5066 3509 5112 xxvr,
3533 5049 3591 5105 9.

1977 5178 1989 5202 ,
2021 5138 2076 5190 2.
2167 5135 2210 5165 ³⁸
2241 5133 2280 5186 11
2311 5133 2434 5186 Cor.
2465 5142 2562 5193 xu,
2587 5127 2678 5181 21.
2774 5126 2816 5159 ¹⁹
2843 5124 3074 5194 Philipp.
3106 5141 3165 5188 ιι,
3201 5125 3252 5178 7.
3327 5122 3372 5154 *°
3401 5120 3591 5175 Matth.

2167 5135 2210 5165 ³⁸
2241 5133 2280 5186 11
2311 5133 2434 5186 Cor.
2465 5142 2562 5193 xu,
2587 5127 2678 5181 21.
2774 5126 2816 5159 ¹⁹
2843 5124 3074 5194 Philipp.
3106 5141 3165 5188 ιι,
3201 5125 3252 5178 7.
3327 5122 3372 5154 *°
3401 5120 3594 5175 Matth.

2025 5308 2179 5362 dabis
2208 5303 2333 5356 illis.
2365 5317 2385 5351 ι
2421 5295 2578 5352 Libb.
2605 5291 2749 5365 {editi
2787 5309 2806 5342 ς
2834 5297 2890 5343 et
2923 5295 3162 5342 torrente
3193 5277 3447 5337 bonitatis
3486 5285 3590 5333 tua

2023 5375 2232 5448 potabis
2258 5387 2382 5448 _eo_s.
2416 5389 2435 5421 ι

2095 5415 2231 5515 lilii"
2251 5415 2496 5515 έίίιῖῑηῑεν
2719 5431 2857 5515 (Ἧιεὲ
2885 5428 3045 5515 εειίαηι
3291 5429 3413 5515 θίθκ
3463 5415 3583 5482 θ¹¹⁰

2025 5489 2423 5572 δειιδιιίιίιιθιπίι
2442 5489 2700 5569 Origenes
2727 5489 2999 5572 Christum
3030 5494 3197 5572 etiam
3229 5505 3372 5572 nunc
3401 5489 3590 5572 lugere

2024 5557 2660 5658 peccata_nos_tra‘,‘:ffuse
2707 5580 2761 5625 et
2789 5571 2947 5658 docte
2971 5557 3166 5658 gap-erit
3199 5562 3410 5658 eLa‘riss.
3447 5557 3590 5613 ﬂue-

2027 5631 2606 5723 iihs‘brigenian.'lib.
2639 5658 2700 5709 II,
2738 5647 2932 5711 quaest.
2971 5631 3204 5703 δίιιιιιιι.
3235 5631 3326 5689 29.
