4024 6146
518 261 649 333 ιτς·

1972 294 2294 353 ORIGENIS

3660 313 3769 371 I80

516 400 616 444 ces
649 401 846 447 nostra
868 432 885 458 ,
917 408 947 449 a
998 387 1139 454 facie
1182 400 1507 473 insipientia
1543 419 1764 467 nostra.
1795 432 1814 466 ι
1862 413 1967 469 Pro
2007 415 2093 470 his
2122 419 2164 475 A
2193 411 2504 472 intellexisti
2537 418 2664 489 quid
2702 421 2771 498 sit
2804 437 2873 479 ex
2903 434 3075 495 parte,
3106 437 3163 482 et
3192 428 3321 498 quid
3340 430 3413 485 sit
3434 444 3500 487 ex
3537 433 3765 504 integro

517 491 650 550 ergo
670 484 921 540 omnibus
946 489 1151 546 assistit
1169 509 1311 550 nunc
1339 498 1505 553 vultui
1566 501 1694 568 Dei,
1729 505 2088 576 interpellans

517 584 620 642 pro
646 575 800 629 nobis
821 615 839 639 ,
873 580 1083 636 assistit
1126 584 1321 653 altari,
1358 599 1417 645 ut
1457 575 1957 666 repropitiationem
1987 616 2087 670 pro

516 661 675 717 nobis
701 661 892 721 oﬂerat
925 669 1075 724 Deo:
1108 683 1162 727 et
1210 676 1332 732 ideo
1365 661 1579 741 dicebat
1612 661 1869 758 tanquam
1898 661 2087 751 acces-

515 765 672 808 surus
702 755 768 808 ad
801 756 945 813 istud
975 761 1170 831 altare,
1206 769 1333 835 quia
1355 769 1464 839 jam
1506 792 1526 826 ι
1550 792 1657 832 non
1697 755 1875 836 bibam
1906 785 1974 842 de
1996 801 2085 856 ge-

514 844 792 901 neratione
824 851 955 906 vitis
980 852 1173 923 hujus,
1205 858 1379 917 donec
1422 864 1607 924 bibam
1635 870 1771 928 illud
1797 844 2079 936 vobiscum

508 942 730 992 novum.
768 955 787 989 ι
820 939 1109 1013 Exspectat
1138 963 1270 1020 ergo
1300 962 1356 1008 ιιι
1387 972 1786 1033 convertamur,
1824 979 1883 1024 ut
1911 972 2079 1041 ipsius

506 1019 785 1084 imitemur
805 1032 918 1104 (92)
951 1043 1282 1117 exemplum,
1315 1060 1370 1103 ut
1393 1065 1685 1121 sequamur
1711 1019 2080 1136 vestigiarejus

507 1120 558 1136 μ
590 1112 729 1136 ,μω
757 1135 763 1136 ί
914 1125 961 1136 ..

504 1120 563 1166 et
589 1112 802 1175 latetur
838 1125 1119 1185 nobiscum
1144 1173 1158 1199 ,
1191 1146 1247 1191 et
1267 1112 1421 1193 bibat
1448 1112 1630 1197 vinum
1668 1112 1945 1208 nobiscrum
1971 1112 2076 1220 ,δίη

504 1217 672 1273 regno
698 1209 877 1270 Patris
911 1218 1015 1273 sui.
1046 1220 1203 1280 Nunc
1230 1228 1372 1281 enim
1404 1232 1531 1299 quia
1561 1236 1874 1298 misericors
1906 1257 1991 1300 est
2020 1258 2076 1303 et

501 1297 790 1358 miserator
815 1304 1098 1379 Dominus,
1130 1316 1336 1386 majore
1366 1297 1564 1381 affectu
1599 1328 1713 1399 ipse
1744 1348 1903 1401 quam
1929 1338 2074 1407 Apo-

496 1388 667 1447 stolus
698 1410 827 1451 suus
870 1395 961 1455 ﬁet
994 1420 1118 1460 cum
1162 1409 1413 1471 ﬂentibus
1436 1456 1453 1483 ,
1488 1388 1637 1489 cupit
1678 1427 1914 1492 gaudere
1945 1445 2068 1487 cum

497 1483 858 1548 gaudentibus
891 1492 956 1547 “.
993 1495 1060 1551 Et
1095 1500 1263 1558 multo
1297 1508 1473 1578 magis
1514 1483 1829 1584 ltigetvipse
1855 1483 2067 1592 coquui

495 1582 622 1630 ante
671 1594 1032 1648 peccaverunt
1060 1600 1117 1647 et
1168 1611 1273 1650 non
1316 1614 1541 1669 egerunt
1593 1609 1962 1675 ptenitentiam
1998 1615 2065 1671 “.

493 1660 681 1736 Neque
707 1673 847 1727 enim
878 1683 1173 1746 putandum
1204 1698 1308 1755 est,
1343 1660 1487 1761 quod
1987 1660 2066 1761 lu:

491 1768 614 1824 geat
644 1775 740 1828 pro
768 1773 1161 1839 peccatoribus,
1193 1789 1246 1832 et
1278 1780 1403 1836 ﬂeat
1430 1800 1530 1854 pro
1560 1768 2003 1860 delinquentibus
2036 1815 2051 1865 ;

490 1844 754 1908 Dominus
802 1869 981 1917 autem
1034 1882 1187 1924 meus
1214 1870 1374 1929 .lesus
1416 1878 1683 1937 abstineat
1711 1899 1739 1939 a
1776 1884 1900 1943 fletu
1933 1905 2053 1946 cum

488 1940 701 1996 accedit
735 1948 800 2000 ad
831 1947 1067 2022 Patrem,
1095 1972 1213 2013 cum
1257 1965 1465 2021 assistit
1504 1969 1657 2025 altari
1684 2013 1699 2037 ,
1731 1986 1785 2030 et
1813 1981 2055 2048 repropi-

488 2027 768 2089 tiationem
794 2038 908 2115 (95)
939 2060 1036 2114 pro
1066 2051 1223 2106 nobis
1251 2053 1440 2122 offert;
1473 2068 1526 2113 et
1556 2062 1656 2117 hoc
1681 2075 1763 2120 est
1788 2027 2052 2126 accredern-

487 2127 596 2176 tem
622 2129 690 2179 ad
713 2129 883 2189 altare
910 2153 1012 2192 non
1039 2141 1220 2200 bibere
1250 2148 1434 2204 vinum
1463 2152 1683 2223 latitia,
1708 2163 1833 2231 quia
1864 2165 2047 2223 adhuc

483 2226 831 2281 peccatorum
877 2239 1184 2290 nostrorum
1218 2243 1608 2303 amaritudines
1642 2256 1867 2320 patitur.
1924 2259 2041 2316 Non

480 2308 596 2363 vult
623 2326 753 2386 ergo
781 2320 930 2377 solus
961 2324 1014 2379 in
1050 2343 1215 2400 regno
1242 2333 1336 2388 Dei
1368 2337 1554 2396 bibere
1581 2344 1787 2415 vinum,
1819 2366 1916 2408 nos
1948 2369 2046 2410 ex-

478 2414 707 2470 spectat.
751 2410 842 2469 Sic
870 2418 1016 2473 enim
1050 2423 1184 2478 dixit
1211 2426 1285 2482 "z
1324 2447 1345 2481 ι
1380 2430 1561 2490 Donec
1589 2410 1925 2502 bibam'iilud
1953 2464 2043 2504 vo—

472 2493 707 2555 biscum.
735 2520 754 2554 ι
791 2503 899 2561 Nos
931 2527 1116 2570 sumus
1149 2517 1312 2586 igitur
1337 2524 1450 2591 qui,
1478 2528 1641 2583 vitam
1671 2545 1909 2592 nostram
1946 2555 2042 2595 ne-

473 2586 765 2663 gligentes,
799 2596 1038 2658 latitiam
1070 2607 1212 2665 illius
1233 2611 1598 2674 demoramur.
1626 2622 1917 2694 Exspectat
1941 2647 2039 2689 nos

476 2687 537 2779 ιιι
567 2679 710 2737 bibat
737 2685 804 2742 de
833 2700 1184 2758 generatione
1212 2703 1337 2759 vitis
1364 2707 1544 2775 hujus.
1577 2679 2037 2779 Cujus.

468 2763 573 2824 lius
603 2777 789 2845 utique
812 2782 964 2849 cujus
994 2787 1106 2856 ipse
1154 2803 1269 2848 erat
1315 2797 1484 2867 ﬁgura
1520 2804 1709 2861 dicens
1737 2810 1814 2866 ’5:
1870 2830 1891 2864 ι
1922 2815 2035 2885 Ego

467 2871 591 2913 sum
614 2865 766 2932 vitis,
792 2885 885 2926 vos
905 2875 1175 2943 palmites.
1201 2899 1221 2933 ι
1257 2865 1409 2942 Unde
1433 2889 1628 2947 iterum
1657 2895 1789 2953 dicit
1816 2900 1884 2967 “,
1906 2865 2032 2975 quia

471 2964 497 3002 σ
518 2958 736 3024 sanguis
764 2975 916 3019 meus
944 2980 1071 3024 vere
1098 2982 1182 3026 est
1207 2986 1389 3041 ροιιιε,
1412 2992 1466 3034 ει
1491 2998 1620 3039 caro
1648 3003 1766 3043 mea
1795 3006 1924 3049 vere
1948 3005 2033 3051 est

463 3044 638 3101 cibus.
672 3066 692 3100 ι
749 3052 888 3108 Vere
915 3060 1057 3114 enim
1093 3062 1145 3117 in
1195 3070 1458 3137 sanguine
1492 3089 1609 3131 uva
1655 3077 1790 3135 lavit
1835 3087 2028 3141 stolam
2056 3107 2105 3170 ρ

464 3147 613 3170 ninam
669 3140 807 3170 n..:.l
851 3161 972 3170 ﬁ.--
1026 3167 1039 3170 -
1082 3156 1140 3170 ,ο
1170 3156 1208 3170 -η
1502 3165 1517 3170 -

463 3147 637 3191 suam.
669 3140 807 3207 Quid
847 3161 978 3219 ergo
1016 3156 1140 3209 est?
1170 3156 1457 3228 Exspectat
1502 3165 1767 3227 latitiam.
1805 3175 2030 3242 Quando

461 3234 780 3296 exspectat?
800 3235 932 3292 Cum
954 3256 1423 3317 consummavero,
1450 3256 1643 3328 inquit,
1667 3277 1802 3332 opus
1826 3281 2023 3325 meum.

461 3316 688 3382 Quando
716 3339 1056 3390 consummat
1081 3339 1181 3394 hoc
1205 3348 1384 3412 opus?
1408 3347 1635 3415 Quando
1666 3371 1752 3411 me
1784 3360 1874 3426 qui
1903 3378 2022 3419 sum

461 3409 703 3479 ultimus,
734 3429 789 3471 et
821 3424 1051 3491 nequior
1078 3431 1321 3488 omnium
1355 3448 1734 3510 peccatorum,
1769 3462 2026 3506 consum-

456 3508 659 3556 matum
686 3503 878 3563 fecerit
906 3522 960 3567 et
985 3519 1283 3583 perfectum
1304 3565 1320 3590 ,
1351 3503 1483 3583 tunc
1516 3545 1852 3592 consummat
1886 3555 2021 3611 opus

453 3605 632 3649 suum.
662 3595 814 3655 Nunc
840 3606 981 3659 enim
1006 3609 1183 3666 adhuc
1210 3612 1585 3684 imperfectum
1608 3635 1691 3682 est
1723 3643 1857 3699 opus
1880 3595 2017 3703 ejus,

450 3683 623 3740 donec
654 3703 758 3759 ego
790 3709 982 3753 maneo
1012 3701 1380 3772 imperfectus.
1429 3707 1675 3788 Denique
1709 3722 1877 3781 donec
1919 3742 2019 3799 ego

449 3788 558 3828 non
593 3791 711 3834 sum
742 3783 984 3843 subditus
1013 3792 1175 3861 Patri,
1218 3814 1317 3855 nec
1352 3802 1470 3871 ipse
1498 3783 1696 3865 dicitur
1723 3811 1869 3870 Patri
1899 3783 2016 3875 esse

445 3867 741 3936 subjectus.
780 3872 896 3931 Non
924 3884 1067 3948 quod
1099 3884 1213 3954 ipse
1242 3867 1579 3959 subjectionc
1607 3867 2012 3975 indigeat

1121 3953 1132 3954 γ
1339 3953 1354 3959 ν
1719 3953 1837 3971 9""
1873 3953 2008 3975 ⁷Ἰ’“““

443 3953 700 4026 Patrem,
750 3969 842 4021 sed
887 3986 985 4039 pro
1018 3990 1101 4028 me
1122 4014 1137 4038 ,
1187 3979 1240 4032 in
1272 3998 1379 4051 quo
1407 4002 1543 4056 opus
1569 4004 1723 4046 suum
1773 4000 2008 4056 nondum

442 4061 870 4125 consummavit,
907 4065 1021 4134 ipse
1059 4072 1259 4128 dicitur
1298 4093 1402 4132 non
1433 4096 1555 4137 esse
1584 4086 1875 4154 subjectus.
1918 4094 2010 4150 Sic

438 4144 585 4197 enim
618 4146 846 4218 legimus
874 4154 941 4219 ³⁷,
966 4162 1217 4226 quoniam
1249 4181 1444 4236 corpus
1473 4186 1660 4229 sumus
1684 4176 1923 4248 Christi,
1953 4196 2009 4238 et

439 4238 681 4293 membra
728 4257 794 4296 ex
844 4256 1021 4314 parte.
1057 4250 1193 4318 Quid
1244 4268 1423 4313 autem
1469 4274 1552 4317 est
1595 4269 1738 4335 quod
1774 4238 2005 4330 dicit'ex

435 4337 612 4394 parte,
640 4331 941 4391 videamus.
968 4338 1079 4408 Ego
1108 4359 1251 4401 nunc
1274 4391 1290 4415 ,
1321 4351 1473 4407 verbi
1506 4359 1701 4425 gratia,
1729 4363 2002 4430 subjectus

2186 520 2307 561 esse
2336 507 2660 578 subjectum,
2689 514 2804 569 redi
2836 532 2981 571 nunc
3009 529 3064 574 et
3092 520 3161 574 ad
3192 521 3263 584 id,
3296 523 3440 591 quod
3470 525 3535 578 de
3572 524 3766 593 subje—

2184 596 2367 653 ctione
2393 598 2606 656 Domini
2629 607 3033 674 proposuimus:
3051 620 3106 664 et
3130 610 3251 665 vide
3270 614 3397 682 quia
3419 630 3538 670 cum
3560 632 3764 676 ornnes

2182 701 2380 756 corpus
2405 691 2598 761 ipsius,
2626 704 2685 748 et
2710 697 2950 754 membra
2982 716 3106 756 esse
3136 703 3400 771 dicamur,
3429 706 3603 764 donec
3630 721 3764 768 sunt

2180 778 2352 849 aliqui
2383 780 2436 837 in
2489 786 2645 843 nobis
2671 826 2687 854 ,
2721 790 2814 859 qui
2850 793 3088 846 nondum
3120 795 3360 864 perfecta
3411 800 3761 871 subjectione

2180 870 2411 942 subjecti
2441 889 2590 942 sunt,
2622 880 2736 947 ipse
2767 881 2966 937 dicitur
2996 898 3102 939 non
3139 901 3260 941 esse
3289 870 3585 958 subjectus.
3615 894 3757 952 Cum

2179 973 2311 1016 vero
2339 971 2800 1026 consummaverit
2826 988 2964 1042 opus
2994 990 3151 1031 suum
3190 979 3326 1053 (94),
3354 992 3402 1037 et
3434 986 3758 1044 universam

2179 1062 2489 1112 creaturam
2515 1073 2666 1115 suam
2686 1065 2753 1117 ad
2784 1078 3047 1119 summam
3071 1069 3417 1138 perfectionis
3432 1077 3754 1148 adduxerit,

2179 1150 2306 1201 tunc
2334 1148 2450 1217 ipse
2476 1150 2688 1208 dicetur
2713 1153 2988 1225 subjectus
3017 1157 3070 1212 in
3090 1159 3194 1226 his,
3216 1176 3353 1231 quos
3375 1167 3617 1224 subdidit
3649 1171 3777 1226 Pa-r

2178 1235 2269 1300 tri,
2301 1247 2357 1293 et
2388 1238 2444 1293 in
2476 1245 2674 1311 quibus
2706 1264 2843 1319 opus
2879 1256 3022 1324 quod
3053 1259 3102 1314 ei
3133 1258 3294 1316 Pater
3325 1265 3577 1333 dederat,
3611 1283 3754 1325 con-

2172 1331 2484 1402 summavit,
2513 1346 2570 1392 ut
2600 1339 2671 1395 sit
2696 1340 2840 1400 Deus
2884 1349 3064 1405 omnia
3120 1352 3172 1406 in
3204 1356 3481 1413 omnibus.
3537 1331 3751 1420 Verum

2171 1415 2286 1474 hac
2330 1436 2588 1490 quorsum
2634 1437 2929 1498 spectant?
2976 1450 3037 1495 ut
3091 1415 3750 1524 intelligamus

2168 1521 2327 1576 supra
2357 1517 2710 1574 tractavimus
2735 1559 2753 1586 ,
2781 1531 3052 1593 quomodo
3080 1547 3186 1587 non
3217 1535 3355 1591 bibit
3386 1539 3579 1595 vinum
3663 1544 3751 1600 vel

2167 1604 2435 1667 quomodo
2463 1607 2599 1662 bibit
2626 1622 2917 1684 antequam
2966 1620 3191 1678 intraret
3226 1626 3282 1681 in
3311 1604 3747 1703 tabernaculum,

2168 1698 2455 1761 antequam
2506 1703 2792 1759 accederet
2837 1707 2904 1762 ad
2961 1711 3159 1770 altare.
3211 1717 3329 1774 Non
3367 1720 3507 1777 bibit
3553 1698 3749 1782 autem

2167 1794 2333 1848 nunc,
2367 1785 2491 1854 quia
2523 1792 2731 1849 assistit
2758 1797 2948 1864 altari,
2974 1811 3030 1856 et
3069 1805 3218 1875 luget
3245 1822 3466 1878 peccata
3500 1830 3664 1883 mea;
3690 1829 3750 1874 et

2163 1882 2378 1929 rursum
2433 1878 2583 1937 bibet
2631 1887 2908 1956 posthac,
2958 1907 3084 1948 cum
3132 1899 3377 1969 subjecta
3429 1906 3482 1961 ei
3532 1878 3747 1966 fuerint

2158 1965 2362 2033 omnia,
2390 1977 2447 2024 et
2471 1971 2689 2031 salvatis
2717 1981 2966 2038 omnibus
2993 2000 3058 2041 ac
3080 1988 3356 2047 destructa
3387 2008 3562 2054 morte
3609 2016 3746 2069 pec-

2157 2057 2286 2121 cati,
2317 2058 2459 2115 ultra
2478 2061 2595 2133 jam
2631 2074 3001 2130 necessarium
3027 2093 3136 2134 non
3160 2084 3269 2137 erit
3294 2083 3494 2143 offerre
3523 2089 3745 2147 hostias

2154 2161 2257 2216 pro
2286 2161 2533 2218 peccato.
2565 2155 2717 2215 Tunc
2743 2162 2887 2219 enim
2923 2167 3028 2234 erit
3056 2173 3316 2239 gaudium
3347 2186 3404 2231 et
3431 2177 3646 2247 latitia,
3683 2195 3742 2237 et

2155 2249 2281 2296 tunc
2316 2262 2334 2295 ι
2366 2247 2716 2306 exsultabant
2749 2269 2871 2312 ossa
2906 2258 3194 2318 ltumiliata
3226 2267 3293 2333 ³⁸,
3326 2287 3346 2319 ι
3387 2279 3442 2325 et
3475 2271 3738 2343 implebi-

2150 2339 2238 2386 tur
2270 2333 2397 2390 illud
2427 2341 2568 2406 quod
2594 2345 2853 2414 scriptum
2876 2359 2962 2405 est
2989 2352 3071 2408 ’σι
3126 2373 3147 2407 ι
3172 2357 3433 2431 Aufugiet
3461 2333 3643 2434 dolor,
3673 2378 3732 2424 et

2150 2421 2368 2478 tristitia
2389 2465 2405 2492 ,
2437 2436 2492 2482 et
2518 2433 2775 2499 gemitus.
2806 2454 2827 2488 ι
2861 2440 2968 2495 Sed
2996 2452 3053 2498 et
3077 2444 3208 2504 illud
3236 2421 3350 2504 non
3379 2457 3727 2527 omittamus,

2146 2515 2289 2582 quod
2326 2533 2432 2572 non
2462 2521 2636 2579 solum
2670 2527 2737 2581 de
2772 2529 2955 2586 Aaron
2989 2534 3188 2592 dicitur
3213 2550 3273 2595 ut
3302 2558 3409 2599 non
3438 2547 3589 2604 bibat
3634 2515 3726 2607 vi:

2145 2618 2294 2670 num,
2332 2609 2425 2662 sed
2460 2619 2515 2665 et
2539 2613 2608 2669 dc
2632 2615 2758 2673 [iliis
2791 2622 2910 2690 ejus
2931 2639 3055 2679 cum
3087 2627 3465 2699 ingrediuntur
3491 2639 3559 2695 ad
3583 2655 3720 2698 san—

2144 2704 2252 2755 cta.
2298 2697 2546 2758 Nondum
2596 2708 2740 2761 enim
2790 2726 3110 2783 receperunt
3151 2697 3397 2779 latitiam
3446 2742 3600 2785 suam
3642 2750 3714 2790 ne

2142 2790 2368 2856 apostoli
2400 2794 2615 2863 quidem
2646 2798 2792 2869 (95),
2821 2805 2916 2859 sed
2946 2816 3000 2860 et
3030 2808 3130 2878 ipsi
3162 2826 3515 2887 exspectant,
3547 2834 3608 2878 ut
3642 2835 3704 2881 et

2140 2892 2242 2950 ego
2273 2882 2473 2940 latitia
2497 2903 2683 2945 eorum
2712 2895 2988 2966 particeps
3032 2901 3179 2959 ﬁam.
3217 2905 3400 2978 Neque
3434 2882 3582 2971 enim
3605 2917 3714 2975 de-

2138 2972 2393 3032 cedenles
2434 2979 2562 3036 hinc
2588 2987 2803 3054 sancti,
2836 2992 3096 3050 continuo
3138 2998 3346 3070 integra
3386 3008 3711 3068 meritorum

2137 3076 2363 3118 suorum
2386 3071 2610 3137 praemia
2635 3089 3061 3151 consequuntur;
3087 3087 3182 3142 sed
3203 3102 3520 3161 exspectant
3538 3098 3707 3155 etiam

2133 3167 2253 3221 nos,
2283 3154 2412 3212 licet
2436 3173 2733 3233 morantes,
2761 3168 2884 3225 licet
2908 3172 3142 3232 desides.
3169 3154 3461 3240 Non'enim
3484 3199 3567 3245 est
3597 3193 3707 3251 illis

2130 3244 2374 3312 perfecta
2406 3250 2613 3321 latitia,
2647 3258 2820 3315 donec
2844 3276 2946 3330 pro
2971 3270 3253 3328 erroribus
3291 3280 3492 3335 nostris
3520 3284 3705 3341 dolent

2127 3343 2186 3389 et
2211 3335 2399 3409 lugent
2436 3357 2624 3402 nostra
2659 3362 2901 3419 peccata.
2938 3356 3052 3414 lloc
3080 3360 3315 3422 fortasse
3342 3371 3472 3425 mihi
3496 3375 3699 3434 dicenti

2124 3468 2230 3510 non
2277 3461 2487 3519 credas.
2531 3465 2663 3532 Quis
2713 3472 2858 3526 enim
2904 3489 3004 3546 ego
3033 3492 3194 3544 sum,
3243 3485 3334 3551 qui
3367 3490 3697 3551 conﬁrmare

2123 3553 2444 3608 sententiam
2484 3558 2616 3611 tanti
2653 3562 2917 3632 dogmatis
2946 3569 3209 3626 audeam?
3258 3577 3352 3630 sed
3386 3580 3559 3636 habeo
3582 3585 3680 3645 bo.

2121 3650 2239 3695 rum
2271 3651 2461 3699 testem
2488 3684 2504 3711 ,
2538 3649 2605 3703 de
2632 3666 2741 3719 quo
2791 3670 2895 3709 non
2940 3668 3094 3726 potes
3122 3663 3389 3722 dubitare.
3434 3669 3692 3741 Magister

2118 3732 2261 3786 enim
2292 3737 2532 3805 gentium
2564 3751 2647 3794 est
2674 3742 2727 3796 in
2758 3744 2860 3800 ﬁde
2893 3757 2948 3802 et
2980 3751 3206 3809 veritate
3231 3761 3510 3826 apostolus
3541 3763 3687 3819 Pau-

2118 3823 2221 3880 lus.
2253 3827 2372 3895 lpse
2400 3828 2566 3897 igitur
2595 3832 2658 3887 ad
2694 3835 2951 3895 Hebraeos
2977 3845 3228 3902 scribens
3250 3890 3266 3914 ,
3309 3866 3431 3905 cum
3460 3868 3686 3912 enume-

2113 3925 2293 3970 rasset
2319 3931 2511 3973 omnes
2550 3932 2767 3980 sanctos
2799 3937 2981 3995 patres
3001 3970 3016 3996 ,
3047 3936 3136 4001 qui
3169 3950 3265 4004 per
3298 3940 3457 3995 ﬁdem
3479 3942 3681 4012 justiti-

2112 4002 2218 4057 cati
2242 4013 2389 4071 sunt,
2417 4009 2621 4064 addidit
2648 4023 2771 4080 post
2791 4019 2975 4072 omnia
3003 4002 3336 4082 etiam—hoc:
3385 4048 3405 4080 ‹
3429 4002 3533 4087 Sed
3567 4033 3680 4100 isti,

2109 4093 2287 4163 inquit
2310 4096 2355 4128 ³ο
2378 4136 2396 4164 ,
2424 4112 2615 4156 omnes
2647 4106 3014 4164 testimonium
3048 4113 3309 4172 habentes
3347 4135 3446 4188 per
3474 4093 3674 4190 ﬁdem,

2109 4186 2343 4241 nondum
2369 4193 2603 4247 assecuti
2635 4205 2763 4249 sunt
2790 4203 3288 4273 reprontissionem,
3322 4211 3431 4266 Deo
3458 4229 3555 4284 pro
3585 4232 3678 4272 no-

2108 4275 2191 4330 bis
2238 4278 2433 4335 melius
2465 4284 2670 4354 aliquid
2719 4291 3076 4358 providente,
3127 4299 3202 4351 uti
3250 4316 3317 4355 ne
3370 4275 3487 4359 sine
3519 4310 3676 4366 nobis

2105 4368 2495 4435 perfectionem
2545 4390 3031 4447 consequerentur.
3069 4405 3088 4438 ι
3153 4388 3316 4445 Vides
3368 4408 3498 4466 ergo
3549 4402 3673 4466 quia

1687 4423 1694 4425 -
1826 4423 1844 4430 -
2105 4423 2119 4435 ς
2551 4423 3031 4447 νν--ν-υι--υ-ν--υ--ο
3069 4423 3087 4438 ι
3167 4423 3316 4445 ..πο
3368 4423 3498 4466 σεεν
3549 4423 3672 4466 (μηδ

434 4431 552 4473 sum
588 4423 697 4477 Deo
726 4432 1018 4485 secundum
1059 4436 1329 4505 βρίνίιυιη,
1363 4442 1465 4498 hoc
1491 4457 1574 4501 est
1610 4455 1890 4521 proposito
1946 4469 2002 4513 et
2032 4441 2078 4495 Ῑ)
2104 4470 2380 4529 exspectat
2405 4464 2581 4521 adhuc
2599 4467 2894 4539 Abraham,
2926 4484 3117 4544 utqua
3134 4481 3367 4547 perfecta
3391 4497 3517 4541 sum
3544 4505 3672 4545 con-

434 4509 713 4547 νΛΙΙΙΙιΙΛΙΛ
736 4532 750 4544 ι
787 4522 879 4547 ..ωε
909 4527 1140 4547 -....--_i:__
1175 4529 1217 4547 2,
1294 4546 1333 4547 η
1749 4544 1759 4547 -
1832 4545 1840 4547 _

432 4509 750 4580 voluntate;
786 4522 879 4574 sed
907 4527 1140 4591 quandiu
1175 4529 1226 4581 in
1260 4546 1345 4585 me
1375 4549 1502 4591 caro
1533 4544 1869 4611 concupiscit
1900 4550 1996 4602 ad-

430 4616 621 4659 versus
667 4610 957 4682 spiritum,
1003 4628 1055 4671 et
1088 4621 1311 4689 spiritus
1358 4629 1615 4686 adversus
1657 4649 1900 4703 carnem,
1938 4649 1993 4694 et

2099 4562 2380 4622 sequatur.
2435 4556 2728 4626 Exspectat
2758 4573 2813 4617 et
2857 4564 3009 4621 isaac
3034 4579 3089 4623 et
3135 4568 3306 4628 Jacob
3330 4617 3345 4642 ,
3378 4587 3435 4631 et
3481 4595 3669 4638 omnes

2094 4645 2368 4712 prepheta
2411 4661 2730 4716 exspectant
2776 4669 2877 4710 nos
2923 4666 2982 4712 ut
3028 4661 3310 4719 nobiscum
3365 4670 3662 4738 perfectam

2094 4701 2108 4711 -
2196 4701 2209 4712 -
2423 4701 2426 4702 ν
2777 4701 2875 4710 -η
2925 4701 2982 4712 --
3029 4701 3310 4719 ..νυ-συν...
3365 4701 3662 4738 Peneus...

429 4701 665 4753 nondum
702 4708 850 4772 potui
887 4712 1158 4780 subjicere
1195 4733 1414 4775 carnem
1452 4725 1688 4792 spiritui,
1720 4730 1991 4798 subjectus
2090 4734 2474 4794 beatitudinem
2493 4744 2728 4810 capiant.
2747 4745 2975 4818 Propter
3004 4750 3258 4824 hacergo
3276 4760 3440 4814 etiam
3465 4776 3664 4833 myste-

429 4790 644 4833 nllidpm
679 4809 795 4833 enm
850 4799 959 4833 non
1032 4820 1213 4833 .m.......
1252 4825 1352 4833 ..--
1403 4827 1462 4833 -_
1874 4824 1885 4833 .
2132 4826 2144 4833 .
2381 4831 2389 4833 ξ
2427 4831 2435 4833 ξ
2548 4832 2553 4833 ,

428 4790 644 4856 quidem
678 4809 795 4850 sum
849 4799 959 4855 Deo
983 4842 1000 4867 ,
1032 4820 1215 4861 verum
1249 4825 1354 4864 non
1396 4827 1464 4867 ex
1501 4814 1711 4887 integro
1740 4858 1757 4885 ,
1792 4824 1885 4876 sed
1928 4840 1995 4880 ex

426 4892 600 4948 parte.
658 4885 715 4939 Si
766 4900 944 4946 autem
981 4907 1210 4962 p0tucro
1254 4903 1422 4957 etiam
1456 4920 1677 4962 carnem
1734 4924 1908 4967 meam
1938 4926 1995 4971 et

424 4977 602 5028 omnia
641 4980 880 5036 membra
917 5001 1033 5040 mea
1082 4988 1133 5042 in
1168 4997 1576 5051 consonantiam
1617 5000 1844 5068 spiritus
1878 5014 1991 5059 tra-

423 5066 575 5135 here,
604 5070 765 5142 222
793 5084 920 5131 tunc
941 5078 1181 5147 perfecte
1209 5084 1435 5141 videbor
1460 5104 1582 5145 esse
1607 5091 1899 5159 subjectus.
1931 5096 1988 5153 Si

490 5188 536 5220 ”
565 5190 833 5275 Ιξρῃπιι,
870 5194 967 5275 iii1
1030 5197 1158 5275 “ull
1183 5199 1423 5268 (ἔοι-,χω
1454 5205 1546 5258 2|.
1616 5207 1661 5241 "
1692 5208 1842 5263 Matt.
1878 5227 2024 5275 xxw.
2061 5216 2152 5271 9.9.

2100 4826 2239 4881 rium
2267 4828 2392 4883 illud
2425 4831 2476 4884 in
2507 4832 2748 4889 ultimam
2773 4838 2913 4893 diem
2950 4841 3102 4898 dilati
3123 4847 3310 4915 judicii
3336 4826 3658 4909 custoditur.

2101 4916 2279 4974 Unum
2304 4921 2447 4974 enim
2464 4938 2661 4992 corpus
2687 4936 2792 4990 est,
2819 4931 3258 4998 quodjustiﬁcari
3284 4950 3659 5010 exspectatur,

2095 5025 2259 5063 unum
2301 5014 2442 5080 quod
2507 5030 2792 5085 resurgere
2842 5022 3040 5078 dicitur
3071 5027 3124 5081 in
3164 5027 3393 5096 judicio.
3456 5052 3474 5085 ι
3502 5036 3654 5093 Licet

2095 5105 2240 5159 enim
2277 5106 2390 5161 sint
2439 5109 2607 5163 multa
2638 5114 2878 5170 membra
2901 5157 2917 5181 ,
2955 5119 3048 5174 sed
3078 5137 3241 5176 unum
3276 5139 3510 5194 corpus,
3547 5147 3652 5184 non

2256 5219 2302 5250 ³⁵
2322 5216 2482 5278 Joan.
2508 5236 2600 5283 xv,
2623 5223 2681 5280 5.
2751 5227 2799 5259 ³⁸
2824 5226 2979 5284 Joan.
3012 5246 3082 5296 Vl,
3117 5232 3205 5289 56.
3280 5234 3327 5268 "’
3355 5237 3372 5290 l
3400 5237 3527 5295 Cor.
3552 5255 3649 5308 xu,

416 5258 509 5313 27.
585 5260 630 5293 ³⁸
660 5259 801 5316 Psal.
828 5268 992 5328 L,10.
1061 5269 1108 5301 ³⁹
1146 5271 1246 5324 lsa.
1275 5258 1439 5341 xxxv,
1472 5276 1560 5329 10.
1635 5258 2096 5346 ’θἰιὲιᾶὲῖέὶξὲιθῖ

491 5353 770 5441 (βὲλῌββ.
807 5379 826 5413 ι
853 5368 912 5415 ut
936 5361 1103 5432 ipsius
1128 5366 1424 5425 imitemur.
1459 5392 1478 5425 ι
1507 5372 1661 5430 Libb.
1686 5377 1840 5441 editi,
1881 5397 1899 5430 ι
1924 5391 1980 5435 et

414 5422 587 5494 ipsius
616 5426 909 5486 imitemur.
942 5422 962 5485 ἱ

486 5493 804 5587 (95)..μ1ξβη
862 5520 883 5552 ι
938 5507 1458 5579 repropiliationem.
1514 5533 1534 5567 ι
1597 5517 1756 5577 Libb.
1812 5521 1978 5587 cditi,

419 5579 442 5616 ι
471 5566 928 5632 propinationem.
967 5594 987 5627 ι

487 5635 611 5727 (94)Ι
822 5660 939 5725 εισι-ο
984 5654 1416 5727 ςριιειιηιηιαιρενὶι
1447 5671 1596 5727 _opus
1640 5675 1819 5727 suum,
1864 5674 1971 5720 clc.

414 5701 646 5763 Consule
683 5708 933 5769 liuetiutn
978 5701 1415 5788 Origeniauor'uut
1446 5701 1538 5783 lib.
1568 5743 1631 5799 tt,
1656 5704 1849 5802 quasi.
1883 5736 1969 5804 ii,

2127 5398 2236 5437 um.
2280 5383 2367 5440 16.

2086 5397 2553 5532 ῃυὶἓὲῧλιῦἒιηᾴμηι
2602 5460 2739 5513 enim
2783 5476 3085 5530 receperunt
3114 5466 3353 5525 (mitium
3393 5491 3543 5529 suam
3582 5493 3646 5532 ne

2083 5523 2308 5578 apostoli
2350 5528 2559 5592 quidem
2583 5568 2599 5594 ,
2635 5523 2908 5605 etc._Qt_t_is
2953 5537 3023 5588 sit
3074 5523 3347 5605 genuinus
3373 5523 3645 5601 line-loco

2081 5590 2550 5683 Origenissensus
2569 5590 3050 5683 ,‘aperit‘ﬂuetius
3074 5590 3406 5679 uOrig-evniurt.‘
3439 5618 3534 5674 lib.
3577 5631 3659 5683 n.-

2080 5672 2271 5733 (ιυωει.
2305 5665 2394 5733 il,
2427 5683 2576 5721 num.
2608 5665 2693 5724 10.
