4024 6146
281 115 400 173 εει

1416 119 1488 175 ΙΝ
1526 116 1902 175 LEVITICUM
1935 116 2223 174 HOMILIA
2261 117 2376 178 VII.

3414 115 3540 174 ἱιθι

284 244 476 307 potest
506 235 690 293 dicere
729 237 921 294 oculus
956 240 1163 304 manui,
1196 237 1308 294 Non
1345 254 1405 295 es
1439 241 1569 295 mihi
1616 256 1871 296 necessa-
1898 244 1947 302 Α
1975 255 2098 295 cum
2117 240 2196 295 ³⁸ε
2219 258 2238 292 ι
2259 239 2513 309 Dispersa
2534 242 2805 295 suntbssa
2828 244 3010 292 nostra
3032 236 3537 295 secusinfernunm

286 329 382 383 ria
415 328 481 392 “,
509 347 532 381 ι
562 330 728 383 etiam
762 330 805 384 si
834 345 997 385 sanus
1043 332 1112 386 sit
1169 331 1379 398 oculus,
1410 342 1463 387 et
1497 348 1603 386 nou
1658 332 1730 386 sit
1761 340 1875 385 tur-

286 420 480 476 batus.
509 420 783 488 Quantum
810 421 1048 490 pertinet
1089 422 1157 476 ad
1191 423 1504 485 videndum.
1539 422 1583 476 si
1618 422 1794 475 desint
1825 419 1871 474 ei

287 512 512 581 reliqua
561 514 802 567 membra
833 553 848 578 ,
878 528 1000 583 quas
1034 513 1140 567 erit
1170 514 1326 568 oculo
1372 513 1603 569 laetitia?
1632 521 1727 565 aut
1756 526 1873 579 quae

285 603 577 657 videbitur
623 616 744 657 esse
788 603 1052 673 perfectio
1081 603 1124 658 si
1168 620 1359 660 manus
1399 619 1503 658 non
1545 603 1783 658 habeat?
1826 603 1872 657 si

284 696 466 764 pedes
494 693 697 759 desint,
722 702 816 748 aut
843 694 1049 763 reliqua
1084 696 1324 750 membra
1353 710 1457 749 non
1489 693 1712 747 adsint?
1737 690 1871 757 Quia

284 795 349 840 et
387 786 431 842 si
466 795 556 840 est
584 786 899 855 praecellens
921 786 1102 856 aliqua
1131 787 1272 841 oculi
1305 786 1496 857 gloria,
1522 786 1574 839 in
1604 801 1671 839 eo
1700 784 1875 838 maxi-

289 892 388 932 me
417 887 531 942 est,
558 888 618 931 ut
650 878 730 932 vel
759 879 873 947 ipse
898 877 1006 933 dux
1036 879 1110 932 sit
1139 879 1405 945 corporis,
1435 877 1519 931 vel
1552 887 1871 930 cmterorum

285 972 674 1026 membrorum
727 986 831 1025 non
867 972 1151 1027 deseratur
1190 970 1398 1027 ofﬁciis.
1439 968 1552 1024 Hoc
1572 978 1749 1023 autem
1776 984 1873 1022 uos

286 1076 395 1130 per
448 1061 600 1116 illam
670 1061 973 1117 Ezechielis
1030 1061 1308 1132 prophetae
1364 1061 1628 1115 visionem
1687 1059 1873 1114 doceri

285 1161 457 1221 puto,
482 1168 608 1207 cum
637 1155 769 1209 dicit
790 1163 1219 1225 congreganuum
1239 1167 1299 1207 os
1315 1153 1382 1206 ad
1398 1167 1481 1217 os,
1503 1161 1550 1207 et
1566 1152 1871 1220 juncturam

286 1243 361 1297 ad
389 1241 707 1309 juncturam
734 1284 751 1308 ,
802 1252 858 1297 et
893 1257 1117 1306 nervos,
1151 1256 1215 1295 ac
1244 1256 1445 1307 venas,
1483 1250 1537 1294 et
1564 1240 1783 1309 pellem,
1810 1257 1874 1295 ac

284 1335 519 1405 singula
566 1335 699 1389 locis
751 1336 866 1391 suis
916 1349 1040 1391 esse
1088 1334 1412 1405 reparanda.
1463 1334 1703 1404 Denique
1754 1335 1874 1388 \ide

285 1426 432 1492 quid
464 1424 620 1479 addit
649 1426 946 1494 propheta:
988 1443 1006 1477 ‹
1038 1422 1173 1480 Ossa
1197 1462 1212 1488 ,
1248 1424 1425 1492 inquit
1447 1423 1492 1455 ³⁸
1516 1463 1532 1488 ,
1562 1425 1684 1485 ista,
1715 1442 1734 1475 ι
1770 1440 1873 1477 non

284 1517 439 1572 dixit
468 1532 660 1572 omnes
701 1518 949 1572 homines
991 1526 1153 1583 sunt,
1200 1517 1295 1572 sed
1336 1516 1508 1582 dixit,
1563 1534 1582 1567 ς
1610 1531 1732 1570 ossa
1774 1517 1871 1570 ista

1977 329 2115 397 Quia
2151 344 2284 400 ergo
2313 329 2563 399 dispersa
2591 337 2770 392 erant,
2792 338 3079 398 propterea
3102 328 3235 383 dicit
3258 345 3355 399 per
3374 329 3539 385 alium

1975 422 2436 492 prophetam”:t
2462 421 2836 489 Cougregetur
2874 436 2938 476 os
2981 421 3046 475 ad
3077 436 3158 485 os,
3204 430 3259 475 et
3284 420 3540 489 junctura

1974 516 2040 567 ad
2067 514 2405 583 juncturam,
2442 520 2495 565 et
2534 512 2709 576 nervi,
2749 520 2805 565 et
2847 526 3019 576 venat,
3053 519 3109 564 et
3140 510 3329 580 pelles.
3355 529 3374 562 ›
3405 510 3540 567 Cum

1973 607 2116 660 enim
2151 607 2255 661 hoc
2283 605 2486 658 factum
2529 601 2711 663 fuerit,
2748 615 2876 656 tunc
2909 601 3130 656 «omnia
3170 603 3270 657 ista
3313 604 3536 659 dicent:

1974 696 2225 761 Domine,
2248 695 2371 764 quis
2397 692 2591 749 similis
2615 692 2749 745 tibi?
2772 691 3020 759 Eripicns
3047 693 3261 761 inopem
3285 694 3350 747 de
3378 708 3539 746 manu

1974 785 2214 840 fortioris
2248 784 2441 851 ejus”.
2474 801 2494 836 ι
2544 782 2976 851 Unumquodque
3011 783 3153 837 enim
3203 799 3266 837 os
3310 798 3378 839 ex
3422 783 3541 842 istis

1973 878 2187 931 ossibus
2219 878 2373 944 iuops
2406 886 2549 941 erat,
2596 884 2653 928 et
2697 875 3035 928 atterebatur
3082 874 3325 930 fortioris
3355 890 3538 930 manu.

1973 968 2089 1023 Non
2124 969 2269 1023 enim
2301 968 2537 1022 habebat
2574 966 2885 1034 juncturam
2931 967 3239 1033 charitatis,
3277 983 3381 1022 non
3412 985 3540 1022 uer-

1973 1076 2070 1116 vos
2108 1062 2401 1131 patientiae,
2437 1076 2541 1115 non
2575 1076 2742 1115 venas
2785 1060 2968 1115 vitalis
3013 1060 3200 1123 animi,
3230 1070 3285 1114 et
3315 1059 3436 1114 ﬁdei
3462 1062 3540 1114 vi-

1972 1168 2181 1224 gorem.
2219 1153 2322 1208 Ubi
2363 1168 2494 1208 vero
2537 1153 2685 1207 venit
2718 1153 2808 1221 qui
2859 1151 3103 1220 dispersa
3151 1151 3455 1223 colligeret,
3482 1164 3542 1208 et

1973 1244 2063 1314 qui
2100 1243 2366 1311 dissipata
2395 1243 2771 1313 conjungeret,
2801 1242 3124 1298 consocians
3166 1257 3231 1298 os
3260 1244 3329 1297 ad
3369 1257 3452 1310 os,
3483 1254 3539 1298 et

1969 1336 2281 1406 juncturam
2324 1334 2390 1390 ad
2418 1334 2751 1404 juncturam,
2783 1332 3053 1387 aedificare
3097 1334 3263 1405 coepit
3291 1344 3537 1390 sanctum

1976 1442 2172 1496 corpus
2203 1428 2476 1482 Ecclesiae.
2518 1426 2645 1481 Haec.
2685 1425 2992 1479 inciderunt
3018 1425 3236 1494 quidem
3266 1426 3536 1481 extrinse-

1978 1534 2073 1573 cus
2128 1518 2255 1572 huic
2314 1517 2687 1586 disputationi,
2743 1515 2835 1570 sed
2890 1515 3203 1570 necessario
3252 1515 3535 1585 explanata

285 1611 505 1665 domus
532 1607 695 1664 Israel
726 1617 829 1665 est.
860 1626 880 1661 ι
932 1608 1167 1664 Habebis
1209 1623 1340 1678 ergo
1372 1608 1613 1662 laetitiam
1662 1609 1727 1663 de
1774 1608 1876 1663 hac
1906 1604 1947 1660 Β
1977 1619 2124 1673 sunt,
2156 1619 2217 1664 ut
2247 1608 2586 1663 manifestior
2615 1607 2769 1664 ﬁeret
2799 1608 3072 1678 pontificis
3107 1609 3210 1663 mei
3261 1609 3539 1678 ingressus

296 1705 421 1756 vita
459 1704 764 1764 discedens.
799 1702 843 1759 si
875 1702 1044 1759 fueris
1064 1716 1304 1759 sanctus.
1334 1702 1440 1759 Sed
1477 1714 1605 1758 tunc
1630 1704 1734 1758 erit
1763 1704 1875 1776 ple-

291 1811 366 1851 na
403 1795 595 1850 laetitia
626 1834 643 1859 ,
672 1811 797 1851 cum
834 1796 1038 1850 nullum
1091 1796 1184 1850 tibi
1234 1797 1594 1851 membrorum
1629 1797 1873 1867 corporis

284 1888 473 1941 deest.
508 1886 857 1956 Exspectabis
879 1889 1021 1941 enim
1049 1896 1103 1941 tu
1129 1887 1281 1953 alios,
1307 1887 1449 1943 sicut
1470 1898 1522 1943 et
1544 1888 1664 1958 ipse
1690 1903 1876 1956 exspe-

286 1984 478 2031 ctatus
508 1990 591 2031 es.
620 1975 774 2044 Quod
799 1977 843 2031 si
876 1978 991 2041 tibi,
1018 1979 1108 2047 qui
1140 1980 1439 2032 membrum
1474 1994 1553 2045 es,
1593 1994 1696 2033 non
1728 1980 1875 2035 vide-

288 2070 385 2116 tur
420 2077 547 2118 esse
593 2063 830 2132 perfecta
858 2065 1041 2121 laetitia
1090 2066 1136 2121 si
1177 2067 1320 2121 desit
1353 2068 1496 2122 aliud
1530 2071 1871 2137 membrum;

288 2166 509 2223 quanto
535 2157 705 2225 magis
752 2158 1012 2213 Dominus
1042 2170 1099 2214 et
1132 2159 1380 2215 Salvator
1407 2170 1590 2216 noster
1615 2202 1629 2225 ,
1663 2163 1751 2230 qui
1779 2177 1872 2216 ca-

288 2255 393 2314 put
429 2256 486 2302 et
510 2260 700 2302 auctor
726 2258 809 2303 est
843 2250 1007 2304 totius
1033 2253 1302 2320 corporis,
1325 2268 1429 2306 non
1451 2253 1552 2307 sibi
1582 2252 1871 2321 perfectam

289 2337 435 2391 dicit
467 2353 589 2393 esse
620 2340 862 2395 ire-titiam
888 2382 904 2406 ,
940 2343 1115 2397 donec
1149 2344 1349 2413 aliquid
1379 2359 1445 2398 ex
1492 2345 1747 2399 membris
1781 2347 1874 2400 de-

287 2445 424 2487 esse
456 2434 675 2500 corpori
713 2448 815 2488 suo
844 2434 1032 2489 videt?
1067 2434 1134 2488 Et
1167 2445 1455 2505 propterea
1492 2435 1632 2492 forte
1675 2439 1876 2494 oratio-

290 2538 426 2578 nem
461 2522 718 2579 fundebat
744 2527 810 2580 ad
842 2524 1079 2592 Patrem,
1114 2527 1299 2583 dicens
1327 2529 1406 2584 “z
1432 2528 1643 2585 «Pater
1667 2539 1873 2599 sancte,

290 2613 546 2683 glorifica
578 2631 663 2670 me
692 2616 778 2670 illa
806 2617 997 2686 gloria,
1032 2634 1192 2688 quam
1224 2620 1385 2674 habui
1422 2621 1559 2690 apud
1606 2632 1658 2676 te
1693 2622 1876 2690 prius-

274 2722 467 2775 quam
496 2710 725 2762 mundus
771 2717 933 2763 esset.
965 2730 985 2763 ι
1041 2711 1157 2765 Non
1187 2711 1300 2765 vult
1328 2726 1457 2782 ergo
1493 2711 1612 2766 sine
1643 2721 1693 2767 te
1732 2713 1875 2767 reci-

292 2811 436 2867 pere
461 2796 756 2867 perfectam
785 2799 1010 2868 gloriam
1045 2815 1220 2864 suam,
1275 2800 1380 2855 hoc
1414 2809 1498 2854 est
1529 2802 1648 2855 sine
1678 2801 1875 2872 popqu

292 2902 428 2953 suo,
456 2887 550 2956 qui
578 2896 662 2942 est
692 2903 891 2957 corpus
919 2889 1058 2958 ejus,
1093 2899 1149 2944 et
1181 2890 1272 2959 qui
1303 2898 1435 2945 sunt
1466 2889 1703 2945 membra
1734 2891 1869 2960 ejus.

292 2976 434 3033 Vult
474 2980 619 3035 enim
657 2980 709 3035 in
743 2982 847 3036 isto
879 2998 1107 3052 corpore
1139 2982 1391 3038 Ecclesiae
1423 2997 1535 3037 sua:
1561 2992 1615 3037 et
1661 2984 1711 3037 in
1752 2985 1872 3038 istis

295 3069 568 3125 membris
594 3072 771 3141 populi
800 3074 881 3127 sui
908 3113 924 3137 ,
955 3074 1066 3143 ipse
1097 3074 1244 3127 velut
1271 3074 1455 3128 anima
1495 3075 1783 3143 habitare;
1815 3086 1876 3130 ut

295 3176 499 3216 omnes
550 3173 745 3232 motus,
777 3172 940 3234 atque
976 3166 1157 3219 omnia
1185 3179 1348 3235 opera
1381 3166 1674 3221 secundum
1704 3167 1874 3238 ipsius

296 3255 508 3308 habeat
553 3255 923 3333 voluntatem;
970 3266 1028 3311 ut
1063 3273 1187 3311 vere
1219 3257 1553 3328 compleatur
1606 3259 1659 3313 in
1719 3261 1877 3317 nobis

296 3345 437 3399 illud
465 3346 742 3416 propheta:
765 3347 967 3403 dictum
985 3346 1058 3401 ’δε
1078 3348 1376 3404 «ilahitaho
1404 3350 1456 3402 in
1480 3348 1582 3416 eis,
1610 3360 1665 3405 et
1687 3350 1877 3405 ambu-

297 3436 452 3491 labo.
490 3462 511 3490 ι
558 3437 712 3494 Nunc
769 3450 950 3495 autem
1006 3439 1180 3496 donec
1232 3441 1454 3512 perfecti
1515 3459 1620 3496 non
1688 3460 1876 3500 sumus

298 3544 517 3596 omnes,
573 3531 667 3585 sed
710 3531 885 3585 adhuc
914 3546 1104 3587 sumus
1138 3533 1189 3587 in
1219 3535 1460 3602 peccatis
1486 3574 1502 3601 ,
1536 3549 1599 3588 ex
1631 3546 1789 3604 parte
1820 3536 1871 3590 in

300 3623 468 3677 nobis
499 3630 627 3686 est,
659 3631 713 3677 et
761 3622 881 3678 ideo
914 3642 933 3674 ς
959 3640 1024 3677 ex
1070 3635 1224 3694 parte
1256 3627 1458 3680 scimus
1484 3666 1499 3692 ,
1539 3637 1592 3683 et
1621 3643 1684 3681 ex
1722 3638 1874 3697 parte

299 3715 701 3785 prophetamus
735 3714 811 3780 ³⁵,
846 3733 867 3768 ι
905 3716 1078 3770 donec
1121 3716 1243 3785 quis
1277 3718 1561 3785 pervenire
1599 3729 1874 3773 mereatur

299 3807 375 3861 ad
403 3807 545 3861 illam
572 3820 908 3871 mensuram,
940 3822 1104 3875 quam
1140 3807 1273 3862 dicit
1307 3809 1596 3879 Apostolus
1627 3810 1702 3864 “z
1742 3829 1761 3862 ι
1784 3810 1873 3865 Vi-

298 3913 376 3950 vo
406 3908 585 3952 autem
606 3898 715 3968 jam
745 3915 850 3953 non
883 3915 1003 3970 ego,
1036 3900 1166 3953 vivit
1197 3914 1324 3954 vero
1353 3900 1404 3954 in
1435 3916 1521 3955 me
1549 3900 1817 3957 Christus.
1846 3921 1866 3956 ι

301 3991 389 4046 Ex
424 4001 577 4061 parte
618 4006 748 4055 ergo
776 4030 791 4054 ,
827 4000 885 4045 ut
927 3991 1060 4045 dicit
1090 3991 1412 4061 Apostolus,
1449 4008 1592 4046 nunc
1629 3996 1867 4049 membra

300 4084 427 4153 ejus
452 4097 662 4144 sumus,
711 4092 766 4136 et
796 4098 860 4137 ex
888 4092 1039 4150 parte
1076 4097 1199 4138 ossa
1226 4082 1344 4153 ejus
1371 4098 1578 4139 sumus.
1608 4085 1740 4140 Cum
1770 4103 1869 4140 au—

304 4187 415 4231 tem
451 4173 973 4245 coujuncta'fuerint
1001 4188 1120 4228 ossa
1156 4174 1221 4227 ad
1251 4188 1396 4241 ossa,
1430 4184 1483 4228 et
1506 4174 1773 4243 juncturte
1803 4178 1870 4231 ad

299 4267 593 4337 iuncturas
621 4264 758 4339 (96),
791 4265 1086 4318 secundum
1124 4264 1224 4318 hoc
1251 4263 1391 4334 quod
1419 4279 1581 4336 supra
1611 4266 1865 4333 diximus,

307 4371 441 4413 tunc
465 4358 630 4411 etiam
654 4356 769 4426 ipse
796 4355 938 4410 dicet
974 4357 1040 4409 de
1071 4356 1225 4410 nobis
1248 4356 1376 4410 illud
1405 4357 1775 4427 propheticum
1802 4360 1868 4414 '7:

309 4470 328 4502 ι
350 4449 542 4506 Omnia
561 4463 686 4503 ossa
712 4461 830 4501 mea
852 4447 1064 4502 dicent:
1082 4446 1327 4512 Domine,
1350 4447 1469 4517 quis
1492 4448 1682 4503 similis
1699 4451 1828 4504 tibi?
1847 4469 1865 4502 ι

304 4546 498 4603 Omnia
525 4561 761 4618 namque
786 4564 906 4602 ossa
940 4548 1041 4600 ista
1074 4546 1388 4613 loquuntur,
1416 4553 1471 4597 et
1504 4544 1761 4613 hymnum
1789 4547 1873 4601 di-

303 4646 459 4706 cunt,
488 4647 545 4694 et
567 4640 773 4708 gratias
797 4648 966 4709 agunt
998 4638 1125 4691 Deo.
1152 4635 1511 4689 Meminerunt
1537 4636 1682 4690 enim
1713 4636 1874 4691 bene-

308 4729 416 4784 ficii
471 4728 612 4798 ejus,
643 4738 698 4785 et
723 4730 844 4785 ideo
883 4746 902 4780 ι
934 4729 1114 4783 omnia
1141 4742 1261 4782 ossa
1295 4741 1412 4781 mea
1437 4727 1655 4782 dicent:
1689 4729 1872 4782 Domi-

308 4836 375 4873 ne
395 4858 412 4885 ,
449 4821 571 4889 quis
598 4818 794 4875 similis
824 4818 961 4873 tibi?
1000 4817 1249 4886 Eripiens
1278 4830 1568 4885 pauperem
1604 4817 1672 4870 de
1702 4832 1868 4872 manu

309 4907 547 4963 fortioris
572 4907 712 4976 ejus.
744 4926 765 4960 ι
816 4908 890 4962 De
916 4905 1037 4961 istis
1063 4904 1279 4960 ossibus
1309 4916 1431 4956 cum
1463 4904 1642 4957 adhuc
1683 4911 1870 4958 essent

306 4998 465 5070 223
482 4998 751 5069 dispersa,
768 5007 1053 5067 antequam
1077 4995 1293 5049 veniret
1313 4993 1403 5063 qui
1426 5008 1487 5047 ea
1514 4993 1790 5061 colligeret
1815 5003 1873 5049 et

308 5098 661 5162 congregaret
691 5088 743 5145 in
766 5103 958 5152 unum,
988 5087 1195 5144 dictum
1220 5093 1305 5140 est
1333 5095 1388 5139 et
1413 5084 1541 5139 illud
1587 5084 1868 5153 pr0pheti-

373 5267 418 5301 ⁸⁸
448 5266 465 5324 Ι
497 5238 624 5323 Cor.
670 5282 765 5330 xu,
794 5265 884 5321 20.

310 5337 353 5371 ³⁸
379 5338 555 5394 Galat.
592 5354 650 5401 ll,
684 5337 774 5392 20.

994 5267 1039 5300 ³²
1073 5266 1268 5320 Ezech.
1305 5278 1514 5326 xvxvu,
1563 5261 1650 5314 Η.

885 5337 930 5370 ³⁷
958 5335 1100 5391 Psal.
1130 5350 1314 5395 xxxiv,
1345 5334 1432 5387 10.

377 5527 487 5599 (iiii)
519 5526 647 5599 Mss.
678 5543 698 5577 ι
719 5528 1033 5599 ῇιξῃςιιηθε.
1055 5522 1438 5599 rLithcditi,
1470 5517 1872 5599 gjhpcturam.»

378 5590 487 5661 (97)
520 5598 675 5657 Mss"
707 5590 736 5648 ἱ
768 5597 931 5651 bibet.
966 5615 984 5647 ι
1015 5597 1171 5651 Libh.
1198 5594 1367 5650 editi.
1402 5607 1421 5642 ί
1469 5590 1626 5644 bibit.
1660 5606 1678 5639 ι

1761 5262 1806 5292 ³³
1835 5261 1990 5317 Joan.
2022 5277 2153 5329 xvu,
2186 5263 2275 5317 5|.

1544 5330 1588 5361 ³⁸
1611 5331 1756 5384 Psal.
1808 5348 1930 5399 cn,
1992 5334 2042 5388 7.

308 5407 349 5440 “
380 5410 572 5463 Matth.
614 5400 690 5472 ix,
733 5408 823 5462 17.
892 5408 940 5440 ⁴³
970 5407 1014 5462 ιι
1041 5407 1168 5463 Cor.
1207 5420 1280 5470 Iv,
1310 5403 1397 5457 l6.
1472 5401 1519 5435 ⁸³
1543 5400 1720 5456 Levit.
1756 5417 1810 5464 χ,
1842 5401 1922 5457 14.

1974 1701 2028 1755 in
2063 1711 2247 1755 sancta
2282 1715 2387 1754 non
2422 1698 2659 1754 bibentis
2688 1698 2870 1752 vinum
2921 1715 3202 1768 usquequo
3233 1702 3538 1759 sacerdotio

1971 1790 2304 1863 fungeretur.
2353 1791 2480 1845 Post
2512 1791 2627 1845 haec
2661 1799 2838 1844 tamen
2865 1790 3019 1845 bibet
3046 1791 3155 1861 (97)
3196 1792 3401 1858 vinum,
3435 1797 3530 1851 sed

1973 1886 2158 1939 vinum
2201 1899 2419 1950 novum,
2449 1892 2505 1938 et
2544 1883 2728 1936 vinum
2780 1896 2978 1935 novum
3026 1882 3077 1936 in
3117 1882 3253 1937 coelo
3293 1898 3453 1950 novo,
3481 1893 3540 1941 et

1974 1979 2028 2035 iu
2064 1995 2199 2034 nova
2232 1989 2402 2044 terra,
2424 1986 2487 2037 ,ει
2531 1977 2585 2032 iu
2632 1992 2772 2033 novo
2801 1975 3040 2043 homine,
3072 1991 3193 2031 cum
3226 1977 3538 2036 hominibus

1974 2071 2146 2131 novis.
2177 2079 2234 2125 et
2277 2086 2397 2124 cum
2431 2068 2517 2123 his
2547 2070 2638 2139 qui
2670 2075 2894 2124 cantant
2922 2067 2970 2122 ei
3015 2069 3284 2123 canticum
3311 2084 3535 2127 novum.

1975 2161 2135 2217 Vides
2154 2176 2303 2230 ergo,
2328 2163 2454 2231 quia
2480 2161 2811 2231 impossibile
2833 2170 2919 2216 est
2945 2161 3012 2215 de
3035 2175 3173 2216 nova
3201 2160 3310 2214 vite
3338 2174 3535 2219 novum

1975 2256 2222 2325 poculum
2255 2254 2363 2309 bibi
2397 2266 2464 2308 ab
2497 2269 2586 2319 eo,
2614 2255 2704 2323 qui
2738 2253 2915 2308 adhuc
2945 2252 3160 2308 indutus
3188 2261 3274 2307 est
3297 2263 3533 2311 veterem

1972 2348 2247 2403 hominem
2271 2363 2393 2402 cum
2419 2348 2630 2401 actibus
2657 2347 2791 2400 suis.
2830 2364 2849 2396 ι
2876 2343 3047 2400 Nemo
3074 2344 3241 2409 enim,
3274 2343 3535 2415 inquit“,

1975 2439 2139 2494 mittit
2164 2440 2345 2493 vinum
2374 2452 2570 2493 novum
2619 2438 2672 2491 in
2707 2444 2856 2493 utres
2885 2447 3116 2491 veteres.
3143 2452 3163 2487 ι
3198 2435 3254 2492 Si
3286 2437 3369 2491 vis
3406 2451 3537 2506 ergo

1974 2533 2031 2580 et
2063 2535 2119 2578 tu
2160 2525 2345 2580 bibere
2384 2526 2451 2580 de
2481 2525 2581 2580 hoc
2608 2539 2748 2580 novo
2777 2525 2923 2590 vino,
2957 2525 3238 2592 innovare,
3267 2533 3322 2579 et
3353 2525 3439 2580 die
3485 2524 3530 2589 θ’

1970 2619 2112 2688 quia,
2143 2617 2234 2672 «Et
2256 2619 2300 2674 si
2331 2617 2565 2674 exterior
2608 2618 2770 2672 homo
2812 2623 2994 2670 noster
3025 2615 3414 2685 corrumpitur,
3439 2616 3535 2673 sed

1974 2710 2064 2779 qui
2099 2711 2245 2765 intus
2274 2718 2359 2764 est
2383 2719 2675 2765 renovatur
2702 2707 2771 2763 de
2795 2707 2881 2763 die
2901 2709 2953 2762 in
2979 2708 3144 2767 diem.
3171 2727 3191 2761 ι
3228 2708 3294 2762 Et
3319 2708 3537 2778 quidem

1973 2802 2043 2857 de
2070 2802 2155 2857 his
2182 2800 2511 2858 sufﬁcienter
2539 2804 2764 2858 dictum.

2044 2893 2099 2947 5.
2135 2891 2302 2947 Multa
2328 2901 2459 2946 sunt
2477 2900 2533 2946 et
2555 2891 2685 2958 alia,
2715 2905 2834 2961 qua:
2864 2892 3091 2947 recitata
3124 2892 3401 2962 sunt(98).
3428 2890 3535 2947 Sed

1976 2984 2231 3055 quoniam
2267 2993 2461 3039 cuncta
2510 3000 2615 3039 non
2668 3000 2976 3054 possumus,
3006 2984 3318 3055 eligendum
3353 2995 3434 3064 est
3469 2988 3536 3041 de

1974 3078 2168 3147 quibus
2199 3076 2380 3133 dicere
2429 3076 2745 3134 debeamus.
2800 3075 2866 3130 Et
2915 3078 3170 3147 quoniam
3217 3076 3345 3146 quid
3391 3086 3536 3135 esset

1973 3168 2184 3236 bibere,
2218 3179 2274 3224 et
2309 3185 2412 3224 non
2443 3170 2633 3225 bibere
2668 3171 2846 3224 viuum
2891 3185 2989 3240 pro
3020 3170 3230 3227 viribus
3278 3171 3535 3240 diximus,

1975 3273 2118 3314 nunc
2147 3260 2275 3329 quid
2305 3261 2377 3315 sit
2400 3261 2562 3315 etiam
2599 3261 2883 3316 comedere
2913 3260 3286 3332 pectusculum
3314 3277 3535 3332 separa-

1976 3351 2156 3411 tionis.
2188 3360 2239 3405 et
2276 3350 2554 3406 brachium
2584 3350 2892 3417 ablationis,
2928 3351 3229 3407 videamus.
3262 3338 3391 3408 Post
3421 3353 3537 3409 haec

1975 3443 2042 3499 de
2079 3442 2312 3512 mundis,
2344 3452 2401 3497 et
2424 3441 2738 3505 immundis,
2769 3442 2849 3496 vel
2876 3440 3036 3509 cibis,
3069 3441 3153 3496 vel
3188 3441 3536 3507 animalibus,

1974 3533 2291 3603 inquantum
2326 3531 2588 3586 Dominus
2634 3530 2867 3595 dederit,
2898 3540 2950 3585 et
2996 3531 3254 3599 temporis
3301 3531 3536 3599 spatium

1973 3621 2520 3685 fuerit,disseremus.
2547 3618 2685 3673 Dicit
2717 3632 2846 3689 ergo
2879 3614 3153 3687 Scriptura
3172 3615 3249 3669 "z
3275 3633 3294 3666 ι
3318 3615 3542 3683 Pecting

1972 3712 2150 3768 culum
2186 3710 2600 3781 segregationis,
2630 3718 2686 3764 et
2739 3707 3017 3763 brachium
3064 3705 3352 3760 ablationis
3383 3720 3537 3759 man-

1974 3803 2200 3858 ducabis
2231 3804 2282 3856 in
2319 3802 2435 3857 loco
2464 3809 2677 3866 sancto,
2717 3807 2771 3853 tu
2796 3807 2851 3854 et
2880 3797 2975 3851 filii
3006 3796 3101 3861 tui,
3131 3806 3185 3851 et
3218 3797 3410 3850 domus
3447 3807 3535 3849 tua

1975 3902 2192 3956 tecum;
2227 3892 2523 3963 legitimum
2556 3891 2698 3946 enim
2727 3890 2845 3955 tibi,
2874 3899 2929 3944 et
2955 3888 3253 3960 legitimum
3279 3887 3402 3942 filiis
3431 3889 3538 3942 tuis

1973 3986 2157 4041 datum
2188 3993 2273 4040 est
2303 3985 2371 4039 de
2399 3983 2683 4038 sacriﬁciis
2713 3981 3040 4037 salutaribus
3072 3979 3306 4035 filiorum
3348 3979 3537 4046 lsracl,

1969 4076 2251 4135 brachium
2280 4073 2592 4138 ablationis,
2613 4082 2666 4128 et
2690 4072 3059 4142 pectusculum
3086 4070 3529 4140 segregationisn

1969 4169 2091 4226 Non
2115 4183 2274 4222 omne
2296 4164 2689 4236 pectusculum,
2726 4162 3115 4233 scgregationis
3141 4171 3224 4217 est
3247 4173 3534 4232 pectuscu-

1971 4254 2120 4323 lum;
2151 4272 2253 4312 nec
2282 4272 2444 4312 omne
2473 4257 2755 4312 brachium
2779 4255 3068 4310 ablationis
3092 4265 3146 4308 et
3171 4253 3537 4323 separationis

1975 4359 2060 4405 est
2087 4351 2391 4405 brachium.
2440 4348 2545 4403 Sed
2595 4349 2847 4417 quoniam
2900 4347 2964 4402 ad
3015 4345 3303 4401 Dominum
3354 4361 3533 4400 meum

1974 4439 2154 4495 Iesum
2179 4456 2463 4511 personam
2494 4440 2767 4509 pontificis
2796 4437 3193 4503 revocavimus,
3215 4446 3270 4497 et
3297 4438 3364 4492 ad
3392 4437 3536 4494 filios

1975 4530 2091 4602 ejus
2139 4542 2358 4587 sanctos
2403 4532 2701 4601 apostolos,
2759 4532 3042 4586 videamus
3091 4530 3365 4601 quomodo
3421 4531 3538 4602 ipse

1976 4623 2197 4692 quidem
2254 4623 2625 4693 pectusculum
2672 4623 3068 4694 segregationis
3115 4625 3429 4691 manducat,
3485 4633 3540 4678 et

1978 4712 2071 4767 filii
2107 4713 2246 4782 ejus,
2288 4714 2378 4767 alii
2424 4723 2602 4768 autem
2636 4729 2740 4768 non
2789 4729 2980 4769 omnes
3025 4724 3250 4784 possunt
3283 4729 3538 4785 segrega-

1975 4804 2140 4859 tionis
2182 4804 2553 4874 pectusculum
2607 4805 2955 4862 manducare.
3016 4804 3156 4873 Quid
3213 4806 3378 4876 igitur
3431 4815 3537 4867 εει,

1974 4896 2117 4964 quod
2147 4910 2177 4948 a
2208 4893 2369 4949 rebus
2390 4893 2639 4949 omnibus
2660 4905 2996 4965 segregatur,
3019 4909 3119 4951 nec
3141 4904 3224 4951 est
3245 4908 3532 4950 commune

1974 5003 2097 5042 cum
2147 4986 2389 5054 reliquis,
2438 4985 2539 5039 nisi
2593 4985 2704 5039 sola
2761 4986 3065 5041 substantia
3115 4983 3439 5039 Trinitatis?
3478 4983 3535 5037 Si

1974 5094 2103 5152 ergo
2129 5079 2426 5150 intelligam
2457 5079 2676 5148 quidem
2711 5079 2977 5134 rationem
3020 5075 3227 5144 mundi,
3268 5091 3377 5134 non
3408 5090 3536 5146 pos-

3046 5258 3133 5310 ³⁸1
3170 5258 3291 5310 Cor.
3330 5270 3446 5315 xut,
3481 5253 3536 5308 9.

2383 5262 2428 5294 ³⁵
2454 5264 2624 5317 Levit.
2664 5277 2810 5327 xxw,
2846 5260 2933 5313 12.
3046 5260 3133 5310 ³⁵1
3170 5260 3291 5310 Cor.
3330 5270 3446 5315 xut,
3481 5260 3536 5308 9.

2383 5336 2427 5387 h.
2462 5349 2664 5392 xxxvn,
2721 5334 2774 5392 Ἰ.
2817 5332 2871 5387 8.
2986 5329 3030 5360 ¹⁵⁰
3063 5329 3397 5392 i’sal.xxnv,
3432 5322 3537 5380 10.

2159 5333 2203 5366 ³³
2228 5333 2427 5388 Ezecb.
2462 5349 2664 5396 xxxvu,
2721 5334 2774 5399 Ἰ,
2817 5332 2871 5387 8.

2053 5521 2166 5592 (93)
2202 5522 2315 5577 Duo
2346 5536 2498 5588 mss.,
2533 5537 2553 5571 ι
2591 5518 2863 5574 recitanda
2892 5526 3037 5573 sunt.
3070 5532 3091 5567 ι
