2012 3073
134 67 206 97 ιεε

707 70 741 98 ΙΝ
760 70 948 99 LEVITICUM
970 69 1114 99 HOMILIA
1135 69 1190 99 VII.

1721 70 1774 99 £86

135 132 335 156 ostenderetur
356 129 428 164 quod
446 129 544 157 Petrus
563 130 628 165 quia
645 136 770 158 mortuus
800 135 859 157 erat
876 139 936 158 cum
951 133 974 162 Α
989 132 1126 158 manebat.
1145 130 1227 158 Venit
1254 137 1320 166 ergo
1350 130 1515 165 Caesaream,
1544 130 1647 159 invenit
1676 132 1775 160 mullos

137 174 269 207 Christo,
284 182 345 209 quae
369 182 481 202 sursum
503 179 566 202 sunt
585 176 735 210 quaerebat,
753 177 797 203 ubi
813 177 937 204 Christus

137 226 191 247 est
208 221 233 247 in
248 220 358 247 dextera
375 220 421 247 Dei
437 221 537 248 sedens
549 221 583 254 ⁸⁵⁸,
604 227 631 248 et
643 229 696 248 non
710 229 770 256 qua:
782 229 864 257 super
885 228 938 249 ter-

138 273 219 293 ram.
234 266 299 293 Illuc
314 267 491 299 ascendebat,
508 267 540 293 ad
559 267 604 294 illa
619 272 701 300 tecta,
715 269 747 295 ad
761 268 804 294 illa
819 268 936 304 fastigia,

137 311 180 339 de
206 312 305 346 quibus
333 312 400 339 dicit
419 317 446 339 et
464 312 594 340 Dominus
620 312 642 328 ⁸¹
673 320 679 337 :
707 322 717 339 ‹
744 313 794 346 Qui
811 314 837 340 in
867 320 937 342 tecto

135 362 201 390 est,
216 365 270 384 non
290 358 437 385 descendat
464 358 560 385 tollere
574 359 676 392 aliquid
691 360 724 386 dc
746 360 834 386 dotno.
857 369 866 386 ι
887 360 938 388 De-

136 403 230 437 inique
249 407 279 429 ut
298 403 369 430 scias
390 403 452 437 quia
471 411 524 430 non
543 403 601 430 haec
618 404 766 438 suspiciose
780 405 819 439 (4)
840 405 872 432 de
888 405 938 433 Pe-

136 455 191 477 tro
218 449 346 482 dicimus,
371 450 435 484 quia
455 449 489 476 ad
512 450 652 484 superiora
673 451 881 483 conscenderit,
903 459 936 478 ex

135 495 378 529 consequentibus
394 495 568 530 approbabis.
592 505 601 521 ε
625 496 767 528 Ascendit,
797 497 886 531 inquit
901 497 936 530 ⁵³,

135 541 179 567 ad
193 541 347 575 superiora,
367 545 396 567 tit
415 545 515 571 oraret,
529 545 557 568 et
579 541 645 568 vidit
657 541 754 568 coelum
775 547 909 575 apertum.
924 552 933 569 ι

135 585 271 614 Nondum
283 587 331 613 tibi
348 586 453 613 videtur
467 586 563 613 Petrus
577 587 609 613 ad
624 587 762 621 superiora
781 595 833 613 non
849 588 936 614 solum

135 640 273 667 corpore,
299 632 346 659 sed
367 637 457 659 mente
468 639 500 659 ac
519 632 618 666 spiritu
638 633 847 660 conscendisse?
862 642 872 658 ‹
892 633 938 659 Vi-

135 679 194 712 dit,
217 678 307 712 inquit
328 678 361 710 ⁵³,
395 677 492 705 coelum
521 683 654 712 apertutn,
680 683 707 705 et
736 686 781 705 vas
802 679 936 713 quoddam

136 725 248 760 deponi
264 729 293 751 ut
307 724 419 750 linteum
436 723 462 749 in
484 727 596 756 terram,
617 724 643 750 in
669 731 722 758 quo
743 729 822 751 erant
841 725 934 752 omnia

134 770 345 807 quadrupedia,
362 775 389 798 et
406 770 524 804 reptilia,
539 775 566 797 et
585 770 703 798 volatilia
726 771 798 801 cceli,
815 776 842 798 et
862 771 935 798 audi-

136 819 182 845 vit
196 825 292 846 vocem
307 818 443 845 dicentem
459 818 510 845 sibi
531 826 538 844 :

137 864 299 896 manduca;
327 873 337 890 l
356 864 388 891 de
406 864 448 891 his
470 865 529 890 sine
548 864 631 890 dubio
657 864 794 897 imperans
819 863 935 890 mandu-

136 910 241 938 caudis
252 910 482 946 quadrupedibus,
493 914 520 937 et
533 909 716 944 serpentibtts,
726 914 754 936 et
767 908 933 941 volatilibus,

137 963 206 990 qua:
220 956 392 990 superposita
404 955 488 982 linteo
505 954 537 981 ad
558 962 618 981 eum
634 954 742 981 ccelitus
756 958 819 981 sunt
834 954 933 981 delata.

137 1000 237 1032 Atille
259 1009 266 1026 :
284 1009 293 1026 t
317 1000 439 1033 Domine,
453 1000 542 1034 inquit
557 999 592 1032 ⁵⁵,
608 1004 635 1025 lll
649 1000 703 1026 scis
717 999 780 1034 quia
797 1007 933 1033 nunquam

138 1053 291 1072 commune
313 1050 359 1071 aut
375 1046 539 1071 itutnttudum
556 1045 674 1071 introivit
690 1046 714 1071 iu
731 1054 762 1071 os
781 1054 881 1071 meum.
901 1046 934 1071 Et

139 1099 210 1124 vox,
226 1092 324 1125 inquit,
348 1092 380 1118 ad
396 1100 456 1117 etttn
474 1092 592 1117 secundo
610 1100 616 1117 :
641 1092 714 1123 Quod
733 1092 802 1117 Deus
819 1092 935 1117 munda~

139 1139 192 1170 vit,
208 1141 236 1163 tu
258 1145 402 1164 commune
417 1145 449 1163 ne
463 1137 579 1167 dixeris;
594 1142 619 1162 ct
637 1137 688 1162 hoc
710 1138 809 1162 laetum
824 1142 863 1162 est
886 1145 933 1171 per

142 1188 196 1210 ter.
216 1183 250 1210 Et
270 1188 329 1218 post
346 1184 406 1220 hoc,
434 1184 536 1217 inquit,
554 1188 691 1216 receptum
717 1188 758 1209 est
773 1183 884 1209 linteum
905 1184 932 1209 in

140 1230 234 1256 caelis.
262 1239 271 1255 ι
301 1230 338 1256 De
365 1230 472 1256 mundis
495 1230 538 1256 hic
555 1235 582 1256 et
610 1230 756 1255 immundis
772 1229 933 1256 animalibus

141 1276 215 1302 ratio
231 1281 282 1302 est.
302 1276 338 1302 De
352 1276 460 1309 quibus,
482 1284 571 1301 rerum
589 1276 701 1302 scientia
719 1276 825 1301 cu'litus
850 1276 932 1301 doce—

144 1327 190 1348 tur
206 1322 346 1356 apostolus
358 1323 485 1356 quoniam
501 1322 608 1355 quidem
623 1322 830 1348 eminentiorem
853 1329 891 1354 se,
907 1326 934 1347 ct

141 1367 278 1400 majorem
294 1376 347 1394 non
368 1368 486 1404 habebat
499 1368 524 1393 in
543 1367 620 1393 lert'is
630 1387 637 1399 τ
651 1372 676 1392 ct
690 1367 801 1392 docetttr
814 1375 865 1392 non
880 1374 933 1392 una

140 1421 213 1440 voce
225 1422 276 1440 nec
289 1422 339 1439 una
354 1414 467 1443 visione,
483 1414 527 1439 sed
546 1414 625 1439 trina.
640 1412 695 1446 ligo
709 1420 757 1438 nec
771 1413 820 1438 hoc
834 1412 932 1446 ipsum,

139 1461 214 1495 quod
240 1461 320 1487 tertio
340 1460 396 1486 hmo
422 1460 557 1490 dicuntur,
580 1460 667 1485 otiuse
682 1459 781 1484 dictttm
801 1459 929 1492 suscipio.

141 1506 238 1534 Tertio
267 1508 290 1533 ei
317 1507 427 1538 dicitur,
450 1512 477 1532 ct
499 1514 545 1540 per
572 1506 648 1531 illum
674 1506 800 1531 munibus
829 1505 931 1532 nol-is:

144 1563 153 1578 ι
178 1554 258 1586 Quod
273 1553 343 1579 Deus
358 1554 508 1584 inundavit,
535 1558 560 1578 ttt
578 1559 724 1578 commune
742 1558 774 1577 ne
792 1552 903 1577 dixeris.
922 1560 931 1576 ι

142 1600 210 1632 Quae
232 1599 306 1626 enim
335 1599 492 1630 mundavit,
520 1606 571 1625 non
597 1600 646 1625 sub
669 1605 722 1624 una
752 1598 933 1631 appellatione

143 1646 322 1677 inundantur,
342 1653 429 1679 neque
450 1646 499 1672 sub
519 1646 649 1676 secunda,
666 1645 712 1671 sed
731 1645 780 1670 nisi
800 1649 826 1670 et
856 1644 934 1670 tertia

141 1692 291 1727 appellatio
308 1692 474 1722 nominetur,
501 1699 580 1718 nemo
602 1692 758 1717 inundatur.
781 1690 836 1717 Nisi
860 1690 933 1717 enim

144 1740 171 1766 in
187 1739 279 1772 Patre,
293 1744 320 1765 et
332 1738 410 1769 Filio,
424 1743 450 1764 et
461 1738 561 1772 Spiritu
574 1743 668 1764 sancto
681 1737 764 1764 fueris
778 1739 932 1769 mundatus,

145 1786 264 1812 mundus
279 1792 339 1812 esse
356 1792 408 1811 non
424 1785 535 1818 poteris.
549 1784 697 1818 Propterea
719 1791 783 1817 ergo
805 1791 863 1817 quzc
885 1791 933 1816 pro

145 1831 340 1859 emundatione
353 1830 578 1861 ostendebantur,
601 1837 653 1855 noti
670 1829 765 1859 setnel,
787 1836 872 1861 neque
888 1829 935 1854 ite-

146 1886 218 1909 rum,
233 1877 279 1904 sed
305 1877 385 1903 tertio
406 1875 594 1906 ostenduntur,
621 1879 649 1900 et
669 1875 749 1900 tertio
770 1874 934 1907 pramipiun-

145 1929 200 1951 tnr.
222 1922 308 1949 Erant
323 1929 387 1955 ergo
412 1921 501 1948 omnia
525 1921 549 1946 iit
574 1920 619 1946 illo
637 1921 718 1946 linteo
737 1919 933 1953 (ptadrupedia,

144 1975 172 1996 et
189 1968 308 2003 reptilia,
323 1973 350 1994 et
363 1966 487 1993 volucres
503 1966 576 1992 eurli.
595 1966 625 1991 lit
643 1970 702 1999 post
716 1966 771 1991 lucc
785 1964 933 1997 cogitabat,

146 2015 246 2049 inquit,
267 2014 336 2040 intra
362 2011 536 2043 semetipsum
565 2010 671 2042 Petrus,
700 2010 763 2042 quid
782 2010 831 2035 hoc
851 2014 932 2035 esset.

146 2062 179 2088 Et.
191 2061 281 2088 adhuc
303 2066 335 2085 c0
356 2059 493 2094 Cogitante
509 2061 735 2091 supervenerunt,
753 2056 838 2088 inquit
853 2055 887 2086 ⁵⁵,
907 2055 932 2081 1ιί

145 2109 219 2143 quia
237 2106 364 2134 Cornelio
383 2106 541 2132 centurione
555 2103 629 2129 missi
643 2106 748 2128 Inerant
763 2109 795 2127 ex
812 2101 935 2127 haccivi-

147 2153 263 2188 tate(5),
279 2152 304 2180 id
316 2157 357 2178 est
372 2160 385 2177 a
401 2151 525 2177 Ca-satca
546 2150 569 2175 in
583 2148 676 2182 Joppc.
690 2147 726 2173 lbi
744 2154 858 2179 namque
874 2149 933 2172 erat
949 2162 970 2190 Β

145 2201 254 2231 Petrus,
264 2205 291 2226 ct
304 2199 493 2232 hospitabatur
506 2195 575 2230 apud
587 2195 722 2220 Simonem
733 2192 878 2226 quemdam
890 2199 932 2218 co-

148 2248 272 2274 riarium.
291 2245 362 2272 Bene
379 2248 466 2269 autent
485 2240 657 2273 Petrnsapud
671 2239 816 2265 coriarium
833 2242 930 2268 manet,

147 2291 223 2318 illum
237 2288 404 2318 fortasse,de
412 2294 464 2320 quo
476 2285 673 2315 dicitJaeob“,
683 2284 743 2317 quia
758 2292 765 2307 ι
779 2283 847 2317 pelle
858 2290 898 2308 me
908 2287 935 2308 et.

147 2343 230 2365 carne
245 2334 325 2369 225
340 2333 460 2360 induisti.
473 2341 482 2358 ι
495 2332 547 2358 Sed
561 2331 615 2357 illl'C
630 2332 654 2356 in
665 2337 775 2356 excessu
792 2329 862 2355 dicta
872 2329 935 2354 sint.

149 2382 258 2409 Interim
280 2378 474 2414 superveniunt
494 2376 538 2410 qui
562 2375 636 2401 missi
654 2376 759 2401 fuerant
777 2382 790 2399 a
807 2372 935 2399 Cornelio

148 2428 180 2454 ad
196 2426 306 2454 Petrum
321 2433 327 2451 :
344 2431 413 2458 quos
430 2422 474 2448 ille
496 2421 656 2454 suscipiens,
674 2420 748 2445 audit
772 2420 805 2445 ab
820 2419 859 2445 eis
876 2426 935 2452 qua:

149 2472 200 2499 sibi
219 2469 363 2498 Cornelius
377 2467 496 2494 mandat.
513 2465 543 2491 Et
560 2465 725 2491 descendens
739 2465 770 2490 de
786 2463 934 2497 superiori-

149 2518 210 2551 bus,
231 2515 306 2542 venit
322 2513 355 2540 ad
372 2511 538 2540 Cornelium.
566 2510 718 2542 Descendit,
735 2510 797 2536 dicit
821 2519 827 2536 :
847 2510 935 2536 adlmc

149 2568 223 2596 enim
248 2566 378 2594 deorsum
404 2568 463 2590 erat
488 2561 642 2592 Cornelius,
663 2559 734 2584 etin
760 2555 934 2583 inferioribus

182 2642 205 2657 '°
217 2640 372 2670 Coloss.ut,
388 2637 413 2664 1.
451 2635 655 2670 “lilatlh.xxtv,
671 2630 712 2656 1⁵1.

753 2629 776 2644 ⁸¹
789 2630 848 2654 Act.
879 2635 905 2657 x,
922 2626 949 2657 9,
964 2625 1007 2651 11.

988 177 1058 210 apud
1076 176 1232 204 Cornelium
1261 181 1448 211 congregatos,
1464 177 1498 204 'et
1529 176 1567 203 ait
1592 177 1625 203 ad
1652 184 1699 204 eos
1714 181 1775 211 post

989 222 1099 249 multa:
1123 231 1131 247 ι
1153 222 1187 249 Et
1213 220 1295 254 mihi,
1322 222 1410 256 inquit
1425 221 1458 255 ",
1489 222 1608 250 ostendit
1637 220 1708 249 Deus
1726 229 1773 249 ne-

989 268 1091 294 minem
1116 274 1287 294 communem
1315 271 1362 293 aut
1389 266 1557 293 intmundum
1580 267 1671 293 dicere
1687 267 1774 293 homi—

989 317 1061 338 nem.
1080 319 1090 336 ι
1109 310 1166 337 Νοη
1187 310 1295 337 videtur
1308 310 1355 337 tibi
1371 310 1468 338 Petrus
1491 311 1629 345 apostolus
1649 312 1770 346 quadru-

988 355 1066 390 pedia
1092 355 1136 382 illa
1152 357 1254 389 omnia,
1269 359 1297 383 et
1311 356 1431 390 reptilia,
1459 361 1485 383 et
1509 357 1630 384 volatilia
1653 357 1773 385 dilucide

987 402 1022 428 ad
1045 402 1182 429 hominem
1208 402 1394 436 transtulisse,
1413 407 1440 430 et
1461 403 1585 431 homines
1603 403 1772 432 intellexisse

987 454 1018 474 ea
1034 454 1094 481 quae
1108 447 1159 475 sibi
1175 447 1201 475 in
1221 446 1305 474 linteo
1319 448 1427 475 caelitus
1443 448 1518 483 lapso
1535 448 1643 476 fuerant
1657 449 1772 477 demon-

989 491 1096 518 strata?

1023 536 1048 563 5.
1069 536 1123 563 Sed
1142 536 1259 564 fortasse
1277 537 1350 564 dicat
1365 537 1463 572 aliquis
1477 546 1483 565 :
1498 538 1535 566 De
1551 538 1773 573 quadrupedibus

987 582 1107 615 qttidetn,
1126 587 1154 609 et
1168 582 1320 617 reptilibus,
1335 587 1363 610 et
1376 583 1472 610 avibus
1485 584 1624 611 reddidisti
1640 584 1676 620 (6)
1692 586 1774 613 ratio-

987 634 1059 658 nem,
1075 628 1146 660 quod
1156 628 1283 655 homines
1301 629 1414 663 intelligi
1432 629 1566 662 debeant;
1585 630 1617 656 da
1638 631 1719 657 etiam
1741 631 1774 659 de

988 674 1029 700 his
1045 681 1104 707 quae
1117 674 1142 700 in
1162 675 1239 708 aquis
1256 679 1329 701 sunt.
1347 675 1482 707 Quoniam
1500 675 1610 710 quidem
1632 676 1674 703 lex
1690 677 1773 704 etiam

987 718 1020 745 de
1041 718 1108 752 ipsis
1129 719 1227 745 munda
1245 727 1306 746 esse
1321 720 1455 754 qumdam,
1473 725 1500 747 et
1516 720 1567 747 alia
1583 721 1703 756 designat
1720 722 1773 748 itu-

988 765 1099 795 munda,
1113 765 1180 791 nihil
1198 766 1223 792 in
1240 765 1283 792 Itis
1298 770 1327 792 ut
1340 766 1432 793 verbis
1446 768 1513 793 meis
1539 767 1666 794 credatur
1690 776 1772 803 expo-

566 818 663 853 Surge,
691 816 781 850 Petre,
802 817 894 844 occide
907 822 934 844 et
949 810 971 839 B
986 818 1042 842 sco,
1062 810 1112 836 nisi
1133 815 1217 837 testes
1230 812 1342 838 idoneos
1357 812 1468 838 dedero.
1482 811 1569 846 Ipsum
1587 812 1662 840 vobis
1680 814 1773 840 Domi-

990 862 1054 880 num
1070 858 1096 881 et
1108 854 1278 881 Salvatorem
1289 859 1412 882 nostrum
1423 855 1515 883 Jesum
1526 857 1661 883 Christum
1676 862 1771 885 testem

987 900 1085 926 horutn
1105 905 1132 927 et
1157 907 1295 928 auctorem
1314 901 1392 934 dabo,
1410 903 1545 936 quomodo
1569 902 1658 936 pisces
1683 904 1773 931 homi-

988 955 1035 974 nes
1052 954 1113 974 esse
1131 947 1267 974 dicantur.
1283 956 1292 973 ε
1312 947 1406 975 Sintile
1436 952 1496 980 est,
1537 949 1625 982 inquit
1640 948 1664 965 "
1680 969 1688 982 ,
1728 956 1773 977 te-

987 1001 1068 1028 gnum
1084 993 1217 1020 caelorum
1242 993 1292 1020 reti
1309 994 1394 1022 misso
1416 993 1443 1021 in
1459 1002 1544 1025 mare,
1563 996 1632 1029 quod
1649 1002 1682 1022 ex
1697 995 1772 1023 omni

986 1047 1085 1074 genere
1107 1039 1221 1074 piscium
1246 1039 1359 1075 colligit,
1386 1045 1413 1067 et
1436 1048 1498 1067 cum
1523 1040 1653 1074 repletum
1678 1040 1773 1075 fuerit,

987 1085 1113 1112 sedentes
1136 1093 1217 1119 supra
1232 1085 1310 1112 littus
1327 1085 1447 1113 condunt
1463 1094 1511 1113 eos
1524 1087 1569 1121 qui
1585 1087 1647 1114 boni
1665 1091 1727 1113 sunt
1743 1088 1769 1115 in

986 1131 1071 1163 vasis,
1091 1131 1136 1165 qui
1150 1136 1241 1158 autent
1265 1131 1339 1163 tuali,
1361 1130 1435 1158 foras
1458 1131 1609 1158 mittuntur.
1629 1142 1638 1158 ι
1656 1132 1774 1160 Eviden-

985 1181 1027 1204 ter
1046 1177 1155 1204 edocuit
1172 1184 1218 1204 eos
1234 1177 1281 1212 qui
1305 1177 1408 1205 retibus
1421 1177 1511 1212 colligi
1528 1178 1656 1204 dicuntur
1670 1178 1771 1213 pisces,

986 1223 1028 1250 vel
1043 1224 1128 1251 bonos
1144 1223 1267 1251 homines
1283 1231 1353 1255 esse,
1379 1224 1420 1251 vel
1439 1224 1533 1252 malos.
1548 1223 1594 1251 Isti
1611 1232 1676 1259 ergo
1697 1230 1773 1259 sunt,

986 1270 1030 1303 qui
1045 1270 1192 1297 secundum
1206 1269 1323 1303 Moysem
1335 1269 1422 1303 pisces
1435 1269 1474 1295 vel
1492 1270 1582 1296 tnttndi
1598 1270 1637 1296 vel
1654 1270 1771 1296 immun-

986 1316 1012 1343 di
1030 1315 1216 1342 nominantur.
1238 1315 1285 1342 llis
1301 1315 1383 1349 igitur
1396 1322 1428 1342 ex
1444 1314 1604 1341 auctoritate
1619 1315 1769 1349 apostolica

986 1364 1067 1392 atqtte
1082 1359 1239 1394 evangelica
1269 1359 1463 1394 comprobatis,
1481 1359 1619 1386 videamus
1635 1361 1771 1393 quomodo

986 1405 1174 1440 unusquisque
1191 1405 1332 1432 hominum
1350 1406 1392 1433 vel
1415 1405 1540 1438 mundus,
1558 1406 1599 1432 vel
1617 1406 1771 1433 immundus

986 1452 1072 1486 possit
1085 1452 1202 1480 ostendi.
1222 1452 1317 1480 Omnis
1341 1452 1422 1479 hotno
1445 1451 1526 1479 habet
1551 1451 1668 1486 aliquem
1691 1452 1717 1479 iu
1741 1460 1771 1479 se

985 1498 1085 1530 cibum,
1102 1505 1183 1532 quem
1204 1498 1345 1524 accedenti
1376 1497 1409 1523 ad
1436 1504 1465 1523 se
1491 1497 1614 1530 proximo
1643 1497 1770 1531 plmbeat.

985 1543 1043 1570 Non
1059 1543 1132 1570 enirn
1149 1547 1237 1578 potest
1254 1543 1322 1575 ﬁeri,
1349 1547 1377 1568 ut
1394 1549 1455 1568 cttnt
1479 1542 1677 1568 accesserimus
1694 1543 1771 1569 adin-

985 1590 1072 1617 vicem
1088 1597 1138 1616 nos
1153 1589 1290 1622 homines,
1308 1593 1334 1616 et
1358 1588 1577 1615 c0nseruerimus
1603 1595 1771 1621 sermonem,

985 1643 1039 1663 non
1056 1636 1185 1670 aliquem,
1201 1635 1241 1661 vel
1258 1642 1291 1661 ex
1309 1634 1496 1668 responsione,
1511 1633 1553 1660 vel
1568 1641 1600 1660 ex
1617 1634 1771 1668 interroga-

987 1680 1070 1712 tione,
1088 1680 1130 1707 vel
1147 1687 1181 1707 ex
1197 1679 1286 1714 aliquo
1306 1683 1382 1714 gestu
1404 1683 1451 1705 aut
1467 1679 1604 1712 capiamus
1627 1678 1697 1705 iutcr
1723 1686 1771 1706 nos

985 1730 1104 1760 gustum,
1125 1730 1171 1752 aut
1196 1725 1376 1760 praebeamus.
1404 1724 1437 1750 Et
1469 1724 1492 1750 si
1514 1723 1622 1758 quidem
1652 1726 1771 1752 mundus

985 1773 1066 1799 homo
1089 1777 1141 1803 est,
1159 1776 1186 1798 et
1200 1771 1277 1798 bona:
1292 1771 1391 1797 mentis
1416 1770 1449 1802 is,
1470 1769 1503 1797 de
1527 1777 1581 1804 quo
1595 1775 1702 1805 gustum
1724 1778 1770 1798 ca-

985 1819 1086 1854 pimus,
1105 1818 1233 1845 mundum
1251 1817 1385 1845 sumimus
1400 1818 1501 1845 cibum.
1523 1815 1552 1843 Si
1568 1823 1634 1843 vero
1655 1817 1771 1842 immun-

986 1865 1036 1892 dus
1050 1865 1084 1892 sit
1101 1872 1180 1899 quem
1199 1865 1393 1899 contingimus,
1417 1868 1444 1890 et
1469 1863 1638 1890 immundum
1665 1863 1769 1896 eibutn,

985 1911 1135 1938 seettndum
1152 1918 1183 1937 ea
1201 1917 1260 1944 qua:
1276 1918 1358 1944 supra
1376 1909 1448 1936 dicta
1475 1913 1550 1939 sunt,
1578 1908 1721 1936 sumimus.
1738 1908 1770 1935 Et

985 1961 1141 1990 propterea,
1156 1961 1230 1990 puto,
1246 1955 1385 1990 apostolus
1403 1954 1501 1981 Paulus
1517 1955 1552 1981 de
1567 1954 1675 1987 talibus,
1697 1955 1770 1981 velut

986 2002 1131 2029 inmntndis
1151 2001 1326 2034 animalibus,
1350 2001 1417 2029 dicit
1432 2001 1454 2018 ¹⁹
1473 2010 1479 2028 ;
1501 2010 1510 2027 ε
1530 2001 1598 2028 Cum
1615 2001 1768 2034 hujnsmodi

986 2053 1036 2073 nec
1050 2047 1139 2074 cibqu
1153 2054 1271 2074 sumere.
1293 2057 1304 2074 ›
1321 2047 1420 2076 Verum
1437 2052 1467 2074 ut
1488 2048 1641 2074 evidentius
1656 2048 1703 2074 tibi
1721 2055 1769 2081 pa-

986 2097 1090 2120 tescant
1107 2093 1140 2119 ad
1156 2092 1322 2120 intellectum
1341 2100 1401 2128 qua:
1421 2092 1547 2123 dicimus,
1565 2092 1599 2119 de
1623 2092 1770 2127 majoribus

986 2146 1124 2166 sumamus
1140 2139 1304 2173 exemplum,
1319 2143 1349 2165 ut
1366 2139 1429 2166 inde
1447 2138 1576 2172 paulatim
1601 2138 1768 2164 descenden-

987 2191 1026 2213 tes
1040 2192 1124 2220 usque
1144 2185 1177 2212 ad
1194 2184 1323 2211 inferiora
1344 2184 1495 2211 veniamus.
1511 2183 1641 2210 Dominus
1658 2187 1684 2209 et
1710 2181 1769 2210 Sal-

985 2236 1064 2258 vator
1089 2236 1180 2258 noster
1191 2230 1305 2257 dicit":
1326 2239 1335 2256 ε
1354 2230 1411 2258 Nisi
1422 2230 1651 2258 manducavcritis
1660 2238 1769 2258 carnem

986 2285 1081 2310 meam,
1099 2283 1125 2305 et
1136 2277 1259 2304 biberitis
1274 2278 1432 2312 sanguinem
1451 2285 1546 2308 meum,
1561 2285 1614 2303 non
1637 2277 1771 2304 habebitis

986 2325 1069 2350 vitam
1086 2323 1112 2350 in
1126 2324 1202 2350 vobis
1217 2324 1295 2358 ipsis.
1313 2323 1383 2351 Caro
1403 2329 1462 2350 mea
1482 2330 1547 2350 vere
1577 2327 1618 2349 est
1641 2323 1728 2354 cibus,
1744 2328 1772 2349 et

986 2369 1098 2403 sanguis
1112 2376 1188 2396 meus
1203 2376 1266 2396 vere
1284 2373 1326 2395 est
1340 2373 1429 2403 polus.
1451 2377 1460 2394 ι
1477 2366 1557 2395 Jesus
1575 2375 1639 2402 ergo
1655 2368 1717 2401 quia
1731 2372 1772 2394 to-

987 2419 1030 2441 tus
1047 2422 1080 2441 ex
1103 2419 1159 2442 toto
1176 2415 1293 2442 mundus
1307 2418 1361 2447 est,
1384 2418 1439 2441 tota
1457 2412 1515 2447 ejus
1530 2420 1594 2441 caro
1617 2413 1693 2440 cibus
1717 2417 1770 2446 est,

986 2466 1013 2489 et
1029 2466 1101 2489 totus
1125 2462 1237 2496 sanguis
1254 2462 1312 2496 ejus
1336 2466 1415 2496 potus
1435 2465 1493 2493 est;
1521 2461 1583 2495 quia
1607 2467 1688 2488 omne
1703 2468 1771 2495 opus

987 2506 1046 2540 ejus
1063 2511 1186 2534 sanctunt
1202 2512 1254 2540 est,
1271 2511 1299 2534 et
1325 2507 1413 2535 omnis
1431 2514 1521 2535 sermo
1540 2506 1597 2540 ejus
1619 2513 1699 2533 verus
1718 2510 1771 2535 est.

989 2552 1134 2588 Propterea
1145 2561 1214 2588 ergo
1229 2559 1255 2581 et
1268 2561 1333 2581 caro
1344 2553 1402 2588 ejus
1418 2560 1498 2580 verus
1510 2558 1551 2579 est
1567 2552 1653 2584 cibus,
1669 2556 1695 2578 et
1711 2559 1773 2578 Sau-

1046 2625 1068 2641 ⁵³
1088 2625 1154 2652 ibid.
1193 2625 1216 2641 ³⁸
1230 2626 1307 2657 ibid.,
1329 2625 1361 2652 H
1377 2629 1405 2652 et
1418 2631 1494 2659 seqq.
1533 2622 1556 2639 "
1572 2621 1637 2650 ibid.
1673 2620 1697 2637 ³⁸
1707 2619 1770 2653 Job,

150 2685 177 2709 κ,
190 2660 372 2704 “TV-ﬁxe;
430 2660 537 2699 28:7.“
549 2660 722 2698 lilattln'xm,
740 2664 785 2691 47.
811 2663 833 2678 ⁸³
846 2663 909 2689 Cor.
924 2669 934 2688 ι

986 2661 1005 2687 l.
1043 2660 1066 2676 °°
1078 2660 1158 2690 Joan.
1169 2668 1208 2694 Vl,
1221 2661 1255 2688 54
1268 2667 1294 2689 et
1307 2661 1353 2688 56.

196 2735 222 2768 ι)
239 2735 314 2768 Mss.,
334 2743 343 2760 ε
363 2734 460 2762 otiose.
476 2742 499 2768 ιν
559 2766 574 2768 Μ
657 2763 671 2768 Α
693 2763 697 2767 ,
811 2760 817 2768 _
834 2766 858 2768 η
883 2757 913 2768 ,ε

196 2736 210 2762 ι
239 2735 314 2768 Mss.,
334 2743 343 2760 ε
363 2735 460 2762 otiose.
476 2742 485 2759 ι
693 2763 697 2767 .
908 2757 913 2762 ι

183 2735 222 2807 ES;
236 2771 278 2798 E1:
290 2770 402 2798 civitate.
412 2767 545 2807 etcLlliuc
558 2763 797 2807 liqqetIOt'tgencm
811 2760 894 2787 hasce
908 2765 934 2784 tn

151 2800 299 2834 Le‘vi’tieutu
315 2805 441 2833 ltomilias
455 2803 584 2830 Cwsarea:
605 2800 742 2827 habuisse.

989 2721 1063 2787 (Ηξβ)
1076 2720 1176 2749 Omnes
1190 2728 1267 2755 mss.,
1283 2730 1293 2747 ε
1307 2719 1457 2748 reddidisti.
1473 2728 1483 2745 ι
1497 2717 1574 2746 Libb.
1585 2715 1662 2750 editi,
1678 2723 1688 2741 ι
1708 2713 1771 2742 red-

1009 2767 1015 2785 l
1037 2764 1117 2785 unus.
1136 2765 1146 2782 )

1009 2764 1117 2785 munus.
1136 2765 1146 2782 ι
