4024 6146
528 176 631 239 887

1935 177 2255 241 ORIGENIS

3658 185 3771 240 488

526 298 646 371 guis
675 296 791 366 ejus
817 311 979 352 verus
993 306 1080 350 ess
1094 294 1567 366 pctus.-Carrnibus
1591 296 1733 352 enim
1755 308 1811 353 et
1834 297 2095 367 sanguine
2125 303 2170 358 Α
2197 295 2328 350 cidit
2352 295 2377 349 ν
2404 313 2423 347 α
2456 292 2558 361 Qui
2593 307 2700 349 non
2751 293 2952 361 habet,
3006 292 3177 364 inquit
3212 295 3285 359 “,
3335 294 3595 367 gladium,
3634 313 3775 352 ven-

526 391 679 446 verbi
715 389 801 444 sui
836 399 1089 456 tanquam
1127 387 1328 441 mundo
1357 388 1478 443 cibo
1525 404 1590 445 ac
1639 399 1792 459 potu,
1845 398 1994 456 potat
2040 399 2095 443 et

526 479 708 536 reficit
747 493 906 532 omne
944 476 1225 531 hominum
1255 492 1446 547 genus.
1482 477 1734 535 Secundo
1757 480 1809 535 in
1844 481 1945 534 hoc
1972 477 2092 534 loco

527 579 651 640 post
702 570 849 624 illius
883 584 1124 633 carnem,
1158 571 1394 623 mundus
1444 571 1596 628 cibus
1644 581 1729 627 est
1766 573 1980 635 Petrus,
2039 583 2096 627 et

527 662 744 726 Paulus,
785 669 840 716 et
865 674 1055 715 omnes
1082 661 1332 730 apostoli.
1361 660 1548 718 Tertio
1580 664 1700 718 loco
1723 664 1969 732 discipuli
2004 679 2097 718 eo-

525 771 642 809 rum
673 772 686 807 :
717 762 773 808 et
802 754 882 808 sic
939 743 1311 823 unusquisque
1369 769 1469 825 pro
1518 757 1821 825 quantitate
1875 757 2096 811 merito-

524 863 667 910 rum,
701 844 787 900 vel
822 859 1075 903 sensuum
1121 848 1395 917 puritate,
1439 847 1687 915 proxima
1723 861 1821 901 suo
1861 847 2094 901 mundus

520 937 749 993 eflicitur
778 939 954 994 cibus.
1000 938 1124 994 Haec
1167 940 1259 1009 qui
1295 940 1485 994 audire
1527 940 1724 1005 nescit,
1775 940 2094 1008 detorqueat

520 1028 798 1095 fortassis,
844 1040 897 1085 et
931 1041 1147 1085 avertat
1198 1033 1441 1086 auditum
1483 1032 1785 1087 secundum
1828 1031 1967 1093 illos,
1999 1031 2090 1097 qui

519 1123 773 1178 dicebant
804 1123 846 1155 ⁶¹
894 1141 908 1177 :
954 1142 971 1174 ι
1008 1124 1288 1192 Quomodo
1328 1124 1480 1177 dabit
1524 1123 1680 1178 nobis
1738 1122 1825 1176 hic
1873 1137 2089 1177 carnem

520 1226 676 1265 suam
715 1212 1088 1269 manducare?
1112 1214 1243 1280 Quis
1269 1222 1445 1283 potest
1475 1214 1664 1268 audire
1692 1213 1854 1267 eum?
1889 1214 1954 1268 Et
1978 1215 2093 1270 dis-

520 1313 806 1356 cesserunt
836 1300 903 1355 ab
933 1317 1019 1358 eo.
1064 1320 1085 1356 ι
1120 1302 1224 1358 Sed
1253 1317 1349 1357 vos
1375 1303 1419 1358 si
1448 1302 1543 1357 filii
1571 1302 1701 1356 estis
1737 1302 2012 1368 Ecclesiae,
2042 1304 2087 1357 si

519 1393 847 1461 evangelicis
897 1393 1087 1449 imbuti
1130 1394 1426 1466 mysteriis,
1464 1395 1511 1449 si
1559 1392 1797 1448 Verbum
1829 1409 1959 1449 caro
2007 1395 2089 1448 fa-

520 1495 667 1540 ctum
701 1485 913 1540 habitat
944 1487 995 1540 iu
1031 1487 1204 1548 vobis,
1237 1486 1514 1557 agnoscite
1534 1503 1653 1557 quze
1682 1486 1937 1548 dicimus,
1961 1488 2087 1555 quia

521 1577 734 1632 Domini
780 1587 928 1642 sunt,
992 1595 1058 1633 ne
1119 1577 1260 1631 forte
1297 1578 1389 1647 qui
1452 1579 1665 1648 ignorat
1714 1577 1997 1647 ignoretur
2020 1579 2084 1634 δ’.

2197 388 2286 441 dat
2316 386 2552 441 tunicam
2587 403 2741 441 suam
2786 395 2843 442 et
2880 396 3028 442 emat
3051 386 3307 456 gladium.
3342 406 3362 439 ι
3394 387 3535 444 Ecce
3565 400 3619 443 et
3654 389 3776 442 haec

2197 477 2377 534 littera
2414 479 2689 548 Evangelii
2722 489 2828 545 est,
2864 478 2961 533 sed
3012 479 3232 534 occidit.
3270 477 3329 535 Si
3363 496 3493 537 vero
3538 481 3772 550 spirita-

2195 570 2321 625 liter
2342 585 2460 625 eam
2496 572 2787 640 suscipias,
2821 588 2924 626 non
2952 572 3174 639 occidit,
3207 573 3305 627 sed
3328 573 3492 627 estin
3531 589 3591 629 ea
3639 574 3773 643 spi-

2197 662 2332 717 ritus
2359 661 2658 716 viviticans.
2689 662 2754 716 Et
2779 663 2898 717 ideo
2932 663 3046 717 sive
3084 663 3138 718 in
3169 664 3310 736 lege,
3343 664 3458 719 sive
3492 666 3546 719 in
3588 666 3773 721 Evan-

2194 752 2350 821 geliis
2369 766 2487 820 quae
2512 751 2792 819 dicuntur,
2823 752 3140 822 spiritaliter
3165 755 3403 825 suscipe,
3447 757 3573 825 quia
3609 775 3629 809 ι
3655 757 3771 827 spi-

2196 843 2368 897 ritalis
2403 841 2657 910 diiudicat
2683 845 2887 908 omnia,
2921 845 3035 913 ipse
3065 860 3199 903 vero
3243 862 3274 901 a
3311 848 3528 902 nomine
3566 849 3775 918 dijudi-

2194 936 2408 989 dicatur
2438 935 2505 989 ⁸⁵.
2551 955 2569 985 ι
2612 936 2677 991 Ut
2726 952 2855 1008 ergo
2886 937 3144 1002 diximus,
3188 928 3367 995 omnis
3407 946 3570 993 nomo
3602 940 3772 996 habet

2196 1027 2249 1079 in
2284 1041 2344 1081 se
2366 1027 2598 1096 aliquem
2634 1028 2838 1094 cibum,
2864 1043 2931 1083 ex
2963 1045 3069 1098 quo
3098 1032 3189 1099 qui
3217 1033 3526 1100 sumpserit,
3567 1033 3612 1087 si
3636 1036 3767 1102 qui-

2194 1118 2315 1172 dem
2345 1119 2517 1174 bonus
2551 1130 2654 1186 est,
2681 1131 2734 1175 et
2761 1122 2827 1176 de
2855 1123 2998 1177 bono
3034 1125 3286 1179 thesauro
3315 1127 3495 1180 cordis
3521 1127 3604 1181 sui
3636 1143 3769 1197 pro-

2194 1210 2298 1264 fert
2328 1212 2487 1277 bona,
2535 1214 2791 1267 nuindum
2827 1214 3003 1269 cibum
3037 1217 3240 1283 praebet
3265 1219 3512 1286 proximo
3536 1235 3655 1274 suo.
3702 1221 3765 1275 Si

2192 1317 2319 1355 vero
2356 1303 2547 1365 malus,
2599 1314 2652 1357 ct
2707 1304 2915 1373 profert
2964 1308 3124 1379 mala,
3190 1309 3524 1364 immundum
3574 1314 3763 1367 cibum

2193 1396 2393 1463 praebet
2426 1397 2670 1465 proximo
2699 1412 2815 1452 suo.
2850 1398 3033 1452 Potest
3057 1401 3199 1452 enim
3232 1403 3353 1471 quis
3395 1406 3653 1460 innocens
3704 1415 3765 1462 et

2192 1496 2377 1543 rectus
2404 1488 2591 1551 corde,
2642 1491 2896 1542 mundum
2939 1490 3136 1545 animal
3180 1494 3296 1548 ovis
3325 1497 3516 1561 videri,
3546 1506 3601 1552 et
3622 1513 3765 1568 pra:-

2189 1581 2320 1635 bere
2355 1580 2591 1635 audienti
2615 1595 2673 1634 se
2701 1580 2876 1635 cibum
2909 1583 3164 1637 mundum
3200 1594 3454 1656 tanquam
3474 1592 3610 1656 ovis,
3637 1606 3765 1660 quae

522 1668 811 1738 Agnoscitc
841 1669 965 1739 quia
1001 1668 1185 1736 figurae
1214 1678 1361 1734 sunt,
1388 1684 1508 1738 qua:
1542 1669 1595 1721 in
1633 1669 1832 1725 divinis
1868 1669 2089 1723 volumi-
2118 1652 2160 1707 Β
2189 1681 2273 1726 cst
2299 1672 2494 1727 animal
2527 1675 2804 1728 mundum.
2837 1675 3100 1730 Similiter
3119 1690 3170 1731 et
3200 1679 3250 1732 in
3282 1652 3513 1736 caeteris.
3631 1652 3758 1740 ideo

522 1759 681 1815 nibus
713 1761 914 1829 scripta
965 1772 1115 1826 sunt,
1160 1770 1214 1815 et
1268 1762 1389 1817 ideo
1429 1771 1684 1830 tauquam
1734 1762 2003 1831 spiritales
2036 1772 2090 1818 et

516 1870 622 1911 non
656 1866 907 1925 tanquam
940 1855 1187 1910 carnales
1217 1854 1547 1921 examinate,
1577 1865 1632 1909 et
1658 1854 1936 1924 intelligite
1966 1871 2086 1921 quae

516 1948 790 2002 dicuntur.
832 1947 889 2001 Si
935 1948 1077 2001 enim
1114 1947 1269 2016 quasi
1325 1947 1573 2000 carnales
1625 1947 1724 2001 ista
1785 1948 2080 2013 suscipitis,

513 2037 715 2093 laedunt
743 2055 859 2104 vos,
884 2047 937 2094 et
967 2054 1072 2093 non
1104 2038 1271 2094 alunt.
1304 2036 1401 2093 Est
1431 2040 1576 2094 enim
1609 2048 1664 2093 et
1694 2039 1746 2092 in
1777 2039 2082 2109 Evangeliis

514 2129 695 2185 littera
724 2147 843 2201 qua:
867 2132 1087 2199 occidit,
1114 2147 1220 2186 non
1259 2131 1431 2186 solum
1467 2134 1518 2186 in
1554 2132 1731 2185 Veteri
1761 2130 2078 2185 Testamen-

514 2232 572 2279 to
591 2225 842 2279 occidens
867 2224 1045 2279 littera
1076 2224 1515 2293 deprehenditur.
1533 2221 1626 2277 Est
1646 2233 1700 2277 et
1722 2224 1773 2277 in
1797 2221 1944 2277 Novo
1972 2223 2080 2277 Te-

513 2326 781 2373 stamento
807 2317 985 2371 littera
1015 2357 1031 2382 ,
1064 2332 1185 2384 quae
1233 2315 1449 2370 occidat
1490 2329 1636 2377 eum,
1670 2314 1760 2383 qui
1813 2329 1917 2368 non
1969 2313 2080 2383 spi-

513 2409 747 2464 ritaliter
766 2424 887 2477 qua:
911 2408 1164 2462 dicuntur
1186 2407 1503 2465 adverterit.
1528 2406 1583 2461 Si
1608 2407 1753 2461 enim
1783 2404 2079 2460 secundum

513 2496 757 2565 litteram
787 2500 1039 2568 sequaris
1076 2499 1179 2552 hoc
1235 2499 1407 2567 ipsum
1437 2498 1577 2566 quod
1614 2497 1817 2550 dictum
1866 2504 1950 2548 est
1984 2494 2031 2525 “
2061 2512 2076 2549 :

518 2607 538 2642 α
576 2589 689 2645 Nisi
726 2589 1183 2645 manducaveritis
1236 2603 1455 2644 carnem
1508 2603 1682 2641 meam
1719 2585 1819 2658 (7),
1849 2596 1902 2640 et
1929 2585 2081 2640 bibe-

513 2680 636 2736 ritis
664 2683 979 2751 sanguinem
999 2691 1231 2743 meum,»
1253 2680 1453 2733 occidit
1484 2679 1596 2733 tunc
1623 2678 1825 2732 littera.
1854 2677 1950 2733 Vis
1983 2676 2078 2730 tibi

509 2781 565 2828 et
597 2772 762 2828 aliam
791 2774 858 2828 de
884 2772 1174 2842 Evangelio
1211 2772 1481 2842 proferam
1521 2770 1782 2834 litteram,
1818 2785 1939 2839 qua:
1983 2783 2078 2823 oc-

579 2933 627 2968 “
650 2931 808 2990 Joan.
840 2949 913 2999 vr,
945 2934 1039 3000 55,
1066 2932 1153 2997 6i,
1180 2932 1269 2987 67.
1345 2932 1390 2963 ⁸⁸
1418 2932 1435 2986 1
1466 2930 1593 2987 Cor.
1625 2946 1736 2993 xxv,
1764 2930 1857 2987 '58.

1961 2930 2014 2978 ⁸³.
2034 2928 2192 2985 Joan.
2217 2941 2296 2991 vr,
2324 2924 2415 2981 54.

2189 1764 2367 1819 omnis
2399 1764 2579 1830 homo,
2642 1776 2699 1818 ut
2737 1768 2990 1833 diximus,
3048 1785 3169 1823 cum
3218 1770 3458 1840 loquitur
3506 1775 3762 1844 proximo

2185 1871 2305 1920 suo,
2334 1867 2388 1912 et
2410 1858 2523 1913 sive
2559 1858 2723 1930 226
2763 1862 2982 1927 prodest
3031 1863 3079 1915 ei
3125 1878 3190 1916 ex
3239 1867 3581 1921 sermonibus
3615 1867 3754 1936 suis,

2187 1941 2300 1994 sive
2323 1950 2498 2005 nocet,
2537 1953 2593 1996 et
2627 1945 2882 1996 niundum
2922 1946 2994 2011 ei,
3025 1955 3119 1998 aut
3158 1946 3495 2003 immundum
3523 1948 3761 2004 efIicitur

2188 2028 2412 2093 animal,
2443 2043 2508 2083 ex
2540 2030 2734 2098 quibus
2759 2031 2840 2085 vel
2863 2032 3075 2087 mundis
3104 2035 3389 2101 utendum,
3412 2038 3496 2092 vel
3519 2039 3760 2093 immun-

2180 2120 2264 2175 dis
2291 2122 2608 2191 prtecipitur
2639 2123 3043 2179 abstinendum.
3080 2125 3136 2181 Si
3166 2132 3461 2184 secundum
3493 2131 3633 2188 hanc
3662 2134 3754 2186 in-

2183 2213 2534 2284 telligentiam
2562 2216 2805 2271 dicamus
2838 2218 3001 2271 Deum
3037 2234 3304 2275 summum
3340 2222 3415 2295 (8)
3463 2224 3607 2294 leges
3651 2226 3757 2281 bo-

2184 2306 2417 2360 minibus
2470 2307 2864 2376 promulgasse,
2920 2316 3049 2377 puto
3100 2312 3243 2381 quod
3278 2312 3437 2382 digna
3479 2314 3755 2370 videbitur

2184 2395 2370 2451 divina
2407 2396 2689 2465 majestate
2720 2398 3002 2465 legislatio.
3038 2400 3093 2456 Si
3127 2418 3255 2458 vero
3294 2407 3629 2463 assideamus
3663 2409 3757 2463 lit-

2187 2486 2423 2563 terae(9),
2456 2498 2510 2543 et
2537 2491 2832 2544 secundum
2867 2492 2988 2555 hoc,
3028 2494 3110 2547 vel
3138 2497 3278 2563 quod
3338 2495 3560 2565 Judaeis,
3588 2501 3669 2553 vel
3694 2502 3752 2555 id

2182 2581 2324 2650 quod
2369 2582 2528 2651 vulgo
2574 2582 2787 2637 videtur
2809 2585 3141 2654 accipiamus
3172 2602 3292 2654 qua:
3318 2590 3370 2642 in
3400 2591 3516 2660 lege
3547 2594 3749 2663 scripta

2180 2683 2327 2739 sunt,
2357 2677 2618 2732 erubesco
2646 2677 2826 2734 dicere
2857 2689 2911 2732 et
2934 2681 3203 2748 conﬁteri,
3235 2684 3360 2752 quia
3412 2687 3542 2741 tales
3596 2687 3746 2760 leges

2180 2768 2389 2823 dederit
2423 2768 2581 2824 Deus.
2611 2769 2947 2824 Videbantur
2996 2773 3140 2827 enim
3183 2776 3355 2847 magis
3389 2777 3661 2848 elegantes
3690 2790 3749 2837 et

2516 2924 2563 2959 “
2594 2924 2728 2982 Luc.
2751 2943 2861 2984 xxtt
2884 2927 2993 2997 ,δα
3095 2932 3143 2964 ⁸⁸
3171 2931 3187 2986 Ι
3213 2931 3338 2988 Cor.
3372 2950 3431 3001 ιι,
3459 2936 3546 2992 l5.

685 3048 742 3129 _S_i
769 3049 907 3104 enim
943 3050 1229 3129 secundum
1258 3049 1487 3129 litteram
1513 3049 1747 3129 sequaris
1776 3049 1872 3102 ltoc
1904 3050 2076 3117 ipsum
2103 3055 2146 3113 ο
2179 3044 2434 3129 operibus
2452 3041 2650 3129 {ustini
2688 3050 2962 3129 martyris,
2993 3053 3334 3129 respons._ad
3352 3055 3745 3129 qti._55,atque

582 3049 662 3173 (⁸9
685 3049 742 3104 Si
769 3049 907 3104 enim
943 3050 1229 3105 secundum
1258 3049 1487 3102 litteram
1513 3049 1747 3111 sequaris
1776 3049 1872 3102 ltoc
1904 3050 2073 3117 ipsum

508 3140 611 3192 quo
655 3121 864 3192 dictum
907 3117 1165 3192 est:1Vi§i
1186 3120 1860 3192 manduqaveritis_carnem
1884 3135 2073 3181 meam,

508 3188 617 3247 etc.
650 3191 707 3244 id
753 3204 912 3242 unum
952 3189 1226 3258 significat
1252 3190 1356 3242 hoc
1398 3188 1517 3258 loco
1553 3188 1814 3256 Origenes
1851 3204 2073 3243 carnem

506 3260 714 3317 Christi
742 3273 848 3312 non
878 3257 1193 3312 manducari
1218 3272 1368 3313 more
1398 3257 1626 3312 aliorum
1648 3258 1896 3313 ciborum
1928 3260 2075 3313 circa

509 3342 794 3386 externum
820 3328 1145 3398 symbolum.
1177 3328 1292 3382 lloc
1318 3328 1450 3382 nihil
1476 3327 1707 3395 pertinet
1741 3328 1806 3398 ad
1848 3344 1959 3382 rem
1986 3344 2074 3383 sa--

509 3408 790 3455 cramento
837 3396 1201 3453 eiicliaristico
1234 3399 1700 3465 comprehensam.
1752 3396 1881 3451 Vide
1930 3398 2073 3452 liue—

511 3474 643 3525 tium
675 3467 1108 3539 Origenariorum
1139 3469 1232 3522 lib.
1257 3483 1317 3532 ll,
1339 3477 1531 3539 qtltesl.
1564 3466 1653 3539 ll,
1678 3482 1827 3523 num.
1856 3469 1911 3521 2.

580 3539 657 3612 (8)
687 3537 836 3605 Mss.,
910 3557 930 3591 ι
966 3552 1260 3606 summum,
1297 3557 1316 3591 ι
1380 3537 1531 3593 Libb.
1574 3538 1727 3601 editi,
1775 3554 1794 3588 ι
1826 3537 2072 3609 omnipo-

511 3623 742 3667 tentem.
769 3627 789 3660 ι

579 3680 655 3753 (9)
676 3679 740 3753 Si
760 3676 1223 3753 veroassideamus
1250 3675 1472 3753 liueer
1479 3686 1584 3753 etc.
1607 3676 1684 3753 E_x
1710 3675 1813 3732 hoc
1841 3676 2069 3753 aliisque

507 3746 775 3808 similibus
803 3749 934 3803 locis
955 3748 1164 3803 clariss.
1191 3749 1414 3802 ﬂuetius
1433 3746 1870 3818 Origeuianorum
1890 3746 2067 3809 libfn,

504 3831 699 3893 quiest.
714 3819 802 3893 l5,
822 3834 969 3893 num.
997 3819 1055 3885 2,
1087 3820 1276 3888 probat
1301 3834 1407 3872 non
1429 3816 1595 3893 semel
1613 3817 1680 3893 ab
1698 3816 2076 3893 Qrigene‘litte-

508 3887 678 3946 ralem
717 3889 1011 3957 Scripturae
1050 3887 1267 3943 setisum
1300 3888 1662 3957 pessumdari,
1698 3887 1828 3941 licet
1871 3889 2070 3942 ibidem

505 3977 656 4017 num.
679 3959 713 4014 4
732 3960 1280 4030 agnoscatabeodem
1298 3959 1587 4030 aliquando
1603 3971 1754 4030 suam
1773 3957 2073 4030 l_i_tter2e_di-

506 4026 1026 4103 guitatem'servari.
1056 4029 1318 4103 Qaetertim
1354 4026 1492 4081 idem
1518 4027 1762 4103 peccavit
1773 4026 2046 4103 _'l‘ertullia_
2056 4057 2071 4103 _-

506 4096 610 4157 nus
638 4100 782 4156 Iib.v
803 4098 1054 4152 adversus
1075 4096 1551 4167 Marcionem,cap.
1579 4097 1636 4160 5,
1659 4096 1905 4151 scribens
1935 4098 2071 4150 nihil

506 4181 615 4227 tam
651 4169 1056 4235 contemptibile
1077 4184 1220 4235 esse,
1241 4184 1401 4237 quam
1425 4169 1668 4223 ciborum
1698 4167 2066 4237 exceptionem

506 4258 600 4310 per
624 4242 865 4310 Moysem
892 4252 1240 4308 praeceptam.
1260 4236 1632 4310 Tolerabilius
1653 4238 1703 4310 id
1737 4236 1905 4310 fuerit
1927 4238 2068 4306 quod

506 4306 834 4366 Plutarchus
870 4306 1033 4362 homo
1072 4306 1343 4363 ethnicus
1368 4310 1420 4362 in
1453 4307 1824 4376 Symposiacou
1852 4306 1946 4360 lib.
1986 4322 2059 4372 iv,

503 4382 845 4453 problemate
885 4378 963 4453 5_,__
985 4394 1155 4450 agens
1200 4380 1268 4435 de
1303 4377 1612 4453 ludaiorum
1638 4376 1965 4453 abstinentia
1995 4378 2062 4432 ab

505 4445 605 4507 esu
635 4453 817 4505 carnis
843 4445 1044 4515 suillae,
1066 4450 1343 4504 censuerit
1390 4447 1601 4501 fabulas
1629 4446 1799 4499 videri
1831 4445 1973 4513 leges
1997 4462 2062 4500 ac

505 4524 641 4578 ritus
670 4518 852 4590 populi
886 4517 1116 4584 Judaici,
1164 4521 1268 4573 nisi
1320 4520 1364 4590 is
1397 4518 1592 4590 habeat
1629 4516 2059 4590 rationes‘quas-

504 4593 625 4647 dam
671 4585 895 4661 graves,
943 4605 1079 4658 quas
1124 4603 1228 4661 non
1287 4587 1495 4661 afferat.
1525 4586 1831 4661 Atquinou
1867 4585 2062 4661 desunt

501 4655 765 4729 ejusmodi
798 4655 1040 4715 rationes
1068 4660 1265 4730 partim
1291 4655 1774 4730 physica;_,__partim
1804 4655 2058 4730 murales.

503 4725 766 4801 Physicas
797 4725 1236 4801 quasdam'afl‘ert
1269 4725 1488 4784 sanctus
1515 4727 1750 4779 'l‘liomas
1768 4725 1955 4801 prima
1973 4742 2061 4801 se-

507 4794 697 4871 cunda:
719 4794 911 4871 qua-st.
936 4799 1059 4866 102,
1088 4800 1265 4871 art._6,
1286 4807 1682 4871 tangunturque
1710 4810 1740 4848 a
1767 4794 2058 4871 Plutarcho

504 4870 625 4925 loco
650 4863 808 4941 supra
842 4863 1128 4936 citato,'et
1164 4869 1323 4941 alibi;
1365 4863 1462 4941 cui
1512 4863 1737 4941 adjunge
1780 4863 2055 4920 IElianum

502 4940 600 4996 lib.
631 4958 662 4995 x
694 4937 766 4994 De
793 4942 1037 5005 animal.,
1089 4955 1208 5008 cap.
1242 4940 1330 4994 16.
1364 4937 1595 4991 Morales
1638 4949 1924 5008 sumuntur
1965 4946 2059 4989 aut

503 5012 963 5085 exanimantium
995 5006 1284 5085 instinctu,
1308 5012 1376 5085 de
1390 5008 1595 5085 quibus
1624 5006 1786 5057 iutilia
1814 5015 1869 5059 et
1892 5008 2056 5085 varia

508 5081 692 5137 videre
717 5090 798 5135 est
820 5082 1109 5152 passimjn
1150 5081 1363 5152 sanctis
1387 5077 1645 5152 Patrihus
1678 5084 1734 5129 et
1759 5076 2056 5152 apud_Ari-

506 5145 930 5224 steain_lib.'De
958 5149 1109 5224 LXX
1134 5150 1536 5224 interpretibus,
1583 5145 1730 5200 circa
1775 5145 2007 5224 medium
2036 5187 2052 5213 ,

503 5235 665 5290 quem
684 5222 866 5277 locum
900 5222 1107 5291 profert
1134 5214 1417 5291 Eusebius
1436 5215 1732 5291 Praeparat.
1768 5214 2052 5285 evangelia.

507 5283 605 5346 lib.
653 5308 766 5359 vui,
797 5283 918 5362 cap:
951 5292 1014 5357 9,
1040 5290 1276 5367 etAapud
1303 5283 1582 5367 Bliilonem
1612 5283 1851 5367 Judaeum
1875 5283 2050 5353 saepe;

505 5372 597 5416 aut
649 5378 715 5419 ex
754 5358 1236 5418 cuiusuetudinibns
1279 5358 1677 5430 IEgyptiorum,
1717 5358 2054 5430 nimiumque

501 5446 656 5505 vanae
685 5435 831 5505 genti
862 5424 1762 5505 addictorumjlebrtiiorum..Nam
1798 5434 1856 5479 ut
1896 5427 2052 5505 docet

501 5495 760 5575 _0rigeu'es
783 5505 877 5558 lii).
904 5518 953 5557 Iv
979 5501 1174 5556 Contra
1192 5500 1420 5575 Celsum,
1437 5498 1795 5575 Theudor-itus
1809 5504 1998 5575 quaret.
2019 5495 2047 5549 1

500 5572 555 5625 in
591 5566 910 5637 Eeriticum,
939 5584 993 5628 et
1024 5587 1272 5628 sermone
1288 5568 1366 5623 De
1383 5568 1677 5637 sacriﬁciis,
1717 5577 1846 5622 tom.
1873 5566 1961 5633 IV,
1992 5583 2046 5637 p.

500 5640 626 5712 584,
659 5644 798 5711 585;
831 5654 1019 5700 auctor
1060 5643 1471 5709 Responsionum
1503 5641 1571 5692 ad
1622 5641 1960 5703 orthodoxos,
1992 5639 2047 5692 in

2181 3115 2431 3192 Albanus
2462 3113 2583 3192 loco
2609 3131 2771 3192 supra
2819 3113 3006 3186 citato,
3039 3113 3282 3192 Egyptii
3315 3113 3500 3179 multis
3550 3113 3740 3188 bestiis

2182 3187 2247 3240 ad
2281 3186 2543 3255 praesagia
2569 3187 2878 3265 utebantur,
2908 3186 3215 3259 cunctaque
3248 3194 3501 3248 animalia
3544 3186 3743 3265 prater-

2181 3271 2355 3331 suem,
2396 3270 2552 3331 quem
2593 3261 3017 3331 exsecrabantur
3042 3299 3057 3323 ,
3107 3278 3324 3331 quoque
3377 3261 3741 3326 vescebantur

2180 3324 2316 3390 solo,
2350 3325 2685 3410 adorabat”?
2713 3327 2821 3381 lmo
2867 3338 2938 3410 et;
2967 3324 3138 3410 ipsum
3191 3324 3339 3410 suem
3378 3338 3445 3410 ab
3467 3324 3739 3410 {Egyptiis

2181 3394 2456 3467 nonnullis
2478 3395 2759 3449 adoratum
2785 3413 2907 3451 esse
2927 3394 3079 3454 testis
3106 3411 3189 3455 est
3214 3403 3437 3457 historia
3468 3394 3736 3467 Barlaami

2177 3468 2317 3544 apud
2346 3465 2739 3544 Damascenum
2764 3468 2993 3544 ca_p._27_.
3019 3471 3147 3525 Item
3168 3474 3233 3525 de
3255 3471 3573 3544 Egyptiaca
3589 3465 3737 3536 circa

2179 3532 2281 3607 huc
2306 3532 2503 3607 animal
2520 3532 2868 3607 indulgentia
2893 3539 3152 3595 habemus
3178 3532 3504 3600 sententiam

2175 3606 2361 3678 eodem
2386 3602 2587 3678 Elia‘ui
2616 3602 2813 3675 capite,
2849 3619 3009 3678 atque
3034 3615 3436 3669 Anaxaudridis
3463 3602 3734 3677 γενειιῖᾗῆ

2173 3674 2417 3752 Athenaei
2443 3672 3035 3752 lleipnosoplii‘stis,'lib.
3070 3696 3162 3748 vn,
3202 3698 3253 3751 p.
3294 3683 3420 3752 299,
3447 3672 3575 3742 500.

2178 3745 2361 3824 itaque
2388 3745 2613 3824 vetitum
2634 3745 2835 3803 Judaeis
2851 3753 3127 3824 porcinam
3149 3745 3437 3809 cor-neuere
3464 3779 3478 3813 ;
3514 3759 3640 3814 hinc
3666 3745 3734 3817 ad

2178 3816 2572 3868 imniundarum
2599 3816 2881 3871 numerum
2916 3820 3098 3874 relatae
3123 3824 3427 3880 animantes
3467 3816 3733 3887 universa;

2176 3896 2298 3964 qua:
2324 3900 2436 3964 pro
2479 3889 2735 3964 praesagis
2780 3889 3156 3964 habebantur:
3186 3892 3311 3947 hinc
3337 3911 3401 3948 ex
3435 3900 3732 3963 pecudibus

2298 3951 2700 4040 @gypiioru’ui,
2735 3960 3127 4040 mansuetiores
3161 3951 3457 4040 sacrificiis
3480 3951 3534 4021 et
3580 3951 3732 4040 tia—pi:

2174 4021 2276 4101 bus
2309 4021 2581 4092 deputatae
2606 4026 2974 4101 fuerunl,‘aliai
2998 4045 3127 4101 vero
3159 4031 3490 4101 impurarutn
3510 4021 3731 4096 noini'u—e

2171 4091 2424 4180 donatae}
2464 4111 2571 4164 quo
2618 4098 2793 4180 cultus
2841 4099 3059 4180 indigna
3100 4091 3577 4180 j-udic'arenturea
3610 4091 3731 4180 qui;

2170 4166 2578 4248 apponebautur
2605 4166 2865 4248 altaribus
2886 4179 2942 4248 et
2960 4166 3181 4248 mensis“,
3212 4178 3526 4248 qumqueab
3552 4166 3729 4248 epulis

2172 4236 2502 4301 impuritatis
2528 4251 2688 4290 causa
2725 4238 3103 4302 ejiciebantur.
3144 4236 3409 4299 Prteclare
3436 4236 3726 4304 Tertdlliaé

2171 4317 2269 4381 nus
2306 4304 2399 4381 lib.
2430 4321 2466 4381 μς
2488 4376 2499 4381 Δ
2521 4319 2705 4381 contra
2727 4307 3090 4381 _llarcio_nem,
3119 4326 3238 4381 cap.
3275 4314 3335 4368 l8
3365 4332 3378 4367 :
3411 4334 3430 4368 t
3463 4317 3530 4370 Et
3555 4320 3602 4373 si
3638 4320 3727 4377 lex

2092 4362 2139 4420 Ι)
2164 4370 2367 4452 aliquid
2395 4375 2828 4452 cibis_iletraliit._
2862 4362 2925 4433 et
2943 4362 3237 4452 immunda
3255 4362 3728 4452 prendit-tiaran:

2164 4447 2323 4496 utalia
2347 4460 2465 4516 qua:
2503 4447 2791 4515 aliquando
2818 4450 3100 4504 benedicta
3130 4447 3276 4516 sunt,
3301 4458 3591 4512 consilium
3628 4476 3726 4515 ex-

2162 4515 2405 4597 ercendae
2449 4517 2802 4572 continentia:
2836 4518 3098 4589 iutellige,
3137 4532 3193 4575 et
3226 4515 3411 4597 frenos
3436 4528 3722 4597 impositos

2163 4580 2399 4670 illigulte
2414 4600 2665 4670 agnosce,
2685 4601 2804 4654 quae
2817 4580 3158 4670 cum-panem
3185 4580 3722 4670 ederetaugerlorum;

2161 4667 2481 4731 cucumeres
2528 4667 2594 4731 ct
2624 4672 2857 4725 pepones
2914 4659 3294 4731 {Egyptiorum
3350 4659 3720 4726 desiderabat:

2159 4724 2405 4801 Agnosce
2435 4727 2597 4801 simul
2626 4724 2705 4782 iet,
2740 4724 3215 4801 comitibus—gula,
3250 4734 3460 4789 libidini
3507 4724 3723 4795 scilicet

2159 4806 2320 4872 atque
2358 4793 2582 4872 luxuria:
2626 4809 2992 4872 prospectum,
3020 4793 3138 4869 qua:
3165 4793 3278 4856 fere
3315 4806 3521 4861 ventris
3565 4793 3725 4863 casti;

2158 4866 2377 4945 gatioue
2406 4866 2722 4937 frigescunt.
2758 4866 3201 4945 ’Manducaverat
3232 4874 3376 4945 enim
3405 4877 3635 4945 populus
3665 4889 3722 4935 et

2157 4935 2389 5015 biberat,
2417 4935 3032 5015 efsurrexeratludere.
3057 4941 3293 4997 Proinde
3309 4956 3369 4997 ut
3390 4935 3444 4999 et
3476 4935 3722 5015 pecunia:

2157 5006 2320 5084 ardor
2366 5009 2798 5075 restiugueretur
2835 5024 2903 5084 ex
2939 5020 3118 5079 parte,
3145 5027 3257 5084 qua
3309 5017 3375 5069 de
3414 5006 3592 5072 victus
3632 5036 3720 5073 ne-

2158 5082 2408 5130 cessitate
2426 5090 2702 5148 causatur,
2724 5082 3083 5148 pretiosorum
3107 5083 3355 5138 ciborum
3381 5088 3606 5143 ambitio
3625 5097 3718 5143 de-

2159 5147 2783 5226 tractaesttfostremo
2827 5160 2886 5203 ut
2931 5150 3145 5226 facilius
3170 5154 3332 5226 hcine
3363 5156 3431 5209 ad
3467 5157 3719 5226 jejttnan-

2157 5214 2280 5266 dum
2314 5216 2423 5297 Deo
2449 5219 2809 5297 lormaretur,
2847 5223 3032 5297 paucis
3062 5233 3118 5297 et
3150 5237 3258 5277 non
3287 5214 3540 5297 gloriosis
3571 5232 3717 5284 escis

2153 5286 2594 5363 assuefactus,et
2621 5289 2755 5363 nihil
2779 5286 3194 5363 de'lautioribus
3229 5286 3554 5351 esurituros.
3585 5317 3611 5350 ι
3638 5299 3716 5354 Ex

2154 5355 2240 5437 his
2269 5357 2454 5437 itaque
2477 5360 2865 5437 dicendu_m_e_st
2890 5375 3020 5437 cum
3059 5360 3429 5437 Judaeicertis
3449 5368 3586 5422 cibis
3613 5370 3715 5423 ab-

2153 5428 2358 5482 stinere
2378 5428 2654 5495 jubentur,
2683 5430 2776 5483 Dei
2802 5431 2856 5484 in
2884 5429 3108 5487 ferendo
3135 5436 3391 5490 mandato
3415 5451 3520 5493 non
3547 5438 3714 5494 fuisse

2152 5496 2433 5582 consiliarii
2463 5511 2521 5553 ut
2547 5502 2716 5582 solam
2738 5499 2870 5570 legis
2894 5500 3142 5582 litteram
3170 5517 3472 5574 servarent,
3498 5509 3598 5563 sed
3619 5523 3693 5582 po

2154 5569 2260 5623 tius
2281 5576 2339 5623 ut
2366 5569 2431 5624 ad
2454 5570 2708 5640 praecepti
2741 5569 2936 5628 causas
2957 5573 3324 5630 attenderem.
