2012 3073
150 108 207 135 489

731 110 764 137 IN
783 109 971 139 LEVITlCUM
991 110 1133 138 HOMILIA
1153 112 1210 140 VII.

1730 118 1777 144 1ηο

150 166 328 195 rationabiles
344 167 481 194 hominum
506 168 590 203 leges,
610 168 686 195 verbi
710 170 807 204 gratia,
822 170 863 196 vcl
886 170 941 197 Ro-
954 171 977 200 Α
993 168 1173 204 disciplinam,
1193 175 1221 197 et
1235 169 1357 204 abiecisti
1373 179 1514 199 sermones
1538 181 1612 201 nteos
1628 179 1687 208 post
1708 181 1741 202 te.
1763 187 1772 202 ι

150 221 306 245 manorttm,
318 214 360 240 vel
381 214 596 247 Atheniensium,
610 215 651 241 vel
663 214 940 243 Lacedaemoniorum.

149 259 182 287 Si
198 266 261 287 vero
277 260 423 286 secundutn
437 260 506 286 hanc
518 260 737 296 intelligentiam,
752 269 833 297 quam
857 262 939 290 docet

147 305 286 336 Ecclesia,
299 306 451 340 accipiatur
472 306 518 332 Dei
535 305 588 339 lex,
605 312 669 333 tunc
683 307 764 341 plane
781 314 876 334 omnes
892 309 941 335 hu-

148 360 246 379 manas
262 352 445 386 supereminet
460 352 544 387 leges,
560 357 587 379 et
603 360 667 380 vere
680 353 727 380 Dei
744 353 784 380 lex
806 362 867 381 esse
884 362 941 381 cre-

148 398 244 426 detur.
260 398 353 432 Itaque
366 399 409 425 his
422 398 457 425 ita
470 399 627 432 prmmissis,
640 399 764 433 spiritali.
780 404 808 427 ut
822 408 940 427 commo-

150 444 275 475 Ituimus,
292 444 468 477 intelligentia
484 444 517 470 de
535 444 641 470 mundis
664 450 691 471 et
715 445 859 472 immundis
880 446 940 473 ani-

149 491 269 517 malibus
284 491 375 524 aliqua
393 490 620 526 perstringamus.

200 537 229 564 6.
251 546 262 563 ί
292 536 395 568 Omne,
423 538 508 571 inquit
545 537 577 569 “,
605 544 686 572 pecus
715 538 786 571 qttod
812 538 937 573 ungulam

150 583 265 615 dividit,
284 589 311 610 et
327 583 441 617 ungulas
459 584 550 615 habet,
565 589 590 610 et
608 584 712 611 reducit
728 585 937 613 ruminationem

146 628 176 656 in
193 630 349 664 pecoribus,
366 630 424 656 haec
451 630 658 657 manducabitis.
682 630 816 658 Praeterea
836 633 869 659 ab
897 633 938 659 his

147 683 203 702 non
222 676 430 709 manducabitis,
450 683 510 710 qua:
526 676 655 703 redttcunt
675 678 895 709 ruminatiouem.
912 684 939 706 et

148 729 207 748 non
231 722 356 749 dividunt
370 722 493 757 ungulas,
505 726 531 749 et
546 722 645 750 habent
662 724 783 759 ungulas.
801 725 935 758 Catuelus,

145 768 279 801 quoniam
304 768 408 795 reducit
431 768 654 801 rutniuationem,
680 775 707 797 ct
730 771 856 805 ungulam
882 780 934 798 non

145 811 255 844 dividit,
278 811 446 839 immundttm
467 813 519 840 erit
537 813 588 840 hoc
605 814 691 841 vobis.
711 815 744 842 Et
761 816 848 851 lepus,
869 825 935 851 quo-

994 215 1022 242 ln
1037 223 1089 249 quo
1111 216 1250 243 evidenter
1271 218 1391 245 ostendit
1410 218 1492 246 istum
1514 222 1693 248 ruminantem
1715 224 1775 258 qui-

994 260 1065 291 dem,
1093 260 1138 287 sed
1166 261 1291 295 ungulam
1317 269 1369 289 non
1393 263 1570 295 dividentem.
1593 272 1619 292 et
1646 266 1704 293 ideo
1729 268 1776 294 im-

992 306 1109 332 mundus
1137 312 1174 333 est
1206 307 1359 342 quicunque
1389 313 1430 336 est
1457 310 1527 337 talis.
1554 311 1587 337 Et
1613 312 1709 340 iterum
1734 320 1774 341 est

992 351 1071 383 alius,
1098 352 1137 378 vel
1159 360 1191 378 ex
1222 353 1265 380 his
1296 354 1340 387 qui
1371 359 1447 382 extra
1474 356 1629 391 religionem
1654 364 1775 387 nostram

991 401 1063 427 sunt,
1087 397 1128 424 vel
1151 404 1182 424 ex
1200 398 1241 425 his
1259 400 1303 432 qui
1327 400 1464 427 uobiscum
1487 407 1567 435 sunt;
1591 404 1638 438 qui
1652 405 1776 433 dividuo.

990 443 1098 476 quidem
1127 443 1251 476 ungulas,
1273 450 1300 472 ct
1328 447 1362 473 ita
1390 447 1518 475 incedunt
1539 449 1564 475 in
1583 450 1633 477 viis
1655 451 1720 485 suis,
1747 457 1776 479 ut

990 492 1067 514 at-tus
1091 496 1154 516 suos
1171 490 1203 516 ad
1227 490 1346 517 futurum
1372 493 1499 520 sasculum
1515 500 1677 529 praeparent.
1701 497 1775 524 Multi

990 534 1071 568 227
1084 535 1156 561 enim
1170 535 1205 562 ita
1218 540 1242 562 et
1258 544 1291 562 ex
1304 536 1470 572 philosophis
1483 539 1602 573 sapiunt,
1617 546 1644 568 et
1656 541 1774 569 futurum

989 579 1188 613 essejudicium
1200 580 1323 607 credunt.
1339 581 1518 609 Immortalem
1530 591 1647 619 namque
1657 586 1774 613 animam

989 625 1119 657 sentiunt,
1134 631 1161 652 ct
1176 628 1419 654 remunerationem
1440 628 1517 656 bonis
1530 631 1679 666 quibusque
1703 635 1775 666 posi-

989 675 1043 698 tam
1061 671 1237 698 conﬁtentur.
1268 670 1324 700 Hoc
1344 679 1372 700 et
1390 674 1579 703 haereticorum
1598 678 1717 705 nonnulli
1734 679 1773 705 fa-

988 717 1076 749 ciuttt,
1099 722 1126 743 et
1153 723 1282 751 quantum
1301 720 1401 753 expetit
1418 720 1485 755 (10),
1502 722 1623 749 timorem
1635 722 1717 749 futuri
1729 723 1774 758 ju-

989 763 1052 790 dicii
1069 769 1176 798 gerunt,
1194 769 1221 790 et
1239 770 1316 792 actus
1333 774 1397 794 suos
1416 773 1542 802 tanquam
1558 769 1585 795 in
1602 770 1691 797 divino
1706 778 1774 798 exa—

990 809 1061 836 mine
1085 811 1260 845 requirendos
1283 813 1389 839 caulius
1415 817 1573 848 temperant.
1606 815 1658 843 Sed
1677 816 1773 844 horum

146 858 223 883 "iam
240 857 346 885 reduc“
366 859 587 893 ruminatione“
605 866 633 887 ει
648 861 776 895 ungulam
789 850 848 889 ⁷ηοη
863 850 935 890 div“
952 850 975 877 Β
988 860 1103 889 uterque
1129 863 1183 883 non
1202 857 1328 888 rtnttinat,
1350 866 1399 885 nec
1424 865 1533 887 revocat
1556 862 1772 891 ruminationetn.

145 902 199 934 dit,
218 903 384 930 immttudum
412 903 462 931 hoc
479 904 530 931 erit
543 906 634 939 vobis;
654 911 679 932 et
692 907 855 941 herinaeius,
871 909 935 943 quia

148 949 258 976 reducit
273 950 491 982 rutninationem,
506 955 532 978 et
554 952 679 987 ungulam
698 962 750 981 non
767 955 872 988 dividit,
887 957 937 983 im-

147 995 281 1021 mundum
304 995 354 1022 hoc
379 996 465 1028 vobis,
489 1001 516 1024 et
538 1005 610 1029 suos,
630 1008 638 1024 ι
652 1006 703 1026 etr.
721 1000 844 1027 Decernit
872 1010 936 1037 ergo

148 1048 183 1067 ne
198 1041 399 1068 manduccntur
413 1042 565 1075 huiusmodi
585 1044 724 1078 animalia,
741 1054 801 1081 quae
815 1055 847 1074 ex
859 1054 936 1081 parte

147 1087 278 1114 videntur
292 1095 353 1116 esse
371 1089 479 1122 munda,
498 1095 526 1117 et
539 1098 571 1117 ex
587 1097 663 1126 parte
685 1093 822 1121 intmunda
842 1103 848 1121 :
866 1095 936 1123 siettt

145 1135 271 1161 camelos
285 1142 316 1160 ex
334 1143 364 1161 eo
381 1136 450 1169 qttod
474 1138 601 1169 ruminat,
628 1140 741 1165 mundus
764 1140 885 1171 videtur;
902 1149 934 1167 ex

146 1187 178 1206 ρο
194 1184 286 1205 autem
306 1182 376 1214 quod
394 1182 506 1215 ungulas
524 1183 623 1209 divisas
641 1193 692 1210 non
709 1186 800 1217 habet,
815 1186 934 1212 immun-

145 1226 196 1253 dus
212 1226 321 1252 dicitur.
342 1227 403 1253 Post
429 1228 485 1254 haec
500 1229 554 1262 jam
580 1231 701 1256 nominat
723 1236 750 1257 et
769 1232 885 1265 leporem
908 1239 935 1259 et

145 1271 329 1303 herinaciutn,
349 1274 395 1299 sed
421 1279 446 1299 et
463 1274 535 1308 ipsus
564 1276 628 1302 dicit
662 1278 799 1304 rutuinarc
815 1279 932 1311 quidem,

144 1317 194 1343 sed
221 1318 334 1352 ungulas
352 1327 402 1345 non
424 1320 552 1345 dividere.
570 1320 657 1346 Alium
674 1329 737 1347 vero
753 1322 872 1349 ordinem
896 1323 934 1348 fa-

144 1363 184 1390 cit
204 1371 318 1395 eorum,
339 1366 382 1398 qui
411 1367 565 1391 ceontrario
594 1368 719 1400 ungulam
741 1368 846 1400 quidem
865 1369 933 1395 divi-

143 1410 224 1441 dunt,
247 1411 293 1437 sed
314 1419 365 1437 ttou
391 1412 538 1439 ruminant.
565 1412 684 1438 Primum
710 1422 772 1447 ergo
794 1415 933 1441 rideamus

143 1457 191 1490 qui
209 1461 272 1484 sunt
289 1458 344 1489 isti,
361 1458 408 1492 qui
433 1459 579 1491 rumiuaut,
599 1465 625 1484 et
650 1467 720 1493 ungu
736 1467 777 1485 aut
799 1461 931 1493 dividunt,

143 1510 216 1536 quos
238 1504 353 1530 mundos
373 1504 499 1538 appellat.
520 1505 573 1538 Ego
589 1506 707 1531 arbitror
727 1506 800 1531 illttttt
817 1506 867 1532 diei
888 1515 932 1532 ru-

144 1549 266 1581 minare,
283 1550 326 1583 qui
339 1558 448 1584 operam
463 1551 507 1577 dat
526 1551 656 1583 SCltttlllati,
672 1557 698 1578 et
714 1553 739 1577 in
755 1552 812 1586 lege
828 1552 930 1578 Domini

143 1595 294 1622 meditatur
309 1596 351 1622 die
364 1604 393 1623 ac
410 1602 498 1623 nocte.
523 1597 574 1623 Sed
591 1598 651 1623 audi
674 1599 807 1631 qttomodo
829 1598 931 1624 dictum

142 1647 210 1669 est:
237 1652 247 1667 ι
268 1643 317 1675 Qui
345 1644 450 1674 dividit,
483 1645 578 1678 inquit,
606 1644 741 1678 ungulam,
772 1649 797 1670 et
824 1648 932 1671 revocat

142 1689 365 1716 ruminationem.
386 1699 395 1715 ›
414 1690 533 1717 ὶὶενυρθι
555 1699 618 1725 ergo
643 1690 863 1722 ruminationetu,
885 1691 930 1724 qui

143 1742 177 1762 ea
193 1742 253 1769 qua
267 1736 414 1762 secundtnn
431 1736 547 1762 litteram
564 1736 638 1770 legit,
653 1740 760 1762 revocat
773 1736 805 1762 ad
822 1744 930 1763 sensum

144 1780 308 1815 spiritalem,
323 1786 351 1807 et
365 1781 398 1807 ab
416 1781 515 1807 inlimis
537 1787 563 1808 et
580 1782 762 1808 invisibiltbus
783 1783 815 1808 ad
843 1782 931 1808 invisi—

145 1826 213 1853 bilia
230 1832 256 1853 et
273 1826 367 1853 altiora
382 1827 550 1855 conscendit.
568 1828 619 1854 Sed
644 1828 665 1853 si
682 1827 820 1854 mediteris
844 1827 928 1862 legem

145 1872 280 1903 divinam,
292 1877 318 1898 et
330 1879 361 1898 ea
376 1879 436 1905 quae
448 1872 525 1906 legis,
539 1873 573 1898 ad
589 1871 714 1898 subtilem
732 1877 759 1898 et
773 1873 805 1898 ad
823 1872 930 1905 spirita-

145 1919 200 1946 lem
222 1917 425 1952 intelligentiam
442 1926 561 1950 revoces,
579 1921 631 1944 vita
650 1924 738 1944 autem
753 1924 795 1945 tua
811 1924 837 1945 et
853 1924 929 1945 actus

144 1964 184 1990 ttti
210 1971 262 1990 non
284 1968 347 1990 sunt
365 1964 442 1996 tales,
466 1968 493 1989 ut
515 1964 632 1990 habeant
658 1965 849 1991 discretionem
870 1965 929 1990 vita:

142 2009 286 2044 prwsentis
300 2014 327 2035 et
348 2009 444 2036 futura:
467 2009 544 2043 hujus
566 2011 654 2036 sccenli
671 2015 697 2037 et
723 2011 812 2037 Stet-uli
836 2018 931 2044 super-

143 2058 272 2090 venturi;
289 2057 311 2084 si
334 2064 386 2083 non
409 2058 456 2084 ista
473 2058 638 2091 competenti
656 2057 759 2083 ratione
777 2058 927 2088 disrcrnas,

143 2109 171 2131 et
184 2104 299 2136 dividas,
314 2103 431 2131 eamelus
450 2111 478 2130 es
498 2108 652 2135 tortuosus;
681 2103 725 2137 qui
742 2110 802 2128 cum
827 2102 929 2129 intelle-

143 2153 215 2175 ctum
231 2149 369 2182 acceperis
386 2157 417 2174 ex
441 2149 615 2175 meditatione
631 2150 695 2184 legis
719 2150 799 2182 hujus
821 2149 928 2179 divitnc,

143 2203 197 2222 non
222 2195 337 2228 divitiis,
359 2203 448 2229 neqtte
477 2203 600 2230 sogregas
623 2197 765 2230 pralscntia
786 2202 812 2223 et
830 2197 929 2229 futura,
944 2216 966 2243 Β

143 2250 194 2270 nec
210 2247 351 2278 angustam
368 2243 437 2269 viam
454 2250 468 2269 a
482 2243 523 2269 via
538 2244 653 2277 spatiosa
670 2244 798 2270 secernis.
815 2243 866 2269 Sed
881 2243 930 2269 ati-

145 2289 197 2316 huc
212 2289 382 2316 manifestius
395 2290 465 2324 quod
484 2290 582 2316 dicitur
602 2290 786 2323 cxplanemus.
801 2290 869 2315 Sunt.
884 2289 929 2323 qui

143 2340 287 2362 assumtth
311 2339 502 2362 testamentum
594 2344 643 2369 [)Cl‘
666 2343 695 2361 US
718 2343 810 2365 suum.
827 2340 853 2361 οι
868 2342 928 2361 Clllll

145 2381 230 2416 legem
246 2381 293 2408 Dei
310 2381 397 2407 inore
413 2381 538 2411 habeant,
561 2381 612 2407 vita
628 2386 653 2407 et
675 2386 751 2407 :lt‘ttts
766 2380 807 2407 sui
823 2380 899 2411 longe
914 2387 928 2406 a

144 2426 232 2452 verbis
260 2431 355 2452 eorum
382 2428 409 2450 et
436 2423 608 2450 sermonibus
635 2423 801 2456 discrepant.
830 2423 925 2448 [llt'tlltl

142 2474 213 2498 enim
224 2475 250 2498 et
265 2478 317 2497 non
333 2470 448 2501 faciunt;
463 2471 494 2495 de
506 2469 603 2503 quibus
614 2472 640 2494 ct
651 2467 787 2501 Propheta
804 2468 869 2493 dicit
882 2467 902 2481 “7
918 2476 923 2492 ε

143 2528 152 2543 t
173 2517 313 2544 Peccatori
330 2522 417 2542 atttetn
439 2515 508 2542 dixit
529 2515 599 2540 Deus
623 2525 627 2541 :
654 2514 743 2546 Quare
767 2517 793 2539 ttt
812 2521 924 2539 euarras

140 2565 259 2598 justitias
274 2571 360 2591 utras.
374 2569 397 2591 et
410 2562 532 2588 assumis
552 2565 742 2587 testmuculum
765 2568 853 2585 meum
874 2567 921 2592 per

140 2619 169 2637 os
185 2610 281 2637 tuum?
302 2619 310 2634 ι
329 2609 408 2635 Vides
432 2616 496 2642 ergo
511 2608 644 2642 quomodo
669 2607 711 2633 ille
732 2607 860 2637 ruminat,
879 2607 922 2640 qui

141 2662 330 2684 testamentum
353 2655 397 2681 Dei
431 2655 509 2680 habet
533 2655 557 2680 in
579 2661 625 2680 ore
650 2661 709 2679 suo.
735 2652 787 2679 Sed
815 2653 877 2685 quid
898 2653 922 2678 in

140 2703 316 2736 sequentibus
334 2701 367 2727 ad
384 2708 444 2727 eum
460 2700 559 2726 dicitur
574 2700 596 2715 6⁸
611 2700 621 2725 ?
635 2709 643 2725 t
665 2699 703 2725 Tu
728 2704 818 2724 autem
841 2698 921 2724 odisti

171 2764 193 2779 “
208 2763 296 2790 Levit.
307 2771 344 2794 xt,
360 2763 376 2789 ὅ
387 2768 415 2789 et
430 2770 504 2796 seqq.
543 2761 563 2775 “7
574 2760 644 2787 l’sal.
660 2766 731 2790 xctx,
748 2757 790 2783 16.

174 2834 229 2869 Ιιιθ)
243 2833 319 2862 Mss.,
338 2841 346 2857 t
361 2831 477 2865 expedit.
491 2841 500 2855 ι
518 2829 595 2855 Libb.
609 2828 685 2859 editi,
703 2836 710 2852 t
725 2830 835 2861 spectat.
851 2835 860 2851 ι

276 2878 414 2908 ΡΑτιιοι..
438 2878 497 2907 (in.
520 2876 589 2905 ΧΗ.

830 2757 851 2772 ⁸⁵
863 2756 927 2784 ibid.
945 2756 987 2784 17.

989 901 1046 929 Non
1061 903 1132 930 enim
1149 911 1179 931 ea
1198 912 1257 938 qua:
1275 905 1299 931 in
1316 905 1372 940 lege
1388 906 1433 933 Dei
1453 908 1551 942 scripta
1573 916 1637 937 sunt
1649 911 1772 944 audiens,

990 950 1147 982 meditatur,
1164 958 1196 978 ac
1209 957 1318 979 revocat
1332 953 1364 979 ad
1380 953 1505 981 subtilem
1522 960 1550 982 et
1567 956 1715 990 spiritalem
1730 959 1772 985 in-

988 994 1164 1029 telligentiam
1193 1005 1200 1022 :
1227 998 1272 1024 sed
1289 998 1379 1024 statim
1405 1004 1433 1025 ut
1461 1000 1578 1028 audierit
1598 1002 1711 1038 aliquid,
1727 1011 1773 1033 aut

988 1041 1147 1072 contemnit,
1164 1047 1210 1070 aut
1225 1043 1350 1078 despicit,
1376 1054 1426 1074 nec
1441 1048 1553 1081 requirit
1567 1050 1611 1083 qui
1632 1050 1657 1076 in
1671 1051 1773 1079 viliori-

987 1086 1037 1114 bus
1051 1088 1142 1115 verbis
1164 1089 1296 1123 pretiosus
1321 1090 1403 1119 lateat
1425 1099 1531 1121 sensus.
1563 1094 1597 1121 Et
1613 1095 1711 1123 habent
1728 1098 1772 1125 isti

987 1131 1155 1159 dividentem
1187 1135 1296 1168 quidem
1324 1137 1463 1171 ungulam,
1488 1139 1535 1166 sed
1564 1140 1771 1170 ruminationem

989 1185 1042 1204 non
1057 1185 1195 1206 revocant.
1214 1180 1254 1207 Tu
1267 1185 1367 1214 autem,
1382 1183 1428 1218 qui
1444 1185 1483 1211 vis
1495 1193 1554 1213 esse
1568 1187 1694 1221 tnundus,
1708 1197 1772 1216 con-

989 1224 1141 1251 venientem
1166 1226 1266 1254 habeto
1281 1228 1374 1261 vitam,
1397 1237 1541 1258 consonam
1556 1237 1582 1259 et
1596 1233 1727 1268 scientiae,
1742 1241 1771 1262 et

987 1274 1064 1297 actus
1080 1271 1227 1299 intellectui
1248 1282 1255 1300 :
1272 1278 1303 1300 ut
1318 1274 1355 1301 sis
1370 1275 1396 1301 in
1415 1282 1529 1310 utroque
1550 1279 1675 1313 mundus,
1698 1286 1727 1307 ttt
1742 1286 1769 1309 et

987 1323 1098 1343 revoces
1124 1319 1341 1352 rtuuinatiouem,
1365 1327 1392 1348 et
1405 1322 1531 1356 ungulam
1548 1324 1660 1355 dividas.
1680 1328 1726 1355 sed
1741 1333 1769 1355 et

987 1362 1101 1396 ungulas
1117 1368 1146 1389 ut
1159 1365 1303 1399 producas,
1320 1367 1376 1394 sive
1402 1367 1523 1401 abjicias.
1543 1367 1724 1403 Requiramus
1737 1375 1764 1398 et

985 1407 1065 1442 hujus
1092 1410 1129 1436 rei
1145 1410 1342 1445 testimonium,
1358 1414 1495 1447 quomodo
1508 1415 1620 1448 ungulas
1644 1417 1770 1450 produci-

986 1462 1055 1487 mus,
1070 1455 1124 1489 vel,
1136 1461 1165 1482 ut
1183 1456 1246 1484 alibi
1275 1457 1385 1493 legitur,
1407 1459 1558 1493 abjiciutus.
1581 1461 1714 1496 Scriptqu
1728 1469 1770 1491 est

985 1500 1011 1527 in
1027 1501 1253 1531 Deuteronomio:
1271 1503 1329 1536 «Si,
1352 1504 1479 1540 inquit“,
1502 1507 1602 1535 exieris
1621 1509 1653 1534 ad
1669 1509 1767 1537 bellum

986 1547 1129 1574 adversum
1147 1548 1271 1576 inimicos
1289 1554 1357 1582 tuos,
1370 1555 1396 1577 et
1410 1551 1509 1578 videris
1522 1552 1557 1579 ibi
1571 1553 1710 1581 mulierem
1726 1555 1770 1583 de-

986 1599 1049 1618 cora
1064 1592 1165 1626 specie,
1187 1598 1214 1621 et
1231 1595 1401 1629 concupieris
1422 1603 1493 1628 eam,
1509 1604 1629 1626 assumes
1651 1606 1722 1632 eam,
1742 1605 1771 1628 et

986 1638 1066 1666 rades
1084 1646 1192 1666 omnem
1219 1639 1301 1674 pilum
1318 1641 1412 1675 capitis
1435 1643 1504 1677 ejus,
1518 1648 1546 1671 et
1570 1645 1682 1679 ungulas
1697 1647 1767 1681 ejus,

985 1689 1013 1711 et
1037 1685 1133 1713 indues
1145 1693 1205 1713 eam
1230 1687 1399 1715 vestimentis
1424 1688 1601 1723 lugubribus;
1621 1697 1648 1719 et
1664 1693 1769 1721 sedebit

987 1730 1013 1757 in
1028 1731 1109 1758 domo
1122 1731 1218 1764 lugens
1235 1738 1338 1767 patrem
1363 1741 1452 1767 suum,
1471 1741 1499 1763 et
1513 1742 1626 1765 matrem
1639 1746 1726 1772 suam,
1740 1745 1769 1768 et

986 1776 1095 1804 domum
1120 1783 1259 1811 paternam
1276 1786 1364 1812 suam,
1390 1785 1418 1808 et
1440 1787 1501 1816 post
1517 1783 1624 1819 triginta
1647 1786 1704 1813 dies
1716 1788 1769 1814 erit

986 1822 1033 1849 tibi
1050 1831 1128 1851 uxor.
1144 1833 1153 1849 ι
1186 1824 1239 1851 Sed
1255 1832 1325 1852 nunc
1350 1833 1402 1853 non
1419 1827 1469 1854 hoc
1484 1833 1526 1856 est
1546 1832 1722 1865 propositutn,
1738 1838 1768 1860 ut

986 1869 1043 1896 haec
1054 1877 1115 1903 quae
1130 1870 1156 1896 in
1174 1871 1357 1899 testimonium
1374 1879 1467 1901 vocata
1481 1882 1553 1907 sunt,
1568 1878 1765 1913 explanantur;

985 1915 1031 1940 sed
1045 1919 1187 1949 propterea
1200 1916 1327 1950 diximus,
1343 1918 1404 1952 quia
1420 1925 1447 1946 et
1461 1921 1503 1947 hie
1522 1922 1554 1949 de
1571 1924 1675 1958 ungulis
1689 1933 1766 1952 men-

984 1961 1022 1987 tio
1038 1961 1107 1988 facta
1132 1965 1182 1988 est.
1205 1962 1396 1991 Verumtamen
1414 1971 1439 1991 et
1464 1974 1513 2001 ego
1525 1968 1681 2003 frequenter
1694 1971 1766 1999 exiri

984 2007 1017 2033 ad
1033 2007 1131 2034 bellum
1145 2013 1238 2035 contra
1254 2008 1378 2037 inimicos
1393 2019 1478 2045 meos,
1493 2017 1519 2040 et
1536 2014 1587 2041 vidi
1604 2015 1640 2042 ibi
1651 2016 1682 2045 -in
1697 2025 1768 2052 prae-

984 2053 1043 2079 dam
1062 2053 1200 2080 mulierem
1216 2055 1315 2080 decora
1329 2056 1428 2089 specie.
1451 2058 1623 2095 Qumcunque
1635 2063 1706 2090 enim
1720 2064 1768 2091 be-

984 2106 1018 2125 ne
1029 2103 1057 2125 et
1082 2098 1282 2126 rationabiliter
1295 2101 1366 2128 dicta
1392 2102 1542 2133 invenimus
1557 2108 1626 2141 apud
1642 2109 1766 2138 inimicos

983 2150 1099 2177 nostros,
1127 2147 1148 2173 si
1177 2145 1243 2180 quid
1268 2150 1337 2181 aputl
1360 2148 1419 2177 illos
1446 2152 1583 2185 sapienter
1599 2158 1626 2181 et
1648 2156 1767 2184 scienter

983 2192 1083 2219 dictum
1114 2193 1235 2227 legimus,
1261 2201 1368 2229 oportet
1395 2204 1443 2224 nos
1465 2200 1595 2227 mundare
1619 2201 1656 2232 id,
1682 2207 1709 2230 et
1733 2205 1766 2231 ab

981 2238 1092 2265 scientia
1108 2246 1168 2272 quae
1184 2240 1252 2273 apttd
1270 2240 1330 2268 illos
1348 2246 1390 2269 est
1403 2242 1510 2270 auferre
1523 2249 1550 2271 et
1567 2253 1690 2279 resecare
1704 2255 1766 2275 om-

980 2291 1011 2311 ne
1025 2284 1096 2318 quod
1110 2289 1262 2311 emortuum
1278 2291 1305 2313 et
1320 2287 1400 2314 inane
1413 2293 1465 2320 est,
1480 2289 1530 2317 hoc
1544 2291 1615 2317 enim
1631 2297 1694 2319 sunt
1707 2301 1766 2321 om-

975 2336 1026 2356 ues
1049 2330 1138 2363 capilli
1155 2330 1252 2364 capitis
1269 2336 1296 2358 et
1318 2333 1425 2367 ungula:
1450 2335 1570 2363 mulieris
1584 2344 1617 2364 ex
1641 2339 1766 2367 inin-ico-

977 2382 1036 2401 rum
1053 2375 1146 2409 spoliis
1161 2382 1317 2411 assumptus,
1330 2383 1358 2405 et
1373 2379 1408 2405 ita
1421 2381 1530 2407 detnutn
1541 2381 1632 2410 facere
1645 2391 1704 2411 eam
1720 2393 1765 2412 no-

977 2420 1018 2446 bis
1037 2428 1159 2453 uxorem,
1178 2429 1237 2448 cttnt
1262 2422 1317 2456 jam
1335 2423 1447 2451 nihilex
1465 2425 1516 2453 illis
1531 2435 1591 2461 qua:
1606 2436 1653 2462 per
1669 2430 1765 2459 inﬁde-

980 2466 1080 2493 litatetn
1108 2473 1213 2494 mortua
1231 2468 1366 2501 dicuntur,
1394 2469 1530 2503 habuerit,
1555 2474 1621 2500 nihil
1638 2475 1663 2501 in
1676 2477 1764 2511 capitc

980 2511 1075 2538 habeat
1103 2516 1251 2543 mortuum,
1268 2512 1333 2540 nihil
1352 2514 1378 2540 in
1399 2515 1533 2550 tuanibus,
1551 2522 1579 2545 ut
1596 2526 1682 2554 neque
1702 2529 1763 2548 scn-

979 2557 1063 2589 sibus,
1081 2565 1167 2591 neque
1182 2558 1298 2590 actibus,
1315 2560 1482 2588 immundum
1497 2563 1609 2598 aliquid,
1627 2571 1673 2592 aut
1690 2574 1763 2593 mor-

980 2608 1054 2630 tuutn
1071 2608 1158 2637 gerat.
1190 2603 1261 2631 Nihil
1277 2606 1347 2632 ettitn
1364 2607 1494 2635 mundum
1517 2609 1618 2637 habent
1634 2612 1762 2639 mulieres

978 2650 1097 2677 hostium
1117 2655 1284 2683 nostrorum,
1303 2652 1366 2686 quia
1394 2653 1466 2680 nulla
1492 2660 1533 2682 est
1548 2657 1617 2690 apttd
1641 2657 1701 2684 illos
1715 2665 1760 2685 sa-

977 2695 1087 2732 pientia,
1105 2695 1148 2722 cui
1165 2695 1333 2724 itumuuditia
1345 2697 1433 2733 aliqua
1448 2707 1500 2727 non
1514 2700 1547 2727 sit
1565 2701 1692 2730 admista.
1710 2702 1761 2733 Ve-

1026 2755 1047 2771 “
1060 2754 1137 2782 Deut.
1150 2762 1207 2787 xxt,
1223 2755 1267 2782 10.

1616 2872 1653 2903 16
