4024 6146
479 229 576 283 491

1926 226 2244 285 ORIGENIS

3632 228 3747 284 492

481 346 576 400 lim
621 355 803 401 tamen
849 345 1095 401 dicerent
1134 342 1264 401 mihi
1295 340 1464 402 Judaei
1491 347 1765 416 quomodo
1793 348 1933 417 apud
1960 362 2056 404 eos
2086 353 2133 411 Α
2160 357 2314 418 raptu
2347 348 2552 404 vivunt.
2596 347 2691 405 Ha:
2737 357 2864 407 sunt
2890 348 3109 416 animae,
3136 362 3257 420 qua:
3301 348 3599 403 secundum
3634 351 3747 403 hoc

484 439 589 492 ista
625 444 931 494 serventur.
992 436 1132 502 Quid
1162 451 1361 501 cauete,
1410 436 1538 506 quid
1567 438 1799 494 rationis
1844 446 1931 494 est
1961 440 2058 494 de-

484 529 682 584 calvari
714 527 1016 594 mulierem,
1046 534 1103 581 et
1127 526 1352 597 ungulas
1378 525 1495 595 ejus
1525 528 1708 584 demi?
1740 528 1897 585 Verbi
1925 545 2058 585 cau-

484 636 567 682 sa,
597 633 858 688 ponamus
892 623 1037 686 quod
1068 619 1140 672 ita
1179 619 1448 675 invenerit
1500 635 1622 674 eam
1658 621 1704 676 is
1736 622 1826 691 qui
1858 622 2058 678 dicitur

483 712 778 776 invenisse,
811 721 869 765 ut
893 726 1070 780 neque
1100 712 1341 782 capillos,
1376 727 1551 783 neque
1580 714 1807 785 ungulas
1837 716 2055 780 habeat,

480 793 610 877 quid
638 805 853 868 habuit,
888 806 1031 875 quod
1064 807 1359 862 secundum
1392 808 1563 878 legem
1594 808 1814 864 demere
1840 808 2057 877 jubere-

481 898 606 953 tur?
640 894 749 952 Nos
780 910 910 951 vero
937 897 1134 965 quibus
1161 897 1352 952 militia
1396 900 1656 967 spiritalis
1684 909 1788 967 est,
1822 910 1876 956 et
1904 915 2054 955 arma

482 1005 590 1045 non
626 987 892 1055 carnalia,
925 990 1020 1043 sed
1052 990 1294 1057 potentia
1335 990 1445 1045 Deo
1474 991 1543 1045 ad
1571 991 1896 1046 destruenda
1924 1008 2056 1047 con-

481 1080 625 1143 silia,
673 1079 868 1134 decora
906 1080 1102 1134 mulier
1145 1079 1188 1133 si
1226 1087 1439 1148 reperta
1485 1079 1650 1133 fuerit
1676 1079 1815 1148 apud
1851 1079 2053 1147 hostes,

483 1184 539 1231 et
572 1173 907 1230 rationabilis
951 1173 1131 1243 aliqua
1168 1171 1475 1241 disciplina,
1530 1173 1633 1227 hoc
1664 1173 1824 1227 modo
1871 1171 2058 1239 puriﬁ-

485 1267 731 1323 cabimus
777 1282 897 1321 eam
952 1282 1060 1335 quo
1091 1264 1342 1334 superius
1372 1264 1633 1319 diximus.
1671 1262 1895 1335 Oportet
1927 1280 2055 1335 ergo

485 1372 607 1413 eum
636 1359 727 1427 qui
764 1358 992 1412 mundus
1026 1366 1132 1425 est,
1169 1372 1277 1411 non
1314 1355 1486 1410 solum
1537 1356 1777 1411 dividere
1804 1356 2053 1426 ungulas,

485 1458 538 1503 et
587 1463 694 1503 non
746 1447 921 1503 solum
972 1446 1257 1515 praesentis
1308 1444 1495 1501 saeculi
1538 1458 1595 1501 et
1623 1445 1785 1500 futuri
1818 1457 1974 1501 actus
2001 1456 2056 1501 et

484 1551 648 1606 opera
696 1537 1030 1603 discernere,
1078 1536 1171 1591 sed
1206 1544 1264 1589 et
1312 1534 1540 1605 ungulas
1576 1536 1896 1604 producere,
1947 1535 2052 1600 vel,

483 1641 544 1683 ut
572 1627 701 1682 alibi
743 1628 994 1696 legimus,
1045 1627 1305 1696 abjicere,
1355 1637 1413 1680 ut
1463 1626 1813 1694 purificantes
1842 1642 1941 1683 nos
1986 1627 2054 1682 ab

483 1722 741 1792 operibus
771 1721 1020 1786 mortuis,
1055 1734 1467 1789 permaneamus
1497 1720 1550 1774 in
1585 1720 1718 1777 vita.

555 1818 610 1872 7.
651 1817 778 1871 Haec
803 1816 1018 1886 quidem
1065 1813 1392 1883 generaliter
1419 1814 1558 1868 dicta
1605 1815 1715 1868 sint
1741 1813 1808 1869 de
1842 1813 2055 1869 anima-

485 1910 626 1965 libus
657 1926 673 1964 :
705 1909 792 1963 illa
823 1922 953 1963 vero
990 1922 1112 1977 quae
1161 1908 1215 1960 in
1243 1906 1397 1976 aquis
1443 1914 1591 1968 sunt,
1622 1907 1750 1975 quia
1782 1906 2053 1970 dicuntur,

484 2001 750 2071 siquidem
779 1999 1017 2054 habeant
1058 1999 1250 2067 pinnas
1277 2006 1332 2049 et
1361 2011 1638 2065 squamas,
1671 1998 1865 2051 munda
1898 2011 2055 2061 esse;

485 2097 530 2150 si
563 2110 689 2150 vero
719 2109 824 2148 non
852 2093 1112 2159 habeant,
1162 2090 1461 2155 immunda,
1495 2105 1594 2144 nec
1619 2091 1704 2143 edi
1737 2091 1963 2155 debere;
1995 2089 2058 2143 il-

486 2187 577 2243 iud
606 2187 662 2244 in
708 2186 793 2242 his
817 2184 1141 2249 ostenditur,
1186 2194 1245 2237 ut
1274 2184 1316 2237 si
1354 2183 1476 2251 quis
1516 2191 1601 2236 est
1634 2182 1685 2235 in
1726 2182 1880 2249 aquis
1913 2182 2053 2247 istis,

485 2293 541 2340 et
574 2284 626 2338 in
655 2281 789 2337 mari
830 2280 951 2334 vitae
977 2279 1157 2347 huius,
1187 2288 1349 2346 atque
1379 2277 1429 2329 in
1461 2274 1712 2330 ﬂuctibus
1745 2274 1927 2328 εποιειί
1960 2288 2055 2342 po-

484 2377 646 2439 situs,
696 2384 874 2427 tanten
910 2372 1103 2426 debeat
1137 2369 1271 2424 satis
1299 2383 1480 2438 agere,
1520 2375 1577 2420 ut
1615 2381 1722 2420 non
1753 2366 1804 2419 in
1834 2366 2058 2434 profun-

486 2470 568 2523 dis
592 2464 776 2536 jaceat
804 2479 1091 2535 aquarum,
1141 2465 1281 2517 sicut
1328 2469 1455 2515 sunt
1500 2460 1587 2514 isti
1624 2460 1801 2528 pisces
1851 2459 1941 2527 qui
1977 2458 2057 2511 di-

483 2570 681 2615 cuntur
728 2573 834 2613 non
884 2557 1085 2612 habere
1137 2555 1331 2624 pinnas
1379 2565 1552 2624 neque
1598 2566 1873 2620 squamas.
1929 2550 2056 2604 Haec

483 2667 718 2722 namque
744 2666 933 2706 eorum
983 2656 1176 2703 natura
1208 2648 1541 2718 perhibetur,
1578 2653 1637 2698 ut
1671 2646 1724 2697 in
1756 2643 1879 2697 imis
1917 2657 2057 2698 sem-

482 2760 582 2817 per
609 2754 663 2799 et
694 2743 842 2797 circa
874 2741 1048 2810 ipsum
1077 2754 1292 2795 caenum
1328 2738 1713 2802 demorentur,
1763 2735 1905 2789 sicut
1932 2745 2057 2788 sunt

484 2835 758 2907 anguillze,
806 2844 862 2888 et
893 2834 1019 2887 huic
1047 2831 1271 2898 similia,
1318 2845 1440 2900 quae
1470 2844 1572 2884 non
1607 2838 1832 2900 possunt
1863 2842 2055 2881 ascen-

486 2930 615 2983 dere
642 2928 707 2981 ad
738 2941 891 2994 aqua:
917 2924 1308 2987 summitatem,
1342 2937 1515 2991 neque
1565 2923 1633 2977 ad
1664 2919 1779 2990 ejus
1810 2921 2057 2990 superio-

486 3038 546 3075 ra
577 3018 881 3088 pervenire.
909 3014 989 3070 llli
1022 3031 1149 3070 vero
1181 3016 1359 3086 pisces
1390 3016 1481 3086 qui
1518 3014 1753 3084 pinnulis
1775 3013 2054 3082 juvantur,

487 3127 551 3166 ac
590 3110 836 3178 squamis
886 3108 1223 3170 muniuntur,
1259 3106 1563 3159 ascendunt
1611 3105 1782 3174 magis
1807 3104 1872 3157 ad
1899 3118 2060 3172 stipe»

487 3203 657 3267 riora,
686 3211 742 3255 et
768 3199 882 3253 aeri
907 3198 1038 3252 huic
1068 3197 1362 3250 viciniores
1394 3195 1550 3262 fiunt,
1599 3195 1748 3250 velut
1776 3194 1868 3262 qui
1899 3194 2063 3247 liber-

489 3304 656 3350 tatem
682 3292 906 3362 spiritus
929 3299 1195 3359 quaerant.
1234 3287 1382 3342 Talis
1404 3296 1487 3341 est
1515 3302 1645 3357 ergo
1664 3295 1889 3341 sanctus
1910 3284 2065 3354 quis-

488 3404 616 3460 que,
649 3390 775 3459 quia
825 3387 967 3440 intra
999 3380 1135 3437 retia
1184 3382 1306 3436 fidei
1346 3381 1661 3447 conclusus,
1700 3380 1873 3434 bonus
1900 3376 2061 3447 piscis

486 3498 520 3537 a
552 3481 836 3537 Salvatore
865 3475 1179 3531 nominatur
1219 3494 1233 3530 :
1282 3474 1373 3544 qui
1406 3473 1568 3527 etiam
1601 3472 1831 3525 mittitur
1861 3470 1913 3524 iu
1945 3483 2058 3532 vas,

484 3576 652 3632 veluti
699 3577 893 3644 pinnas
942 3573 1148 3625 habens
1184 3578 1240 3623 et
1272 3581 1546 3637 squamas.
1607 3563 1722 3618 Non
1775 3564 1919 3619 enim
1966 3563 2061 3616 ha-

485 3669 696 3725 buisset
724 3668 936 3737 pinnas,
971 3679 1075 3718 non
1108 3662 1501 3717 rosuri-exisset
1525 3658 1592 3713 de
1618 3672 1775 3712 caeno
1809 3657 2063 3711 incredu-

487 3760 681 3825 litatis,
715 3772 813 3811 nec
841 3757 909 3811 ad
943 3767 1059 3810 rete
1091 3754 1209 3809 ﬁdei
1247 3752 1600 3822 pervenisset,
1634 3749 1735 3804 nisi
1763 3749 1945 3819 pinnis
1975 3749 2064 3801 ad-

480 3850 631 3921 jutus
663 3848 729 3904 ad
780 3848 1055 3916 superiora
1094 3848 1351 3899 venisset.
1395 3842 1533 3908 Quid
1585 3850 1667 3896 est
1714 3849 1893 3896 autem
1917 3839 2060 3909 quod

488 3955 544 4000 et
572 3957 829 4013 squamas
879 3941 1083 3996 habere
1135 3937 1370 3992 dicitur?
1424 3945 1680 4003 tanquam
1713 3936 1803 4003 qui
1841 3944 2060 4002 paratus

487 4043 768 4096 sitvetera
818 4034 1133 4087 indumenta
1170 4032 1458 4100 deponere.
1500 4027 1563 4081 Hi
1595 4026 1738 4081 enim
1781 4027 1871 4093 qui
1898 4040 2063 4092 squa-

487 4145 607 4186 mas
654 4141 762 4181 non
815 4123 1037 4187 habent,
1075 4122 1223 4176 velut
1270 4137 1337 4176 ex
1386 4122 1594 4189 integro
1624 4119 1804 4174 carnei
1854 4124 1981 4171 sunt
2006 4127 2061 4170 et

488 4222 589 4278 toti
625 4216 894 4282 carnales,
942 4213 1036 4283 qui
1065 4213 1337 4281 deponere
1370 4211 1506 4266 nihil
1550 4218 1799 4280 possunt.
1836 4207 1893 4261 Si
1937 4207 2058 4277 qui's

488 4328 618 4383 ergo
664 4310 833 4367 habet
877 4308 1092 4375 pinnas,
1144 4305 1340 4374 quibus
1385 4304 1453 4357 ad
1504 4303 1787 4371 superiora
1828 4300 2059 4363 nitatur,

2158 440 2400 507 quidem,
2429 439 2569 509 quod
2601 438 2952 495 rationabiles
2976 449 3032 495 et
3057 439 3273 494 imbuta:
3305 437 3468 507 228
3497 447 3636 492 sunt
3674 437 3745 492 li-

2157 530 2437 587 beralibus
2485 530 2761 595 institutis,
2819 532 2904 586 vel
2957 530 3374 586 rationabilihus
3408 529 3747 599 disciplinis,

2157 623 2399 678 volatilia
2426 624 2703 679 videntur.
2743 623 2952 694 Legunt
2997 626 3139 679 enim
3194 631 3252 678 et
3289 622 3599 691 requirunt,
3654 621 3748 676 vel

2158 714 2227 768 de
2272 715 2483 769 ratione
2512 714 2658 778 coeli,
2707 716 2791 770 vel
2840 718 3111 785 quomodo
3141 714 3371 769 mundus
3403 713 3494 768 Dei
3549 712 3750 781 provio

2159 808 2342 862 deutia
2365 807 2727 876 gubernetur;
2758 808 3052 863 secundum
3084 808 3197 862 haec
3220 820 3348 875 ergo
3371 804 3614 858 volatilia
3646 820 3748 859 no-

2157 901 2453 952 minantur.
2497 897 2554 952 Si
2583 913 2712 954 vero
2735 898 3040 966 hujusmodi
3061 897 3311 952 homines
3340 896 3520 965 inique
3543 904 3750 964 agant,

2157 1000 2214 1046 et
2262 999 2448 1046 contra
2501 991 2669 1061 legem
2731 988 2955 1056 faciant,
3006 988 3265 1059 diripiant
3300 988 3601 1058 proximos,
3662 996 3746 1051 ut,

2157 1096 2279 1135 cum
2334 1080 2389 1134 in
2438 1080 2617 1135 verbis
2663 1095 2787 1135 esse
2834 1080 3080 1133 videatur
3114 1080 3349 1134 eruditio
3380 1078 3653 1143 ctelestis,
3688 1077 3743 1129 iu

2158 1171 2374 1226 actibus
2406 1171 2645 1227 carnalia
2678 1182 2732 1227 et
2762 1180 2973 1225 mortua
3003 1187 3166 1241 opera
3198 1180 3407 1239 gerant,
3437 1178 3592 1226 recte
3625 1167 3749 1222 vul-

2161 1274 2307 1319 tures
2358 1262 2443 1318 vel
2475 1263 2671 1332 aquilae
2706 1265 2919 1318 dicendi
2964 1275 3115 1327 sunt,
3151 1277 3270 1331 quae
3311 1263 3376 1315 de
3405 1260 3648 1316 excelsis
3677 1260 3745 1314 ad

2158 1369 2350 1409 carnes
2384 1365 2623 1410 mortuas
2652 1370 2717 1409 ac
2763 1355 2981 1411 ftetidas
3012 1354 3358 1410 delabuntur.
3401 1352 3482 1406 Ad
3523 1353 3631 1408 hoc
3660 1368 3749 1407 re—

2156 1448 2375 1503 ferenda
2419 1457 2503 1503 est
2548 1458 2603 1505 et
2646 1447 2923 1518 accipitris
2975 1449 3261 1517 rapacitas,
3314 1457 3367 1502 et
3412 1456 3746 1500 czeterorum

2155 1542 2430 1607 omnium;
2460 1558 2529 1597 ex
2558 1544 2776 1613 quibus,
2809 1543 3052 1614 quaedam
3081 1552 3207 1597 sunt
3238 1541 3474 1596 volatilia
3521 1539 3748 1608 rapaci-

2159 1634 2257 1689 tati
2283 1635 2574 1700 studentia,
2622 1636 2866 1705 quaedam
2902 1650 3032 1690 vero
3059 1651 3162 1689 non
3204 1644 3309 1689 tam
3354 1617 3743 1702 rapacitatem,

2085 1710 2320 1798 Bquam
2367 1728 2757 1785 obscuritatem
2802 1739 2863 1785 et
2914 1729 3169 1784 tenebras
3204 1727 3459 1781 amantia.
3503 1724 3749 1778 (Omnis

2158 1821 2300 1875 enim
2348 1821 2439 1890 qui
2488 1821 2629 1875 male
2665 1822 2795 1892 agit,
2846 1821 2963 1876 odit
3005 1820 3204 1884 lucem,
3239 1829 3294 1873 et
3340 1834 3443 1872 non
3492 1818 3650 1871 venit
3679 1815 3747 1869 ad

2160 1912 2331 1969 lucem
2352 1914 2420 1978 7',
2447 1934 2466 1966 ι
2502 1921 2558 1967 ut
2585 1924 2712 1967 sunt
2757 1923 2973 1968 noctuae
3000 1923 3056 1968 et
3086 1911 3517 1981 vespertiliones,
3544 1921 3606 1963 et
3638 1923 3750 1962 ca:-

2160 2016 2273 2061 tera
2303 2023 2424 2077 quas
2455 2007 2541 2061 lex
2573 2007 2944 2076 pronuntiavit
2974 2006 3271 2061 immunda.
3313 2006 3353 2057 A
3389 2004 3590 2072 quibus
3621 2016 3745 2055 ont-

2160 2097 2321 2152 nibus
2371 2098 2599 2168 spiritali
2638 2113 2741 2153 nos
2773 2098 3113 2153 observantia
3151 2095 3540 2161 custodientes,
3568 2103 3634 2148 et
3667 2092 3745 2146 ci-

2158 2190 2284 2243 bum
2331 2203 2396 2241 ex
2447 2188 2661 2243 mundis
2691 2187 3015 2243 animalibus
3063 2196 3401 2256 appetentes,
3437 2186 3606 2239 etiam
3642 2181 3745 2251 ipsi

2159 2285 2275 2350 puri
2324 2280 2622 2336 efﬁciemur
2669 2290 2723 2335 et
2769 2280 2977 2347 mundi,
3017 2294 3114 2348 per
3139 2278 3408 2334 Christum
3445 2276 3745 2330 Dominum

2159 2384 2406 2430 nostrum
2455 2393 2468 2428 :
2522 2390 2621 2444 per
2674 2389 2830 2442 quem
2870 2382 2957 2428 est
3008 2373 3118 2427 Deo
3168 2371 3313 2425 Patri
3354 2386 3476 2425 cum
3527 2366 3746 2439 Spiritu

2160 2478 2351 2524 sancto
2398 2467 2566 2538 gloria
2600 2478 2655 2522 et
2700 2468 2987 2540 imperium
3034 2467 3091 2521 in
3140 2465 3335 2521 saecula
3389 2463 3743 2520 saeculorum.

2159 2566 2353 2619 Amen.

2726 2630 3003 2687 ΠΟΜΠΛΛ
3032 2628 3166 2685 Vill.

2159 2728 2237 2785 De
2260 2744 2318 2782 eo
2341 2728 2479 2797 quod
2508 2727 2758 2794 scriptum
2785 2737 2859 2779 est
2881 2727 2927 2757 ⁷²
2953 2741 2970 2778 :
3001 2742 3019 2773 ε
3044 2721 3236 2776 Mulier
3259 2734 3582 2797 qtttvuntth
3609 2733 3741 2797 con—

2229 2789 2420 2866 ceperit
2462 2789 2659 2860 semen,
2700 2806 2748 2849 et
2797 2789 3410 2866 pepereritrmascu'luitt,
3458 2789 3740 2866 immunda

2228 2858 2326 2922 erit
2356 2876 2550 2934 septem
2592 2858 2833 2929 diebuth
2862 2858 2916 2918 vet
2960 2872 3023 2918 de
3051 2861 3443 2917 diversitatibtts
3485 2858 3653 2926 lepra:
3678 2873 3741 2910 ac

2227 2937 2683 3007 puriﬁcationibus
2709 2937 2925 3004 leprosi.

2231 3033 2283 3085 1.
2325 3030 2590 3085 Medicum
2640 3029 2745 3084 dici
2793 3030 2845 3083 in
2875 3026 3169 3095 Scripturis
3201 3023 3401 3080 divinis
3437 3020 3741 3076 Dominum

2166 3132 2411 3177 nostrum
2438 3120 2621 3176 Jesum
2647 3119 2945 3182 Christum,
2977 3119 3139 3172 etiam
3173 3116 3341 3185 ipsius
3372 3112 3580 3167 Domini
3611 3128 3745 3166 sen-

2167 3214 2336 3270 tentia
2387 3214 2763 3282 perdocemur,
2836 3214 2976 3265 sicut
3026 3210 3156 3265 dicit
3204 3210 3257 3262 in
3314 3204 3624 3275 Evangeliis
3647 3200 3738 3256 7’:

2171 3324 2188 3356 ι
2214 3304 2329 3359 Non
2365 3304 2607 3373 indigent
2652 3302 2770 3356 sani
2818 3302 3048 3366 medico,
3090 3300 3183 3354 sed
3208 3300 3298 3369 qui
3336 3297 3472 3351 male
3511 3296 3738 3349 habent.

2164 3395 2279 3449 Non
2306 3395 2449 3450 enim
2478 3394 2599 3448 veni
2625 3406 2823 3448 vocare
2842 3392 3037 3461 justus,
3069 3392 3160 3446 sed
3189 3398 3498 3461 peccatores
3528 3388 3582 3440 itt
3620 3400 3741 3457 ptr-

2164 3487 2471 3541 nitentiam.
2498 3504 2516 3537 ι
2583 3485 2772 3541 Omnis
2823 3494 3000 3538 autem
3048 3483 3288 3537 medicus
3333 3498 3402 3537 ex
3440 3481 3736 3536 herbarum

2163 3578 2342 3633 succis
2376 3575 2458 3631 vel
2510 3575 2788 3638 arborum,
2828 3575 2909 3628 vel
2956 3575 3120 3629 etiam
3167 3573 3504 3628 metallorum
3558 3574 3735 3637 venis,

2165 3669 2250 3723 vel
2296 3668 2654 3723 animantium
2685 3667 2914 3721 naturis.
2966 3667 3245 3735 profutura
3278 3664 3593 3735 corporibus
3620 3679 3736 3718 me-

2162 3762 2464 3817 dicamenta
2494 3761 2789 3830 componit.
2835 3760 2940 3814 Sed
2972 3760 3167 3814 herbas
3198 3759 3328 3813 istas
3354 3759 3403 3812 si
3434 3759 3557 3827 quis
3596 3759 3736 3811 forte

2163 3865 2455 3923 antequam
2501 3868 2601 3924 pro
2634 3854 2844 3907 ratione
2888 3852 3020 3906 artis
3051 3861 3444 3921 componantur
3480 3850 3732 3920 aspiciat,

2161 3947 2424 4014 siquidem
2476 3942 2529 3999 in
2560 3945 2728 4016 agris,
2760 3954 2856 3998 aut
2892 3945 3189 4005 montibus,
3225 3944 3372 3997 velut
3415 3941 3597 3996 fenum
3630 3941 3737 3994 vile

2161 4038 2444 4094 conculcat
2489 4051 2545 4093 et
2596 4036 2856 4106 praeterit.
2917 4037 2976 4089 Si
3029 4051 3159 4090 vero
3207 4051 3300 4089 cas
3346 4035 3486 4087 intra
3540 4032 3735 4088 medici

2160 4128 2405 4184 scholam
2438 4128 2731 4198 dispositas
2762 4140 2858 4195 per
2887 4126 3136 4180 ordinem
3170 4126 3392 4189 viderit,
3446 4124 3572 4179 licet
3603 4124 3733 4178 odo-

2163 4236 2276 4276 rem
2323 4221 2559 4288 tristem,
2608 4218 2808 4273 fortem
2844 4229 2895 4273 et
2939 4227 3213 4273 austerum
3255 4217 3504 4283 reddant,
3554 4226 3733 4269 tamen

2160 4314 2526 4384 suSpicabitur
2548 4326 2642 4367 eas
2667 4326 2810 4366 curae
2838 4310 2924 4365 vel
2949 4312 3168 4366 remedii
3201 4311 3400 4380 aliquid
3428 4309 3733 4372 continere,

488 4404 722 4460 mundus
752 4411 857 4457 εει.
896 4398 996 4466 Ωυί
1031 4412 1154 4452 Vero
1180 4413 1285 4450 “0"
1317 4395 1479 4450 habet
1506 4395 1725 4462 Pinnas:
1760 4393 1855 4448 εθά
1888 4393 1942 4445 in
1977 4391 2059 4444 ίη·
2090 4414 2134 4468 Ι)
2162 4406 2370 4461 etiamsi
2408 4405 2642 4458 nondum
2674 4417 2814 4471 quae,
2849 4402 2932 4455 vel
2960 4401 3134 4472 qualis
3161 4403 3231 4457 sit
3275 4401 3527 4456 sanitatis
3555 4414 3618 4455 ac
3651 4412 3737 4452 re-

489 4500 779 4567 ferioribus
825 4502 1122 4568 permanet,
1179 4502 1233 4548 et
1261 4494 1315 4546 in
1365 4507 1521 4548 coeno
1553 4506 1766 4562 semper
1788 4499 2053 4554 versatur,

489 4596 800 4654 immundus
849 4602 954 4649 est.
997 4588 1260 4644 Similiter
1306 4597 1486 4642 autem
1529 4586 1593 4641 de
1638 4586 1850 4642 avibus.
1892 4583 2054 4639 «Non

491 4686 866 4748 tuanducabis,
916 4685 1091 4753 inquit
1136 4683 1206 4748 7°,
1248 4684 1381 4746 hate,
1421 4680 1548 4750 quia
1580 4679 1852 4733 immunda
1895 4687 2054 4743 sunt;

491 4781 752 4852 aquilam,
805 4786 861 4833 et
893 4778 1180 4841 vulturem,
1206 4793 1224 4826 ›
1263 4783 1319 4829 et
1346 4782 1544 4828 caetera
1590 4773 1675 4827 his
1702 4771 1922 4827 similia.
1962 4769 2058 4825 His

488 4872 692 4928 etenim
719 4870 908 4924 avibus
938 4882 1154 4935 semper
1201 4872 1535 4920 mortuorum
1587 4878 1870 4932 corporum
1906 4863 2062 4917 cibus

493 4972 598 5025 est,
629 4972 685 5015 et
714 4976 779 5014 ex
814 4961 1042 5014 mortuis
1075 4954 1430 5013 cadaveribus
1459 4954 1667 5010 vivunt.
1708 4952 1906 5010 Omnes
1931 4970 2067 5023 ergo

494 5054 583 5121 qui
616 5050 921 5118 hujusmodi
948 5050 1116 5104 vitam
1152 5058 1345 5119 gerunt
1374 5047 1630 5101 immundi
1658 5046 1887 5101 habendi
1914 5056 2058 5101 sunt.

497 5144 610 5214 Ego
636 5153 766 5212 puto
812 5152 868 5198 et
894 5143 1012 5199 illos
1046 5144 1099 5196 in
1154 5142 1239 5196 his
1268 5138 1558 5204 nominari,
1611 5138 1702 5207 qui
1752 5137 1941 5193 alienis
1979 5139 2061 5192 in-

496 5236 700 5291 cubant
752 5237 1017 5291 mortibus
1050 5246 1103 5288 et
1154 5242 1270 5289 arte
1298 5236 1530 5302 quadam
1561 5232 1640 5286 vel
1676 5230 1866 5285 fraude
1897 5241 2063 5286 testa-

497 5338 680 5384 menta
720 5327 1034 5397 subjiciunt.
1075 5326 1394 5396 llujusmodi
1421 5325 1563 5381 enim
1593 5325 1856 5391 homines,
1886 5324 2065 5377 vultu-

497 5430 584 5471 res
608 5425 662 5470 et
691 5417 882 5488 aquila:
910 5417 1105 5473 merito
1151 5416 1511 5486 appellantur,
1537 5415 1687 5471 velut
1728 5424 2062 5469 mortuorum

496 5511 850 5565 cadaveribus
898 5509 1192 5567 inhiantes.
1249 5508 1373 5565 Scio
1420 5519 1475 5565 et
1506 5508 1609 5564 alia
1654 5507 1915 5575 volatilia,
1944 5522 2065 5578 quae

2164 4497 2325 4553 medii
2358 4497 2550 4562 virtus,
2585 4495 2887 4565 agnoverit.
2950 4492 3078 4549 llatc
3111 4493 3178 4549 de
3211 4492 3590 4548 communibus
3622 4504 3737 4544 me-
3800 4551 3804 4555 ,

2164 4593 2301 4647 dicis
2336 4591 2591 4645 diximus.
2640 4585 2776 4642 Veni
2810 4602 2952 4642 nunc
2992 4587 3061 4640 ad
3093 4584 3276 4642 Iesum
3313 4584 3589 4640 caelestem
3622 4598 3732 4637 me-

2165 4686 2366 4750 dicum,
2396 4684 2535 4737 intra
2567 4683 2635 4737 ad
2666 4683 2808 4737 hanc
2837 4681 3127 4737 stationem
3157 4679 3437 4735 medicinae
3483 4676 3599 4746 ejus
3624 4677 3733 4731 Ec-

2167 4776 2405 4843 clesiam,
2442 4776 2561 4831 vide
2592 4775 2664 4830 ibi
2704 4775 3070 4845 languentium
3094 4774 3279 4842 jacere
3308 4771 3756 4827 multitudineth

2168 4868 2328 4923 Venit
2362 4869 2575 4935 mulier,
2622 4884 2741 4939 quae
2789 4884 2854 4925 ex
2880 4878 3035 4939 partu
3085 4868 3359 4922 immunda
3402 4865 3593 4920 effecta
3626 4874 3730 4924 est,

2166 4960 2322 5014 venit
2366 4961 2633 5029 leprosus,
2681 4964 2773 5031 qui
2805 4973 2956 5015 eXIra
3005 4972 3181 5016 eaStra
3221 4967 3499 5029 separatus
3522 4964 3605 5011 est
3636 4972 3730 5024 pro

2169 5052 2508 5106 immunditia
2558 5052 2744 5121 leprae,
2796 5060 3049 5122 quaerunt
3093 5067 3122 5104 a
3178 5051 3388 5104 medico
3434 5048 3728 5102 remedium

2167 5143 2439 5210 quomodo
2489 5154 2772 5209 sanentur,
2814 5142 3087 5213 quomodo
3128 5141 3484 5205 mandentur;
3517 5147 3572 5193 et
3610 5137 3731 5209 quia

2166 5232 2322 5290 Jesus
2351 5236 2439 5291 hic
2484 5239 2575 5307 qui
2613 5238 2852 5292 medicus
2881 5238 3101 5305 est,ipse
3136 5245 3217 5289 est
3261 5245 3316 5289 et
3349 5232 3583 5286 Verbum
3614 5229 3728 5295 Dei,

2167 5328 2325 5396 aegris
2357 5330 2469 5384 suis
2493 5345 2601 5384 non
2647 5330 2938 5385 herbarum
2968 5328 3169 5393 succis,
3200 5327 3293 5382 sed
3323 5326 3611 5380 verborum
3641 5336 3725 5377 sa-

2169 5421 2464 5476 cramentis
2510 5422 2898 5477 medicamenta
2945 5420 3241 5491 conquirit.
3281 5418 3413 5487 Quae
3436 5418 3729 5473 verborum

2170 5512 2564 5568 medicamenta
2602 5513 2647 5568 si
2701 5513 2824 5582 quis
2876 5511 3131 5567 incultius
3159 5526 3255 5581 per
3286 5511 3451 5566 libros
3480 5521 3728 5578 tanquam

568 5669 807 5727 "Levit.
850 5690 920 5740 lii,
957 5674 1039 5729 15.
1115 5674 1158 5713 ⁷¹
1183 5672 1339 5728 Joan.
1367 5673 1560 5741 ut,20.
1636 5671 1879 5730 "Levit.
1906 5687 1982 5729 xu
2008 5679 2205 5753 etmt.
2282 5669 2540 5726 "Matth.
2571 5685 2643 5733 ix,
2675 5666 2764 5733 l2,
2792 5668 2881 5724 15.
