4024 6146
363 221 476 277 ωδ
1518 213 1586 271 1Ν
1623 208 1930 271 ΙιΕἮΤίϐῐ

2038 209 2322 272 HOMILIA
2354 211 2490 271 VIII.
3505 211 3608 266 494

362 348 468 403 per
508 346 664 405 agros
694 332 876 389 videat
905 346 1027 389 esse
1066 333 1341 404 dispersa,
1401 335 1658 405 ignorans
1702 332 1944 406 singulo-
1971 335 2019 394 Δ
2053 353 2073 386 ι
2102 329 2206 391 Ubi
2234 345 2415 392 autem
2451 333 2599 389 venit
2627 331 2906 402 plenitudo
2931 337 3255 402 temporum,
3287 328 3431 384 misit
3468 327 3610 383 Deus

360 439 486 479 rum
511 424 778 480 dictorum
811 425 1087 491 virtutem,
1117 432 1176 479 ut
1208 424 1331 480 vilia
1370 424 1483 481 haec
1509 434 1565 481 et
1600 425 1803 480 nullum
1827 439 1943 479 ser-
2047 428 2241 485 Filium
2271 442 2451 492 suum,
2477 425 2679 482 factum
2714 440 2781 482 ex
2815 424 3062 489 muliere,
3096 423 3297 478 factum
3324 424 3424 479 sub
3467 422 3606 491 lege,

360 515 541 571 monis
597 515 802 571 cultum
856 515 1134 580 habentia,
1185 516 1507 586 praeteribit.
1570 516 1673 583 Qui
1713 530 1843 570 vero
1874 531 1941 570 ex
2047 522 2107 567 ut
2129 528 2227 570 eos
2258 515 2350 583 qui
2378 515 2480 569 sub
2509 512 2628 583 lege
2652 522 2812 569 erant
2864 513 3199 578 redimeret;
3245 530 3262 564 ι
3316 512 3610 581 responde-

362 607 546 676 aliqua
569 618 726 677 parte
748 608 1003 662 didicerit
1027 609 1334 662 animarum
1357 609 1495 677 apud
1521 608 1793 662 Christum
1821 618 1942 663 esse
2046 605 2227 660 bimus
2260 606 2332 669 ei,
2365 605 2493 674 quia
2531 605 2584 658 in
2611 606 2712 659 hoc
2738 604 3035 674 Apostolus
3068 603 3344 659 mulierem
3376 619 3481 659 non
3506 617 3610 673 pro

359 704 710 769 medicinam,
765 702 1022 774 intelliget
1070 702 1313 771 profecto
1357 715 1425 754 ex
1460 702 1546 756 his
1579 701 1732 756 libris
1763 700 1853 769 qui
1887 701 1938 755 in
2046 697 2351 766 corruptela
2380 695 2742 764 integritatis,
2769 694 2863 750 sed
2894 709 2993 764 pro
3048 710 3207 751 sexus
3257 695 3461 751 indicio
3510 711 3611 750 no-

361 795 612 852 Ecclesia
650 796 969 859 recitantur,
1005 804 1260 864 tanquam
1293 808 1356 847 ex
1385 793 1530 860 agris
1554 803 1610 846 et
1639 791 1937 858 montibus,
2045 790 2304 855 minavit;
2328 798 2386 844 ut
2415 789 2540 859 quia
2577 788 2794 842 dicebat
2826 788 3024 843 Filium
3054 789 3146 844 Dei
3180 788 3609 852 missum,simul

355 888 640 943 salutares
693 888 891 943 herbas
938 900 1212 940 assumere
1243 892 1696 953 unumquemque‘
1712 883 1934 948 debere,
2043 892 2097 939 et
2128 882 2256 937 illud
2292 882 2433 950 quod
2468 882 2747 936 communi
2778 881 3024 937 omnium
3050 882 3302 951 ingressu
3350 878 3410 935 in
3466 882 3611 937 hunc

359 994 680 1037 sermonum
719 978 984 1034 duntaxat
1013 979 1122 1032 vim
1151 993 1167 1044 ;
1221 983 1280 1031 ut
1307 975 1352 1031 si
1381 975 1503 1045 quis
1532 974 1603 1030 illi
1633 974 1744 1047 (11)
1770 987 1851 1031 est
1878 962 1937 1031 in
2043 975 2301 1028 mundum
2334 972 2448 1042 (15)
2474 971 2733 1036 venisset,
2761 973 3189 1042 exponeret.Est
3209 989 3371 1042 porro
3400 984 3455 1028 et
3473 984 3611 1029 asta-

359 1074 548 1128 anima
592 1070 839 1141 languor,
871 1085 978 1123 non
1033 1077 1140 1123 tam
1176 1069 1465 1124 exterioris
1499 1067 1707 1123 frondis
1734 1077 1791 1122 et
1809 1082 1935 1124 cor-
2045 1066 2115 1120 tis
2141 1065 2282 1119 istud
2314 1064 2664 1129 vocabulum,
2715 1064 2834 1134 ejus
2876 1064 3090 1119 scilicet
3115 1105 3129 1126 ,
3182 1081 3287 1134 qua
3348 1065 3612 1122 feminino

357 1165 488 1221 ticis
515 1178 682 1234 quam
728 1162 875 1217 succi
921 1160 1201 1216 interioris
1236 1161 1427 1215 hausta
1457 1160 1658 1214 virtute
1687 1170 1933 1215 sanetur.
2042 1156 2196 1212 sexui
2230 1158 2295 1211 de
2319 1156 2475 1210 annis
2508 1155 2810 1224 pubertatis
2834 1157 3136 1220 exceditur,
3170 1167 3226 1213 et
3256 1157 3323 1211 ad
3366 1156 3421 1211 id
3472 1168 3610 1212 tem-

354 1256 654 1312 Videamus
685 1271 818 1328 ergo
847 1256 1129 1309 adversum
1177 1252 1575 1307 immunditiam
1624 1261 1831 1321 partus,
1883 1262 1939 1306 et
2041 1262 2162 1317 pus,
2192 1262 2299 1317 quo
2327 1248 2523 1303 habilis
2551 1247 2671 1300 viro
2698 1246 2950 1302 videatur
2979 1264 3122 1313 esse,
3161 1250 3427 1305 transitur
3470 1250 3607 1320 (16).

356 1350 740 1421 contagionem
790 1349 974 1415 leprae,
1024 1358 1263 1415 praesens
1317 1344 1433 1398 haec
1481 1343 1641 1398 lectio
1671 1358 1831 1412 quam
1860 1345 1937 1398 di-
2042 1339 2196 1396 Sicut
2215 1349 2269 1394 et
2304 1343 2614 1399 econtrario
2642 1344 2728 1399 vir
2755 1344 3061 1412 appellatur
3081 1344 3127 1398 is
3163 1343 3256 1412 qui
3290 1343 3609 1398 adolescen-

353 1454 539 1504 versa,
587 1448 642 1493 et
680 1452 842 1508 quam
878 1436 1029 1491 varia
1062 1434 1496 1504 puriﬁcationum
1536 1433 1929 1491 medicamenta
2044 1433 2131 1487 tiae
2155 1441 2369 1502 tempus
2394 1437 2713 1503 excesserit,
2740 1436 2957 1492 etiamsi
2985 1450 3210 1491 uxorem
3241 1435 3478 1490 nondum
3515 1436 3614 1492 ha-

356 1533 640 1588 conficiat.
2039 1525 2185 1589 beat,
2215 1523 2370 1594 cujus
2395 1528 2482 1580 vir
2511 1542 2630 1582 esse
2659 1528 2907 1592 dicatur;
2964 1542 3073 1599 quo
3102 1528 3323 1582 nomine
3346 1527 3613 1598 appellari

430 1624 485 1678 2.
534 1642 554 1676 ι
592 1624 656 1678 Et
687 1623 893 1677 locutus
944 1630 1043 1685 est,
1074 1620 1338 1691 inquit",
1383 1621 1639 1677 Dominus
1664 1622 1729 1675 ad
1780 1620 1933 1694 Mny-
1972 1691 1997 1694 Α
2040 1616 2213 1670 solent
2243 1618 2404 1672 etiam
2438 1618 2513 1684 hi,
2540 1634 2673 1688 quos
2698 1619 2948 1675 femineae
2995 1619 3338 1675 admistionis
3401 1619 3612 1675 macula

357 1731 457 1770 seu
485 1716 671 1771 dicens
702 1733 717 1769 :
748 1715 994 1783 Loquere
1037 1712 1164 1767 filiis
1207 1711 1391 1778 Israel,
1442 1721 1499 1768 et
1521 1713 1675 1772 .dices
1700 1712 1766 1767 ad
1794 1691 1931 1767 eos:
1970 1691 2010 1751 Β
2041 1709 2190 1764 nulla
2228 1710 2567 1783 perstringit.
2607 1712 2664 1767 Si
2719 1726 2849 1783 ergo
2919 1720 3067 1767 recte
3116 1711 3317 1768 dicitur
3372 1714 3458 1768 vir
3513 1728 3613 1782 pro

356 1807 555 1861 Mulier
586 1821 921 1877 quascunque
971 1806 1283 1876 conceperit
1329 1820 1537 1871 semen,
1572 1813 1627 1859 et
1670 1805 1937 1874 pepererit
2034 1802 2153 1858 sola
2183 1803 2327 1858 virili
2360 1814 2518 1859 aetate
2551 1806 2685 1874 (17),
2721 1806 2885 1860 etiam
2931 1806 2979 1861 is
3039 1805 3131 1876 qui
3164 1806 3364 1862 nullius
3403 1804 3613 1861 admis-

355 1900 686 1965 masculum,
726 1897 1004 1953 immunda
1032 1901 1138 1954 erit
1165 1907 1369 1968 septem
1400 1898 1609 1953 diebus.
1639 1915 1660 1951 ›

353 1993 660 2065 Παρέλκειν
694 1991 803 2064 (12)
838 1990 978 2055 δόξει
1008 1991 1068 2044 τό
1095 2007 1111 2021 ο

358 2110 380 2144 ι
445 2089 572 2143 Ἐὰν
617 2086 1038 2160 σπερματισθῇ,
1091 2102 1110 2138 δ

354 2180 797 2252 προτασσόμενον
823 2178 917 2232 τοῦ
936 2195 951 2210 ο
966 2197 985 2229 ι
1006 2179 1115 2232 Καὶ

349 2276 492 2348 τέκῃ
524 2276 709 2345 ἄρσεν.
738 2293 755 2324 ι
819 2272 958 2326 Ἀλλ’
992 2273 1114 2342 ἐφί-

352 2386 525 2440 στημι
560 2369 767 2439 μήποτε
794 2368 880 2420 ἵνα
907 2383 1119 2439 προφηο

349 2462 525 2525 τικῶς
575 2464 609 2533 ἡ
660 2461 850 2533 Μαρίμ
903 2461 1004 2513 οὐκ
1051 2461 1117 2513 ἐκ

350 2557 451 2611 τοῦ
472 2556 902 2629 ἐσπερματίσθαι
926 2553 1117 2609 τεκοῦ-

352 2671 431 2706 σα
461 2654 649 2725 ἄρσεν,
683 2653 756 2723 μὴ
795 2651 1021 2723 νομισθῇ
1050 2652 1112 2704 ὰ-

349 2746 632 2821 κάθαρτος
679 2741 815 2800 εἶναι
853 2763 1111 2816 γεγεννη-

352 2844 487 2898 ruta
508 2839 599 2894 τὸν
624 2840 870 2911 Σωτῆρα,
899 2839 1113 2910 εἴρηται

353 2937 481 2990 ὅ).ον
526 2933 701 2988 τοῦτο.
766 2931 1014 2986 Ἐδύνατο
1060 2930 1117 2985 δὲ

352 3030 453 3083 καὶ
471 3029 546 3101 μὴ
563 3043 793 3098 προσ-κει
801 3024 961 3096 μένου
982 3022 1076 3077 τοῦ
1096 3041 1109 3053 ·

360 3143 379 3174 ‹
410 3124 506 3177 ἐὰν
537 3118 938 3191 σπερματισθῇ,
970 3136 989 3169 ι
1032 3135 1112 3170 νο-

356 3209 534 3265 εῖσθαι
588 3207 663 3280 μὴ
702 3203 834 3260 οὖσα
874 3204 1114 3277 ἀκάθαρ-

352 3319 446 3367 τος
485 3303 520 3373 ἡ
553 3298 763 3371 Μαρία.
815 3298 889 3352 Οὐ
917 3297 1025 3369 γὰρ
1055 3299 1112 3351 ἁο

354 3397 505 3461 add);
528 3392 597 3468 ἦν
626 3394 781 3465 γυνὴ,
813 3393 945 3447 ἀλλὰ
975 3410 1113 3465 παρα

356 3490 529 3552 θὲνος.

1182 1989 1224 2060 ’(-
1287 1988 1471 2044 Primo
1531 1987 1937 2045 consideremus

1186 2086 1482 2140 secundum
1524 2084 1831 2149 historiam,
1889 2084 1935 2139 si

1186 2194 1292 2234 non
1321 2179 1532 2233 videtur
1566 2177 1718 2246 quasi
1750 2191 1816 2232 ex
1846 2192 1938 2232 su-

1186 2267 1387 2336 perﬂuo
1426 2267 1663 2322 additum
1698 2286 1717 2320 ι
1748 2267 1938 2322 mulier

1186 2375 1306 2429 qua:
1389 2359 1687 2428 susceperit
1751 2372 1935 2413 semen

1187 2453 1322 2524 (15),
1346 2462 1400 2507 et
1420 2453 1690 2522 pepererit
1718 2467 1938 2507 mascu-

1188 2548 1366 2611 lum,»
1408 2547 1565 2616 quasi
1617 2546 1789 2615 possit
1835 2545 1938 2599 ali-

1183 2651 1265 2696 ter
1287 2641 1582 2696 masculum
1604 2653 1814 2708 parere,
1836 2639 1938 2694 nisi

1185 2734 1393 2788 semine
1459 2740 1743 2801 concepto.
1831 2730 1938 2786 Sed

1186 2843 1290 2881 non
1312 2843 1378 2882 ex
1410 2825 1679 2896 superﬂuo
1702 2824 1936 2881 additur.

1185 2920 1266 2974 Ad
1296 2919 1678 2974 discretionem
1708 2931 1940 2988 namque
2000 2968 2005 2972 .

1190 3011 1351 3078 illius,
1408 3026 1525 3080 quae
1576 3011 1692 3066 sine
1735 3009 1939 3064 semine

1187 3108 1438 3175 concepit
1453 3116 1506 3161 et
1524 3105 1751 3178 peperit,
1777 3104 1936 3159 istum

1188 3218 1488 3261 sermonem
1552 3217 1652 3271 pro
1725 3199 1939 3256 caeteris

1190 3295 1300 3367 (14)
1350 3295 1673 3350 mulieribus
1720 3292 1940 3363 legisla-

1188 3398 1275 3442 tor
1306 3387 1503 3457 adjecit
1539 3404 1554 3441 :
1591 3395 1782 3441 utnon
1816 3399 1938 3441 om-

1187 3498 1307 3537 nem
1344 3483 1623 3537 mulierem
1669 3495 1790 3550 quae
1834 3497 1936 3552 pe-

360 3582 611 3653 perisset,
647 3578 955 3648 designaret
977 3574 1329 3638 immundam,
1361 3573 1453 3626 sed
1468 3587 1587 3626 eam
1606 3586 1727 3640 quae
1743 3586 1936 3627 conce-

356 3686 451 3743 pto
481 3672 691 3727 semine
719 3668 1038 3741 peperisset.
1097 3666 1234 3720 Addi
1265 3679 1482 3734 quoque
1530 3665 1596 3718 ad
1637 3665 1740 3718 hoc
1766 3666 1934 3718 etiam

359 3765 492 3819 illud
520 3772 718 3834 potest,
752 3762 892 3830 quod
922 3760 1006 3813 lex
1039 3759 1164 3822 ista,
1190 3770 1309 3826 qua:
1331 3756 1396 3809 de
1421 3755 1763 3809 immunditia
1794 3756 1933 3809 scri-

361 3857 533 3918 liitnr,
561 3856 628 3908 ad
658 3853 912 3907 mulieres
939 3850 1102 3920 229
1133 3848 1385 3917 pertinet.
1447 3845 1520 3899 De
1552 3845 1718 3901 Maria
1750 3854 1929 3901 autem

359 3948 592 4011 dicitur,
645 3945 768 4015 quia
818 3944 970 4016 virgo
1019 3941 1302 4012 concepit,
1358 3950 1413 3995 et
1457 3936 1687 4010 peperit.
1738 3938 1937 3993 Ferant

359 4057 490 4113 ergo
544 4041 676 4112 legis
727 4054 892 4095 onera
945 4037 1228 4100 mulieres,
1286 4033 1524 4103 virgines
1570 4046 1701 4086 vero
1745 4030 1813 4086 ab
1850 4026 1937 4084 his

362 4135 669 4191 habeantur
721 4132 1010 4187 immunes.
1060 4128 1167 4184 Sed
1220 4126 1262 4181 si
1321 4124 1478 4180 nobis
1516 4120 1707 4194 aliquis
1743 4137 1937 4177 occur-

361 4237 449 4283 rat
500 4235 758 4298 argutus.
816 4233 872 4279 et
926 4223 1070 4278 dicat
1118 4219 1243 4290 quia
1306 4224 1362 4273 et
1419 4216 1579 4270 Maria
1637 4214 1830 4269 mulier
1882 4213 1939 4267 in

363 4318 666 4391 Seripturis
703 4318 1014 4373 nominatur
1047 4332 1059 4369 :
1090 4310 1169 4369 sic
1198 4310 1343 4367 enim
1380 4308 1508 4365 dicit
1542 4306 1830 4375 Apostolus
1851 4303 1934 4357 τις

997 4423 1147 4479 Vers.
1172 4438 1295 4478 nov.

427 4491 593 4555 Illud,
633 4513 651 4544 ε
681 4490 739 4547 Si
785 4423 1316 4560 cartagieyftrssegfe‘n,
1351 4512 1368 4543 ι
1417 4506 1558 4561 quoa
1596 4497 1921 4561 praeponitur

357 4561 438 4615 his
467 4565 632 4617 verbis
665 4578 682 4615 :
710 4583 727 4611 ‹
760 4563 826 4616 Et
861 4566 1113 4630 pepererit
1143 4566 1456 4627 masculum,
1484 4582 1501 4612 ι
1529 4565 1786 4616 videbitur
1815 4581 1924 4619 esse

355 4634 694 4702 superﬂuum.
725 4631 829 4687 Sed
860 4633 973 4686 vide
988 4650 1049 4687 ne
1075 4634 1209 4702 forte
1239 4634 1451 4687 omnino
1469 4632 1579 4686 Iuvc
1604 4634 1759 4686 simul
1784 4635 1926 4688 dicta

354 4702 478 4768 sint,
512 4719 574 4757 ne
599 4703 778 4757 Maria
804 4720 920 4771 quat
947 4704 1105 4773 juxta
1149 4703 1422 4772 prophetas
1452 4703 1646 4757 semine
1670 4720 1773 4757 non
1831 4723 1928 4758 su-

425 4910 471 4945 "
492 4911 661 4969 Levit.
686 4929 785 4977 ιιι,
806 4913 858 4966 2.

966 4915 1011 4945 ⁷⁵
1037 4911 1217 4968 Galat.
1265 4928 1337 4979 tv,
1374 4914 1428 4967 4.

482 5029 538 5098 1)
572 5028 755 5099 Codex
792 5029 1101 5099 Saugerm.,
1132 5046 1151 5079 ε
1173 5028 1270 5081 illi.
1293 5028 1501 5099 μηδι»,
1530 5029 1679 5090 editi,
1718 5028 1916 5099 tilla.»

427 5100 536 5172 ,12)
567 5098 751 5172 Graeca
798 5097 992 5155 haec'in
1027 5099 1279 5154 omnibus
1310 5098 1423 5153 fere
1464 5098 1689 5153 Catenis
1718 5097 1923 5154 Graecis

356 5170 487 5224 mss.
518 5170 575 5225 re
615 5170 883 5224 eriuntur.

422 5240 533 5305 (15)
565 5187 768 5295 (ξοάθχ.
795 5242 883 5295 Sat

479 5252 533 5311 ⁵)

608 5241 768 5294 odex.
795 5242 1104 5311 Sangerm.,
1141 5254 1161 5290 ι
1195 5252 1314 5311 qttae
1334 5238 1636 5308 susceperit
1663 5252 1872 5293 semen.
1897 5253 1916 5290 ι

353 5305 523 5366 ιῑδηζ
542 5311 695 5375 editi,
734 5327 753 5361 ι
777 5324 895 5378 qua:
912 5305 1233 5378 'conceperit
1259 5322 1464 5363 semen.
1490 5305 1508 5358 ἰ

422 5380 536 5451 (id)
556 5380 738 5435 Codex
762 5375 1123 5451 S'angerm._el
1147 5377 1308 5451 alii,t
1332 5392 1428 5448 pro
1450 5377 1725 5451 caeteris.»
1752 5375 1912 5451 Lihb.

356 5448 689 5519 editi,’cpr:e
736 5452 970 5505 caeteris.
990 5466 1010 5502 ι
1058 5448 1197 5503 Infra
1230 5450 1369 5504 idem
1401 5463 1530 5508 ms.,
1581 5465 1600 5498 ι
1630 5449 1696 5502 ad
1727 5448 1917 5519 mulis-

359 5538 438 5574 res
489 5518 744 5591 pertinet.
773 5540 792 5574 ι
857 5519 1015 5576 Libb.
1055 5519 1210 5587 editi,
1260 5521 1367 5575 «ad
1415 5519 1700 5575 mulierem
1744 5518 1915 5589 perti-

357 5601 461 5645 net.
486 5610 507 5644 ι

423 5661 533 5723 (15)
555 5660 705 5719 Libri
728 5670 887 5718 antea
912 5661 1062 5729 editi,
1100 5679 1119 5714 ι
1150 5663 1269 5729 quia
1329 5676 1426 5732 pro
1479 5660 1752 5717 communi
1797 5674 1921 5739 om:

1965 3043 2008 3105 C

1526 4912 1572 4943 "
1599 4912 1822 4977 Genes.,
1870 4928 2016 4979 xxiv,
2054 4915 2104 4969 5.

2036 1895 2240 1949 tionem
2282 1894 2496 1950 feminae
2524 1897 2740 1953 noverit
2769 1914 2783 1951 :
2822 1899 3092 1967 quomodo
3117 1901 3222 1953 noli
3254 1898 3443 1954 eadem
3475 1912 3610 1954 con-

2039 1986 2319 2056 sequentia
2347 1988 2513 2042 etiam
2556 1989 2710 2059 virgo
2738 2005 2860 2059 quae
2921 1990 3243 2045 intemerata
3292 1991 3610 2061 permansit,

2039 2092 2137 2145 pro
2164 2077 2276 2133 sola
2317 2079 2492 2134 aetatis
2525 2082 2839 2135 maturitate
2870 2081 3068 2136 mulier
3123 2083 3436 2137 nominatur
3452 2080 3610 2153 (18)?

2040 2166 2286 2237 Denique
2309 2178 2364 2224 et
2401 2171 2677 2227 Abraham
2713 2188 2834 2227 cum
2883 2186 3109 2243 puerum
3162 2177 3404 2228 mitteret
3440 2173 3612 2229 Meso-

2039 2260 2334 2327 potamiam
2385 2263 2437 2314 in
2503 2264 2724 2317 domum
2754 2263 3035 2320 Bathuelis
3082 2266 3294 2321 utinde
3342 2267 3613 2337 acciperet

2040 2350 2189 2405 Isaae
2215 2351 2326 2406 filio
2356 2368 2456 2407 suo
2481 2369 2725 2420 uxorem,
2770 2366 2824 2410 et
2863 2369 2995 2423 puer
3021 2359 3293 2415 curiosius
3324 2368 3611 2429 perconta-

2041 2450 2215 2509 retur,
2249 2443 2325 2497 ait
2352 2445 2418 2498 ad
2448 2447 2689 2499 eum":
2749 2464 2768 2498 ς
2811 2446 2965 2515 Quod
3026 2450 3073 2504 si
3125 2449 3363 2507 noluerit
3417 2450 3613 2505 mulier

2041 2533 2193 2601 sequi
2227 2547 2332 2600 me,
2358 2537 2615 2590 redueam
2672 2534 2842 2591 lilium
2905 2548 3053 2593 tuum
3115 2539 3337 2597 illuc?»
3393 2551 3450 2596 et
3505 2557 3609 2598 non

2041 2622 2196 2689 dixit,
2233 2624 2374 2692 quod
2410 2625 2454 2679 si
2487 2624 2720 2681 noluerit
2751 2629 2906 2700 virgo
2939 2630 3092 2700 sequi
3148 2646 3254 2686 me.
3309 2631 3436 2687 Haac
3479 2647 3612 2702 ergo

2040 2714 2184 2769 dicta
2215 2717 2325 2770 sint
2348 2717 2504 2772 nobis
2536 2719 2603 2773 de
2632 2732 2698 2774 eo
2723 2722 2867 2789 quod
2894 2722 3303 2778 observavimus
3324 2725 3609 2793 scriptum,

2041 2808 2168 2877 quia
2211 2823 2319 2863 non
2355 2810 2630 2879 superﬂuo
2689 2813 2897 2871 addidit
2942 2813 3223 2884 legislator
3242 2817 3310 2880 ⁷⁷,
3364 2836 3383 2869 ι
3419 2818 3613 2875 mulier

2042 2901 2085 2956 si
2138 2903 2452 2973 conceperit
2506 2918 2689 2959 semen
2716 2945 2731 2970 ,
2775 2916 2832 2961 et
2878 2909 3151 2977 pepererit
3194 2908 3396 2975 filium;
3440 2930 3459 2963 ι
3517 2914 3612 2968 sed

2042 3008 2163 3049 esse
2192 2997 2576 3066 exceptionem
2604 2998 2914 3070 mysticam,
2943 3015 3064 3070 quae
3101 3001 3272 3057 solam
3327 3002 3550 3058 Mariam
3580 3021 3612 3059 a

2041 3086 2266 3155 reliquis
2310 3088 2629 3145 mulieribus
2681 3101 3014 3162 segregaret,
3066 3091 3221 3161 cujus
3272 3103 3460 3162 partus
3504 3111 3612 3151 non

2039 3191 2104 3232 ex
2129 3180 2483 3249 conceptione
2528 3182 2789 3248 seminis,
2825 3185 2920 3238 sed
2979 3198 3045 3239 ex
3102 3187 3387 3253 praesentia
3435 3189 3614 3243 sancti

2041 3269 2278 3338 Spiritus
2311 3279 2365 3326 et
2391 3272 2593 3328 virtute
2631 3273 2889 3330 Altissimi
2925 3276 3104 3332 fuerit.

2107 3369 2159 3422 5.
2190 3367 2345 3425 Nunc
2380 3384 2512 3426 vero
2542 3371 2654 3442 (19)
2694 3374 3037 3442 requiramus
3064 3377 3227 3431 etiam
3269 3377 3400 3433 illud
3424 3418 3440 3442 ,
3476 3379 3611 3448 quid

2037 3475 2214 3513 cansm
2239 3462 2476 3531 sitquod
2517 3463 2713 3519 mulier
2737 3481 2858 3536 quae
2904 3468 2957 3521 in
2985 3468 3089 3523 hoc
3127 3470 3325 3525 mundo
3380 3485 3610 3527 nascen-

2039 3554 2183 3609 tibus
2215 3555 2575 3612 ministerium
2604 3558 2826 3627 praebet,
2861 3572 2967 3615 non
3013 3563 3185 3618 solum
3239 3579 3363 3620 cum
3423 3581 3612 3623 semen

2039 3648 2346 3717 susceperit
2377 3648 2649 3705 immunda
2686 3651 2801 3706 ﬁeri
2832 3652 3061 3719 dicitur,
3106 3655 3197 3710 sed
3246 3665 3303 3711 et
3343 3671 3466 3712 cum
3511 3673 3610 3727 pe-

2034 3742 2258 3807 pererit.
2315 3740 2471 3797 Unde
2537 3754 2586 3798 et
2645 3759 2742 3812 pro
2791 3745 3174 3814 purificatione
3228 3760 3325 3802 sua
3388 3749 3612 3817 jubetur

2038 3829 2234 3885 offerre
2263 3831 2438 3900 pullos
2461 3833 2824 3899 columbinos,
2863 3844 2956 3888 aut
2998 3844 3238 3893 turtures
3278 3853 3378 3907 pro
3412 3854 3609 3908 pecca-

2039 3929 2114 3986 to,
2149 3920 2215 3974 ad
2243 3920 2441 3975 ostium
2478 3923 2813 3977 tabernaculi
2849 3925 3148 3981 testimonii
3177 3965 3194 3994 ,
3254 3938 3313 3982 ut
3369 3932 3611 3999 repropi-

2032 4010 2134 4064 tiet
2164 4024 2263 4079 pro
2316 4011 2429 4080 ipsa
2472 4014 2762 4081 sacerdos;
2811 4019 2970 4086 quasi
3030 4032 3151 4088 quae
3205 4022 3611 4090 repropitiatio-

2034 4116 2160 4155 nem
2191 4102 2406 4166 debeat,
2431 4112 2492 4155 et
2531 4104 2968 4173 puriﬁcationem
3005 4111 3212 4177 peccati
3249 4126 3344 4179 pro
3383 4126 3447 4166 eo
3465 4114 3611 4182 quod

2035 4193 2280 4247 nascenti
2306 4193 2360 4246 in
2396 4195 2497 4248 hoc
2537 4196 2738 4250 mundo
2794 4197 3001 4252 homini
3057 4201 3426 4256 ministerium
3477 4218 3613 4272 pra!-

2034 4287 2168 4343 buit.
2202 4287 2293 4342 Sic
2322 4288 2468 4340 enim
2510 4290 2774 4359 scriptum
2807 4303 2889 4347 est
2914 4293 2958 4325 ⁷⁸
3003 4312 3016 4347 :
3051 4313 3070 4345 ι
3113 4295 3180 4349 Et
3222 4298 3603 4366 repropitiabit

1954 4434 1996 4488 D
2026 4443 2197 4508 saepto
2217 4431 2410 4508 peperit
2439 4430 2753 4508 masculum,
2777 4444 3053 4508 putaretur
3077 4436 3348 4492 immunda
3375 4454 3486 4493 esse
3512 4455 3605 4508 ge-

2026 4502 2134 4577 nito
2160 4499 2451 4577 Salvatore.
2483 4499 2587 4553 Sed
2617 4499 2808 4572 absque
2838 4507 3044 4577 harum,
3065 4523 3246 4560 vocum
3266 4499 3560 4577 adfectione
3585 4525 3604 4561 :

2032 4588 2052 4622 ς
2076 4569 2133 4623 Si
2158 4573 2447 4647 conceperit
2467 4587 2668 4647 semen,
2688 4569 2943 4638 {poterat
2976 4576 3139 4647 etiam
3169 4569 3347 4631 Mariti
3378 4579 3605 4647 intelligi

2031 4656 2134 4761 ne:
2155 4655 2265 4721 esse
2289 4639 2580 4697 immunda.
2621 4640 2744 4697 Non
2770 4647 2906 4699 enim
2935 4645 3240 4715 simpliciter
3265 4660 3376 4704 erat
3397 4639 3603 4712 mulier,

2033 4724 2086 4761 se
2150 4725 2315 4761 mrao.

2033 4724 2120 4762 sea
2150 4725 2315 4779 mrgo.

2215 4910 2258 4947 ἠ
2288 4915 2460 4971 Levit.
2496 4934 2596 4983 xu,
2629 4918 2684 4975 2.
2761 4921 2806 4953 ⁷⁸
2834 4921 2963 4977 ibid.
2994 4921 3045 4975 7.

2031 5030 2177 5083 nium
2203 5029 2310 5083 vita
2342 5029 2616 5108 ingressus
2658 5033 2712 5086 in
2761 5033 2904 5089 hunc
2933 5036 3215 5100 mundum,
3247 5056 3267 5089 ι
3320 5048 3410 5094 etc
3441 5079 3459 5108 ,
3504 5041 3598 5096 sed

2029 5115 2218 5155 omnes
2250 5115 2380 5154 mss.
2419 5110 2477 5153 ut
2508 5103 2562 5157 in
2590 5113 2775 5160 nostro
2796 5114 2967 5160 textu.

2035 5168 2214 5294 mgis)
2264 5169 2416 5235 Mss.,
2477 5189 2497 5223 ι
2537 5173 2818 5230 transitur.
2850 5195 2870 5228 ι
2924 5173 3082 5233 Libb.
3121 5178 3283 5242 editi,
3332 5195 3351 5229 ι
3398 5180 3603 5235 transi-

2103 5308 2416 5388 (l7l_Libb.
2450 5311 2603 5388 editi,
2631 5333 2651 5365 ‹
2675 5316 2756 5368 vir
2780 5314 2869 5370 ille
2895 5331 2992 5382 pro
3019 5316 3136 5372 sola
3179 5321 3436 5388 temporis
3470 5331 3605 5377 reta-

2033 5379 2121 5436 te.‘
2151 5398 2169 5432 ι
2197 5379 2328 5435 Mss.
2368 5391 2425 5436 ut
2451 5383 2508 5437 in
2532 5395 2720 5439 nostro
2751 5379 2925 5440 textui.

2094 5448 2212 5520 (l8)
2253 5449 2404 5516 Mss,
2434 5467 2452 5503 ι
2493 5454 2822 5509 nominatur.
2858 5476 2876 5508 ι
2917 5455 3075 5512 Libb.
3112 5458 3264 5520 editi,
3304 5477 3323 5509 ι
3356 5460 3607 5517 nomine-

2025 5530 2138 5595 tur.
2155 5539 2194 5595 Ar
2224 5521 2368 5595 Infra
2393 5524 2562 5595 ocule:
2604 5524 2916 5595 S:mgerin.,
2954 5548 2971 5577 ι
3012 5543 3152 5595 puer
3186 5530 3455 5583 curiosus.
3487 5549 3509 5582 ι

2093 5589 2206 5659 (19)
2238 5590 2419 5649 Codex
2445 5589 2759 5665 Sangertnf,
2792 5615 2810 5648 ι
2842 5589 2989 5651 vero.
3014 5589 3046 5648 ἰ
3088 5598 3246 5654 Libb.
3282 5600 3437 5664 editi,
3471 5616 3489 5649 ‹
3525 5614 3608 5653 er-

2022 5675 2112 5731 go.
2146 5678 2168 5714 ι
