4024 6146
464 228 569 284 495

1899 221 2219 279 ORIGENIS

3594 220 3699 275 696

465 363 564 417 pro
599 348 714 416 ipsa
750 345 1028 408 sacerdos,
1056 353 1114 399 et
1136 345 1506 400 mundabitur.
1547 365 1566 398 ι
1600 346 1711 415 Ego
1746 347 1796 399 in
1831 346 2028 399 talibus
2056 348 2101 404 Α
2133 355 2311 401 celum
2344 346 2766 415 interempturus
2784 353 2924 399 est.»
2955 345 3117 401 Vides
3147 359 3276 415 ergo
3306 344 3582 413 quomodo
3641 346 3696 398 in

466 441 599 496 nihil
629 440 803 494 audeo
833 439 1233 501 dicere,sentio
1258 448 1432 492 tamen
1458 438 1665 492 occulta
1695 440 1747 491 iu
1771 439 1857 492 his
1879 453 2025 505 qua:-

463 534 588 586 dam
612 531 868 602 mysteria
895 529 1187 593 contineri,
1219 539 1273 582 et
1303 542 1422 584 esse
1447 529 1649 598 aliquid
1671 529 1893 584 latentis
1934 544 2023 582 ar-

464 623 609 685 cani,
639 635 740 690 pro
768 635 876 690 quo
898 628 954 675 et
984 618 1175 673 mulier
1199 633 1318 688 qua:
1355 620 1663 689 conceperit
1693 634 1758 674 ex
1785 620 2019 683 semine,

463 726 518 769 et
549 715 839 784 pepererit,
872 712 1149 767 immunda
1173 710 1408 776 dicatur,
1444 720 1502 766 et
1533 720 1787 780 tanquam
1814 712 2022 782 peccati

465 823 554 862 rea
590 806 789 861 offerre
811 804 1067 873 iubeatur
1090 804 1322 858 hostiam
1350 819 1449 873 pro
1474 812 1719 871 peccato,
1743 812 1797 856 et
1825 804 1898 857 ita
1922 819 2023 872 pu-

465 896 691 951 riticari.
716 895 823 951 Sed
848 904 905 952 et
949 893 1040 949 ille
1093 894 1207 962 ipse
1237 894 1326 961 qui
1361 894 1627 959 nascitur,
1666 893 1780 947 sive
1828 894 2021 956 virilis,

462 989 576 1044 sive
599 986 818 1042 feminei
845 1000 1006 1040 sexus
1037 985 1130 1047 sit,
1158 984 1471 1053 pronuntiat
1490 984 1557 1038 de
1582 999 1647 1039 eo
1671 983 1953 1055 Scriptura
1977 985 2024 1016 ⁷⁸

458 1080 587 1150 quia
636 1094 740 1132 non
773 1079 846 1132 sit
888 1096 906 1128 ι
938 1077 1169 1131 mundus
1194 1090 1222 1127 a
1253 1075 1411 1129 sorde
1433 1115 1448 1138 ,
1484 1076 1695 1129 etiamsi
1726 1077 1885 1130 unius
1917 1076 2022 1131 diei

461 1173 531 1225 sit
555 1171 659 1223 vita
687 1169 824 1238 ejus.
853 1187 872 1220 ι
902 1168 969 1222 Ει
997 1177 1057 1221 ιιι
1079 1169 1222 1224 scias
1242 1181 1361 1221 esse
1396 1166 1449 1219 in
1482 1166 1583 1221 hoc
1613 1169 1818 1236 grande
1842 1168 2023 1224 nescio

459 1263 614 1331 quid,
655 1272 708 1315 et
738 1260 845 1315 tale
881 1260 1026 1328 quod
1056 1259 1187 1314 nulli
1243 1267 1557 1312 sanctorum
1619 1272 1684 1312 ex
1755 1260 2021 1312 sententia

461 1353 694 1417 venerit,
727 1366 887 1405 nemo
917 1366 983 1405 ex
1029 1350 1282 1405 omnibus
1317 1349 1526 1405 sanctis
1558 1349 1834 1404 invenitur
1882 1351 2019 1404 diem

457 1442 681 1506 festum,
707 1442 786 1496 vel
813 1441 1117 1496 convivium
1143 1454 1396 1511 magnum
1422 1440 1602 1509 egisse
1628 1440 1679 1493 in
1712 1440 1801 1495 die
1857 1451 2023 1496 nata-

456 1536 525 1591 lis
553 1535 658 1599 sui,
698 1549 858 1588 nemo
908 1533 1185 1586 invenitur
1229 1531 1486 1586 habuisse
1524 1531 1766 1586 laetitiam
1831 1534 1886 1587 in
1935 1534 2021 1588 die

455 1623 655 1679 natalis
703 1623 817 1685 ﬁlii,
850 1622 933 1676 vel
965 1620 1089 1676 lilite
1146 1634 1277 1674 suae.
1330 1620 1445 1675 Soli
1492 1632 1807 1690 peccatores
1858 1638 2021 1692 super

2127 438 2332 507 Spiritu
2362 446 2549 492 sancto
2579 437 2829 507 praedixit
2854 440 2922 492 de
2977 451 3172 507 magno
3218 446 3337 490 ceto
3373 450 3536 505 quem
3609 434 3698 488 in-

2129 528 2451 580 terfecturus
2480 534 2623 581 esset
2651 525 2929 590 Dominus,
2993 526 3146 593 cujus
3181 535 3337 594 typus
3363 534 3481 579 erat
3535 533 3697 578 cetus

2127 617 2217 671 ille
2242 615 2391 671 Jonae
2426 632 2440 669 :
2473 617 2612 670 unde
2639 626 2693 671 et
2721 616 3005 680 Dominus,
3035 618 3125 686 qui
3162 615 3546 671 interfecturus
3575 623 3699 668 erat

2124 721 2302 765 cetum
2335 711 2494 765 istum
2524 708 2819 771 diabolum,
2846 709 3036 762 dicit”
3073 727 3087 762 :
3137 728 3156 760 ι
3203 711 3355 763 Sicut
3388 710 3535 764 enim
3593 706 3693 761 Jo-

2127 817 2224 856 nas
2255 812 2364 856 tres
2389 802 2504 856 dies
2533 811 2587 856 et
2619 810 2730 854 tres
2761 812 2947 855 noctes
2972 801 3071 855 fuit
3102 804 3156 855 in
3188 812 3380 856 ventre
3407 802 3513 856 ceti
3545 840 3562 865 ,
3615 802 3692 853 ita

2122 905 2335 963 oportet
2363 904 2417 948 et
2459 893 2650 948 Filium
2704 892 2940 949 hominis
2994 909 3115 949 esse
3172 893 3344 946 tribus
3399 893 3594 947 diebus
3638 901 3698 946 et

2124 987 2296 1041 tribus
2321 987 2570 1049 noctibus
2613 986 2665 1040 in
2719 986 2881 1040 corde
2922 996 3103 1040 terrm.
3146 1004 3165 1035 ι
3224 983 3378 1050 Quod
3419 983 3471 1040 si
3507 983 3695 1052 placet

2122 1079 2313 1132 audire
2337 1080 2463 1147 quid
2485 1081 2650 1134 etiam
2680 1080 2771 1134 alii
2800 1082 2977 1136 sancti
2999 1080 3065 1133 de
3098 1079 3198 1132 ista
3243 1074 3526 1130 uativitate
3555 1090 3691 1130 sen-

2123 1171 2316 1237 serint,
2349 1172 2472 1224 audi
2503 1172 2669 1226 David
2703 1174 2969 1227 dicentem
2996 1171 3041 1203 ⁸⁸
3069 1189 3083 1224 :
3121 1190 3140 1222 ι
3174 1168 3228 1223 lu
3281 1167 3692 1236 iniquitatibus,

2123 1263 2317 1330 inquit.
2342 1272 2634 1331 conceptus
2665 1279 2783 1317 sum
2807 1272 2911 1328 ,‘et
2941 1264 2992 1317 in
3038 1262 3276 1332 peccatis
3334 1261 3541 1329 peperit
3602 1274 3694 1312 me

2124 1362 2299 1407 mater
2330 1368 2475 1418 mea;
2505 1372 2524 1404 ι
2552 1355 2844 1409 ostendens
2868 1356 3010 1423 quod
3052 1370 3387 1423 quascunque
3421 1353 3603 1405 anima
3633 1351 3691 1405 in

2122 1456 2287 1496 carne
2316 1444 2580 1502 nascitur.
2613 1444 2918 1512 iniquitatis
2970 1454 3022 1497 et
3059 1444 3263 1511 peccati
3298 1443 3458 1497 sorde
3491 1441 3692 1511 pollui-

2123 1541 2245 1597 tur;
2273 1541 2327 1586 et
2350 1541 2631 1601 propterea
2662 1531 2863 1586 dictum
2892 1547 3015 1586 esse
3058 1531 3211 1595 illud,
3234 1532 3373 1600 quod
3428 1530 3540 1599 jam
3598 1546 3694 1584 su-

2121 1623 2305 1690 perius
2329 1625 2751 1678 memoravimus
2783 1642 2798 1678 :
2826 1625 2949 1694 quia
2988 1641 3007 1675 ι
3044 1639 3201 1679 nemo
3223 1627 3449 1679 mundus
3483 1641 3513 1679 a
3564 1640 3689 1679 sor-

457 1713 763 1784 hujusmodi
792 1712 1070 1766 nativitate
1119 1710 1388 1765 laetantur.
1432 1710 1740 1767 Invenimus
1802 1715 2002 1768 etenim
2051 1688 2094 1744 Β
2120 1712 2207 1775 de,
2237 1726 2338 1767 nec
2364 1711 2407 1764 si
2439 1712 2597 1766 unius
2620 1712 2726 1766 diei
2758 1713 2828 1765 sit
2849 1713 2960 1766 vita
2991 1712 3128 1780 ejus.
3162 1731 3180 1764 ι
3211 1713 3346 1765 Addi
3402 1714 3487 1767 his
3517 1715 3689 1766 etiam

457 1807 510 1861 in
544 1803 721 1860 Veteri
753 1803 967 1872 quidem
989 1798 1336 1855 Testamento
1362 1801 1407 1831 ⁸⁸
1444 1799 1779 1857 Pharaonem
1835 1816 2013 1873 regem

455 1898 700 1971 Egypti,
730 1898 872 1953 diem
900 1893 1095 1950 natalis
1135 1892 1218 1945 sui
1257 1907 1375 1945 cum
1408 1895 1707 1950 festivitate
1738 1894 2015 1950 celebran-

458 2003 589 2057 tem,
628 1992 680 2046 in
713 1990 860 2047 Novo
906 2004 1034 2045 vero
1067 1988 1412 2046 Testamento
1452 1986 1715 2042 Herodem
1746 1987 1812 2040 εί.
1860 1987 2015 2043 Uter-

455 2100 564 2153 que
599 2092 775 2138 tameu
828 2097 1016 2137 eorum
1052 2083 1224 2151 ipsam
1278 2081 1628 2136 festivitatem
1686 2079 1882 2134 natalis
1930 2080 2012 2133 sui

456 2174 770 2246 profusione
821 2175 1037 2231 humani
1066 2173 1348 2245 sanguinis
1381 2172 1713 2227 cruentavit.
1745 2172 1835 2228 llle
1868 2172 2011 2226 enim

451 2250 807 2335 praepositum
861 2266 1167 2335 pistorum,
1227 2264 1315 2318 hic
1375 2275 1624 2318 sanctum
1696 2264 2012 2333 prephetam

451 2359 716 2415 Joannem
743 2359 1091 2415 obtruncavit
1124 2360 1179 2413 in
1204 2374 1450 2415 carcere.
1492 2358 1676 2413 Sancti
1727 2373 1857 2414 vero
1905 2374 2011 2414 non

451 2451 628 2507 solum
664 2467 770 2506 non
801 2460 966 2519 agunt
990 2450 1335 2507 festivitatem
1370 2453 1422 2505 in
1449 2451 1535 2505 die
1560 2450 1754 2505 natalis
1775 2451 1882 2515 sui,
1919 2452 2014 2507 sed

453 2548 509 2595 et
531 2538 735 2611 Spiritu
781 2549 967 2596 sancto
1009 2539 1197 2609 repleti
1249 2548 1604 2596 exsecrantur
1660 2540 1802 2595 hunc
1846 2539 2010 2595 diem.

446 2633 631 2704 Neque
659 2634 804 2690 enim
846 2642 1028 2689 tantus
1083 2647 1147 2688 ac
1210 2632 1341 2686 talis
1390 2633 1648 2703 propheta
1702 2630 2010 2701 (Jeremiam

448 2726 594 2791 dico,
623 2726 714 2795 qui
747 2728 802 2781 in
842 2737 995 2781 utero
1039 2725 1233 2781 matris
1266 2723 1639 2780 sanctiﬁcatus
1655 2733 1757 2789 est,
1786 2733 1840 2778 et
1883 2738 2010 2793 pro-

451 2818 613 2889 pheta
649 2818 700 2872 in
736 2818 987 2887 gentibus
1011 2816 1386 2886 consecratus)
1437 2815 1591 2871 libris
1646 2815 1699 2869 in
1744 2826 2008 2870 aeternum

449 2911 724 2965 mansuris
745 2909 945 2977 aliquid
971 2907 1201 2962 inaniter
1226 2907 1576 2971 condidisset,
1611 2906 1711 2961 uisi
1742 2916 2009 2961 secretum

2119 1803 2246 1856 illud
2282 1813 2480 1872 potest,
2527 1812 2585 1857 ut
2638 1806 2952 1873 requiratur
2999 1805 3128 1875 quid
3188 1820 3364 1858 causa:
3415 1808 3509 1868 sit,
3558 1821 3687 1858 cum

2115 1894 2380 1963 baptisma
2413 1896 2669 1951 Ecclesia:
2698 1912 2795 1963 pro
2830 1899 3143 1953 remissione
3172 1898 3286 1967 (21)
3333 1908 3683 1965 peccatorum

2118 1987 2319 2052 detur,
2384 1988 2681 2042 secundum
2734 1987 2985 2043 Ecclesiae
3048 1991 3449 2044 observantiam
3514 1991 3682 2044 etiam

2118 2079 2354 2146 parvulis
2383 2079 2703 2147 baptismum
2729 2080 2878 2145 dari;
2909 2096 3029 2135 cum
3069 2083 3255 2151 utique
3294 2083 3336 2138 si
3374 2082 3507 2135 nihil
3535 2091 3683 2136 esset

2118 2168 2168 2220 in
2204 2169 2440 2236 parvulis
2467 2170 2608 2238 quod
2642 2168 2709 2223 ad
2740 2169 3109 2225 remissionem
3138 2172 3357 2226 deberet
3411 2183 3465 2226 et
3498 2174 3681 2226 indul-

2111 2261 2349 2330 gentiam
2379 2261 2671 2326 pertinere,
2714 2258 2885 2328 gratia
2913 2259 3167 2329 baptismi
3194 2260 3464 2330 superflua
3526 2263 3679 2317 vide-

2115 2361 2285 2404 retur.
2311 2350 2500 2406 Mulier
2528 2366 2657 2422 ergo
2682 2366 3017 2421 quacunque
3045 2354 3356 2421 conceperit
3378 2368 3589 2415 semen,
3617 2363 3673 2408 et

2114 2444 2384 2519 pepererit
2412 2444 2731 2509 masculum,
2771 2446 3049 2499 immunda
3072 2447 3176 2499 erit
3211 2456 3417 2512 septem
3441 2446 3675 2509 diebus;

2112 2536 2252 2589 sicut
2290 2546 2344 2589 et
2380 2536 2491 2600 illa,
2525 2552 2644 2604 quae
2690 2539 2985 2592 secundum
3021 2536 3139 2590 dies
3186 2536 3517 2607 purgationis
3564 2550 3679 2590 suae

2113 2637 2315 2696 septem
2346 2629 2536 2685 diebus
2561 2641 2876 2700 scgregatur
2903 2631 2969 2685 ab
3002 2631 3147 2684 oumi
3185 2632 3407 2685 mundo.
3455 2628 3588 2697 Quia
3620 2632 3672 2683 in

2112 2722 2375 2793 sanguine
2400 2724 2680 2779 immundo
2706 2723 2832 2779 facit
2868 2735 3070 2794 septem
3106 2725 3245 2790 dies,
3294 2724 3345 2777 in
3409 2723 3673 2794 sanguine

2115 2824 2293 2871 autem
2352 2816 2551 2870 mundo
2603 2816 2819 2887 triginta
2860 2826 2913 2871 et
2956 2827 3066 2871 tres
3095 2817 3247 2883 dies;
3298 2818 3391 2872 sed
3459 2816 3559 2870 hoc
3621 2817 3672 2868 iu

2117 2906 2339 2961 masculi
2378 2907 2679 2975 nativitate,
2710 2908 2901 2977 duplos
2933 2917 3110 2961 autem
3142 2908 3258 2962 dies
3302 2906 3429 2960 facit
3472 2907 3525 2960 in
3580 2922 3671 2960 na-

446 3003 576 3074 quid
621 3002 943 3064 contineret,
986 3008 1043 3054 et
1090 2999 1398 3069 ingentibus
1445 2998 1721 3069 mysteriis
1768 2998 2006 3068 plenum,
2038 3024 2080 3082 ο
2118 2997 2323 3052 tivitate
2353 2996 2583 3053 feminae.
2620 2999 2809 3068 Incipit
2829 3013 2955 3069 ergo
2980 3014 3098 3053 esse
3129 2999 3182 3051 in
3211 2998 3475 3067 sanguine
3509 3013 3667 3050 llltln-

449 3096 540 3151 ubi
574 3093 776 3149 dicit"
812 3111 825 3146 :
889 3111 907 3143 ι
942 3090 1255 3145 Maledictus
1282 3090 1397 3144 dies
1433 3089 1484 3143 in
1523 3104 1629 3159 quo
1657 3099 1817 3145 natus
1866 3105 2010 3154 sum,

447 3196 501 3242 et
525 3202 628 3240 nox
661 3186 711 3238 in
746 3199 851 3253 qua
867 3183 1126 3236 dixerunt
1151 3198 1166 3233 :
1194 3180 1330 3236 Ecce
1355 3185 1647 3253 masculus,
1684 3180 2011 3239 Maledictus

448 3279 537 3347 qui
578 3276 927 3331 annuntiavit
956 3274 1102 3344 patri
1133 3288 1273 3338 meo,
1307 3272 1494 3328 dicens
1523 3288 1536 3323 :
1569 3271 1737 3327 Natus
1782 3283 1867 3328 est
1917 3275 2011 3328 tibi

447 3369 747 3425 masculus.
778 3367 1017 3439 Laztetur
1061 3367 1224 3422 homo
1272 3364 1361 3418 ille
1411 3366 1553 3418 sicut
1587 3364 1839 3419 civitates
1878 3380 2013 3434 quas

452 3461 708 3515 Dominus
736 3457 1004 3514 destruxit
1053 3456 1106 3510 in
1159 3454 1366 3519 furore,
1401 3465 1456 3510 et
1497 3470 1603 3510 non
1668 3456 1945 3525 plenituit.
1986 3475 2006 3508 ι

448 3553 742 3609 Videturne
772 3551 865 3605 tibi
893 3551 1134 3604 hzeclam
1160 3547 1344 3617 gravia
1387 3556 1443 3602 et
1474 3558 1582 3601 tam
1628 3560 1856 3602 onerosa
1911 3548 2013 3600 im-

444 3645 659 3715 precari
687 3646 948 3715 propheta
983 3645 1247 3715 potuisse,
1276 3642 1380 3698 nisi
1426 3641 1596 3696 sciret
1638 3653 1759 3695 esse
1805 3638 2010 3709 aliquid

448 3740 502 3792 in
562 3739 661 3816 ista
716 3738 1003 3792 nativitate
1048 3751 1350 3807 corporea,
1409 3732 1553 3805 quod
1599 3742 1655 3788 et
1704 3730 2010 3799 hujusmodi

445 3832 667 3902 dignam
698 3830 1169 3886 maledictionibus
1192 3828 1304 3900 (20)
1339 3828 1617 3883 videretur
1638 3865 1654 3892 ,
1680 3835 1736 3880 et
1776 3840 1873 3895 pro
1902 3840 2010 3895 quo

448 3921 726 3993 legislator
759 3929 837 3975 tot
873 3920 1240 3975 immunditias
1264 3926 1587 3981 accusaret,
1624 3916 1822 3985 quibus
1879 3930 2014 3970 con-

446 4039 612 4096 gruas
639 4022 1045 4095 purificationes
1070 4028 1466 4087 consequenter
1486 4016 1824 4087 imponeret?
1862 4014 2010 4070 Lon-

445 4132 572 4188 gum
598 4126 682 4171 est
706 4123 913 4177 autem,
940 4121 995 4166 et
1018 4110 1242 4165 alterius
1270 4109 1547 4179 temporis,
1592 4117 1651 4162 ut
1704 4107 2009 4163 testimonia

442 4224 565 4279 quae
597 4208 665 4261 de
706 4204 972 4275 propheta
1014 4202 1340 4271 sumpsimus
1372 4240 1388 4265 ,
1447 4200 1838 4269 explanemus;
1881 4200 2007 4268 quia

441 4315 585 4354 nunc
612 4312 718 4352 non
757 4293 1029 4355 Jeremize,
1056 4292 1147 4345 sed
1189 4291 1417 4345 Levitici
1473 4292 1632 4346 nobis
1665 4290 2005 4359 propositum

2117 3092 2188 3142 do
2216 3091 2281 3142 ab
2306 3098 2494 3143 octava
2521 3089 2606 3145 die
2640 3101 2695 3144 et
2723 3100 2809 3146 est
2850 3092 2901 3144 in
2925 3091 3188 3159 sanguine
3241 3090 3437 3144 lltltlldo
3485 3089 3671 3142 diebus

2117 3180 2335 3249 triginta
2365 3180 2561 3243 tribus,
2599 3182 2702 3235 hoc
2730 3191 2813 3236 est
2868 3181 3039 3234 tribus
3091 3179 3327 3237 decadis.
3389 3189 3446 3232 et
3498 3179 3669 3231 tribus

2118 3270 2390 3324 monadis.
2426 3270 2632 3324 Etcum
2663 3270 2891 3339 «:(eperit
2916 3283 3035 3324 esse
3065 3269 3118 3321 in
3153 3267 3420 3337 sanguine
3467 3267 3664 3319 ntundo

2114 3363 2202 3418 illa
2234 3378 2351 3431 qu:e
2384 3363 2612 3432 peperit,
2643 3372 2768 3416 tunc
2808 3360 3149 3415 circumcidit
3182 3358 3437 3412 infantem
3480 3373 3493 3409 :
3525 3376 3543 3407 ι
3572 3356 3673 3411 Oc-

2118 3460 2235 3503 tava
2264 3452 2405 3506 enim
2433 3451 2519 3505 die
2557 3450 2931 3513 circumcides,
2968 3449 3223 3517 inquit",
3254 3462 3475 3503 carnem
3535 3462 3671 3516 prte-

2116 3543 2250 3611 putii
2283 3542 2418 3612 ejus.
2453 3561 2471 3594 ι
2508 3542 2631 3597 Hzec
2677 3552 2759 3597 est
2812 3543 2894 3595 lex
2933 3543 3144 3605 litterae,
3205 3541 3300 3594 sed
3344 3539 3557 3609 require
3616 3548 3669 3592 tu

2114 3650 2275 3704 quam
2334 3635 2802 3691 circumcisionem
2864 3636 3154 3707 Aposmlus
3205 3634 3476 3703 praedicet,
3511 3646 3670 3701 quam

2115 3739 2213 3778 nos
2245 3733 2300 3777 et
2322 3712 2600 3792 suscipere
2628 3734 2683 3777 et
2732 3725 2929 3779 habere
2973 3723 3147 3790 jubet.
3205 3741 3223 3775 ι
3259 3722 3368 3777 Nos
3396 3721 3558 3785 enim,
3587 3723 3671 3775 iu-

2112 3816 2228 3884 quit
2253 3815 2319 3880 ⁸⁸,
2353 3830 2538 3870 sumus
2563 3815 2927 3882 circumcisio,
2972 3815 3064 3885 qui
3112 3814 3309 3885 spiritu
3355 3813 3465 3870 Deo
3503 3814 3671 3869 servi-

2114 3922 2255 3963 mus.
2298 3925 2316 3958 ι
2351 3906 2417 3960 Ει
2448 3905 2591 3975 quod
2632 3909 2684 3961 in
2719 3905 2934 3960 Psalmo
2981 3906 3163 3961 ait”:
3202 3923 3220 3956 ι
3257 3904 3491 3959 Alienati
3545 3913 3670 3958 sunt

2114 4012 2433 4071 peccatores
2469 4017 2496 4055 a
2529 4000 2738 4065 vulva,»
2765 4001 3044 4056 considera
3092 4000 3136 4056 si
3177 4016 3282 4054 non
3329 4000 3394 4053 de
3419 3996 3524 4052 illis
3567 3996 3669 4051 hoc

2112 4093 2261 4159 dicit,
2319 4092 2410 4162 qui
2464 4092 2610 4146 illam
2674 4093 3137 4146 circumcisionem
3198 4090 3520 4159 suscipiunt,
3562 4101 3668 4156 qua

2111 4199 2208 4239 nos
2234 4184 2547 4239 circumcidi
2584 4182 2874 4253 Apostolus
2897 4192 3076 4245 vetat;
3107 4191 3162 4236 et
3192 4190 3318 4235 tunc
3342 4192 3427 4235 est
3455 4176 3669 4249 quando

2112 4276 2417 4330 alienantur
2438 4287 2748 4344 peccatores
2775 4294 2804 4332 a
2835 4276 3012 4339 vulva,
3044 4288 3165 4327 eum
3191 4288 3296 4327 non
3322 4272 3540 4341 spiritu,
3573 4267 3667 4323 sed

445 4399 527 4446 εει
549 4391 815 4446 disserere
843 4386 1155 4441 ιεειεοηοιη,
1186 4384 1292 4438 sed
1324 4392 1379 4437 ei
1424 4381 1526 4438 Job
1563 4398 1668 4437 non
1717 4383 1836 4437 sine
1887 4379 2011 4450 spi-
2042 4370 2085 4424 D
2114 4382 2276 4421 carne
2301 4367 2787 4422 circumciduntur.
2824 4366 2958 4434 Quia
3002 4365 3091 4436 qui
3142 4365 3193 4418 in
3239 4364 3355 4432 lege
3379 4359 3669 4416 circumci-

444 4483 550 4536 ritu
577 4491 768 4534 sancto
793 4478 1040 4548 loquens,
1081 4474 1445 4530 maledicebat
1500 4475 1640 4529 diem
1707 4473 2006 4528 nativitatis

442 4588 578 4639 suae,
615 4570 862 4626 dicens”
896 4586 910 4623 :
948 4587 967 4621 ι
1000 4567 1284 4623 Maledicta
1312 4566 1425 4620 dies
1449 4566 1503 4619 in
1543 4580 1649 4634 qua
1680 4577 1838 4619 natus
1860 4580 2002 4629 sum,

444 4675 499 4719 et
532 4678 635 4715 uox
670 4664 721 4715 in
745 4674 853 4730 qua
872 4660 1125 4713 dixerunt
1151 4673 1165 4710 :
1192 4656 1330 4711 Ecce
1356 4656 1657 4721 masculus;
1683 4672 1787 4710 uox
1821 4655 1904 4710 illa
1935 4656 2006 4709 sit

446 4755 756 4820 tenebraet
784 4766 889 4807 non
925 4749 1164 4820 requirat
1185 4748 1346 4819 230
1372 4764 1491 4803 eam
1520 4749 1776 4804 Dominus
1807 4750 2001 4813 denuo,

445 4860 618 4916 neque
660 4846 838 4899 veniat
871 4845 926 4898 in
970 4843 1085 4896 dies
1123 4842 1275 4905 anni,
1333 4855 1435 4894 nec
1496 4850 1810 4893 numeretur
1863 4841 2006 4894 inter

441 4936 565 4989 dies
592 4936 879 4990 mensium.
911 4953 931 4987 ι
965 4932 1119 4999 Quod
1155 4931 1201 4985 si
1237 4932 1331 4986 tibi
1363 4946 1469 4985 nou
1505 4931 1716 4986 videtur
1749 4932 1863 4986 haec
1904 4932 2005 4987 Job

441 5028 756 5097 prophetico
783 5036 836 5079 et
867 5026 1053 5080 divino
1080 5024 1287 5092 Spiritu
1315 5023 1480 5091 loqui,
1505 5038 1571 5077 ex
1611 5022 1693 5078 his
1720 5024 2003 5078 considera

446 5137 562 5191 qua:
588 5127 887 5189 sequuntur
917 5137 931 5171 :
965 5119 1170 5173 addidit
1192 5119 1335 5173 enim
1369 5117 1414 5149 ”
1446 5134 1458 5169 :
1496 5135 1514 5167 ι
1557 5115 1661 5171 Sed
1717 5116 2006 5170 tnaledicat

446 5231 585 5279 ram,
616 5214 706 5281 qui
741 5210 1018 5265 maledixit
1058 5210 1205 5265 illum
1268 5210 1429 5273 diem,
1488 5209 1540 5262 in
1594 5224 1701 5277 quo
1750 5222 2003 5279 maguum

509 5376 556 5408 τ’
594 5372 712 5429 Job.
740 5388 852 5438 xlv,
878 5371 933 5426 4.
1009 5370 1055 5403 ⁸⁸
1075 5369 1267 5424 Cenes.
1298 5370 1490 5431 n.20.
1566 5370 1609 5399 δι
1634 5367 1800 5422 Marc.
1832 5385 1905 5431 γι,
1938 5370 2001 5425 21

516 5446 701 5499 Matth.
730 5459 829 5508 xu,
853 5442 942 5497 40.
1023 5440 1070 5473 '°
1098 5440 1242 5496 Psal.
1274 5457 1328 5505 ι,
1356 5439 1407 5495 7.
1469 5439 1516 5471 ⁸⁷
1540 5439 1712 5494 Levit.
1741 5455 1827 5504 ιιι,
1862 5440 1951 5493 12.

2125 5372 2169 5403 ⁸³
2194 5368 2395 5425 Jerem.
2431 5385 2463 5424 x

2117 5441 2292 5510 ’hilip.
2324 5455 2406 5504 ιιι,
2431 5440 2465 5495 5

425 5449 473 5483 ⁸³
516 5446 701 5499 Matth.
730 5459 829 5508 xu,
853 5442 942 5497 40.
1023 5440 1070 5473 '°
1098 5440 1242 5496 Psal.
1274 5457 1328 5505 ι,
1356 5439 1407 5495 7.
1469 5439 1516 5471 ⁸⁷
1540 5439 1712 5494 Levit.
1741 5455 1827 5504 ιιι,
1862 5440 1951 5493 12.

511 5538 623 5609 (20)
657 5536 811 5595 Libb.
837 5536 989 5601 editi,
1021 5552 1040 5586 ι
1080 5532 1499 5589 maledictionis.
1528 5552 1547 5585 ι
1597 5533 1751 5599 Mss,
1785 5549 1804 5585 ι
1838 5532 2007 5590 malc-

441 5609 791 5665 dictionibus.
834 5627 852 5657 ι

513 5679 625 5752 {at}
648 5679 829 5734 Codex
858 5675 1138 5747 Sangerm.
1169 5683 1223 5731 et
1258 5673 1375 5742 alii,
1413 5691 1432 5725 ι
1470 5689 1568 5744 pro
1604 5673 1940 5730 remissione.
1980 5693 1999 5726 ι

2112 4460 2333 4523 duntur,
2361 4472 2389 4510 a
2426 4459 2600 4528 gratia
2631 4459 2965 4529 exciderunt.
3025 4459 3194 4528 Igitur
3248 4453 3520 4509 immunda
3555 4450 3666 4505 fieri

2113 4546 2305 4600 mulier
2343 4548 2558 4611 dicitur,
2592 4564 2710 4617 quae
2742 4558 3003 4618 concepto
3032 4547 3237 4601 semine
3278 4544 3487 4614 peperit
3551 4556 3667 4594 ma-

2113 4639 2360 4706 sculum;
2386 4655 2509 4710 quae
2540 4652 2717 4695 autem
2749 4640 3003 4696 feminam
3031 4637 3326 4708 pepererit,
3356 4649 3460 4688 non
3496 4631 3665 4686 solum

2112 4734 2387 4787 immunda
2414 4733 2549 4798 erit,
2579 4734 2672 4788 sed
2703 4732 2990 4798 dupliciter
3034 4729 3335 4785 immunda.
3373 4724 3466 4779 Bis
3526 4722 3669 4776 enim

2111 4824 2350 4894 septenis
2402 4825 2594 4880 diebus
2647 4825 2699 4879 in
2750 4822 3089 4878 immunditia
3146 4820 3410 4876 scribitur
3455 4830 3667 4885 perma-

2113 4936 2264 4978 nere.

2182 5036 2237 5089 4.
2266 5036 2371 5091 Sed
2395 5036 2609 5091 interim
2648 5052 2766 5102 quae
2793 5034 3001 5106 peperit
3022 5032 3343 5094 masculum,
3365 5039 3555 5084 octava
3584 5024 3671 5078 die

2111 5130 2166 5175 et
2202 5122 2296 5191 qui
2325 5132 2485 5176 natus
2511 5134 2595 5178 est
2616 5124 3049 5187 circumciditur,
3088 5131 3146 5177 et
3198 5121 3287 5173 illa
3337 5120 3395 5172 lit
3448 5115 3667 5172 nmnda.

2114 5213 2259 5269 Satis
2284 5231 2513 5286 operosa
2540 5231 2626 5271 res
2651 5228 2734 5272 est
2771 5217 2909 5286 (Ξῖ),
2943 5216 2996 5269 in
3049 5215 3151 5269 hac
3181 5214 3448 5267 brevitate
3470 5218 3672 5279 tempo—

2125 5368 2395 5425 “Jerem.
2431 5385 2522 5424 xx.
2576 5370 2662 5435 14,
2699 5369 2784 5425 l5.
2890 5370 2935 5403 ⁸³
2967 5369 3086 5426 Joh.
3142 5386 3222 5434 ιιι,
3268 5367 3356 5424 16.
3467 5366 3514 5399 ⁸⁸
3537 5365 3666 5423 ibid.

2579 5442 2623 5474 “
2655 5442 2797 5497 Psal.
2815 5457 2875 5495 ιι·
2886 5457 2965 5506 ιιι,
2992 5442 3047 5495 4.

2113 5522 2272 5607 1ιίΙῲἒ
2282 5531 2447 5607 editi,
2482 5550 2501 5582 ι
2532 5532 3010 5607 inremissionem,
3040 5550 3058 5582 ι

2187 5601 2301 5671 (22)
2329 5601 2482 5673 Libb.
2511 5603 2665 5664 editi,
2698 5621 2717 5654 ι
2750 5605 2886 5659 satis
2914 5597 3010 5658 illa‘
3029 5616 3253 5673 operosa
3287 5615 3369 5658 res
3411 5610 3514 5657 est.
3553 5618 3571 5651 ι
3610 5597 3670 5651 ιιι

2079 5751 2086 5758 ‘
2114 5689 2243 5729 mss.
2270 5672 2558 5738 omittitur,
2591 5689 2610 5723 ι
2638 5673 2746 5727 illa.
2779 5692 2797 5724 ι
