4024 6146
383 280 474 335 497

1542 276 1610 335 ΙΝ
1643 273 2017 333 LEVITICUM
2051 272 2334 331 HOMILIA
2372 272 2506 328 Vill.

3517 272 3627 331 ‘98

385 398 453 452 ris
480 396 584 450 ista
620 395 961 464 contingere,
998 404 1179 449 tamen
1213 402 1271 450 nt
1315 396 1367 449 in
1408 406 1725 451 transcursu
1773 396 1952 465 aliqua
1985 396 2027 454 Α
2056 407 2225 463 usque
2249 394 2313 445 ad
2351 390 2514 459 pedes
2559 387 2697 458 ejus.
2727 385 2823 440 Vel
2874 385 3028 440 tertia
3076 386 3307 454 species,
3344 387 3397 442 in
3434 391 3622 446 carnis

381 489 645 552 dicamus,
674 488 971 555 septimana
999 487 1118 541 lucc
1149 488 1434 556 praesentis
1465 489 1591 542 vitae
1616 499 1825 559 tempus
1873 490 1954 539 vi-

383 579 491 634 deri
523 586 721 642 potest.
764 574 819 629 In
863 576 1164 644 septimana
1202 590 1433 644 namque
1459 577 1667 633 dierum
1699 592 1954 633 consum-

380 678 658 728 matusest
689 667 940 722 mundus.
990 668 1048 722 ln
1110 684 1218 738 quo
1246 671 1416 727 donec
1461 684 1647 724 sumus
1679 671 1733 725 in
1786 684 1953 724 carne

376 762 560 833 positi,
601 763 668 815 ad
698 759 961 829 liquidum
996 761 1118 830 puri
1161 777 1285 817 esse
1316 778 1419 816 non
1474 777 1784 832 possumus,
1847 761 1952 816 nisi

379 864 567 908 octava
609 854 819 908 venerit
847 855 984 917 dies,
1018 854 1070 907 id
1096 862 1180 908 est
1236 854 1340 910 nisi
1385 853 1550 908 futuri
1588 854 1768 909 saeculi
1819 863 1952 908 tem-

381 961 479 1013 pus
514 944 781 1000 adfuerit.
824 945 882 999 ln
906 960 1012 1014 quo
1045 952 1224 999 tamen
1278 946 1365 1000 die
1404 946 1495 1015 qui
1547 945 1820 1002 masculus
1869 953 1952 1000 est

383 1037 517 1105 (25),
550 1045 608 1092 et
640 1036 872 1092 viriliter
906 1038 1100 1109 egerit,
1136 1037 1317 1093 statim
1345 1039 1397 1093 in
1451 1038 1567 1107 ipso
1592 1038 1831 1093 'adventu
1866 1037 1951 1092 lit-

380 1133 483 1185 turi
511 1129 695 1186 saeculi
722 1139 1008 1202 purgatur,
1036 1140 1089 1185 et
1129 1130 1310 1185 statim
1355 1135 1552 1184 munda
1581 1128 1811 1185 ellicitur
1844 1144 1951 1183 ma-

380 1234 481 1287 ter,
511 1238 633 1291 qua:
664 1222 850 1293 genuit
875 1236 1021 1276 eum.
1047 1221 1340 1291 Purgatam
1371 1236 1604 1291 namque
1632 1221 1778 1275 vitiis
1828 1235 1952 1275 car-

378 1330 501 1369 nem
529 1330 598 1371 ex
629 1314 1035 1371 resurrectione
1076 1315 1326 1383 recipiet.
1369 1313 1426 1370 Si
1459 1328 1585 1368 vero
1622 1313 1756 1368 nihil
1788 1313 1840 1367 in
1892 1326 1951 1366 se

375 1403 563 1459 habuit
592 1405 752 1461 virile
795 1406 1083 1462 adversum
1127 1406 1430 1475 peccatum,
1489 1407 1579 1460 sed
1608 1406 1868 1460 remissus
1899 1414 1952 1459 et

375 1496 720 1552 eﬂ'eminatus
750 1499 851 1553 l’uit
881 1500 933 1553 in
958 1500 1169 1554 actibus
1198 1502 1333 1564 suis,
1358 1500 1515 1570 cujus
1540 1510 1819 1569 peccatum
1844 1502 1951 1554 tale

374 1599 476 1654 est,
508 1591 650 1660 quod
690 1607 793 1645 non
826 1593 1135 1648 remittatur
1158 1605 1329 1662 neque
1366 1592 1418 1646 in
1443 1594 1697 1661 [ιι-περηιί
1725 1593 1948 1656 saeculo,

376 1697 554 1751 neque
583 1682 636 1737 in
678 1682 862 1740 futuro
907 1700 923 1738 :
971 1684 1075 1739 iste
1128 1685 1322 1739 transit
1373 1694 1428 1739 et
1469 1701 1630 1739 unam
1688 1695 1743 1741 ct
1788 1684 1948 1739 aliam

370 1773 740 1843 septimanam
769 1774 823 1829 in
870 1774 1211 1829 immunditia
1248 1790 1346 1829 sua
1372 1814 1387 1839 ,
1425 1783 1479 1830 et
1520 1776 1676 1830 tertia
1729 1775 1943 1830 demum

370 1866 671 1937 incipiente
691 1867 896 1922 oboriri
932 1868 1257 1936 septi-uana,
1282 1876 1544 1937 purgatur
1589 1870 1655 1921 ah
1711 1869 1945 1923 immun-

367 1959 527 2027 ditia,
587 1975 749 2030 quam
800 1957 1058 2014 feminam
1108 1960 1367 2029 pariendo
1395 1962 1690 2016 contraxit.
1749 1960 1947 2017 Hostia!

369 2065 526 2115 vero,
556 2066 680 2121 quae
707 2066 803 2122 pro
827 2050 1133 2120 hujusmodi
1158 2052 1494 2106 immunditia
1512 2051 1772 2121 jubentur
1795 2054 1944 2108 adhi-

366 2146 508 2210 beri,
546 2145 835 2216 dupliciter
868 2146 1295 2215 dislinguuntur.
1324 2143 1508 2201 Primo
1535 2144 1753 2213 iubetur
1778 2161 1946 2218 agnus

366 2238 556 2294 offerri
616 2239 904 2295 anniculus
947 2240 1064 2293 sine
1093 2240 1300 2293 macula
1347 2239 1401 2294 in
1436 2239 1846 2305 holocaustum,
1892 2250 1946 2296 et

366 2332 550 2402 pullus
585 2331 959 2396 columbinus,
988 2342 1078 2386 aut
1109 2340 1287 2386 turtur
1322 2346 1419 2400 pro
1447 2341 1697 2401 peccato.
1736 2329 1945 2388 Secun-

367 2424 435 2475 da
472 2438 603 2477 vero
640 2423 1150 2489 mandaturhostia,
1190 2424 1257 2489 si,
1285 2424 1460 2495 inquit
1488 2422 1627 2495 (24),
1660 2440 1765 2480 non
1796 2425 1945 2479 iuve-

368 2516 517 2569 nerit
541 2531 733 2570 manus
764 2516 882 2585 ejus
905 2517 1044 2585 quod
1073 2517 1300 2571 sulliciat
1348 2517 1415 2571 ad
1461 2532 1680 2587 agnum,
1714 2517 1945 2587 accipiat

370 2609 509 2661 duos
542 2615 809 2670 turtures,
849 2607 1103 2663 autduos
1132 2609 1306 2678 pullos
1332 2608 1731 2672 columbarum,
1775 2624 1940 2662 unum

370 2699 440 2753 ad
467 2699 864 2766 holocaustmn,
894 2709 948 2755 et
977 2700 1143 2754 alium
1169 2715 1265 2769 pro
1296 2710 1537 2768 peccato.
1572 2700 1726 2757 Unde
1745 2710 1800 2755 et
1839 2701 1940 2755 mi-

374 2804 497 2844 rum
532 2789 751 2844 videtur
773 2792 919 2860 quod
946 2789 1149 2845 oblatio
1177 2789 1363 2844 Mariae
1396 2804 1501 2845 non
1552 2789 1800 2844 habuerit
1844 2790 1942 2845 ho-

375 2881 535 2935 stiam
562 2881 813 2950 primam,
846 2882 896 2936 id
919 2889 1003 2935 est
1030 2896 1224 2951 agnum
1253 2881 1590 2947 auniculum,
1627 2883 1719 2936 sed
1753 2896 1945 2937 secun-

378 2971 536 3036 dam;
568 2978 825 3040 tanquam
857 2970 1019 3039 cujus
1063 2986 1253 3026 manus
1282 2988 1387 3026 nou
1428 2971 1703 3027 suffecerit
1725 2974 1791 3026 ad
1834 2972 1946 3043 pri-

1981 1745 2024 1800 Β

2054 496 2177 542 cute
2228 486 2287 539 lit
2326 485 2499 547 ulcus,
2541 493 2598 537 et
2635 491 2888 546 sanatur;
2939 489 2994 534 et
3027 478 3088 532 ﬁt
3130 480 3181 533 in
3219 480 3337 536 loco
3384 482 3500 551 ipso
3542 484 3624 537 nl-

2055 579 2194 634 ceris
2235 575 2641 632 cicatrix-alba.
2673 573 2780 627 Aut
2814 575 2865 627 in
2908 572 3090 627 carnis
3127 582 3252 627 cute
3310 572 3368 627 lit
3412 577 3624 631 adustio

2055 670 2214 739 ignis,
2243 679 2297 724 et
2335 677 2457 737 post
2489 668 2604 722 haec
2648 675 2836 721 sanata
2875 666 3089 721 adustio
3120 666 3225 720 erit
3266 665 3441 722 lucida
3477 668 3622 736 alba,

2055 771 2150 817 aut
2183 777 2303 816 cum
2338 762 2538 815 rubore
2576 760 2827 814 candida.
2856 760 3053 826 Quinta
3086 761 3320 826 species,
3349 776 3471 814 cum
3506 762 3625 815 viro

2054 864 2148 908 aut
2195 853 2408 908 mulieri
2459 852 2516 906 lit
2563 853 2618 907 in
2660 853 2854 920 capite,
2915 862 3010 905 aut
3052 852 3104 905 in
3160 852 3326 906 barba
3371 853 3624 923 contagio

2055 947 2238 1019 leprae.
2283 947 2482 1003 Ultima
2528 960 2660 1000 vero
2710 945 2966 999 scribitur
3012 943 3248 1012 species,
3289 960 3413 999 cum
3460 948 3520 1000 lit
3569 946 3623 1000 in

2053 1039 2299 1105 calvitie,
2341 1038 2423 1093 vel
2488 1037 2541 1091 in
2603 1036 2964 1091 recalvatione
3010 1036 3261 1105 contagio
3307 1036 3468 1105 leprae
3524 1052 3621 1090 ru-

2055 1130 2328 1195 bicunda},
2370 1146 2490 1201 quae
2533 1139 2615 1184 est
2657 1130 2803 1199 lepra
2854 1126 3103 1183 elllorens
3149 1129 3201 1181 in
3240 1129 3486 1193 calvitio,
3540 1128 3622 1184 vel

2054 1224 2107 1277 in
2159 1223 2546 1278 recalvatione.
2601 1221 2726 1276 Haec
2790 1232 2849 1275 ut
2897 1221 3223 1291 compendio
3269 1220 3624 1291 expositionis

2055 1325 2292 1381 utamur,
2334 1315 2592 1385 quoniam
2638 1313 2857 1383 quidem
2899 1327 3041 1367 nunc
3084 1312 3419 1383 propositum
3468 1311 3626 1368 nobis

2054 1418 2137 1463 est
2184 1408 2422 1463 breviter
2469 1407 2746 1461 auditores
2791 1419 2859 1459 ex
2908 1405 2991 1458 his
3046 1419 3168 1472 quae
3222 1404 3450 1459 recitata
3499 1413 3626 1458 sunt

2055 1499 2363 1562 admonere.
2408 1513 2506 1554 nec
2546 1508 2631 1551 est
2683 1508 2894 1565 tempus
2950 1495 3063 1568 (27)
3104 1496 3173 1551 ad
3207 1496 3468 1565 liquidum
3508 1496 3624 1551 siu-

2053 1590 2173 1660 gula
2200 1604 2427 1660 quasque
2461 1590 2750 1656 discutere,
2782 1589 3063 1643 referenda
3108 1588 3237 1642 mihi
3274 1588 3531 1642 videntur
3559 1587 3624 1640 ad

2055 1696 2492 1750 unamquamque
2514 1681 2749 1749 speciem
2777 1690 3141 1750 peccatorum,
3161 1687 3217 1733 et
3243 1679 3296 1733 in
3328 1679 3412 1733 his
3433 1679 3627 1732 animae

2056 1775 2301 1842 maculae,
2343 1790 2464 1844 quae
2503 1790 2567 1829 ex
2620 1774 2855 1843 peccatis
2896 1775 2942 1828 ei
2988 1773 3277 1837 accidunt,
3328 1769 3621 1826 intuendae.

2055 1865 2349 1920 Dicendum
2395 1866 2559 1937 igitur
2587 1866 2768 1934 primo
2803 1873 2887 1920 est
2916 1863 3190 1934 designari
3220 1879 3317 1931 per
3353 1863 3468 1917 bmc
3501 1875 3625 1931 pec-

2053 1966 2209 2025 cata,
2259 1972 2381 2029 quae
2441 1958 2494 2013 in
2550 1959 2651 2012 hac
2704 1958 2813 2011 vita
2866 1957 3024 2028 positi
3074 1941 3501 2019 committimus;
3555 1969 3624 2009 ex

2053 2049 2250 2120 quibus
2272 2050 2451 2120 aliqua
2483 2050 2667 2105 curari
2701 2065 2846 2104 nunc
2877 2058 3123 2119 possunt,
3148 2047 3327 2115 aliqua
3361 2060 3492 2102 vero
3515 2060 3621 2100 non

2053 2147 2297 2208 possunt.
2330 2137 2583 2193 Secundo
2624 2154 2754 2194 vero
2790 2148 2845 2194 et
2876 2140 2943 2193 de
2990 2138 3096 2193 illis
3142 2139 3297 2207 ipsis,
3336 2151 3458 2205 qua:
3498 2144 3623 2204 post

2050 2230 2196 2286 hanc
2229 2233 2396 2285 vitam
2445 2232 2724 2286 nobiscum
2775 2241 3078 2294 transeunt,
3115 2228 3410 2300 signiﬁcari
3458 2227 3620 2285 intele

2048 2324 2325 2393 ligendum
2353 2333 2455 2388 est,
2483 2332 2538 2378 et
2565 2338 2686 2378 esse
2715 2325 2766 2376 in
2804 2323 2936 2391 ipsis
2961 2323 3206 2392 quaedam
3240 2323 3311 2377 ita
3339 2321 3623 2376 animabus

2051 2423 2248 2487 inﬁxa,
2292 2432 2350 2476 ut
2401 2427 2669 2486 nequeant
2715 2415 2957 2482 aboleri;
3004 2414 3108 2468 alia
3147 2430 3275 2470 vero
3308 2430 3451 2481 esse,
3500 2429 3620 2484 qua:

2049 2514 2426 2587 purgationem
2459 2510 2664 2580 possint
2705 2508 2945 2578 recipere
2995 2506 3292 2562 secundum
3326 2506 3620 2577 inspectio-

2054 2622 2177 2661 uem
2212 2614 2267 2660 et
2300 2604 2560 2674 judicium
2592 2600 2866 2671 pontiﬁcis
2910 2601 3073 2665 illius,
3101 2617 3258 2670 quem
3306 2601 3514 2657 occulta
3547 2600 3620 2654 la-

2053 2709 2167 2752 tere
2215 2712 2318 2751 non
2355 2703 2601 2764 possunt,
2632 2692 2837 2762 quique
2883 2693 3216 2762 dispensabit
3261 2693 3468 2747 animas
3501 2693 3616 2747 sin-

2052 2791 2296 2859 gulorum
2326 2787 2619 2842 secundum
2650 2786 2749 2841 hoc
2786 2784 2928 2855 quod
2959 2784 3014 2838 in
3050 2785 3129 2840 eis
3159 2784 3395 2838 maculas
3426 2784 3609 2852 lepra,

2051 2891 2144 2934 aut
2215 2879 2540 2949 expiabiles,
2614 2887 2707 2932 aut
2751 2876 3104 2949 inexpiabiles
3158 2875 3376 2931 viderit.
3447 2872 3616 2945 Cujus

2051 2974 2130 3028 rei
2174 2959 2511 3028 dill‘erentias
2552 2971 2617 3025 de
2665 2972 2912 3041 praesenti
2959 2970 3191 3023 lectione
3242 2967 3518 3037 colligere.
3558 2976 3615 3023 et

381 3075 542 3116 mam.
573 3059 670 3115 Sic
698 3062 843 3116 enim
877 3062 1143 3132 scriptum
1167 3072 1249 3118 est
1282 3064 1349 3116 de
1382 3077 1443 3117 ea
1479 3080 1494 3117 :
1531 3062 1829 3130 Venerunt,
1861 3062 1945 3117 in-
1973 3099 2015 3157 ε
2050 3081 2145 3136 per
2193 3065 2399 3134 singula
2436 3064 2734 3118 secundum
2770 3060 3066 3129 Scriptum
3116 3060 3275 3128 hujus
3322 3059 3578 3113 indicium
3600 3097 3617 3123 ,

375 3153 490 3220 quit
511 3153 578 3220 '°,
608 3163 861 3222 parentes
890 3152 1022 3224 eius,
1077 3173 1097 3207 ι
1136 3164 1193 3209 ιιι
1243 3154 1500 3210 ollerrent
1564 3172 1662 3225 pro
1704 3172 1769 3211 eo
1842 3163 1946 3218 ho-

378 3245 560 3307 stiam,
589 3247 885 3299 secundum
907 3247 1048 3316 quod
1079 3248 1335 3316 scriptum
1367 3249 1523 3303 estin
1550 3248 1663 3317 lege
1708 3248 1941 3311 Domini.

372 3351 473 3404 par
503 3346 770 3390 turturum
806 3346 902 3391 aut
939 3338 1073 3391 duos
1116 3337 1288 3407 pullos
1328 3338 1724 3395 columbarum.
1764 3359 1783 3392 ι
1837 3341 1944 3396 Sed

369 3438 429 3483 et
456 3430 509 3482 in
533 3428 637 3484 hoc
665 3429 970 3483 ostenditur
1002 3445 1185 3483 verum
1214 3444 1336 3484 esse
1363 3430 1490 3486 illud
1517 3433 1659 3501 quod
1686 3432 1943 3501 scriptum

370 3530 475 3582 est,
506 3523 633 3589 quia
659 3522 909 3576 Christus
937 3521 1094 3576 Jesus
1132 3540 1149 3572 ι
1189 3537 1311 3575 cum
1338 3521 1488 3576 dives
1519 3531 1693 3591 esset,
1722 3538 1819 3592 pro
1851 3538 1954 3581 no-

373 3612 459 3667 bis
485 3613 597 3685 (25)
622 3630 823 3683 pauper
854 3615 1030 3668 factus
1059 3622 1143 3667 est
1172 3613 1240 3666 ⁹¹.
1274 3631 1293 3664 ι
1340 3613 1464 3668 Ideo
1487 3630 1614 3684 ergo
1639 3624 1694 3670 et
1715 3624 1943 3670 matrem

372 3704 441 3759 de
464 3718 568 3772 qua
630 3715 971 3770 nasceretur,
1021 3704 1184 3774 elegit
1233 3719 1550 3775 pauperem,
1602 3716 1655 3760 et
1710 3709 1942 3776 patriam

372 3814 686 3866 pauperem,
729 3801 795 3853 de
818 3814 922 3869 qua
964 3800 1162 3853 dicitur
1194 3800 1284 3853 υτ
1322 3817 1339 3849 ι
1381 3798 1444 3853 Et
1468 3808 1550 3859 tu.
1602 3800 1944 3867 Bethlehem,

373 3873 602 3945 minima
624 3908 684 3947 es
717 3892 768 3945 in
816 3892 1052 3947 millibus
1078 3891 1235 3955 Juda,
1270 3910 1287 3943 ι
1349 3904 1402 3947 et
1453 3894 1678 3963 reliqua.
1748 3894 1943 3950 Verum

372 3980 489 4037 haec
544 3985 782 4037 breviter
842 3994 1223 4047 transcurrere
1269 3986 1541 4056 cogimur,
1593 4002 1692 4041 nec
1732 3988 1946 4059 singula

371 4089 494 4145 quae
524 4077 727 4146 scripta
773 4086 902 4131 sunt
953 4077 1224 4134 discutere
1253 4080 1365 4150 (26)
1421 4081 1679 4150 quoniam
1725 4082 1941 4150 quidem

370 4163 694 4220 festinamus
717 4166 918 4234 aliquid
971 4168 1133 4222 etiam
1191 4170 1257 4224 de
1305 4169 1462 4240 231
1525 4168 1731 4238 legibus
1783 4170 1945 4240 leprae

374 4270 493 4323 qua:
528 4257 769 4310 recitatae
801 4266 948 4323 sunt,
977 4270 1333 4326 pertractare.

445 4348 499 4401 5.
541 4348 846 4403 Invenimus
895 4365 1024 4419 ergo
1066 4365 1159 4405 scx
1209 4352 1415 4419 Species
1464 4355 1773 4422 propositas
1823 4370 1943 4410 esse

2051 3174 2170 3229 quae
2211 3167 2435 3227 possunt
2468 3170 2568 3211 nos
2602 3168 2841 3220 movere,
2885 3153 3094 3216 rimari,
3136 3161 3617 3220 extemporaneus,

2050 3251 2240 3319 utjam
2273 3249 2521 3320 superius
2550 3246 2684 3312 dixi,
2715 3246 2816 3301 iste
2856 3259 3037 3300 sermo
3087 3258 3190 3297 non
3250 3245 3477 3313 patitur.
3516 3243 3618 3298 Vix

2049 3343 2192 3396 enim
2226 3342 2343 3395 haec
2374 3338 2557 3393 multis
2588 3347 2813 3408 possent
2844 3335 3204 3391 voluminibus
3233 3335 3441 3406 digesta
3476 3348 3622 3388 com-

2049 3435 2173 3506 poni
2204 3435 2272 3489 ab
2316 3434 2402 3488 his
2452 3432 2651 3501 quibus
2704 3431 2965 3485 Dominus
3010 3430 3076 3484 de
3133 3428 3364 3485 lectione
3410 3425 3620 3481 Veteris

2050 3525 2381 3581 Testamenti
2434 3524 2678 3579 velamen
2729 3524 3017 3578 abstraxit.
3069 3520 3175 3576 Nos
3220 3535 3351 3590 ergo
3391 3535 3488 3589 pro
3535 3519 3615 3572 vi-

2049 3621 2198 3675 ribus
2245 3619 2465 3679 nostris.
2499 3627 2760 3688 quantum
2796 3616 3024 3684 proferri
3058 3617 3108 3669 in
3155 3615 3390 3670 medium
3418 3628 3621 3668 conve-

2050 3714 2166 3775 nit,
2210 3724 2598 3779 exsequamur,
2644 3707 2885 3777 apostolo
2933 3705 3086 3760 nobis
3145 3704 3313 3759 Paulo
3351 3705 3619 3774 pandente

2051 3803 2415 3872 intelligentia:
2451 3802 2590 3855 viam
2620 3818 2632 3852 :
2667 3813 2774 3868 qua
2813 3799 2943 3853 dicit
2984 3799 3153 3869 legem
3193 3799 3440 3853 umbram
3476 3796 3620 3851 futa-

2052 3910 2234 3950 rorum
2288 3895 2487 3949 habere
2531 3892 2797 3946 bonorum
2833 3890 2901 3953 ⁰³,
2952 3907 3058 3944 non
3108 3892 3277 3961 ipsam
3327 3891 3618 3961 imaginem

2049 4002 2266 4053 rerum;
2306 3995 2361 4039 et
2399 3985 2696 4040 secundum
2743 3986 2794 4037 id
2837 3985 2978 4053 quod
3013 3998 3075 4038 ea
3110 3998 3230 4053 quie
3264 3983 3330 4037 de
3359 3983 3531 4038 bobus
3564 3983 3616 4036 in

2049 4073 2165 4145 lege
2201 4074 2312 4146 (28)
2351 4076 2601 4130 videntur
2633 4075 2860 4143 scripta,
2899 4090 3002 4128 non
3039 4074 3105 4128 de
3149 4074 3343 4139 bobus,
3384 4088 3616 4143 quorum

2046 4167 2160 4221 Deo
2188 4182 2318 4220 cura
2355 4180 2460 4220 non
2497 4168 2586 4229 sit,
2617 4168 2710 4221 scd
2743 4169 2807 4222 de
2843 4166 3100 4233 apostolis
3135 4166 3462 4221 advertenda
3499 4181 3618 4235 pro-

2048 4260 2279 4314 nuntiat.
2314 4259 2370 4312 lu
2408 4258 2553 4328 quod
2601 4259 2955 4328 consequenti
3001 4259 3188 4328 utique
3239 4259 3448 4312 ratione
3483 4258 3615 4311 edo-
3678 4292 3687 4298 κ

2050 4366 2257 4417 cemur,
2291 4355 2431 4420 quod
2462 4360 2517 4404 et
2553 4366 2614 4406 ea
2648 4366 2769 4421 qua:
2800 4353 2865 4406 de
2897 4351 3042 4420 lepra
3079 4350 3393 4404 scribuntur
3420 4348 3612 4403 umbra

374 4440 440 4491 de
482 4439 756 4493 hominum
813 4441 995 4510 lepra;
1039 4456 1159 4512 qua:
1215 4458 1306 4498 sex
1366 4446 1578 4512 species
1630 4448 1732 4500 hoc
1783 4453 1939 4503 modo
1970 4444 2016 4500 D
2046 4446 2117 4498 sit
2146 4446 2200 4499 in
2227 4446 2348 4500 aliis
2390 4444 2597 4500 habens
2627 4445 2917 4516 imaginem
2952 4442 3214 4497 veritatis.
3255 4440 3425 4510 Igitur
3461 4441 3615 4495 adhi-

375 4531 769 4586 describuntur.
800 4534 903 4586 Aut
946 4534 1090 4588 enim
1131 4534 1182 4588 in
1233 4548 1362 4591 eute
1405 4539 1653 4607 corporis
1696 4540 1754 4592 lit
1801 4541 1944 4595 cica-

376 4622 505 4683 trix,
535 4632 591 4676 et
624 4623 836 4692 signum
878 4625 1213 4688 cxalbidum,
1238 4636 1293 4678 ct
1330 4635 1455 4679 tunc
1494 4616 1550 4679 Iit
1587 4626 1638 4679 in
1669 4636 1791 4680 cute
1823 4643 1946 4681 cor-

373 4716 518 4781 poris
550 4713 668 4782 rjns
701 4718 952 4785 etmtagio
1000 4717 1181 4785 leprae.
1231 4718 1336 4770 Aut
1384 4717 1633 4772 eﬂlorens
1677 4720 1946 4774 elllurebit

372 4803 542 4873 lepra,
573 4816 629 4861 et
668 4817 918 4877 contegct
956 4824 1171 4864 onmem
1206 4823 1381 4864 cutem
1413 4812 1658 4881 contagio
1694 4830 1721 4864 a
1769 4813 1945 4882 capite

446 4946 494 4980 ”
524 4946 661 5005 Luc.
690 4964 750 5014 ιι,
778 4948 867 5003 24.
945 4950 991 4981 θ’
1017 4949 1056 5002 ll
1086 4949 1215 5004 Cor.
1242 4963 1357 5012 vni,
1382 4950 1435 5005 9.
1510 4951 1557 4982 θ’
1577 4949 1736 5006 Micb.
1769 4967 1820 5017 ν,
1854 4951 1909 5006 2.

444 5084 556 5157 (25)
582 5087 649 5142 In
672 5103 777 5156 quo
807 5098 975 5141 tamen
1000 5089 1084 5141 die
1110 5089 1199 5157 qui
1229 5090 1494 5142 masculus
1533 5100 1628 5153 est,
1658 5100 1766 5144 etc.
1793 5090 1941 5145 Con—

375 5159 496 5211 sule
542 5158 795 5282 [menum
855 5157 1295 5229 Origenianorum
1346 5158 1441 5213 lib.
1493 5176 1555 5224 ll,
1608 5169 1799 5229 quaest.
1853 5162 1941 5226 ll,

379 5243 522 5280 num.
638 5274 651 5282 .

379 5243 522 5280 num.
564 5243 651 5285 1'1.

446 5297 559 5368 (24)
586 5299 747 5357 Libb.
773 5308 928 5354 antea
969 5298 1122 5361 editi,
1157 5318 1175 5350 ι
1209 5309 1303 5354 ant
1334 5299 1462 5369 pulli
1485 5299 1778 5354 columbini
1802 5340 1816 5361 ,
1851 5309 1943 5354 aut

376 5378 616 5424 turtures
646 5385 744 5439 pro
777 5379 1021 5438 peccato.
1061 5369 1314 5425 Secundo
1367 5384 1494 5423 vero
1524 5370 1811 5424 mandatur
1842 5372 1940 5424 ho-

375 5439 628 5511 stiaA;__si_,
652 5441 848 5509 inqoit,
893 5459 912 5492 ι
939 5450 1070 5505 etc.,
1096 5441 1186 5494 sed
1215 5456 1344 5511 mss.,
1377 5449 1437 5493 ut
1463 5440 1515 5492 in
1547 5451 1737 5511 nostro
1762 5451 1935 5496 textu.

448 5507 562 5579 (25)
588 5508 697 5564 Pro
729 5507 897 5565 nobis.
929 5511 1282 5567 Desideratur
1312 5507 1366 5564 in
1399 5520 1559 5563 antea
1612 5509 1794 5577 editis,
1844 5512 1939 5566 sed

376 5580 652 5646 suppletur
678 5596 713 5635 e
734 5596 865 5635 mss.

446 5648 555 5719 (26)
586 5649 738 5705 Libb.
777 5649 903 5705 editi
932 5659 1070 5720 post,
1106 5670 1124 5702 ι
1165 5651 1457 5715 discutere,
1499 5668 1518 5701 ι
1561 5650 1780 5711 addunt.
1812 5670 1829 5698 σ
1855 5665 1940 5701 va-

379 5716 566 5786 lemus,
598 5738 616 5771 ι
653 5723 794 5790 quod
829 5716 982 5777 abest
1018 5722 1087 5775 ab
1143 5721 1394 5776 omuibus
1448 5737 1577 5777 mss.
1626 5730 1680 5774 et
1734 5723 1938 5791 absque

2045 4538 2267 4591 beamus
2307 4537 2501 4606 primo,
2540 4537 2586 4589 si
2629 4536 2863 4598 videtur,
2910 4534 3082 4604 ipsam
3139 4533 3435 4601 Scriptura:
3494 4548 3614 4586 um-

2045 4629 2221 4692 bram,
2253 4637 2306 4682 et
2342 4638 2465 4682 tunc
2506 4628 2573 4683 de
2601 4628 2718 4698 ejus
2754 4628 2983 4681 veritate
3009 4626 3368 4695 requiramus.
3415 4625 3469 4679 In
3500 4626 3616 4678 vul-

2046 4722 2270 4774 neribus
2301 4736 2591 4789 corporum
2638 4727 2989 4788 posteaquam
3036 4728 3222 4772 curata
3271 4718 3492 4783 fuerint,
3534 4735 3617 4774 re-

2044 4823 2226 4866 manet
2260 4813 2533 4867 interdum
2577 4813 2744 4882 ipsius
2776 4812 3015 4868 vulneris
3056 4814 3297 4881 signum,
3344 4816 3487 4882 quod
3534 4814 3615 4869 ci-

2012 4952 2058 4985 ⁹³
2099 4951 2262 5007 Hebr.
2289 4968 2343 5019 χ,
2371 4952 2422 5006 1.

2044 5105 2236 5146 sensus
2268 5091 2549 5159 dispendio
2579 5092 2769 5148 abesse
2804 5101 2999 5161 potest.
3057 5090 3204 5145 Infra
3247 5093 3416 5147 codex
3476 5092 3618 5147 San-

2042 5177 2237 5232 germ.,
2272 5180 2288 5212 t
2320 5178 2414 5216 sex
2445 5164 2654 5232 species
2680 5162 2985 5232 propositas
3024 5176 3168 5218 esse.
3214 5180 3233 5214 ι
3260 5162 3417 5217 Libb.
3458 5165 3613 5227 editi,

2047 5249 2066 5283 ο
2103 5247 2194 5303 sex
2238 5236 2449 5303 Species
2483 5235 2685 5303 positas
2707 5248 2846 5289 esse.
2890 5252 2910 5287 ι

2114 5302 2226 5374 (27)
2265 5302 2447 5383 codex
2486 5302 2823 5375 ’Sangerm”
2870 5321 2889 5355 ι
2922 5313 3151 5373 tempus.
3186 5323 3205 5356 ι
3248 5302 3409 5359 Libb.
3439 5304 3576 5359 editi
3600 5345 3616 5371 ,

2046 5391 2064 5424 ί
2098 5383 2382 5428 telnnorts.
2406 5393 2423 5423 ι

2121 5391 2423 5454 corporis.»
2549 5445 2559 5455 ν
2601 5448 2606 5453 ὓ
2744 5444 2757 5456 .
2898 5442 2910 5455 υ
2953 5443 2965 5455 _

2121 5442 2234 5516 (28)
2273 5445 2429 5516 Libb.
2475 5444 2644 5509 editi,
2696 5442 3039 5516 tmtelhgiu
3087 5443 3267 5499 Codex
3322 5443 3611 5516 Sangerm.

2048 5523 2109 5584 et
2129 5514 2244 5577 alii,
2279 5533 2298 5565 ι
2331 5515 2381 5566 iu
2418 5515 2554 5584 lege.
2577 5533 2597 5564 δ
2631 5514 2773 5568 lnl‘ra
2802 5514 2965 5568 iidem
2996 5528 3151 5579 mss.,
3190 5531 3212 5565 ι
3237 5515 3431 5567 umbra
3461 5514 3534 5584 sit
3561 5516 3614 5565 in

2047 5583 2168 5637 aliis
2207 5585 2424 5641 habens.
2453 5583 2491 5638 ί
2513 5583 2670 5641 Libb.
2698 5585 2852 5650 editi,
2886 5601 2905 5635 ι
2932 5584 3119 5639 umbra
3149 5584 3282 5649 sint,
3312 5593 3366 5638 et
3396 5584 3449 5637 in
3487 5583 3612 5637 aliis

2046 5655 2296 5709 habeant.
2316 5674 2335 5707 ι
