4024 6146
449 253 556 308 499

1917 244 2238 304 ORIGENIS

3594 236 3701 294 500

455 367 631 422 ratrix
666 366 986 437 appellatur.
1019 365 1121 424 Vix
1155 365 1300 421 enim
1331 376 1414 422 est
1442 368 1530 436 qui
1581 368 1654 422 ita
1682 377 1926 432 curetur,
1961 379 2021 423 ut
2050 371 2094 427 Δ
2125 376 2284 422 cante
2327 366 2654 424 inferuntur.
2693 365 2907 420 intuere
2949 375 3092 417 nunc
3137 359 3282 416 illam
3331 361 3593 425 animam,
3639 361 3703 416 de

455 460 659 513 nullum
684 453 918 527 suscepii
942 458 1182 514 vulneris
1211 459 1448 514 residere
1473 461 1717 515 videatur
1740 461 2017 516 indicium.

450 549 643 604 Transi
669 565 811 604 nunc
841 551 908 604 ab
941 550 1039 603 ista
1074 550 1210 618 legis
1243 550 1430 604 umbra
1464 551 1528 604 ad
1559 553 1842 605 veritatem
1870 551 2016 619 ejus,

448 654 503 696 et
538 644 748 696 intuere
778 642 1049 711 quomodo
1087 642 1268 695 anima
1306 657 1423 709 qum
1457 643 1662 711 peccati
1703 643 1897 697 vulnus
1930 657 2020 696 ac-

445 736 683 803 ceperit,
725 735 933 789 etiamsi
969 741 1207 801 curetur,
1255 743 1431 787 tamen
1468 736 1629 791 habet
1662 737 1869 805 peccati
1921 736 2004 790 ci—

443 827 700 881 catricem
733 827 785 881 in
815 826 934 882 loco
968 827 1210 882 vulneris
1241 829 1590 883 residentem.
1622 829 1751 895 Quae
1785 827 2016 882 cicatrix

449 934 554 972 non
593 919 767 972 solum
809 935 838 972 a
871 920 982 973 Deo
1012 920 1244 987 videtur,
1287 922 1379 976 sed
1408 930 1461 976 et
1493 923 1560 974 ab
1594 923 1673 976 eis
1722 921 1814 990 qui
1863 934 2018 974 acce-

447 1021 646 1077 perunt
671 1010 739 1064 ab
764 1026 828 1066 eo
859 1013 1112 1081 gratiam,
1143 1028 1246 1081 qua
1273 1012 1554 1080 pervidere
1581 1013 1794 1081 possint
1822 1013 2016 1067 animae

449 1101 756 1170 languores,
786 1109 842 1155 et
881 1101 1194 1156 discernere
1219 1118 1340 1171 quae
1376 1103 1444 1157 sit
1476 1101 1652 1156 anima
1695 1103 1767 1156 ita
1801 1112 2012 1164 curata,

446 1203 504 1245 ut
544 1193 688 1246 omni
721 1207 917 1262 genere
957 1193 1247 1264 vestigium
1291 1192 1424 1247 illati
1455 1193 1693 1249 vulneris
1723 1193 2011 1262 abjecerit;

444 1291 502 1334 ct
529 1297 647 1350 qua:
688 1295 876 1337 curata
908 1284 981 1338 sit
1019 1285 1257 1352 quidem,
1292 1285 1385 1339 sed
1424 1283 1564 1339 ferat
1605 1285 1785 1339 adhuc
1815 1285 2016 1340 veteris

446 1373 619 1429 morbi
655 1374 708 1428 in
746 1373 860 1442 ipso
894 1375 1116 1445 vestigio
1160 1375 1435 1430 cicatricis
1467 1374 1688 1429 indicia.
1731 1375 1883 1441 Quod
1925 1390 2016 1428 au-

445 1472 552 1520 tem
599 1467 705 1519 sint
755 1467 1000 1534 quazdam
1053 1468 1247 1521 anima:
1298 1467 1556 1530 vulnera,
1608 1466 1776 1522 Isaias
1825 1467 2012 1530 docet,

445 1556 637 1611 dicens
658 1556 742 1609 9":
781 1575 798 1608 ι
825 1559 866 1610 Α
900 1557 1127 1626 pedibus
1157 1573 1326 1628 usque
1358 1560 1424 1613 ad
1453 1568 1623 1628 caput
1655 1577 1758 1615 non
1791 1570 1872 1615 est
1902 1560 2015 1613 vul-

445 1663 570 1711 nus,
615 1663 788 1718 neque
833 1648 993 1716 livor,
1043 1665 1219 1718 neque
1266 1650 1419 1720 plaga
1463 1666 1584 1706 cum
1629 1651 1906 1717 fervore,»
1950 1653 2013 1706 de

445 1739 660 1794 delictis
708 1741 823 1794 haec
874 1741 1058 1809 procul
1108 1741 1270 1795 dubio
1331 1741 1511 1811 populi
1569 1742 1852 1810 loquens:
1892 1742 2017 1810 quia

445 1839 574 1886 sunt
628 1831 798 1901 aliqui
853 1832 1047 1899 quibus
1103 1833 1273 1900 possit
1324 1834 1500 1888 adhuc
1557 1834 2012 1890 medicamentum

428 1919 783 1992 malagmatis
830 1922 1055 1991 imponi.
1088 1921 1194 1976 Alii
1237 1938 1366 1977 vero
1399 1925 1541 1991 quod
1599 1926 1709 1978 sint
1749 1926 2016 1980 intantum

443 2022 779 2081 peccatores,
813 2021 870 2066 ut
911 2015 992 2068 eis
1040 2029 1137 2068 nec
1182 2029 1313 2068 cura
1368 2017 1539 2084 possit
1589 2017 1863 2082 adhiberi,
1915 2017 2017 2072 hoc

444 2107 610 2160 modo
658 2107 796 2160 idem
842 2107 1107 2175 propheta
1157 2108 1404 2177 designat
1450 2126 1465 2162 :
1516 2126 1536 2158 ι
1579 2107 1694 2162 Non
1744 2119 1862 2174 est,
1922 2111 2007 2162 iu-

443 2198 562 2265 quit
587 2196 656 2260 ’5,
703 2198 965 2269 malagma
1019 2199 1330 2268 imponere,
1374 2215 1551 2269 neque
1606 2201 1783 2254 oleum
1841 2200 2015 2273 (‘29),

439 2304 627 2358 neque
658 2290 1022 2360 alligaturus.»
1061 2291 1212 2358 Quod
1249 2301 1427 2346 autem
1460 2292 1738 2356 contritio,
1771 2302 1827 2348 et
1857 2294 2014 2364 plaga

444 2383 653 2436 doloris
693 2398 788 2451 per
833 2383 1255 2452 correptionem,
1288 2399 1432 2438 cura:
1469 2399 1630 2438 causa
1666 2385 2017 2452 imponantur

445 2476 642 2530 animae
684 2473 949 2531 Jeremias
990 2476 1175 2541 docet,
1217 2476 1402 2531 dicens
1425 2476 1514 2530 "z
1557 2495 1575 2529 ι
1609 2476 1701 2530 Sic
1733 2477 1866 2531 dicit
1913 2478 2016 2531 Do-

441 2570 659 2623 minus:
697 2569 962 2623 Suscitavi
1009 2567 1385 2624 contritionem
1427 2569 1577 2640 plaga
1617 2579 1709 2624 tua
1754 2585 1878 2625 cum
1919 2570 2017 2625 do-

442 2661 584 2728 lore;
613 2671 828 2717 nonest
871 2661 966 2731 qui
1002 2662 1207 2731 judicet
1239 2661 1501 2731 judicium
1546 2670 1720 2728 tuum;
1761 2676 1885 2717 cum
1922 2661 2017 2714 do-

443 2756 560 2811 lore
598 2768 786 2811 curata
818 2771 897 2824 es,
927 2755 1138 2810 utilitas
1167 2770 1271 2810 non
1300 2764 1384 2812 est
1419 2756 1469 2810 in
1517 2765 1586 2812 te.
1621 2756 1822 2812 Omnes
1853 2759 2016 2815 amici

441 2851 520 2904 tui
553 2849 710 2904 obliti
743 2858 868 2904 sunt
904 2849 1004 2911 tui,
1036 2863 1137 2902 nec
1187 2847 1297 2915 jam
1353 2848 1766 2917 interrogabuut
1813 2849 1880 2904 de
1913 2859 1963 2904 te
1997 2868 2012 2905 :

438 2943 566 3011 quia
593 2942 752 3012 plaga
808 2941 1012 2995 inimici
1053 2941 1295 3009 percussi
1337 2951 1387 2994 te
1431 2941 1782 3009 correptione
1835 2943 2012 2998 valida

441 3049 542 3102 pro
569 3034 715 3086 omni
751 3033 1036 3100 iniquitate
1071 3043 1186 3095 tua,
1219 3031 1476 3100 quoniam
1509 3032 1860 3102 multiplicata
1889 3044 2014 3088 sunt

441 3131 666 3192 peccata
695 3132 806 3175 tua.
831 3122 970 3186 Quid
999 3121 1318 3175 voeiferaris
1344 3137 1507 3189 super
1538 3123 1865 3178 contritione
1900 3124 2024 3178 tua?

441 3213 723 3269 Violentus
750 3223 834 3267 est
860 3213 1014 3268 dolor
1057 3223 1200 3272 tuus.
1235 3222 1456 3280 propter
1489 3213 1886 3268 multitudinem
1919 3215 2020 3269 iui-

446 3302 712 3369 quitatum
740 3311 952 3356 tuarum
983 3301 1383 3370 prmvaluerunt
1411 3313 1628 3371 peccata
1662 3313 1770 3369 tua,
1797 3313 1850 3356 et
1883 3303 2024 3359 fece-

443 3402 576 3448 runt
603 3393 698 3447 tibi
732 3393 866 3449 bare.
893 3392 1186 3463 Propterea
1217 3407 1404 3448 omnes
1436 3394 1526 3462 qui
1556 3395 1818 3449 devorant
1849 3404 1899 3450 te
1929 3397 2024 3451 de-

441 3484 799 3550 vorabuntur,
837 3495 890 3540 et
920 3501 1114 3540 omnes
1165 3486 1367 3539 inimici
1406 3487 1480 3539 tui
1525 3500 1717 3541 carnes
1749 3501 1876 3542 suas
1911 3486 2023 3560 (50)

439 3579 810 3634 devorabunt:
836 3589 888 3633 et
909 3589 1066 3634 erunt
1093 3583 1182 3650 qui
1223 3588 1273 3634 te
1309 3579 1686 3635 aﬂlixeruntin
1712 3579 2020 3648 amictione,

444 3680 499 3724 et
526 3683 715 3725 omnes
743 3672 834 3739 qui
873 3672 1289 3726 devastaverunt
1319 3682 1390 3734 te,
1423 3671 1559 3726 dabo
1585 3673 1635 3726 in
1669 3673 2023 3741 deprmdatio—

443 3779 564 3817 nem
582 3779 595 3826 ;
614 3764 866 3832 quoniam
887 3766 1151 3818 revocabo
1175 3764 1459 3818 sanitatem
1478 3774 1647 3827 tuam,
1664 3774 1716 3818 et
1738 3781 1766 3816 a
1784 3765 2022 3819 vulneris

443 3854 517 3905 tui
547 3852 734 3907 dolore
755 3857 1020 3908 revocabo
1050 3867 1117 3918 te,
1144 3847 1278 3910 dixit
1309 3857 1619 3910 Dominus.»
1646 3856 1915 3912 Memento
1947 3858 2022 3913 di-

439 3945 694 4013 ligentius
725 3962 841 4014 qua:
868 3948 1102 4002 audieris
1135 3964 1163 4000 a
1199 3949 1460 4016 propheta
1489 3947 1555 4001 de
1588 3949 1922 4013 vulneribus,
1953 3958 2009 4003 et

439 4037 507 4090 de
533 4037 899 4103 cicatricibus,
919 4049 970 4091 ct
993 4040 1058 4092 de
1079 4041 1376 4093 tumoribus
1395 4039 1522 4092 diei.
1548 4039 1670 4093 llaec
1693 4041 1836 4094 enim
1861 4042 2016 4097 nobis

444 4131 750 4184 necessaria
799 4139 923 4183 sunt
978 4130 1041 4183 ad
1090 4130 1485 4198 expositionem
1527 4130 1883 4197 cicatricum,
1931 4135 2017 4188 vel

442 4223 748 4286 vulnerum,
790 4221 874 4274 vel
906 4223 1138 4274 aliorum
1183 4223 1554 4290 hujuscemodi
1602 4242 1720 4295 quas
1753 4227 1804 4280 in
1849 4225 2011 4294 lepra;

441 4316 874 4384 inspectionibus
906 4326 1298 4369 memorantur.
1325 4317 1602 4372 Addcmus
1632 4329 1806 4372 tamen
1840 4320 2016 4373 adhuc

2127 475 2233 530 qua
2281 459 2411 514 dicit
2469 459 2750 521 Dominus,
2797 455 2921 525 quia
2972 469 3072 524 ego
3130 453 3330 506 adduxi
3379 453 3705 507 cicatricem

2125 553 2264 620 ejus.
2313 550 2440 605 Post
2474 549 2696 604 vulnera
2737 548 2856 601 sine
2899 547 3064 601 dubio
3091 545 3399 600 cicatricem
3446 545 3703 607 adducit,

2125 651 2180 698 et
2221 645 2532 698 sanitatem.
2574 660 2594 693 ‹
2630 642 2694 694 Et
2726 641 2929 694 curabo
2977 654 3092 705 eos,
3132 647 3190 692 et
3218 637 3585 691 manifestabo
3624 634 3708 690 eis

2126 751 2311 808 pacem
2341 743 2396 792 et
2433 734 2613 789 ﬁdem.
2641 753 2659 785 »
2694 733 2750 786 Si
2789 747 2920 802 ergo
2953 741 3076 800 post
3103 731 3465 800 cognitionem
3493 740 3548 782 et
3591 743 3708 781 IIIC-

2122 827 2357 880 dicinam
2397 825 2511 888 Dei,
2537 824 2580 877 si
2611 833 2733 891 post
2773 821 3269 874 manifestationem
3303 819 3450 887 pacis
3479 828 3536 872 et
3581 818 3707 872 tidei

2125 933 2284 986 quam
2311 932 2409 986 per
2439 915 2719 971 Christum
2753 915 3113 982 suscepimus,
3158 929 3376 968 rursum
3430 914 3482 966 in
3540 913 3708 966 istam

2122 1012 2432 1066 cicatricem
2477 1008 2739 1064 ascendat
2770 1008 2989 1076 aliquod
3037 1007 3242 1074 peccati
3296 1005 3497 1073 prioris
3550 1004 3703 1058 indi-

2123 1103 2288 1168 cium,
2324 1112 2417 1157 aut
2458 1103 2673 1174 signum
2725 1099 2945 1170 aliquod
2979 1099 3184 1153 erroris
3217 1099 3419 1152 veteris
3470 1099 3709 1151 innove-

2125 1205 2242 1261 tur;
2280 1205 2408 1250 tunc
2451 1195 2598 1250 litin
2631 1203 2755 1250 cute
2804 1191 3051 1261 corporis
3083 1191 3254 1244 nostri
3305 1191 3567 1259 contagio
3622 1189 3707 1244 le-

2121 1301 2250 1355 prm,
2280 1303 2398 1356 quce
2427 1287 2762 1354 inspicienda
2785 1294 2868 1339 est
2897 1299 2994 1354 per
3022 1282 3351 1354 pontiﬁcem,
3389 1283 3706 1337 secundum

2121 1393 2184 1431 ea
2209 1392 2330 1446 quae
2358 1377 2640 1447 legislator
2667 1376 2941 1444 exposuit.

2191 1470 2245 1525 6.
2288 1472 2533 1525 Secunda
2565 1486 2694 1525 vero
2724 1467 2936 1537 species
2964 1477 3047 1522 est
3080 1469 3262 1538 leprae,
3305 1485 3324 1518 σ
3351 1469 3396 1523 si
3441 1466 3706 1524 elllorue-

2122 1565 2212 1624 rit,
2247 1564 2418 1632 inquit
2449 1564 2513 1627 ’⁸,
2579 1565 2630 1617 in
2668 1577 2810 1628 cute,
2861 1564 2931 1617 ita
2979 1575 3037 1616 ut
3076 1573 3221 1632 tegat
3257 1577 3470 1616 omnem
3517 1571 3704 1615 cutem

2119 1657 2366 1723 corporis
2392 1671 2421 1709 a
2455 1657 2631 1723 capite
2661 1670 2828 1723 usque
2861 1655 2926 1708 ad
2957 1655 3143 1723 pedes,
3179 1669 3274 1722 per
3315 1655 3498 1707 omnia
3544 1668 3702 1723 qua:-

2047 1727 2334 1816 Bcunque
2385 1747 2643 1800 sacerdos
2687 1747 3050 1813 inspexerit.»
3101 1745 3232 1799 Cum
3293 1759 3422 1814 ergo
3474 1758 3704 1798 onmem

2120 1849 2298 1894 cutem
2329 1837 2574 1907 corporis
2619 1836 2908 1898 obtexerit,
2953 1847 3079 1888 tunc
3117 1837 3375 1889 mundum
3405 1852 3529 1890 eum
3573 1849 3704 1890 esse

2121 1931 2378 1986 sacerdos
2424 1946 2452 1982 a
2506 1929 2828 1998 contagione
2883 1929 3215 1997 pronuntiat.
3271 1927 3375 1982 Sed
3432 1927 3484 1981 in
3549 1942 3697 1996 qua-

2119 2035 2332 2091 cunque
2373 2022 2458 2076 die
2506 2023 2818 2090 apparuerit
2866 2024 2922 2076 in
2968 2035 3033 2074 eo
3067 2020 3220 2073 color
3251 2019 3420 2085 vivus,
3471 2033 3701 2074 rursum

2113 2112 2293 2181 judica
2307 2123 2392 2167 tur
2417 2115 2726 2167 immundus
2755 2128 2851 2182 per
2880 2113 2982 2167 hoc
3011 2113 3152 2183 quod
3181 2113 3330 2167 color
3356 2113 3407 2165 in
3437 2126 3502 2166 eo
3532 2111 3702 2164 vivus

2115 2209 2393 2280 apparuit,
2425 2221 2584 2275 quem
2618 2217 2744 2262 ante
2794 2223 2899 2262 non
2945 2207 3154 2262 habuit.
3197 2205 3268 2259 De
3318 2207 3420 2260 hoc
3467 2205 3695 2274 quidam

2118 2300 2279 2354 etiam
2312 2308 2436 2352 ante
2469 2313 2553 2352 me
2595 2299 2870 2360 dixerunt,
2909 2313 3005 2367 per
3038 2298 3273 2352 colorem
3315 2299 3495 2351 vivum
3545 2298 3698 2352 indi-

2119 2390 2232 2446 cari
2283 2390 2546 2444 rationem
2576 2390 2701 2444 vita:
2748 2404 2867 2459 qua:
2911 2389 2964 2444 in
2998 2389 3218 2442 homine
3249 2399 3370 2453 est;
3409 2403 3517 2458 qua
3551 2405 3695 2445 non-

2118 2485 2243 2536 dum
2285 2480 2336 2534 in
2371 2484 2548 2534 anima
2588 2481 2783 2549 posita,
2819 2481 2863 2534 si
2907 2481 3032 2547 quid
3068 2480 3174 2534 illic
3212 2481 3416 2548 precati
3458 2480 3572 2544 ﬁat,
3608 2497 3698 2534 re-

2118 2583 2337 2644 putatur
2385 2588 2484 2642 pro
2537 2588 2602 2628 eo
2656 2574 2798 2642 quod
2863 2575 3110 2627 videatur
3169 2577 3402 2628 nondum
3462 2573 3695 2627 rationis

2118 2680 2287 2734 capax
2316 2680 2437 2720 esse
2470 2665 2515 2720 is
2546 2666 2636 2734 qui
2667 2665 2950 2732 delinquit.
2977 2665 3108 2719 Cum
3151 2675 3330 2720 autem
3361 2667 3502 2720 ratio
3534 2667 3590 2719 in
3620 2681 3687 2721 eo

2123 2759 2303 2812 locum
2333 2773 2398 2813 ac
2429 2769 2638 2826 tempus
2674 2757 2958 2817 invenerit,
2987 2759 3030 2812 si
3063 2759 3192 2827 quid
3229 2759 3340 2828 jam
3377 2768 3565 2813 contra
3607 2775 3697 2813 ra-

2123 2849 2323 2903 tionem
2358 2859 2501 2918 agat,
2541 2847 2712 2902 videri
2745 2863 2866 2900 eum
2895 2847 3020 2914 jure
3063 2849 3410 2920 culpabilem.
3445 2849 3549 2904 Nos
3585 2865 3691 2903 au-

2121 2946 2224 2992 tem
2254 2937 2566 3006 diligentius
2610 2950 2728 3002 quae
2760 2935 2962 3003 scripta
2996 2944 3121 2989 sunt
3163 2945 3502 2999 contuentes,
3545 2935 3698 2988 arbi-

2049 3067 2092 3124 C
2128 3040 2335 3084 tramur
2379 3031 2549 3098 magis
2597 3029 2714 3082 haec
2746 3031 2813 3083 de
2849 3029 2953 3084 illis
2985 3029 3322 3099 accipienda,
3365 3029 3564 3097 quibus
3610 3029 3698 3084 vel

2126 3121 2406 3190 phrenesi,
2433 3121 2520 3175 vel
2565 3120 2772 3182 furore.
2810 3121 2895 3174 vel
2942 3135 3268 3190 quocunque
3301 3135 3367 3174 ex
3414 3128 3571 3187 pacto
3603 3135 3698 3174 oc-

2124 3223 2349 3282 cupatus
2377 3212 2462 3266 vel
2501 3227 2788 3282 Oppressus
2815 3221 2898 3268 est
2931 3227 3152 3276 sensus,
3193 3221 3248 3266 et
3289 3222 3455 3280 agunt
3501 3223 3696 3268 contra

2124 3305 2411 3358 rationem.
2444 3303 2622 3358 Mundi
2652 3318 2782 3374 ergo
2815 3303 2901 3357 isti
2938 3319 2967 3356 a
3005 3303 3174 3371 lepra,
3205 3303 3257 3357 id
3293 3313 3376 3358 est
3421 3303 3697 3358 immunes

2123 3393 2463 3463 appellantur
2507 3408 2537 3448 a
2576 3403 2821 3462 peccato,
2864 3393 2954 3462 qui
2999 3401 3154 3447 actus
3198 3391 3317 3458 sui,
3359 3391 3442 3447 vel
3489 3402 3694 3460 motus,

2121 3502 2228 3542 non
2267 3487 2465 3541 habent
2505 3501 2743 3540 sensum.
2771 3485 2922 3552 Quod
2957 3486 3001 3540 si
3036 3485 3173 3539 forte
3200 3485 3507 3553 apparuerit
3541 3485 3594 3539 in
3621 3501 3693 3541 eo

2123 3581 2280 3632 vivus
2304 3578 2454 3632 color
2486 3577 2752 3646 corporis,
2779 3576 2881 3630 hoc
2905 3585 2990 3630 est
3019 3590 3210 3629 sensus
3237 3575 3319 3630 sui
3359 3585 3605 3645 reparata
3635 3577 3692 3631 in

2124 3681 2188 3718 eo
2223 3666 2382 3718 fuerit
2419 3668 2650 3726 sanitas,
2680 3673 2734 3716 et
2764 3673 2884 3732 post
2915 3664 3030 3718 haec
3066 3664 3268 3733 aliquid
3301 3675 3489 3718 contra
3526 3666 3694 3719 ratio-

2125 3771 2244 3811 nem
2281 3755 2418 3809 recti
2452 3755 2693 3825 justique
2729 3765 2902 3824 gerat,
2939 3757 3174 3823 reputari
3211 3756 3259 3808 ei
3296 3766 3572 3824 peccatum
3610 3757 3693 3810 di-

2124 3852 2262 3903 citur
2295 3863 2358 3900 ex
2391 3863 2454 3901 ea
2489 3857 2638 3913 parte
2668 3863 2772 3914 qua
2806 3847 2960 3901 vivus
2991 3849 3160 3912 color,
3195 3847 3247 3901 id
3281 3859 3360 3902 est
3392 3863 3586 3902 sensus
3621 3850 3672 3901 iu

2123 3955 2190 3995 eo
2221 3939 2356 3992 viva:
2384 3938 2608 3991 rationis
2633 3939 2964 4006 apparuerit.

2190 4038 2244 4091 7.
2286 4037 2466 4091 Tertia
2501 4037 2583 4089 lex
2631 4037 2697 4088 de
2727 4035 2958 4103 leprosis
2987 4044 3069 4089 est
3114 4051 3236 4090 cum
3283 4038 3336 4088 in
3387 4044 3511 4089 cute
3560 4051 3684 4087 cor-

2120 4130 2268 4200 poris
2318 4130 2470 4182 ulcus
2536 4127 2786 4187 edicitur,
2828 4135 2883 4181 et
2935 4127 2986 4179 in
3044 4125 3160 4180 loco
3215 4125 3413 4180 ulceris
3463 4125 3685 4179 cicatrix

2119 4225 2236 4277 alba
2288 4239 2410 4276 cum
2467 4224 2665 4274 rubore
2712 4221 3002 4276 invenitur.
3051 4219 3260 4274 Ulceris
3297 4229 3472 4272 autem
3525 4234 3685 4272 causa

2119 4325 2234 4380 est,
2275 4331 2396 4369 cum
2439 4315 2491 4368 in
2535 4328 2764 4382 corpore
2819 4313 3014 4366 humor
3061 4311 3312 4366 sordidus
3351 4311 3593 4363 abundat
3632 4321 3684 4364 et

438 4425 559 4477 qua:
579 4417 634 4462 ct
658 4410 708 4462 in
733 4409 836 4462 alio
867 4408 984 4462 loco
1009 4408 1148 4461 idem
1167 4406 1429 4463 Jeremias
1455 4412 1520 4464 ad
1547 4412 1742 4465 anima:
1763 4411 2006 4475 vulnera,
2041 4424 2085 4478 ι)
2117 4412 2329 4466 noxius.
2381 4410 2458 4462 Ita
2489 4423 2618 4478 ergo
2660 4417 2714 4462 et
2750 4409 2802 4460 in
2859 4407 3036 4460 :mima
3085 4406 3265 4460 ulcera
3313 4404 3686 4473 intelliguntur

439 4511 496 4554 et
527 4516 708 4568 curas,
753 4501 804 4554 in
839 4501 1033 4569 quibus
1065 4510 1243 4554 tamen
1273 4503 1500 4572 vestigia
1533 4503 1816 4558 vulnerum
1859 4519 2008 4558 rese-

440 4593 621 4645 derint
662 4603 781 4661 post
827 4593 1118 4648 obductam
1170 4595 1506 4658 cicatricem,
1542 4595 1623 4649 bis
1667 4597 2011 4650 sermonibus

442 4694 706 4738 memorat
731 4685 818 4738 '7:
857 4703 877 4735 «
910 4684 1047 4740 Ecce
1077 4701 1176 4756 ego
1220 4688 1483 4740 adducam
1521 4688 1828 4742 cicatricem
1872 4689 2011 4756 ejus,

439 4785 493 4829 et
543 4776 702 4828 simul
737 4779 940 4830 curabo
973 4792 1088 4843 eos,
1133 4787 1187 4832 et
1217 4778 1572 4832 manifestabo
1616 4780 1695 4835 eis
1743 4796 1928 4849 pacem
1956 4791 2013 4834 et

444 4867 626 4929 tidem,
659 4880 710 4922 et
746 4868 905 4937 232
933 4879 1249 4924 convertam
1286 4871 1654 4938 captivitatem
1683 4871 1834 4926 .luda:
1876 4873 2012 4943 (51),

442 4967 498 5009 et
535 4958 904 5026 captivitatem
954 4959 1273 5015 Jerusalem.
1301 4981 1320 5013 »
1362 4962 1417 5015 Si
1449 4977 1575 5031 ergo
1623 4962 1948 5018 sullicienter
1983 4981 2010 5016 a

445 5052 703 5117 propheta
755 5052 1043 5107 didicimus
1091 5054 1158 5107 de
1205 5054 1524 5108 vulneribus
1568 5063 1623 5108 et
1665 5055 2013 5112 cicatricibus

445 5143 769 5209 auimnrum,
798 5153 853 5197 et
886 5146 1032 5197 curis
1072 5161 1135 5200 ac
1169 5147 1514 5211 sanitatibus,
1543 5162 1662 5216 qua:
1694 5148 1802 5202 Deo
1842 5151 2012 5204 medi-

512 5284 563 5317 “
604 5283 704 5338 lsa.
751 5300 797 5348 ι,
847 5286 899 5338 6.

516 5405 628 5476 (:29)
674 5405 849 5478 Neque
883 5407 1070 5461 oleum.
1113 5407 1272 5462 Deest
1323 5408 1376 5461 in
1421 5409 1572 5463 libris
1620 5419 1780 5463 antea
1825 5409 2012 5478 editis,

449 5478 541 5529 sed
579 5477 854 5550 suppletur
893 5491 922 5530 e
953 5494 1083 5532 mss.
1118 5479 1258 5532 Infra
1293 5489 1453 5550 recte,
1483 5480 1648 5534 codex
1670 5477 2010 5550 gSangermg

452 5565 471 5596 ι
503 5548 878 5600 contritionem
916 5550 1067 5617 plaga
1100 5559 1186 5601 ttta
1217 5563 1335 5602 cum
1372 5549 1574 5604 dolore.
1603 5570 1622 5604 »
1669 5548 2006 5617 Libbfediti,

455 5636 475 5670 ι
504 5618 889 5688 contritionem
920 5620 1088 5688 plaga:
1116 5629 1218 5673 tua:
1240 5635 1359 5673 cum
1388 5620 1589 5676 dolore.
1615 5640 1633 5672 »

525 5688 633 5760 (50)
675 5687 872 5745 Omnes
904 5705 1060 5757 mss.,
1094 5711 1112 5743 ι
1140 5700 1277 5746 tuas.
1302 5710 1319 5742 »
1354 5691 1495 5746 Infra
1525 5693 1655 5749 libb.
1685 5692 1834 5762 editi,
1875 5710 1892 5745 ι
1925 5708 2006 5750 re—

993 5287 1038 5317 "
1077 5286 1206 5340 ibid.
1279 5289 1327 5320 ⁸⁸
1363 5286 1472 5343 Jer.
1507 5304 1638 5357 xxx,
1669 5288 1735 5342 12
1778 5298 1832 5344 et
1866 5304 2021 5360 seqq.

2119 4519 2216 4569 ea,
2245 4517 2362 4571 quae
2401 4517 2467 4554 ex
2513 4501 2807 4554 immundis
2858 4499 3269 4568 cupiditatibus,
3317 4497 3401 4552 vel
3451 4497 3682 4551 sordidis

2119 4593 2537 4663 cogitationibus
2571 4591 2954 4648 ellervescuut.
2995 4591 3125 4657 Quae
3159 4592 3200 4644 si
3239 4589 3379 4644 forte
3423 4604 3518 4658 per
3565 4588 3683 4643 ﬁdei

2120 4688 2354 4754 gratiam
2386 4696 2441 4740 et
2473 4688 2852 4740 remissionem
2903 4696 3090 4739 curata
3129 4693 3254 4738 sunt
3308 4692 3682 4752 peccatorum,

2120 4791 2174 4834 et
2208 4795 2338 4834 sana
2379 4780 2515 4832 facta
2547 4789 2632 4831 est
2662 4777 2863 4842 anima,
2900 4777 3097 4830 residet
3129 4786 3308 4830 tamen
3337 4776 3596 4839 cicatrix;
3634 4783 3687 4827 et

2121 4873 2164 4925 si
2213 4872 2326 4943 ipsa
2371 4871 2601 4924 cicatrix
2638 4886 2742 4924 non
2789 4869 2952 4922 habet
2982 4869 3211 4922 similem
3251 4867 3494 4935 corporis
3536 4868 3683 4920 colo-

2122 4981 2255 5029 rem,
2302 4966 2396 5019 sed
2425 4973 2510 5017 est
2548 4963 2800 5026 albidior,
2836 4961 2983 5029 lepra
3013 4975 3133 5015 esse
3175 4959 3576 5028 pronuntiatur.
3609 4956 3684 5010 lta

2116 5058 2260 5112 enim
2293 5056 2469 5110 lucida
2509 5055 2820 5108 videntibus
2857 5053 2968 5123 (32)
3007 5062 3090 5108 est
3128 5061 3183 5106 et
3223 5051 3366 5106 clara
3397 5051 3686 5119 cupiditas,

2118 5161 2176 5204 ut
2201 5149 2365 5204 etiam
2407 5163 2574 5217 porro
2609 5147 2917 5203 videntibus
2959 5143 3164 5216 peccati
3210 5145 3262 5198 in
3303 5159 3362 5198 se
3400 5144 3687 5200 residentis

2784 5283 2828 5316 ⁸⁸
2867 5282 3036 5337 Levit.
3066 5297 3197 5345 xtl],
3236 5282 3325 5336 12.

2119 5407 2326 5462 vocabo
2370 5405 2738 5460 sanctitatem.
2775 5422 2794 5455 »
2839 5403 2942 5457 Sed
2978 5418 3136 5468 mss.,
3175 5422 3194 5454 ι
3227 5405 3491 5457 revocabo
3533 5403 3687 5456 sani-

2121 5488 2306 5532 latetn.
2332 5495 2351 5528 »

2189 5549 2300 5615 (51)
2341 5547 2523 5598 Codex
2558 5543 2863 5612 Sangerm.,
2900 5562 2918 5596 ι
2947 5553 2999 5598 ct
3031 5554 3339 5598 convertam
3381 5542 3594 5599 Iudam.
3623 5562 3642 5597 »

2187 5613 2298 5689 (52)
2345 5616 2672 5689 Videntilms.
2707 5616 2870 5689 _Decst
2924 5615 2974 5668 in
3009 5616 3322 5689 libb.autea
3355 5616 3536 5681 editis,
3583 5613 3679 5671 sed

2112 5686 2392 5766 suppletur
2423 5703 2451 5744 e
2481 5686 2665 5742 codice
2701 5687 3179 5756 Sangermaueusi,

2094 5289 2138 5322 ⁸⁷
2177 5286 2376 5342 Jerem.
2403 5298 2610 5351 sunt,
2651 5282 2705 5338 6.
