4024 6146
310 230 432 287 501
1500 226 1568 283 ll\
1601 223 1980 283 LEVITICUM
2010 220 2295 280 HOMILIA
2326 220 2464 278 Vlll.
3476 208 3588 268 502

316 342 582 406 ostendat
627 344 873 414 indicia;
914 351 972 402 et
1017 343 1269 401 fortassis
1317 344 1528 415 peccati
1578 343 1738 409 talis,
1775 344 1918 413 quod
1947 346 1998 407 Α
2026 341 2202 396 fronte
2216 341 2332 409 ejus
2353 338 2694 404 deduxerint,
2721 333 2969 392 recalvus
2991 339 3095 399 est,
3121 337 3173 387 et
3200 330 3434 385 mundos
3452 338 3587 384 est.»

327 444 407 497 ad
444 447 681 494 mortem
719 440 823 507 sit;
863 448 919 495 et
966 438 1087 494 ideo
1132 453 1240 493 non
1289 436 1466 493 solum
1513 436 1636 492 alba
1687 435 1919 491 cicatrix
1966 498 1967 501 η
2017 433 2084 489 Et
2113 433 2499 489 convenienter
2531 431 2645 484 haec
2672 426 2986 483 referuntur
3015 425 3080 478 ad
3103 422 3445 505 auimam,ut
3469 434 3593 474 cum

326 547 472 599 esse,
503 533 599 586 sed
626 541 683 585 et
715 529 1019 586 rubicunda
1062 528 1418 585 describitur.
1463 527 1614 596 Quod
1642 541 1770 583 vero
1814 527 1918 581 bu-

322 624 607 679 miliorem
637 625 813 691 ipsam
850 621 1166 678 cicatricem
1198 621 1331 677 dicit
1369 620 1566 684 videri,
1596 629 1804 675 certum
1835 627 1920 673 est

320 715 463 784 quia
501 714 814 784 hujusmodi
854 713 1065 769 macula
1115 712 1329 785 peccati
1377 712 1639 769 humilem
1669 721 1725 767 et
1768 709 1920 782 deje-

322 813 479 855 ctam
512 802 753 857 animam
784 801 971 859 faciat.

403 891 461 947 8.
503 892 710 959 Quarta
742 901 826 948 est
866 892 985 961 lex,
1026 893 1122 950 ubi
1165 891 1389 960 dicitur,
1436 893 1562 962 quia
1615 894 1660 950 si
1695 893 1751 949 in
1797 902 1921 949 cute

323 981 434 1037 ﬁat
469 984 687 1040 adustio
730 985 895 1056 ignis,
936 995 992 1042 et
1024 995 1148 1055 post
1190 988 1307 1042 haec
1352 1001 1476 1042 cum
1516 998 1707 1043 sanata
1756 985 1920 1041 fuerit

319 1075 574 1139 adustio,
622 1077 740 1147 ipsa
781 1077 1061 1146 splendida
1105 1078 1238 1145 ﬂat,
1279 1086 1337 1133 et
1367 1078 1493 1133 alba
1523 1093 1649 1133 eum
1694 1078 1916 1143 rubore,

323 1169 426 1222 vel
457 1177 613 1224 certe
658 1169 935 1236 exalbida,
980 1181 1036 1227 et
1068 1171 1210 1226 visio
1244 1171 1361 1240 ejus
1405 1170 1668 1226 humilior
1713 1170 1920 1239 reliqua

323 1270 483 1323 cute,
512 1270 567 1314 et
607 1262 747 1316 hanc
784 1262 917 1317 dicit
949 1275 1073 1317 esse
1120 1262 1368 1332 lepram,
1412 1278 1532 1330 quae
1571 1262 1624 1318 in
1674 1262 1919 1316 adustios

323 1365 465 1407 nem
498 1352 738 1408 emeruit
771 1353 904 1424 (33).
938 1352 1070 1410 Vide
1109 1369 1242 1426 ergo
1279 1356 1323 1411 si
1359 1370 1462 1408 non
1509 1354 1725 1409 adustio
1753 1362 1836 1408 est
1869 1351 1921 1406 in

326 1442 493 1497 omni
552 1442 737 1496 anima
807 1456 1147 1512 quaecunque
1206 1442 1403 1512 recipit
1452 1439 1631 1510 jacula
1700 1437 1922 1507 maligni

325 1530 553 1601 ignita;
588 1540 681 1585 aut
709 1532 753 1586 si
794 1546 902 1585 non
945 1531 1058 1601 igni
1100 1532 1372 1596 aduritur,
1411 1530 1592 1585 omnis
1633 1530 1723 1599 qui
1766 1527 1924 1581 ardet

327 1624 391 1677 in
430 1637 621 1677 amore
645 1623 873 1677 carnali.
906 1621 1028 1679 Istat
1057 1632 1184 1678 sunt
1217 1638 1346 1693 ergo
1374 1622 1689 1678 adnstiones
1715 1630 1771 1676 et
1798 1635 1924 1675 suc-

2019 541 2080 582 ea
2108 540 2229 596 quae
2258 525 2340 579 sui
2371 531 2561 578 natura
2597 530 2806 576 mortua
2842 526 2972 573 sunt
3003 514 3188 583 abjicit
3218 528 3282 568 ac
3336 500 3594 582 deponit,

2020 619 2217 674 munda
2245 632 2367 673 esse
2388 615 2622 671 dicatur.
2656 612 2762 668 Sed
2794 619 2916 680 post
2954 610 3070 663 haec
3104 606 3150 660 si
3192 619 3259 658 ea
3296 619 3415 676 qua:
3444 603 3596 672 prius

2017 709 2303 779 puriﬁcata
2335 705 2571 771 fuerant,
2629 701 2962 774 repullulare
3008 698 3285 755 sordidius
3326 706 3382 752 et
3414 693 3596 750 humi-

2016 801 2146 864 lius,
2175 814 2338 868 quam
2377 799 2614 868 dignitas
2650 794 2908 868 puritatis
2941 793 3178 860 expetit,
3228 790 3592 851 videbuntur,

2021 893 2355 947 immundam
2412 905 2476 945 ac
2509 889 2777 959 leprosam
2816 886 3052 940 animam
3097 882 3327 938 reddent
3361 879 3495 952 ('55).
3530 879 3597 934 Et

2021 982 2126 1038 hoc
2152 981 2258 1050 jam
2286 980 2622 1051 generaliter
2648 979 2715 1034 de
2737 976 2884 1032 omni
2925 975 3139 1043 leproso
3161 1014 3175 1037 ,
3208 974 3263 1026 in
3297 987 3405 1042 quo
3436 971 3600 1028 fuerit

2022 1075 2280 1144 contagio
2340 1074 2532 1143 leprm,
2578 1079 2633 1127 et
2674 1069 2932 1126 humilior
2995 1066 3271 1122 videbitur
3318 1082 3345 1118 a
3389 1065 3596 1135 reliqua

2021 1179 2182 1234 cute;
2240 1168 2499 1223 humilius
2529 1178 2760 1235 namque
2786 1171 2873 1219 est
2915 1174 3076 1217 omne
3113 1161 3313 1215 animae
3346 1158 3535 1213 vitium
3567 1172 3600 1211 a

2026 1261 2249 1331 reliquis
2277 1259 2393 1329 ejus
2421 1258 2736 1314 virtutibus.
2763 1255 2876 1312 Lex
2911 1272 3030 1326 qum
3056 1252 3321 1324 spiritalis
3359 1259 3462 1319 est,
3494 1250 3601 1306 alia

2023 1354 2268 1426 quaedam
2312 1352 2574 1408 decernit.
2614 1369 2632 1401 ι
2659 1349 3014 1414 Vestimenta,
3045 1348 3219 1418 inquit
3244 1349 3287 1413 ',
3330 1345 3445 1415 ejus
3491 1345 3603 1401 dis—

2026 1456 2146 1500 suta
2197 1446 2334 1508 sint,
2374 1451 2429 1497 et
2469 1451 2632 1510 caput
2666 1441 2782 1508 ejus
2812 1438 3128 1504 revelatum,
3162 1449 3214 1494 et
3246 1454 3308 1493 os
3340 1436 3456 1505 ejus
3515 1437 3606 1490 ad-

2024 1545 2298 1608 apertum.
2324 1555 2344 1589 ι
2367 1536 2469 1590 Per
2491 1550 2611 1605 quae
2630 1535 2877 1604 designat
2899 1550 3021 1588 emn
3040 1535 3129 1602 qui
3149 1535 3203 1589 in
3226 1534 3404 1587 anima
3429 1530 3605 1600 lepro-

2028 1644 2125 1685 sus
2146 1637 2252 1693 est,
2280 1628 2332 1682 id
2382 1637 2465 1682 est
2498 1628 2591 1696 qui
2626 1625 2866 1695 peccatis
2897 1625 3144 1680 conﬁxus
3170 1635 3273 1686 est.
3306 1639 3410 1677 non
3442 1635 3605 1692 opor-

324 1714 631 1769 censiones
665 1715 825 1784 ignis.
853 1713 959 1770 Sed
1005 1724 1060 1769 et
1091 1714 1179 1771 ille
1210 1716 1549 1770 adustionem
1581 1713 1804 1783 patitur,
1834 1708 1925 1779 qui

2033 1731 2148 1778 tere
2180 1734 2402 1775 assuerc
2437 1719 2538 1775 sibi
2568 1731 2894 1792 tegumenta,
2926 1732 2981 1777 et
3008 1720 3370 1789 turpitudines
3389 1717 3609 1786 operire

328 1805 528 1874 gloriae
565 1806 811 1861 humanae
852 1806 1147 1874 cupiditate
1205 1806 1575 1872 succenditur,
1612 1815 1667 1861 et
1699 1806 1791 1875 qui
1828 1803 1922 1860 irae

330 1896 420 1949 vel
460 1898 664 1951 furoris
695 1896 918 1953 aestibus
947 1896 1334 1953 inﬂammatur.
1359 1898 1515 1965 Quod
1561 1899 1606 1953 si
1655 1899 1795 1956 forte
1828 1915 1925 1954 cu-

334 1999 496 2042 retur
525 1989 596 2043 ab
625 1990 709 2044 bis
755 1990 1072 2046 vulneribus
1103 1992 1283 2045 anima
1319 2006 1413 2059 per
1462 1990 1658 2056 fidem,
1702 2002 1757 2047 et
1806 2003 1927 2062 post

333 2085 639 2138 sanitatem
678 2095 948 2153 receptam
982 2096 1294 2155 contempto
1343 2102 1408 2141 eo
1455 2086 1703 2143 dixit”:
1736 2107 1755 2139 ι
1787 2088 1925 2143 Ecce

328 2176 448 2245 jam
477 2191 647 2230 sanus
684 2174 860 2232 factus
895 2192 976 2243 es,
1011 2177 1120 2233 noli
1158 2193 1405 2248 peccare,
1435 2194 1504 2234 ne
1539 2179 1668 2249 quid
1700 2180 1796 2235 tibi
1835 2180 1927 2234 de-

335 2266 516 2322 terius
553 2269 864 2340 contingat;
892 2289 912 2322 ι
957 2271 1182 2340 incipiat
1214 2273 1413 2327 veteris
1450 2273 1565 2326 vitii
1618 2271 1831 2327 fructus
1859 2288 1926 2327 ex

334 2361 578 2415 obducta
610 2360 870 2417 cicatrice
900 2363 1172 2432 proferre,
1204 2378 1305 2418 nec
1339 2374 1657 2433 exaequetur
1689 2366 1923 2420 cicatrix

336 2451 409 2507 ad
467 2451 662 2521 reliqui
714 2454 958 2522 corporis
1001 2462 1215 2519 cutem,
1263 2456 1359 2509 sed
1405 2456 1476 2508 sit
1526 2456 1817 2523 humilior,
1871 2466 1925 2510 et

338 2542 498 2597 illum
538 2544 714 2601 adhuc
744 2547 979 2601 retineat
1010 2547 1272 2613 colorem,
1320 2562 1479 2616 quem
1529 2549 1719 2617 habuit
1763 2549 1929 2620 lepra:

341 2645 631 2705 tempore;
657 2636 806 2708 lepra
840 2636 958 2708 ejus
999 2641 1052 2693 in
1088 2640 1372 2695 adustione
1404 2638 1670 2706 reﬂoruit,
1708 2648 1762 2697 et
1806 2642 1929 2698 ideo

336 2726 661 2783 immundus
687 2744 718 2782 a
750 2731 1035 2785 sacerdote
1059 2730 1358 2800 judicatur.
1530 2772 1541 2797 .,

413 2819 476 2874 9.
516 2819 712 2885 Quinta
743 2822 955 2890 species
993 2823 1159 2892 lepra:
1187 2834 1293 2889 est,
1337 2840 1458 2880 cum
1498 2824 1552 2880 in
1585 2825 1762 2894 capite
1796 2840 1928 2882 con-

340 2911 499 2981 tagio
544 2911 797 2979 edicitur,
839 2922 932 2969 aut
981 2915 1036 2970 in
1077 2916 1251 2972 barba
1308 2917 1447 2982 viri,
1495 2918 1612 2974 sive
1664 2918 1929 2987 mulieris,

340 3007 426 3062 ita
458 3015 519 3061 ut
546 3007 683 3061 visio
731 3002 1072 3078 contagionis
1115 3010 1288 3080 ipsius
1332 3011 1593 3067 humilior
1617 3013 1689 3068 sit
1730 3029 1760 3068 a
1805 3022 1932 3070 cute

342 3100 620 3171 corporis,
642 3109 699 3156 et
731 3101 849 3157 hac
877 3111 962 3157 est
990 3102 1136 3171 lepra
1168 3103 1381 3173 capitis,
1414 3103 1498 3159 vel
1544 3106 1749 3160 barbas.
1781 3104 1924 3161 Vide

343 3207 484 3263 ergo
510 3193 554 3247 si
588 3201 770 3262 potest
802 3193 942 3259 ﬁeri,
970 3202 1027 3247 ut
1070 3193 1216 3263 lepra
1259 3194 1454 3263 capitis
1484 3206 1704 3264 putetur
1739 3196 1794 3251 in
1838 3211 1926 3263 eo,

344 3283 448 3353 qui
478 3298 584 3337 non
617 3283 781 3338 habet
814 3293 977 3352 caput
1006 3284 1309 3351 Christum,
1338 3286 1432 3340 sed
1464 3285 1631 3341 alium
1670 3286 1926 3357 aliquem,

343 3374 510 3430 verbi
561 3390 751 3441 causa,
795 3376 1089 3446 Epicurum
1134 3374 1466 3444 voluptatem
1511 3392 1780 3431 summum
1828 3378 1928 3432 bo-

347 3482 485 3524 num
546 3468 969 3539 pmdicantem,
1015 3483 1146 3523 num
1181 3468 1276 3522 tibi
1315 3477 1372 3522 et
1423 3476 1619 3537 caput,
1663 3478 1719 3524 et
1760 3469 1929 3525 barba

349 3563 482 3619 talis
511 3550 746 3618 hominis
775 3562 990 3617 videtur
1017 3561 1337 3616 immunda?
1371 3560 1475 3616 Sed
1510 3570 1566 3616 et
1596 3562 1644 3617 is
1672 3562 1763 3631 qui
1801 3578 1928 3618 cum

351 3653 552 3709 debeat
597 3667 718 3708 esse
770 3653 875 3719 vir,
918 3660 973 3708 et
1022 3667 1183 3722 agere
1243 3662 1501 3720 tanquam
1550 3653 1844 3724 perfectus,
1885 3656 1930 3710 si

352 3748 498 3801 forte
538 3746 699 3800 facile
736 3756 789 3802 et
830 3755 1089 3815 tanquam
1131 3761 1266 3816 puer
1310 3746 1564 3800 vincatur
1603 3762 1633 3801 a
1677 3757 1928 3818 peccato,

353 3840 519 3894 etiam
543 3839 659 3909 ipse
685 3838 892 3908 lepram
925 3840 1104 3894 barbae
1130 3840 1332 3895 habere
1366 3840 1628 3896 dicendus
1653 3851 1768 3905 est;
1804 3841 1931 3912 quia

356 3946 485 3986 cum
511 3933 738 3987 vincere
781 3932 1004 3988 deberet
1035 3932 1354 4000 malignum,
1383 3941 1438 3988 et
1480 3935 1801 3988 sacerdotali
1834 3936 1931 3991 bo-

356 4040 512 4087 nore,
549 4024 640 4093 qui
690 4024 743 4078 in
794 4025 962 4080 barba
1017 4024 1354 4096 designatur,
1409 4026 1697 4091 incedere,
1744 4028 1929 4083 adole-

357 4117 584 4171 scentite
615 4116 764 4170 vitiis
796 4116 1106 4185 impeditus,
1138 4116 1347 4185 lepram
1384 4119 1569 4171 barba:
1605 4120 1929 4188 perpetitur.

358 4207 639 4264 Mulierem
686 4216 868 4263 autem
940 4209 1178 4263 animam
1236 4209 1290 4263 in
1348 4209 1647 4280 Scripturis
1703 4211 1935 4265 indicari

358 4315 503 4366 eam,
545 4317 664 4371 quae
712 4317 819 4357 non
862 4310 972 4355 tam
1028 4302 1274 4372 proferre
1320 4318 1505 4359 semen
1551 4304 1721 4367 verbi,
1770 4320 1934 4374 quam

359 4394 639 4463 suscipere
689 4402 888 4461 potest,
935 4407 1079 4462 saepe
1127 4393 1333 4447 dictum
1375 4403 1497 4458 est;
1549 4409 1670 4464 qua:
1724 4394 1929 4465 lepram

362 4485 565 4539 habere
616 4484 933 4553 designatur
980 4485 1034 4538 in
1087 4487 1284 4555 capite,
1322 4486 1367 4541 si
1402 4486 1581 4540 virum
1620 4486 1712 4556 qui
1766 4497 1933 4553 caput

362 4575 605 4631 mulieris
648 4584 756 4643 est,
788 4576 840 4630 id
876 4584 961 4639 est
1015 4576 1292 4632 doctorem
1332 4577 1596 4644 pollutum
1633 4578 1829 4632 habeat
1879 4588 1935 4632 et

359 4665 733 4732 immundum,
782 4674 841 4719 ut
873 4665 1234 4733 Marcionetn,
1284 4674 1381 4720 aut
1433 4666 1800 4732 Valentinum,
1838 4678 1935 4722 aut

362 4760 595 4827 aliquem
625 4758 888 4827 ejusmodi
915 4773 1170 4826 sequens.

429 4850 518 4904 10.
555 4850 720 4906 Sexta
762 4850 874 4920 jam
902 4858 958 4905 et
998 4850 1190 4906 ultima
1239 4851 1452 4922 species
1487 4852 1650 4921 lepra:
1689 4853 1931 4923 ponitur,

359 4956 479 5012 quae
523 4943 584 4998 lit
628 4944 684 4997 in
727 4943 941 4998 calvitie
984 4943 1071 4997 vel
1135 4944 1416 5000 recalvitie
1460 4944 1631 5016 ('54);
1674 4961 1792 5014 quae
1850 4961 1939 5001 res

361 5045 624 5103 quantum
668 5035 720 5089 in
778 5035 978 5106 seipsis
1025 5044 1141 5101 est,
1194 5038 1407 5092 mundae
1450 5046 1596 5092 sunt.
1646 5037 1739 5093 Sic
1788 5039 1935 5094 enim

366 5126 528 5197 233
559 5128 694 5181 dixit
722 5140 777 5180 et
805 5130 923 5182 lex:
967 5145 986 5179 ι
1009 5126 1067 5183 Si
1116 5127 1293 5197 cujus,
1333 5128 1507 5199 inquit
1544 5129 1583 5194 ⁸,
1615 5129 1935 5186 deduxerint

2027 1818 2264 1887 peccati.
2318 1817 2474 1874 Sicut
2511 1819 2659 1874 enim
2718 1818 2764 1871 is
2810 1817 2965 1886 cujus
3020 1813 3347 1870 vestimenta
3401 1812 3604 1866 dissuta

2029 1917 2175 1975 sunt,
2199 1911 2399 1965 nudam
2424 1919 2590 1978 atque
2608 1908 2870 1963 inlectam
2898 1905 3039 1976 gerit
3066 1902 3457 1972 turpitudinem
3484 1914 3608 1953 cor-

2029 2001 2181 2069 poris
2204 2017 2218 2054 :
2242 2002 2317 2055 ita
2347 2011 2561 2071 Oportet
2590 2015 2714 2055 eum
2746 1997 2839 2068 qui
2876 1996 3111 2065 peccatis
3152 1993 3420 2065 aliquibus
3448 1991 3609 2047 obse-

2037 2104 2164 2164 ptus
2190 2103 2296 2160 est,
2332 2094 2470 2148 mala
2501 2108 2595 2149 sua
2631 2102 2684 2147 et
2712 2090 2915 2161 ﬂagitia
2950 2088 3110 2143 nullis
3138 2086 3424 2144 verborum
3452 2103 3610 2142 assu—

2031 2189 2254 2253 mentis,
2300 2187 2468 2241 nullis
2495 2185 2909 2240 excusationum
2944 2181 3303 2237 velaminibus
3339 2174 3602 2250 operire‘:

2032 2276 2110 2329 uti
2141 2288 2209 2329 ne
2241 2276 2337 2329 liat
2375 2275 2682 2343 sepulcrum
2711 2273 3042 2337 dealbatum,
3080 2272 3224 2342 quod
3252 2271 3456 2326 deforis
3481 2270 3606 2342 qui-

2031 2367 2151 2422 dem
2195 2379 2418 2438 apparet
2458 2365 2766 2421 bominibus
2814 2367 3117 2435 speciosum
3148 2405 3163 2427 ,
3215 2365 3362 2419 intus
3416 2375 3601 2419 autem

2030 2459 2251 2530 plenum,
2281 2469 2364 2514 est
2418 2459 2634 2514 ossibus
2673 2464 3030 2522 mortuorum,
3078 2465 3135 2511 et
3177 2457 3325 2512 omni
3375 2457 3610 2511 immun—

2030 2550 2181 2604 ditia.
2241 2548 2364 2604 Vult
2422 2563 2555 2619 ergo
2612 2550 2698 2604 lex
2742 2547 2922 2603 divina
2960 2556 3303 2618 peccatorcm
3354 2562 3462 2602 non
3517 2561 3608 2603 so-

2032 2642 2142 2696 lum
2166 2642 2489 2696 vestimenta
2517 2656 2621 2696 non
2662 2656 2908 2708 assuerc,
2948 2640 3040 2697 sed
3068 2651 3121 2695 et
3146 2648 3306 2710 caput
3345 2655 3452 2693 non
3480 2654 3611 2694 con-

2033 2743 2257 2805 tegere:
2293 2734 2420 2787 utsi
2446 2733 2588 2803 quod
2624 2741 2705 2787 est
2742 2732 2938 2802 capitis
2960 2732 3239 2799 delictum,
3271 2733 3321 2789 id
3348 2742 3432 2789 est
3472 2733 3515 2786 si
3556 2732 3609 2786 in

2034 2826 2208 2882 Deum
2263 2826 2472 2896 aliquid
2502 2826 2851 2881 commissum
2883 2835 2986 2893 est,
3023 2826 3068 2879 si
3112 2826 3165 2879 in
3194 2825 3299 2880 ﬁde
3327 2834 3611 2896 peccatum

2032 2928 2136 2985 est,
2173 2933 2241 2974 ne
2264 2918 2378 2973 haec
2407 2918 2625 2986 quidem
2678 2918 2986 2972 habeantur
3019 2902 3274 2981 obtecta,
3309 2916 3403 2970 sed
3433 2915 3613 2971 omni-

2037 3011 2140 3068 bus
2171 3012 2538 3081 publicentur,
2568 3020 2626 3065 ut
2657 3011 2968 3067 interventu
2998 3020 3050 3067 et
3098 3008 3450 3078 correptione
3487 3024 3610 3063 om-

1956 3079 2004 3142 c
2037 3105 2187 3160 nium
2211 3105 2548 3169 emendetur,
2573 3113 2629 3159 et
2652 3104 2869 3157 veniam
2908 3100 3600 3157 mereaturﬂerumtamer

2036 3203 2288 3273 leprosus
2342 3201 2466 3266 iste,
2550 3214 2612 3254 os
2644 3200 3022 3254 tantummodo
3064 3195 3287 3268 jubetur
3329 3196 3612 3265 obtegere.

2036 3289 2176 3357 Quid
2219 3298 2302 3343 est
2348 3288 2452 3344 boc
2488 3289 2632 3358 quod
2677 3303 2869 3344 omnes
2922 3286 3168 3357 corporis
3201 3294 3383 3357 partes
3442 3286 3614 3340 nudas

2042 3379 2249 3435 habere
2275 3378 2612 3449 praecipitur,
2664 3389 2721 3433 et
2764 3393 2828 3434 os
2870 3378 3044 3434 solum
3091 3380 3306 3446 operire
3342 3375 3616 3447 jubetur?

2039 3468 2231 3523 Nonne
2268 3467 2443 3537 palam
2470 3477 2556 3523 est
2592 3468 2729 3523 etin
2766 3479 2955 3538 aperto
2979 3467 3238 3538 positum,
3277 3466 3419 3534 quod
3450 3467 3496 3520 ei
3521 3464 3614 3535 qui

2038 3559 2093 3614 in
2134 3559 2285 3631 lepra
2309 3559 2521 3630 peccati
2555 3570 2660 3624 est,
2685 3559 2961 3615 clauditur
2992 3574 3195 3625 sermo,
3227 3557 3501 3613 clauditur
3526 3573 3614 3624 os,

2039 3662 2098 3709 ut
2124 3653 2322 3708 ﬁducia
2352 3654 2625 3708 sermonis
2655 3662 2711 3707 et
2743 3651 2972 3707 docendi
3020 3652 3320 3706 auctoritas
3352 3650 3614 3705 excluda-

2039 3743 2168 3798 tur?
2208 3761 2227 3795 ι
2264 3743 2543 3800 Peccatori
2572 3744 2718 3799 enim
2757 3743 2898 3797 dixit
2921 3742 3063 3797 Deus
3095 3761 3109 3797 :
3153 3742 3334 3810 Quare
3362 3752 3418 3796 tu
3454 3755 3615 3798 enar-

2041 3852 2132 3892 ras
2161 3834 2404 3905 justitias
2434 3849 2606 3903 meas,
2641 3842 2696 3889 et
2732 3833 2965 3890 assumis
3014 3843 3399 3889 testamentum
3433 3846 3614 3889 meum

2040 3945 2134 4000 per
2164 3946 2226 3986 os
2254 3941 2402 3986 tuum
2438 3929 2459 3961 ³
2483 3932 2507 3986 ‘2
2528 3928 2819 3985 tClausum
2847 3944 2976 3999 ergo
3009 3929 3209 3984 habeat
3241 3947 3302 3985 os
3334 3941 3615 4000 peccator,

2039 4021 2170 4090 quia
2200 4019 2291 4089 qui
2316 4018 2555 4090 seipsum
2585 4034 2690 4073 non
2724 4018 2929 4082 docuit,
2954 4019 3152 4075 docere
3173 4019 3336 4074 alium
3380 4035 3487 4074 non
3520 4033 3619 4089 po-

2043 4123 2177 4167 test:
2202 4113 2325 4167 ideo
2342 4126 2404 4166 os
2431 4126 2588 4166 suum
2604 4111 2825 4181 jubetur
2840 4111 3079 4180 operire,
3098 4112 3188 4181 qui
3221 4111 3361 4167 male
3383 4111 3615 4181 agendo,

2041 4205 2292 4274 loquendi
2332 4202 2566 4274 perdidit
2595 4204 2923 4257 libertatem.
2949 4222 2967 4255 ι
2995 4203 3326 4267 ltntuundus,
3370 4203 3550 4273 inquit
3569 4203 3615 4268 ⁸,

2045 4296 2173 4361 erit,
2223 4304 2280 4351 et
2312 4304 2591 4365 separatus
2639 4294 2865 4348 sedebit
2893 4293 3046 4360 foris,
3088 4303 3247 4350 extra
3280 4305 3458 4351 castra
3509 4295 3618 4351 erit

2043 4389 2387 4444 conversatio
2417 4384 2554 4455 ejus.
2592 4404 2616 4436 ι
2653 4385 2874 4440 Clarum
2907 4388 3151 4456 estquod
3173 4389 3351 4443 omnis
3377 4387 3614 4441 immun-

2044 4482 2148 4537 dus
2173 4480 2461 4550 abjiciatur
2480 4497 2507 4534 a
2538 4489 2809 4536 conventu
2836 4478 3121 4546 bonorum,
3150 4489 3207 4535 et
3239 4489 3560 4551 segregetur
3583 4496 3614 4535 a

2043 4584 2211 4641 cmtu,
2266 4575 2571 4645 castrisque
2627 4583 2972 4638 sanctorum;
3028 4581 3083 4627 et
3134 4573 3258 4627 ideo
3293 4574 3447 4638 dicit,
3485 4573 3615 4643 quia

2041 4679 2195 4723 extra
2241 4677 2423 4723 castra
2467 4666 2573 4721 erit
2606 4664 2949 4721 conversatio
2984 4661 3120 4730 ejus.
3161 4664 3316 4731 Quod
3377 4666 3422 4721 si
3471 4664 3617 4720 forte

2044 4761 2334 4815 mundatus
2364 4758 2546 4823 fuerit,
2588 4767 2783 4829 sponte
2812 4757 3055 4827 quidem,
3102 4771 3133 4811 a
3178 4760 3474 4829 semetipso
3506 4773 3617 4813 non

2042 4853 2189 4907 venit
2215 4851 2278 4906 ad
2311 4854 2653 4909 sacerdotem
2685 4869 2700 4919 ;
2740 4851 2833 4906 sed
2877 4846 3122 4915 oilertur,
3162 4853 3360 4924 inquit,
3387 4849 3457 4907 ab
3484 4850 3615 4917 alio,

2039 4958 2140 4999 nec
2173 4945 2340 5000 intrat
2388 4944 2442 5000 in
2471 4956 2671 5001 castra.
2700 4944 2892 5014 Neque
2922 4945 3069 4999 enim
3101 4945 3429 5001 conveniens
3468 4951 3612 5011 erat,

2038 5048 2100 5094 ut
2127 5053 2190 5095 ea
2216 5039 2305 5094 die
2338 5054 2444 5110 qua
2475 5040 2860 5106 mundabatur,
2913 5041 3230 5111 priusquam
3279 5038 3476 5093 ﬁerent
3513 5050 3615 5107 pro

2038 5144 2103 5185 eo
2134 5145 2257 5202 qua:
2285 5132 2698 5199 competebant,
2749 5135 3001 5192 introiret
3045 5135 3100 5188 in
3135 5139 3339 5187 castra.
3385 5127 3617 5198 Propter

362 5219 545 5287 capilli
579 5218 797 5289 capitis,
828 5218 1014 5275 calvus
1039 5229 1146 5285 est,
1199 5220 1432 5277 mundus
1455 5230 1560 5276 est.
1601 5221 1659 5276 Si
1689 5233 1869 5278 autem
1901 5236 1933 5276 a
2031 5227 2179 5299 quod
2202 5246 2218 5276 ι
2244 5227 2520 5293 sacerdos,
2555 5226 2981 5297 iuquit',exibit
3008 5227 3076 5283 ad
3113 5241 3239 5283 eum
3272 5225 3422 5280 foras
3454 5230 3615 5278 extra

431 5356 478 5389 ”
516 5354 674 5413 Joan.
699 5372 758 5423 v,
782 5358 870 5416 14,
948 5359 1162 5417 ³1..ενὶι.
1190 5375 1310 5424 xm,
1342 5359 1432 5415 40.
1505 5362 1529 5394 ³
1557 5359 1684 5415 ibid.
1726 5358 1819 5414 45.
1895 5359 1918 5394 ³

2031 5361 2080 5418 ιΙ.
2120 5378 2169 5425 ι,
2203 5362 2294 5420 lli.
2370 5360 2571 5416 ‘Levit.
2602 5376 2724 5427 xm,
2750 5360 2842 5416 46.
2917 5362 2941 5395 ⁸
2968 5360 3147 5419 Lerit.
3177 5377 3292 5428 xiv,
3322 5360 3378 5416 8.

441 5475 553 5553 (55)
590 5476 773 5553 Codex
804 5479 1116 5553 Sangerm.,
1157 5499 1176 5553 ι
1204 5491 1259 5537 ει
1287 5483 1391 5539 boc
1419 5481 1550 5539 dicit
1578 5494 1697 5537 esse
1726 5484 1929 5553 lepram

362 5561 487 5616 quae
512 5548 562 5599 in
593 5550 880 5605 adustione
907 5548 1223 5606 e'llloruerit.
1248 5571 1269 5605 ι

440 5616 550 5690 (34)
588 5616 745 5690 Libb.
776 5621 932 5687 editi,
969 5641 986 5673 ι
1017 5622 1238 5678 calvitio
1269 5622 1351 5676 vel
1380 5621 1793 5680 recalvatione.»
1828 5623 1934 5680 Sed

376 5688 545 5745 codex
581 5688 866 5757 Sangerm.
890 5702 943 5749 ct
974 5692 1066 5750 alii
1095 5703 1153 5748 ut
1181 5694 1233 5749 iu
1263 5705 1447 5751 nostro
1478 5701 1651 5754 textu.

2113 5485 2226 5557 (55)
2268 5486 2425 5541 Libb.
2479 5495 2637 5557 antea
2683 5484 2859 5557 editi,
2895 5503 2918 5537 ι
2959 5484 3283 5557 repullulare
3339 5484 3614 5552 cmperint

2039 5555 2315 5614 sordidius
2483 5556 2807 5611 videbuntur
2833 5556 3131 5622 immunda,
3164 5570 3230 5609 ac
3254 5555 3546 5623 leprosam,
3587 5572 3608 5607 ι

2043 5639 2149 5686 etc.
2188 5627 2414 5684 Codices
2438 5641 2568 5682 vero
2590 5641 2720 5682 mss.
2748 5633 2805 5681 ut
2830 5626 2883 5680 iu
2914 5637 3098 5681 nostro
3138 5634 3306 5683 textu.
