4024 6146
497 215 605 271 505

1923 228 2246 287 ORIGENIS

3634 242 3744 297 504

496 343 700 389 castra.
749 353 767 386 ι
808 334 1033 402 Semper
1055 338 1198 391 enim
1226 337 1293 392 ad
1321 353 1442 393 eum
1466 341 1558 410 qui
1612 343 1852 398 nondum
1884 352 2140 423 potestA
2167 366 2274 406 non
2318 350 2434 420 ipse
2459 353 2713 407 sacerdos
2743 353 3029 410 immolare
3060 353 3317 425 gallinam
3343 355 3561 419 dicitur,
3600 371 3745 410 non-

504 425 729 479 introire
756 425 809 477 in
841 433 1047 490 castra,
1079 426 1194 480 exit
1223 426 1311 482 ille
1358 432 1448 498 qui
1490 441 1669 500 potest
1712 434 1866 489 exire
1908 447 2062 492 extra

497 526 699 579 castra,
742 516 833 583 qui
875 515 1050 570 dicit“
1083 532 1097 568 :
1130 535 1149 569 ι
1187 516 1299 588 Ego
1340 535 1368 573 a
1410 523 1519 577 Deo
1548 524 1717 589 exivi,
1759 535 1813 580 et
1854 529 1975 582 veni
2006 529 2059 583 in

482 606 641 659 hunc
673 606 950 664 mundum.
982 624 1000 657 ι
1030 607 1154 661 Exit
1176 624 1305 679 ergo
1321 612 1388 666 ad
1415 628 1533 667 eum
1558 616 1834 683 sacerdos,
1858 628 1911 673 et
1934 635 2061 675 con-

496 696 769 752 sideratsi
806 698 920 769 jam
965 701 1166 770 recepit
1193 704 1503 774 sanitatem,
1534 707 1634 763 sia
1674 708 1835 778 lepra
1869 723 2060 768 conta-

493 788 654 856 gione
680 798 941 858 purgatus
969 800 1073 843 est.
1117 788 1252 846 Cum
1289 803 1468 850 autem
1500 798 1698 854 viderit
1731 815 1852 855 eum
1879 818 2060 858 sacer-

492 878 615 944 dos,
650 882 898 952 pracipit
930 902 949 935 ι
992 894 1051 940 ιιι
1075 888 1413 957 accipiantur
1434 889 1553 945 dua
1582 891 1797 962 gallina
1824 894 1979 961 viva,
2008 898 2055 952 ei

491 972 583 1041 qui
612 975 921 1043 mundatur,
952 987 1009 1034 et
1049 979 1252 1049 lignum
1293 980 1592 1048 cedrinum,
1637 993 1691 1038 et
1722 999 1918 1043 coccus
1949 998 2059 1043 tor-

493 1074 599 1132 tus,
640 1074 694 1121 et
722 1065 992 1138 hyssopus
1013 1069 1056 1124 ⁷.
1089 1091 1108 1122 ι
1154 1069 1413 1126 Videntur
1445 1072 1574 1127 milii
1617 1073 1779 1129 etiam
1811 1077 1897 1132 hic
1936 1078 2055 1134 dua

489 1156 607 1212 ista
621 1158 856 1228 gallina,
885 1159 1084 1217 habere
1105 1161 1510 1219 similitudinem
1528 1167 2050 1235 quamdamduorum

487 1247 789 1316 hircorum,
842 1265 906 1305 ex
948 1252 1143 1321 quibus
1175 1269 1314 1310 unus
1349 1255 1574 1312 Domino
1602 1257 1859 1328 oll‘ertur,
1914 1263 2051 1318 alius

488 1339 544 1394 in
590 1355 831 1397 eremnm
868 1344 1172 1413 emittitur;
1221 1346 1297 1400 ita
1327 1349 1471 1402 enim
1514 1358 1570 1405 et
1601 1351 1688 1406 hic
1734 1368 1800 1407 ex
1846 1354 2050 1410 duabus

486 1432 705 1501 gallinis
738 1448 837 1488 una
881 1435 1194 1491 immolatur
1217 1478 1232 1501 ,
1256 1445 1310 1492 ct
1334 1440 1440 1494 alia
1471 1440 1522 1494 in
1550 1456 1797 1513 campum
1821 1445 2049 1501 dimitti-

487 1532 597 1579 tur.
628 1522 728 1578 Dat
759 1537 889 1593 ergo
914 1535 967 1579 et
996 1526 1083 1580 hic
1113 1526 1202 1596 qui
1245 1538 1503 1597 purgatur
1530 1546 1558 1583 a
1591 1531 1735 1601 lepra
1766 1575 1781 1598 ,
1814 1534 2046 1605 aliquam

485 1622 694 1681 partem
726 1615 1144 1683 quaabjiciatur
1176 1619 1227 1674 in
1258 1632 1537 1674 eremnm:
1563 1621 1669 1676 alia
1693 1633 1869 1680 autem
1900 1642 2044 1694 pars,

2166 442 2292 494 dum
2323 442 2467 495 enim
2497 442 2690 512 dignus
2717 453 2799 498 est
2828 444 2914 499 hic
2942 444 3032 513 qui
3064 445 3165 498 fuit
3218 445 3481 512 lcprosns,
3526 455 3590 498 ut
3621 446 3743 515 ipso

2164 532 2420 587 sacerdos
2450 547 2546 601 pro
2568 546 2633 585 eo
2662 531 2924 587 immolet.
2954 534 3180 605 Pr0pter
3210 538 3349 606 quod
3383 553 3479 592 nec
3503 539 3741 607 sanguis

2162 624 2376 693 gallina
2395 622 2623 677 oll'ertur
2653 625 2717 677 ad
2756 624 2962 689 altare,
2993 612 3089 681 sed
3121 628 3249 681 dicit
3283 629 3404 697 quia
3443 631 3738 684 occidetur

2161 715 2360 786 gallina
2389 714 2442 769 in
2467 713 2689 770 vasculo
2719 714 2867 770 ﬁctili
2900 753 2915 779 ,
2949 715 3142 791 inquo
3174 731 3303 771 vase
3334 732 3471 786 aqua
3510 719 3639 772 viva
3663 716 3738 771 sit

2162 807 2354 871 missa,
2394 818 2452 861 ut
2487 817 2541 862 et
2572 822 2707 877 aqua
2745 818 3055 860 assumatur
3077 808 3142 860 ad
3169 806 3606 874 puriﬁcationem
3628 847 3646 871 ,
3680 815 3738 861 et

2160 896 2495 968 compleatur
2527 897 2805 967 plenitudo
2830 895 3069 965 mysterii
3102 896 3153 948 in
3176 912 3313 964 aqua
3342 905 3397 950 et
3430 897 3734 965 sanguine,

2159 992 2302 1061 quod
2339 991 2542 1046 dicitur
2573 990 2752 1046 exisse
2781 990 2845 1044 de
2873 987 3044 1041 latere
3073 985 3374 1046 Salvatoris
3403 991 3470 1051 ⁸⁸.
3502 1000 3565 1048 et
3596 989 3737 1046 illud

2159 1084 2508 1140 nihilominus
2539 1087 2680 1154 quod
2711 1085 2949 1146 Joannes
2978 1093 3129 1161 ponit
3169 1092 3220 1145 in
3258 1087 3497 1158 Epistola
3528 1098 3633 1139 sua
3664 1083 3734 1149 ⁸³,

2157 1182 2211 1227 et
2240 1174 2371 1229 dicit
2405 1174 2835 1244 puriﬁcationem
2894 1178 3007 1233 ﬁeri
3051 1181 3105 1235 in
3134 1193 3297 1246 aqua,
3326 1183 3384 1229 et
3415 1171 3692 1242 sanguine
3712 1207 3732 1236 ,

2157 1275 2210 1321 ct
2251 1268 2462 1337 spiritu.
2500 1267 2651 1325 Unde
2680 1276 2735 1325 et
2774 1269 2860 1323 hic
2890 1271 3047 1325 video
3088 1271 3270 1326 omnia
3308 1270 3408 1323 ista
3430 1262 3730 1334 compleri.

2157 1359 2391 1430 Spiritus
2426 1363 2570 1416 enini
2611 1371 2695 1417 est
2741 1363 2939 1434 gallina
2973 1363 3128 1418 istius
3162 1378 3282 1431 qua
3329 1359 3624 1425 occiditur,
3673 1365 3733 1411 et

2153 1470 2292 1524 aqua
2323 1455 2438 1509 viva
2469 1469 2588 1523 qua
2609 1455 2660 1510 iu
2681 1470 2810 1511 vase
2840 1464 3016 1523 est,et
3044 1456 3263 1524 sanguis
3284 1454 3373 1523 qui
3410 1468 3578 1521 super
3602 1465 3727 1505 eam

2152 1544 2377 1602 diffusus
2414 1557 2517 1609 est,
2551 1562 2652 1602 non
2679 1548 2821 1616 quod
2857 1563 2951 1617 per
2992 1550 3107 1603 hac
3135 1548 3430 1602 iterandam
3461 1541 3729 1612 baptismi

2153 1638 2375 1708 gratiam
2410 1637 2726 1703 sentiamus,
2764 1639 2857 1693 sed
2883 1639 3024 1706 quod
3053 1639 3230 1694 omnis
3251 1636 3557 1707 puriﬁcatio
3589 1650 3726 1705 pec-

484 1704 710 1758 Domino
730 1703 953 1761 oﬂ‘ertur
984 1721 1081 1776 pro
1101 1721 1187 1762 eo.
1210 1707 1455 1764 Nondum
1488 1719 1665 1766 tamen
1691 1713 1782 1768 hic
1805 1715 1895 1783 qui
1915 1731 2036 1786 pur-

2155 1739 2418 1795 catorum,
2441 1729 2603 1784 etiam
2634 1730 2747 1784 haec
2764 1747 2882 1800 qua
2910 1746 3004 1800 per
3029 1729 3399 1800 panitentiam
3428 1728 3725 1798 quaritur,

483 1807 641 1866 gatur
662 1812 690 1849 a
706 1796 879 1866 lepra,
893 1806 946 1851 et
965 1796 1119 1879 offert
1135 1798 1388 1866 gallinas,
1406 1801 1566 1857 etiam
1588 1803 1731 1860 illam
1750 1805 1917 1875 ipsam
1932 1807 2045 1880 (56)

481 1900 605 1953 qua
666 1901 766 1958 pro
817 1902 882 1941 eo
940 1886 1170 1944 Domino
1226 1889 1486 1958 oﬂ‘ertur,
1544 1894 1608 1948 ad
1671 1895 1841 1953 altare
1891 1897 2046 1955 oﬁert

482 1974 627 2029 sicut
652 1983 889 2031 turtures
908 2016 924 2042 ,
964 1984 1058 2030 aut
1079 1976 1381 2034 columbas.
1409 1979 1658 2037 Nondum
1687 1985 1831 2040 enim
1857 1986 2043 2043 eadem

480 2064 568 2119 die
599 2066 645 2119 is
686 2066 781 2135 qui
823 2075 1085 2138 purgatur
1132 2083 1162 2122 a
1211 2069 1381 2140 lepra,
1428 2071 1608 2129 divino
1659 2077 1814 2130 altari
1850 2080 2042 2151 dignus

480 2156 731 2213 elﬁcitur.
766 2156 997 2226 Propter
1032 2160 1175 2228 quod
1206 2163 1425 2218 mandat
1451 2163 1746 2236 lcgislator,
1772 2178 1831 2223 ut
1854 2173 2040 2226 eadem

480 2248 573 2303 die
600 2263 705 2319 qua
739 2261 1021 2319 purgatur,
1055 2251 1394 2323 accipiantur
1417 2256 1534 2311 dua:
1556 2258 1765 2326 gallina
1795 2261 1860 2315 ad
1888 2265 2040 2330 puri-

481 2342 787 2396 ﬁcationem
809 2342 948 2411 ejus.
995 2341 1134 2399 Puto
1166 2355 1349 2402 autem
1380 2349 1519 2416 quod
1559 2360 1612 2404 et
1645 2352 1732 2406 hic
1759 2352 1902 2409 illius
1927 2357 2041 2425 gal-

475 2437 599 2494 lina
630 2439 939 2511 intellectus
965 2439 1199 2495 latenter
1225 2441 1512 2510 habeatur,
1537 2461 1631 2515 per
1663 2463 1822 2515 quam
1854 2450 2040 2518 puriﬁ-

473 2531 619 2584 catio
669 2530 903 2587 efﬁcitur
950 2537 1280 2604 peccatoris,
1315 2537 1381 2591 de
1423 2553 1526 2607 qua
1562 2539 1823 2608 scriptum
1863 2551 1944 2597 est
1972 2543 2031 2595 5:

478 2640 499 2673 c
535 2624 759 2690 Quoties
788 2627 932 2681 volui
962 2643 1295 2700 congregare
1326 2629 1472 2685 ﬁlios
1496 2639 1636 2696 tuos,
1670 2632 1811 2688 sicut
1841 2634 2034 2705 gallina

471 2725 769 2787 congregat
800 2717 973 2787 pullos
1017 2734 1145 2775 suos
1192 2721 1292 2776 sub
1336 2719 1437 2775 alis
1469 2720 1608 2787 suis,
1636 2730 1690 2777 et
1712 2722 1930 2779 noluisti
1963 2723 2027 2779 τι

471 2809 685 2883 indiget
718 2822 901 2871 tamen
938 2825 995 2869 ut
1024 2829 1122 2884 per
1159 2814 1364 2885 lignum
1404 2816 1684 2871 cedrinum
1721 2818 2037 2886 puriﬁcetur

470 2905 518 2958 is
540 2906 630 2974 qui
655 2905 994 2974 puriﬁcatur.
1021 2907 1358 2978 [inpossibile
1378 2922 1614 2977 namque
1632 2919 1715 2965 est
1742 2913 1859 2967 sine
1889 2911 2034 2982 ligno

2153 1819 2296 1875 illius
2329 1834 2431 1890 ope
2492 1820 2728 1892 indiget,
2780 1823 2847 1877 de
2880 1821 3034 1892 cujus
3068 1822 3237 1877 latere
3270 1835 3403 1891 aqua
3443 1820 3726 1889 processit

2150 1921 2204 1967 et
2235 1913 2478 1981 sanguis.
2516 1911 2645 1969 Vide
2675 1928 2804 1985 ergo
2843 1915 3116 1984 quomodo
3142 1922 3198 1968 et
3240 1913 3361 1967 viva
3393 1912 3634 1983 gallina,
3664 1917 3725 1967 et

2150 2001 2353 2073 lignum
2375 2002 2683 2070 cedrinum,
2715 2014 2770 2061 et
2791 2005 3070 2062 coccinum
3105 2014 3331 2071 tortum,
3357 2016 3412 2061 et
3442 2007 3722 2078 hyssopus

2151 2093 2373 2164 tingitur
2401 2095 2453 2149 in
2485 2096 2749 2164 sanguine
2776 2158 2779 2161 η
2806 2098 2934 2167 pulli
2972 2106 3029 2153 et
3059 2113 3194 2168 aqua
3228 2099 3373 2164 viva,
3402 2106 3461 2152 ut
3489 2112 3558 2152 ex
3605 2097 3719 2154 hoc

2146 2200 2422 2256 aspersus,
2457 2195 2514 2242 et
2537 2187 2851 2257 puriﬁcatus
2877 2203 2946 2245 ex
2974 2203 3113 2259 aqua
3134 2199 3189 2244 et
3214 2190 3500 2257 sanguine,
3526 2189 3579 2247 in
3600 2205 3717 2258 quo

2147 2280 2307 2336 tincta
2325 2290 2409 2336 est
2426 2291 2480 2337 et
2495 2280 2582 2335 illa
2597 2280 2791 2351 gallina
2810 2283 2994 2351 quain
3012 2297 3260 2351 campum
3279 2283 3546 2338 emittitur
3566 2282 3712 2352 (38),

2145 2385 2199 2428 et
2223 2374 2423 2443 septies
2465 2386 2657 2430 contra
2697 2375 2978 2431 Dominum
3020 2390 3322 2444 respersus,
3351 2376 3395 2430 is
3428 2376 3519 2445 qui
3551 2377 3713 2446 puri-

2147 2465 2339 2520 ﬁcatur
2370 2468 2602 2521 mundus
2622 2465 2892 2522 eﬂiciatur
2926 2467 2995 2523 ab
3021 2468 3166 2521 omni
3198 2468 3559 2536 immunditia,
3597 2483 3708 2540 qua

2143 2557 2320 2612 fuerat
2342 2573 2407 2612 ex
2442 2558 2602 2627 lepra
2635 2560 2954 2628 contagione
2982 2574 3287 2626 possessus.

2226 2645 2314 2700 11.
2338 2645 2463 2700 δειι
2488 2655 2544 2700 et
2567 2644 2695 2700 illud
2724 2647 2963 2712 adverte,
2994 2649 3262 2717 quomodo
3292 2662 3414 2702 cum
3461 2651 3715 2718 superius

2153 2734 2356 2791 dixerit
2383 2735 2465 2788 “:
2507 2757 2523 2788 ι
2565 2734 2687 2791 llae
2712 2735 2796 2790 lex
2828 2737 3022 2807 leprosi
3072 2737 3126 2792 in
3171 2754 3275 2806 qua
3309 2736 3395 2793 die
3420 2740 3714 2797 mundatus

2151 2827 2334 2890 fuerit,
2361 2845 2378 2879 ι
2403 2844 2546 2882 nunc
2574 2828 2658 2882 his
2686 2827 2936 2882 omnibus
2956 2829 3125 2894 addit,
3150 2839 3204 2884 et
3229 2829 3395 2884 dicit:
3427 2849 3446 2883 ι
3477 2840 3534 2886 et
3557 2847 3711 2886 mun-

2151 2921 2251 2976 dus
2282 2920 2406 2976 erit.
2441 2940 2461 2973 ι
2492 2920 2547 2977 Si
2579 2921 2723 2974 enim
2755 2921 2924 2975 semel
2957 2921 3162 2991 abjecta
3210 2921 3356 2991 lepra
3410 2924 3708 2980 mundatus

467 2998 670 3064 crucis,
704 3000 910 3106 peccati
949 2999 1149 3105 lepram
1183 3015 1341 3106 posse
1373 3001 1626 3106 purgari,
1649 3002 1752 3058 nisi
1777 3004 2033 3106 adhibea-
2060 3045 2103 3106 ϐ
2138 3022 2241 3081 est,
2274 3018 2541 3086 quomodo
2571 3019 2747 3074 adhuc
2794 3023 3027 3077 mundus
3080 3022 3223 3077 erit?
3253 3021 3356 3077 Sed
3399 3021 3519 3076 vide
3566 3021 3697 3090 quia

474 3100 566 3144 tur
611 3101 667 3145 et
722 3091 923 3161 lignum
974 3093 1026 3146 in
1078 3109 1186 3162 quo
1243 3093 1526 3160 Salvalor.
1582 3095 1726 3150 Sicut
1762 3097 2035 3167 aDOSIOIUS
2065 3091 2103 3106 ν
2133 3106 2347 3162 etiamsi
2397 3111 2683 3164 mundetur
2713 3113 2833 3181 quis
2865 3128 2894 3165 a
2918 3122 3160 3182 peccato,
3190 3123 3369 3169 etnon
3397 3114 3467 3167 sit
3496 3112 3608 3180 jam
3637 3112 3698 3166 in

469 3183 673 3237 Paulus
725 3184 906 3238 dixit’
932 3185 1084 3239 exuit
1114 3205 1133 3237 ι
1169 3185 1540 3256 principatus,
1591 3197 1643 3243 et
1693 3198 1989 3257 potestates
2015 3234 2030 3259 ,

381 3285 389 3293 '
469 3275 811 3343 triumphans
830 3290 925 3330 eos
955 3277 1009 3329 in
1037 3276 1199 3344 ligno.
1227 3295 1245 3328 ι
1265 3275 1521 3347 Iungitur
1546 3288 1725 3334 tamen
1749 3280 1814 3336 ad
1843 3296 2034 3337 emun-

468 3367 744 3420 dationem
780 3364 942 3436 lepra
973 3365 1152 3435 hujus,
1186 3369 1349 3422 etiam
1390 3384 1585 3424 coccus
1616 3380 1810 3437 tortus,
1851 3374 2032 3430 socia-

468 3466 557 3509 tur
579 3464 634 3510 et
667 3456 949 3525 hyssopus.
997 3457 1202 3513 Coccus
1246 3467 1424 3514 tortus
1462 3459 1687 3529 ﬁguram
1720 3464 1862 3517 sacri
1903 3480 2031 3521 san-

467 3546 645 3613 guinis
675 3548 939 3615 continet,
965 3548 1058 3618 qui
1089 3547 1155 3604 de
1181 3549 1298 3620 ejus
1344 3549 1514 3606 latere
1555 3566 1654 3620 per
1680 3553 1882 3610 lancea
1910 3556 2027 3610 vul-

464 3654 566 3693 nus
582 3651 800 3695 exortus
815 3651 915 3698 est.
933 3641 995 3696 Et
1018 3642 1302 3713 hyssopus.
1331 3643 1439 3701 [loc
1468 3661 1639 3718 genus
1661 3646 1841 3703 herba
1864 3659 2026 3705 natu-

466 3747 586 3785 ram
609 3733 807 3786 habere
844 3736 1036 3790 medici
1063 3734 1268 3799 ferunt,
1292 3747 1350 3792 ut
1371 3738 1542 3795 diluat
1560 3751 1615 3797 et
1635 3752 1898 3812 eXpurget
1914 3741 2026 3817 (57)

461 3831 504 3881 si
537 3842 657 3896 quae
689 3827 795 3882 illa
829 3831 1032 3897 pectori
1061 3831 1339 3887 hominum
1364 3833 1552 3887 sordes
1582 3846 1649 3889 ex
1678 3837 2028 3904 corruptione

462 3923 610 3977 noxii
648 3922 893 3978 humoris
913 3925 1230 3981 insederint.
1265 3924 1418 3981 Unde
1438 3935 1494 3981 et
1522 3929 1831 3984 necessario
1854 3931 1909 3985 in
1934 3946 2027 3987 ex-

461 4014 778 4083 purgatione
798 4026 1157 4084 peccatorum,
1175 4017 1545 4088 hujuscemodi
1579 4023 1839 4090 graminis
1855 4023 2023 4093 ﬁgura

458 4116 709 4176 suscepta
734 4116 837 4160 est.
858 4105 1064 4163 Coccus
1094 4124 1223 4165 vero
1251 4110 1392 4178 quod
1426 4125 1568 4180 sape
1588 4123 1835 4183 sumptus
1863 4118 1933 4172 sit
1954 4118 2021 4172 ad

459 4198 649 4255 salutis
679 4200 935 4264 subsidia,
968 4200 1020 4254 in
1048 4201 1244 4255 divinis
1275 4198 1461 4256 referri
1492 4203 1858 4263 voluminibus
1939 4210 2023 4263 in-

457 4294 724 4354 venimus,
763 4294 904 4347 sicut
935 4294 987 4348 in
1027 4305 1183 4362 partu
1239 4297 1501 4363 Thamar,
1532 4317 1653 4356 cum
1685 4320 1704 4352 ι
1740 4316 1899 4366 unus,
1933 4303 2022 4356 in-

457 4385 576 4453 quit
605 4385 672 4449 ‘°,

456 4477 716 4532 obstetrix
759 4492 1003 4541 coccum,
1043 4476 1284 4548 alligavit
1314 4482 1366 4533 in
1402 4496 1563 4536 manu
1612 4483 1759 4550 ejus,
1795 4484 2017 4539 dicens:

456 4564 553 4620 llic
605 4565 766 4637 234
800 4567 970 4622 exibit
1025 4568 1193 4637 prior.
1238 4588 1256 4621 ι
1293 4568 1395 4625 Sed
1416 4580 1470 4623 et
1506 4570 1695 4625 Rahab
1739 4572 2015 4634 meretrix,

455 4670 576 4709 cum
598 4656 973 4724 exploratores
996 4660 1341 4728 suscepisset,
1381 4670 1435 4715 et
1466 4672 1681 4728 pactum
1707 4662 1898 4717 salutis
1928 4678 2021 4718 ac-

455 4745 677 4814 ciperet,
710 4746 896 4800 etilli:
935 4765 953 4798 ‹
978 4746 1141 4811 Pone,
1186 4748 1431 4819 inquiunt
1467 4752 1533 4815 “,
1565 4750 1770 4821 signum
1801 4756 2022 4810 resticu-

455 4833 558 4887 lam
599 4836 929 4903 coccineam,
959 4847 1016 4890 et
1036 4837 1277 4907 alligaliis
1306 4854 1423 4893 cam
1457 4841 1507 4894 in
1532 4841 1770 4898 fenestra
1802 4845 1900 4900 ista
1925 4863 2022 4916 per

455 4939 613 4992 quam
646 4925 936 4993 deposuisti
960 4940 1078 4981 nos.
1104 4944 1122 4978 ι
1150 4929 1387 4983 Observa
1418 4938 1594 4984 tamen
1622 4941 1676 4987 et
1701 4931 1851 4998 illud,
1876 4935 2020 5003 quod

524 5115 720 5189 ’χιοτιιιἶ
748 5133 865 5189 xyt,
903 5118 993 5172 28.
1068 5119 1087 5147 ⁷
1112 5117 1279 5171 Levii.
1305 5135 1412 5189 xiv,
1444 5119 1496 5172 4.
1574 5120 1594 5151 ¹¹
1637 5120 1821 5174 Matth.
1845 5124 2036 5188 xxm,!

2186 5123 2207 5154 θ
2229 5120 2436 5178 Coloss.
2468 5138 2527 5187 ll,
2558 5123 2645 5178 15.
2723 5125 2766 5155 ¹⁰
2793 5123 2990 5179 Genos.
3041 5141 3270 5189 xxxvtt.,
3295 5125 3388 5181 28.

2134 3210 2296 3266 opere
2319 3201 2544 3267 peccati,
2566 3200 2681 3270 ipsa
2712 3210 2886 3258 tamen
2917 3204 3143 3273 vestigia
3173 3203 3397 3258 sceleris
3414 3201 3696 3258 commissi

2131 3286 2510 3355 puriﬁcatione
2541 3290 2801 3359 indigent,
2844 3305 2897 3347 et
2928 3309 2990 3348 ea
3025 3308 3185 3363 quam
3237 3294 3605 3362 exposuimus,
3641 3302 3696 3347 et

2132 3378 2252 3436 aliis
2279 3381 2630 3440 nihilominus
2643 3400 2763 3455 qua
2784 3387 3108 3442 mandantur
3133 3386 3245 3460 (39)
3275 3389 3326 3443 in
3357 3402 3689 3457 consequen-

2133 3472 2292 3529 tihus.
2341 3471 2758 3551 Observavimus
2814 3477 2955 3533 enim
3009 3481 3207 3533 adhoc
3256 3481 3396 3548 quod
3429 3479 3691 3549 scriptum

2129 3578 2214 3622 est
2253 3567 2319 3623 de
2352 3566 2523 3638 lepra,
2561 3586 2579 3618 ι
2620 3569 2671 3623 in
2698 3584 2803 3638 qua
2843 3570 2930 3624 die
2966 3570 3253 3626 mundatus
3293 3568 3479 3634 fuerit,
3517 3589 3537 3624 ι
3570 3580 3685 3641 post

2129 3658 2244 3714 hinc
2290 3659 2436 3714 inter
2485 3671 2678 3717 catera
2748 3677 2868 3730 qua
2940 3663 3295 3730 mandantur,
3382 3663 3542 3718 tertio
3603 3664 3678 3719 di-

2127 3759 2272 3803 ctum
2333 3763 2493 3813 esse,
2548 3769 2568 3801 ι
2619 3760 2672 3807 et
2709 3753 2938 3806 mundus
3013 3752 3155 3817 erit,
3208 3771 3226 3803 ι
3277 3760 3330 3806 et
3376 3752 3569 3807 iterum
3619 3756 3683 3806 ad

2126 3839 2376 3895 ultimum
2416 3840 2677 3912 scriptum
2717 3856 2870 3906 esse,
2914 3859 2933 3894 ι
2969 3852 3024 3896 et
3067 3844 3439 3898 mandabitur.
3477 3863 3495 3896 ι
3533 3842 3683 3899 Unde

2127 3929 2257 3983 mihi
2294 3930 2510 3986 videtur
2530 3945 2652 3987 esse
2680 3933 2943 4001 quasdam
2977 3940 3030 3987 et
3067 3933 3118 3988 in
3160 3933 3273 4004 ipsa
3309 3934 3684 4003 puriﬁcatione

2127 4018 2480 4085 differentias,
2513 4030 2588 4087 et,
2623 4031 2684 4075 ιιι
2727 4022 2800 4077 ita
2829 4022 3087 4087 dixerim,
3117 4022 3397 4091 profectus
3425 4024 3681 4091 quosdam

2126 4113 2534 4182 purgationum.
2583 4111 2770 4169 Potest
2821 4115 2964 4168 enim
3011 4117 3157 4169 etde
3192 4113 3280 4168 illo
3307 4115 3394 4183 qui
3444 4125 3681 4169 cessata

2130 4213 2358 4272 peccato
2391 4204 2522 4272 dici,
2562 4224 2580 4257 ι
2619 4216 2674 4259 et
2699 4207 2929 4260 mundus
2967 4206 3090 4272 erit,
3121 4208 3249 4261 ised
3280 4207 3581 4261 nonstatim
3610 4207 3680 4260 ita

2128 4296 2364 4350 mundus
2391 4296 2695 4362 videbitur,
2726 4308 2782 4352 ut
2822 4300 2888 4353 ad
2920 4313 3186 4352 summam
3222 4300 3470 4369 puritatis
3496 4315 3679 4354 acces-

726 4386 874 4453 prior
928 4386 1148 4453 protulit
1194 4403 1429 4445 manum.
1476 4392 1761 4461 Accipiens
1833 4403 2016 4448 autem
2051 4396 2095 4453 ι)
2124 4389 2279 4443 serit.
2312 4388 2554 4459 Denique
2584 4392 2733 4445 addit
2764 4391 2849 4446 liis
2871 4407 2990 4461 qua
3024 4391 3259 4457 dixerat,
3298 4410 3317 4443 ι
3353 4393 3405 4446 in
3446 4407 3683 4461 quacun-

2128 4495 2230 4547 que
2281 4481 2366 4535 die
2412 4483 2700 4549 mundatus
2744 4482 2925 4549 fuerit,
2966 4491 3020 4535 et
3052 4481 3348 4547 emittetur,
3401 4484 3576 4552 inquit
3616 4482 3679 4549 ¹⁸,

2123 4573 2239 4626 viva
2272 4574 2466 4643 gallina
2501 4576 2552 4630 in
2601 4584 2943 4644 campum,et
2982 4574 3184 4629 lavabit
3213 4578 3535 4636 vestimenta
3562 4593 3678 4642 sua,
3744 4613 3751 4619 .

2131 4667 2177 4721 is
2208 4668 2299 4734 qui
2328 4667 2672 4735 puriﬁcatur.
2708 4687 2727 4719 ι
2765 4667 2892 4722 Post
2919 4669 3033 4722 hac
3067 4679 3295 4729 autenm
3328 4685 3563 4732 onmem,
3604 4670 3681 4722 in-

2122 4759 2260 4828 quit,
2311 4759 2479 4827 pilum
2530 4761 2708 4814 radet.
2744 4779 2764 4813 ι
2801 4760 2867 4813 Ει
2914 4760 3111 4816 addit:
3148 4778 3167 4811 ι
3207 4770 3262 4815 et
3306 4761 3580 4815 lavabitur
3628 4762 3679 4816 in

2125 4864 2287 4918 aqua.
2324 4869 2343 4902 ι
2385 4849 2451 4903 Ει
2482 4859 2604 4920 post
2639 4852 2749 4907 hac
2783 4854 3000 4907 additur
3030 4870 3044 4906 :
3078 4871 3096 4904 ι
3132 4852 3198 4906 Ει
3229 4854 3459 4907 mundus
3494 4854 3614 4907 erit.
3656 4872 3677 4906 ι

2124 4936 2305 5006 Neque
2354 4939 2497 4992 enim
2553 4939 2747 4995 suﬁicit
2778 4942 2921 5010 quod
2958 4942 3012 4995 in
3065 4942 3410 5012 responsione
3469 4942 3681 4996 dixerat

3494 5128 3537 5159 ιι
3565 5124 3678 5186 Jos.

454 5203 518 5249 ιι,
546 5187 630 5240 18.
706 5187 749 5220 ι’
771 5185 925 5241 Joan.
951 5204 1064 5250 xIx,
1096 5190 1185 5243 54.
1261 5190 1304 5220 ⁸³
1334 5190 1350 5241 I
1382 5187 1536 5244 Joan.
1569 5207 1620 5246 ν.
1697 5191 1740 5223 ιδ
1768 5192 1936 5247 Levii.
1966 5185 2036 5248 xii

2142 5234 2156 5247 .
2234 5193 2411 5248 u‘ihid.
2450 5194 2481 5247 7
2505 5185 2558 5247 et
2592 5208 2742 5264 seqq.

525 5302 635 5373 (36)
677 5301 853 5358 Etiam
885 5305 1029 5357 illam
1084 5307 1269 5374 ipsam,
1307 5319 1412 5362 etc.
1459 5308 1548 5364 Sic
1584 5310 1782 5365 habent
1828 5328 2016 5367 omnes

454 5374 670 5451 codices
715 5389 845 5429 mss.
882 5376 934 5426 In
955 5386 1149 5451 _antea
1184 5378 1344 5451 editis
1397 5378 1612 5448 legitur,
1636 5399 1666 5451 γι
1701 5384 1867 5451 etiam
1898 5383 2016 5451 ipsa

454 5443 544 5493 illa
579 5457 698 5509 qua
729 5459 827 5509 pro
857 5460 921 5497 eo
955 5446 1180 5500 Domino
1203 5443 1476 5514 offertur;
1501 5451 1569 5505 ad
1599 5450 1769 5506 altare
1794 5443 2018 5508 offertur

452 5515 593 5565 sicut
626 5522 880 5575 turtures,
913 5525 1007 5567 aut
1033 5516 1316 5572 columba.
1345 5538 1365 5570 ι

524 5582 635 5652 (57)
676 5582 974 5663 Hoc-genus
1004 5586 1176 5641 herba:
1214 5590 1677 5663 naturamjiabere
1700 5592 1886 5646 medici
1933 5592 2016 5663 fe-

455 5663 596 5717 runt,
638 5662 693 5707 ut
726 5653 894 5707 diluat
929 5665 975 5708 et
1007 5668 1277 5727 expurget,
1318 5670 1424 5715 etc.
1456 5659 1511 5716 ld
1539 5675 1567 5715 a
1595 5662 1841 5731 plurimis
1867 5653 2015 5720 assc-

2116 5315 2273 5374 rilur,
2310 5311 2487 5367 Plinio
2510 5329 2671 5384 sape,
2702 5313 3031 5375 Dioscoride,
3053 5315 3279 5380 aliisque
3302 5331 3526 5382 quorum
3564 5317 3678 5372 loca

2115 5384 2321 5459 indicat
2398 5384 2697 5439 Cotelerius
2748 5386 2801 5438 in
2850 5395 2962 5438 not.
3018 5387 3087 5439 ad
3135 5386 3348 5454 epistol.
3395 5386 3659 5459 Barnaha

2115 5455 2489 5594 “233.5133”
2522 5545 2543 5576 ι
2580 5525 2869 5579 emittitur.
2895 5543 2914 5576 ι
2932 5523 3090 5579 Lihb.
3109 5526 3261 5588 editi,
3285 5543 3305 5577 ι
3331 5527 3670 5581 dimittitur.»

2207 5524 2293 5594 58)
2334 5523 2489 5588 Mss.,
2522 5545 2543 5576 ι
2580 5525 2869 5579 emittitur.
2895 5523 3090 5579 iLihb.
3109 5526 3261 5588 editi,
3285 5543 3305 5577 ι
3331 5527 3670 5581 dimittitur.»

2183 5523 2299 5666 $59)
2341 5594 2498 5666 Lihh.
2550 5595 2702 5662 editi,
2756 5614 2775 5666 ι
2823 5594 2925 5647 alia
2960 5596 3313 5653 nihilominus
3358 5611 3476 5665 oua
3521 5614 3674 5653 uian-

2113 5663 2290 5721 datur.
2327 5683 2346 5718 ι
2385 5665 2489 5720 Sed
2520 5680 2650 5720 mss.
2679 5676 2736 5720 ut
2763 5665 2817 5720 in
2853 5677 3037 5720 nostro
3065 5676 3238 5723 textu.
