  <div class='ocr_page' id='page_1' title='image "/cluster/home/n/w/nwhite01/storage/ocr_20150623/12/mdp.39015028786690/262.png"; bbox 0 0 4024 6146; ppageno 0'>
   <div class='ocr_carea' id='block_1_1' title="bbox 331 261 436 318">
    <p class='ocr_par' dir='ltr' id='par_1_1' title="bbox 331 261 436 318">
     <span class='ocr_line' id='line_1_1' title="bbox 331 261 436 318; baseline -0.029 0"><span class='ocrx_word' id='word_1_1' title='bbox 331 261 436 318; x_wconf 74' lang='grc'><strong>503</strong></span> 
     </span>
    </p>
   </div>
   <div class='ocr_carea' id='block_1_2' title="bbox 1486 260 2456 318">
    <p class='ocr_par' dir='ltr' id='par_1_2' title="bbox 1486 260 2456 318">
     <span class='ocr_line' id='line_1_2' title="bbox 1486 260 2456 318; baseline 0.001 -2"><span class='ocrx_word' id='word_1_2' title='bbox 1486 263 1551 316; x_wconf 78' lang='lat' dir='ltr'><strong>IN</strong></span> <span class='ocrx_word' id='word_1_3' title='bbox 1594 260 1966 317; x_wconf 76' lang='lat' dir='ltr'><strong>LEVlTlCUM</strong></span> <span class='ocrx_word' id='word_1_4' title='bbox 2003 261 2287 316; x_wconf 66' lang='lat' dir='ltr'><strong>HOMILIA</strong></span> <span class='ocrx_word' id='word_1_5' title='bbox 2326 261 2456 318; x_wconf 82' lang='lat' dir='ltr'><strong>Vlil.</strong></span> 
     </span>
    </p>
   </div>
   <div class='ocr_carea' id='block_1_3' title="bbox 3465 259 3571 318">
    <p class='ocr_par' dir='ltr' id='par_1_3' title="bbox 3465 259 3571 318">
     <span class='ocr_line' id='line_1_3' title="bbox 3465 259 3571 318; baseline 0 -1"><span class='ocrx_word' id='word_1_6' title='bbox 3465 259 3571 318; x_wconf 85' lang='lat'><strong>506</strong></span> 
     </span>
    </p>
   </div>
   <div class='ocr_carea' id='block_1_4' title="bbox 333 377 3570 452">
    <p class='ocr_par' dir='ltr' id='par_1_4' title="bbox 333 377 3570 452">
     <span class='ocr_line' id='line_1_4' title="bbox 333 377 3570 452; baseline 0 -16"><span class='ocrx_word' id='word_1_7' title='bbox 333 403 353 436; x_wconf 75' lang='grc' dir='ltr'><strong>ι</strong></span> <span class='ocrx_word' id='word_1_8' title='bbox 397 383 626 436; x_wconf 90' lang='lat' dir='ltr'><strong>mundus</strong></span> <span class='ocrx_word' id='word_1_9' title='bbox 658 381 782 448; x_wconf 91' lang='lat' dir='ltr'><strong>erit,</strong></span> <span class='ocrx_word' id='word_1_10' title='bbox 809 382 952 437; x_wconf 78' lang='lat' dir='ltr'><strong>misi</strong></span> <span class='ocrx_word' id='word_1_11' title='bbox 985 381 1270 449; x_wconf 80' lang='lat' dir='ltr'><strong>adiecisset</strong></span> <span class='ocrx_word' id='word_1_12' title='bbox 1307 382 1469 435; x_wconf 85' lang='lat' dir='ltr'><strong>etiam</strong></span> <span class='ocrx_word' id='word_1_13' title='bbox 1497 383 1630 435; x_wconf 83' lang='lat' dir='ltr'><strong>haec.</strong></span> <span class='ocrx_word' id='word_1_14' title='bbox 1665 378 1894 436; x_wconf 81' lang='lat' dir='ltr'><strong>Sordida</strong></span> <span class='ocrx_word' id='word_1_15' title='bbox 1929 393 1970 443; x_wconf 74' lang='grc' dir='ltr'><strong>Α</strong></span> <span class='ocrx_word' id='word_1_16' title='bbox 2003 396 2082 444; x_wconf 89' lang='grc' dir='ltr'><strong>εε,</strong></span> <span class='ocrx_word' id='word_1_17' title='bbox 2117 381 2238 435; x_wconf 90' lang='lat' dir='ltr'><strong>vide</strong></span> <span class='ocrx_word' id='word_1_18' title='bbox 2271 397 2336 434; x_wconf 90' lang='lat' dir='ltr'><strong>ne</strong></span> <span class='ocrx_word' id='word_1_19' title='bbox 2369 380 2509 433; x_wconf 86' lang='lat' dir='ltr'><strong>ultra</strong></span> <span class='ocrx_word' id='word_1_20' title='bbox 2542 379 2740 450; x_wconf 76' lang='lat' dir='ltr'><strong>capitis</strong></span> <span class='ocrx_word' id='word_1_21' title='bbox 2771 377 3063 434; x_wconf 72' lang='lat' dir='ltr'><strong>contrahas</strong></span> <span class='ocrx_word' id='word_1_22' title='bbox 3089 379 3322 448; x_wconf 85' lang='lat' dir='ltr'><strong>culpam.</strong></span> <span class='ocrx_word' id='word_1_23' title='bbox 3363 379 3570 452; x_wconf 90' lang='lat' dir='ltr'><strong>Capitis</strong></span> 
     </span>
    </p>
   </div>
   <div class='ocr_carea' id='block_1_5' title="bbox 329 474 1893 544">
    <p class='ocr_par' dir='ltr' id='par_1_5' title="bbox 329 474 1893 544">
     <span class='ocr_line' id='line_1_5' title="bbox 329 474 1893 544; baseline -0.002 -15"><span class='ocrx_word' id='word_1_24' title='bbox 329 491 457 542; x_wconf 82' lang='lat' dir='ltr'><strong>ergo</strong></span> <span class='ocrx_word' id='word_1_25' title='bbox 471 475 785 528; x_wconf 85' lang='lat' dir='ltr'><strong>vestimenta</strong></span> <span class='ocrx_word' id='word_1_26' title='bbox 820 474 1005 528; x_wconf 90' lang='lat' dir='ltr'><strong>habuit</strong></span> <span class='ocrx_word' id='word_1_27' title='bbox 1035 491 1203 544; x_wconf 88' lang='lat' dir='ltr'><strong>usqtte</strong></span> <span class='ocrx_word' id='word_1_28' title='bbox 1235 475 1413 527; x_wconf 87' lang='lat' dir='ltr'><strong>adhuc</strong></span> <span class='ocrx_word' id='word_1_29' title='bbox 1447 474 1567 536; x_wconf 89' lang='lat' dir='ltr'><strong>iste,</strong></span> <span class='ocrx_word' id='word_1_30' title='bbox 1593 475 1681 540; x_wconf 85' lang='lat' dir='ltr'><strong>qui</strong></span> <span class='ocrx_word' id='word_1_31' title='bbox 1709 475 1893 542; x_wconf 88' lang='lat' dir='ltr'><strong>puriﬁ-</strong></span> 
     </span>
    </p>
   </div>
   <div class='ocr_carea' id='block_1_6' title="bbox 326 565 1898 634">
    <p class='ocr_par' dir='ltr' id='par_1_6' title="bbox 326 565 1898 634">
     <span class='ocr_line' id='line_1_6' title="bbox 326 565 1898 634; baseline -0.001 -14"><span class='ocrx_word' id='word_1_32' title='bbox 326 576 478 620; x_wconf 89' lang='lat' dir='ltr'><strong>catur</strong></span> <span class='ocrx_word' id='word_1_33' title='bbox 507 581 538 619; x_wconf 90' lang='lat' dir='ltr'><strong>a</strong></span> <span class='ocrx_word' id='word_1_34' title='bbox 565 565 732 633; x_wconf 89' lang='lat' dir='ltr'><strong>lepra,</strong></span> <span class='ocrx_word' id='word_1_35' title='bbox 767 566 929 619; x_wconf 87' lang='lat' dir='ltr'><strong>etiam</strong></span> <span class='ocrx_word' id='word_1_36' title='bbox 962 574 1082 634; x_wconf 90' lang='lat' dir='ltr'><strong>post</strong></span> <span class='ocrx_word' id='word_1_37' title='bbox 1118 567 1514 632; x_wconf 91' lang='lat' dir='ltr'><strong>aspersionem,</strong></span> <span class='ocrx_word' id='word_1_38' title='bbox 1551 573 1607 617; x_wconf 92' lang='lat' dir='ltr'><strong>et</strong></span> <span class='ocrx_word' id='word_1_39' title='bbox 1643 582 1787 619; x_wconf 91' lang='lat' dir='ltr'><strong>nunc</strong></span> <span class='ocrx_word' id='word_1_40' title='bbox 1821 568 1898 618; x_wconf 80' lang='lat' dir='ltr'><strong>la-</strong></span> 
     </span>
    </p>
   </div>
   <div class='ocr_carea' id='block_1_7' title="bbox 326 658 1893 729">
    <p class='ocr_par' dir='ltr' id='par_1_7' title="bbox 326 658 1893 729">
     <span class='ocr_line' id='line_1_7' title="bbox 326 658 1893 729; baseline 0.003 -18"><span class='ocrx_word' id='word_1_41' title='bbox 326 675 456 714; x_wconf 81' lang='lat' dir='ltr'><strong>vare</strong></span> <span class='ocrx_word' id='word_1_42' title='bbox 485 676 544 714; x_wconf 86' lang='lat' dir='ltr'><strong>ea</strong></span> <span class='ocrx_word' id='word_1_43' title='bbox 571 660 813 727; x_wconf 89' lang='lat' dir='ltr'><strong>jubetur.</strong></span> <span class='ocrx_word' id='word_1_44' title='bbox 846 658 975 725; x_wconf 74' lang='lat' dir='ltr'><strong>Qua:</strong></span> <span class='ocrx_word' id='word_1_45' title='bbox 1025 668 1206 714; x_wconf 88' lang='lat' dir='ltr'><strong>tamen</strong></span> <span class='ocrx_word' id='word_1_46' title='bbox 1233 664 1584 729; x_wconf 88' lang='lat' dir='ltr'><strong>vestimenta,</strong></span> <span class='ocrx_word' id='word_1_47' title='bbox 1628 677 1733 715; x_wconf 92' lang='lat' dir='ltr'><strong>non</strong></span> <span class='ocrx_word' id='word_1_48' title='bbox 1765 662 1893 715; x_wconf 92' lang='lat' dir='ltr'><strong>mihi</strong></span> 
     </span>
    </p>
   </div>
   <div class='ocr_carea' id='block_1_8' title="bbox 323 751 1896 823">
    <p class='ocr_par' dir='ltr' id='par_1_8' title="bbox 323 751 1896 823">
     <span class='ocr_line' id='line_1_8' title="bbox 323 751 1896 823; baseline 0.001 -18"><span class='ocrx_word' id='word_1_49' title='bbox 323 767 423 823; x_wconf 79' lang='lat' dir='ltr'><strong>per</strong></span> <span class='ocrx_word' id='word_1_50' title='bbox 443 752 625 806; x_wconf 84' lang='lat' dir='ltr'><strong>omnia</strong></span> <span class='ocrx_word' id='word_1_51' title='bbox 662 751 813 804; x_wconf 70' lang='lat' dir='ltr'><strong>malae</strong></span> <span class='ocrx_word' id='word_1_52' title='bbox 845 761 1074 805; x_wconf 83' lang='lat' dir='ltr'><strong>texturae</strong></span> <span class='ocrx_word' id='word_1_53' title='bbox 1115 753 1371 806; x_wconf 88' lang='lat' dir='ltr'><strong>videntur</strong></span> <span class='ocrx_word' id='word_1_54' title='bbox 1423 754 1609 810; x_wconf 91' lang='lat' dir='ltr'><strong>fuisse.</strong></span> <span class='ocrx_word' id='word_1_55' title='bbox 1643 753 1896 821; x_wconf 84' lang='lat' dir='ltr'><strong>Alioquin</strong></span> 
     </span>
    </p>
   </div>
   <div class='ocr_carea' id='block_1_9' title="bbox 327 843 1896 916">
    <p class='ocr_par' dir='ltr' id='par_1_9' title="bbox 327 843 1896 916">
     <span class='ocr_line' id='line_1_9' title="bbox 327 843 1896 916; baseline 0.001 -20"><span class='ocrx_word' id='word_1_56' title='bbox 327 843 484 911; x_wconf 82' lang='lat' dir='ltr'><strong>abjici</strong></span> <span class='ocrx_word' id='word_1_57' title='bbox 516 859 580 896; x_wconf 89' lang='lat' dir='ltr'><strong>ea</strong></span> <span class='ocrx_word' id='word_1_58' title='bbox 628 843 800 911; x_wconf 87' lang='lat' dir='ltr'><strong>magis</strong></span> <span class='ocrx_word' id='word_1_59' title='bbox 855 857 1016 910; x_wconf 89' lang='lat' dir='ltr'><strong>quam</strong></span> <span class='ocrx_word' id='word_1_60' title='bbox 1073 843 1244 897; x_wconf 92' lang='lat' dir='ltr'><strong>lavari</strong></span> <span class='ocrx_word' id='word_1_61' title='bbox 1301 847 1637 916; x_wconf 64' lang='lat' dir='ltr'><strong>praeciperet.</strong></span> <span class='ocrx_word' id='word_1_62' title='bbox 1699 845 1754 900; x_wconf 93' lang='lat' dir='ltr'><strong>ln</strong></span> <span class='ocrx_word' id='word_1_63' title='bbox 1791 861 1896 912; x_wconf 89' lang='lat' dir='ltr'><strong>quo</strong></span> 
     </span>
    </p>
   </div>
   <div class='ocr_carea' id='block_1_10' title="bbox 323 937 1894 1005">
    <p class='ocr_par' dir='ltr' id='par_1_10' title="bbox 323 937 1894 1005">
     <span class='ocr_line' id='line_1_10' title="bbox 323 937 1894 1005; baseline 0.004 -15"><span class='ocrx_word' id='word_1_64' title='bbox 323 937 634 990; x_wconf 89' lang='lat' dir='ltr'><strong>ostenditur</strong></span> <span class='ocrx_word' id='word_1_65' title='bbox 669 951 839 1004; x_wconf 89' lang='lat' dir='ltr'><strong>neque</strong></span> <span class='ocrx_word' id='word_1_66' title='bbox 885 950 979 1005; x_wconf 89' lang='lat' dir='ltr'><strong>per</strong></span> <span class='ocrx_word' id='word_1_67' title='bbox 1007 937 1187 990; x_wconf 88' lang='lat' dir='ltr'><strong>omnia</strong></span> <span class='ocrx_word' id='word_1_68' title='bbox 1224 937 1457 993; x_wconf 89' lang='lat' dir='ltr'><strong>alienam</strong></span> <span class='ocrx_word' id='word_1_69' title='bbox 1492 939 1657 996; x_wconf 83' lang='lat' dir='ltr'><strong>fuisse</strong></span> <span class='ocrx_word' id='word_1_70' title='bbox 1708 959 1735 995; x_wconf 91' lang='lat' dir='ltr'><strong>a</strong></span> <span class='ocrx_word' id='word_1_71' title='bbox 1785 944 1894 997; x_wconf 89' lang='lat' dir='ltr'><strong>Deo</strong></span> 
     </span>
    </p>
   </div>
   <div class='ocr_carea' id='block_1_11' title="bbox 323 1026 1897 1103">
    <p class='ocr_par' dir='ltr' id='par_1_11' title="bbox 323 1026 1897 1103">
     <span class='ocr_line' id='line_1_11' title="bbox 323 1026 1897 1103; baseline 0.002 -22"><span class='ocrx_word' id='word_1_72' title='bbox 323 1028 798 1082; x_wconf 75' lang='lat' dir='ltr'><strong>conversationem</strong></span> <span class='ocrx_word' id='word_1_73' title='bbox 827 1026 964 1094; x_wconf 86' lang='lat' dir='ltr'><strong>ejus,</strong></span> <span class='ocrx_word' id='word_1_74' title='bbox 996 1042 1166 1096; x_wconf 90' lang='lat' dir='ltr'><strong>neque</strong></span> <span class='ocrx_word' id='word_1_75' title='bbox 1200 1042 1334 1096; x_wconf 91' lang='lat' dir='ltr'><strong>pure</strong></span> <span class='ocrx_word' id='word_1_76' title='bbox 1354 1031 1574 1085; x_wconf 90' lang='lat' dir='ltr'><strong>omnino</strong></span> <span class='ocrx_word' id='word_1_77' title='bbox 1601 1031 1712 1103; x_wconf 73' lang='grc'><strong>(40)</strong></span> <span class='ocrx_word' id='word_1_78' title='bbox 1737 1045 1787 1086; x_wconf 87' lang='grc' dir='ltr'><strong>ει</strong></span> <span class='ocrx_word' id='word_1_79' title='bbox 1815 1034 1897 1084; x_wconf 90' lang='lat' dir='ltr'><strong>in-</strong></span> 
     </span>
    </p>
   </div>
   <div class='ocr_carea' id='block_1_12' title="bbox 326 1118 1894 1191">
    <p class='ocr_par' dir='ltr' id='par_1_12' title="bbox 326 1118 1894 1191">
     <span class='ocr_line' id='line_1_12' title="bbox 326 1118 1894 1191; baseline 0.004 -19"><span class='ocrx_word' id='word_1_80' title='bbox 326 1128 476 1188; x_wconf 71' lang='lat' dir='ltr'><strong>tegre</strong></span> <span class='ocrx_word' id='word_1_81' title='bbox 506 1118 853 1184; x_wconf 88' lang='lat' dir='ltr'><strong>custoditam,</strong></span> <span class='ocrx_word' id='word_1_82' title='bbox 877 1135 978 1173; x_wconf 88' lang='lat' dir='ltr'><strong>non</strong></span> <span class='ocrx_word' id='word_1_83' title='bbox 1009 1119 1150 1173; x_wconf 90' lang='lat' dir='ltr'><strong>enim</strong></span> <span class='ocrx_word' id='word_1_84' title='bbox 1173 1119 1383 1175; x_wconf 87' lang='lat' dir='ltr'><strong>lavaret</strong></span> <span class='ocrx_word' id='word_1_85' title='bbox 1413 1124 1756 1191; x_wconf 87' lang='lat' dir='ltr'><strong>vestimenta,</strong></span> <span class='ocrx_word' id='word_1_86' title='bbox 1792 1124 1894 1178; x_wconf 88' lang='lat' dir='ltr'><strong>nisi</strong></span> 
     </span>
    </p>
   </div>
   <div class='ocr_carea' id='block_1_13' title="bbox 327 1208 1891 1281">
    <p class='ocr_par' dir='ltr' id='par_1_13' title="bbox 327 1208 1891 1281">
     <span class='ocr_line' id='line_1_13' title="bbox 327 1208 1891 1281; baseline 0.002 -16"><span class='ocrx_word' id='word_1_87' title='bbox 327 1211 560 1266; x_wconf 89' lang='lat' dir='ltr'><strong>fuissent</strong></span> <span class='ocrx_word' id='word_1_88' title='bbox 614 1208 852 1273; x_wconf 88' lang='lat' dir='ltr'><strong>sordida,</strong></span> <span class='ocrx_word' id='word_1_89' title='bbox 887 1225 984 1263; x_wconf 89' lang='lat' dir='ltr'><strong>nec</strong></span> <span class='ocrx_word' id='word_1_90' title='bbox 1025 1211 1218 1265; x_wconf 91' lang='lat' dir='ltr'><strong>iterum</strong></span> <span class='ocrx_word' id='word_1_91' title='bbox 1260 1211 1382 1265; x_wconf 88' lang='lat' dir='ltr'><strong>lotis</strong></span> <span class='ocrx_word' id='word_1_92' title='bbox 1427 1216 1506 1269; x_wconf 90' lang='lat' dir='ltr'><strong>eis</strong></span> <span class='ocrx_word' id='word_1_93' title='bbox 1538 1225 1814 1281; x_wconf 85' lang='lat' dir='ltr'><strong>uteretur,</strong></span> <span class='ocrx_word' id='word_1_94' title='bbox 1849 1216 1891 1270; x_wconf 91' lang='lat' dir='ltr'><strong>si</strong></span> 
     </span>
    </p>
   </div>
   <div class='ocr_carea' id='block_1_14' title="bbox 324 1298 1895 1368">
    <p class='ocr_par' dir='ltr' id='par_1_14' title="bbox 324 1298 1895 1368">
     <span class='ocr_line' id='line_1_14' title="bbox 324 1298 1895 1368; baseline 0.002 -13"><span class='ocrx_word' id='word_1_95' title='bbox 324 1302 558 1362; x_wconf 83' lang='lat' dir='ltr'><strong>fuissent</strong></span> <span class='ocrx_word' id='word_1_96' title='bbox 588 1299 809 1352; x_wconf 86' lang='lat' dir='ltr'><strong>textrini</strong></span> <span class='ocrx_word' id='word_1_97' title='bbox 835 1298 887 1351; x_wconf 91' lang='lat' dir='ltr'><strong>in</strong></span> <span class='ocrx_word' id='word_1_98' title='bbox 916 1299 1164 1354; x_wconf 88' lang='lat' dir='ltr'><strong>omnibus</strong></span> <span class='ocrx_word' id='word_1_99' title='bbox 1188 1300 1370 1354; x_wconf 90' lang='lat' dir='ltr'><strong>alieni.</strong></span> <span class='ocrx_word' id='word_1_100' title='bbox 1403 1301 1554 1368; x_wconf 86' lang='lat' dir='ltr'><strong>Quod</strong></span> <span class='ocrx_word' id='word_1_101' title='bbox 1579 1315 1756 1357; x_wconf 88' lang='lat' dir='ltr'><strong>autem</strong></span> <span class='ocrx_word' id='word_1_102' title='bbox 1781 1305 1895 1358; x_wconf 90' lang='lat' dir='ltr'><strong>radi</strong></span> 
     </span>
    </p>
   </div>
   <div class='ocr_carea' id='block_1_15' title="bbox 316 1390 1895 1465">
    <p class='ocr_par' dir='ltr' id='par_1_15' title="bbox 316 1390 1895 1465">
     <span class='ocr_line' id='line_1_15' title="bbox 316 1390 1895 1465; baseline 0.003 -21"><span class='ocrx_word' id='word_1_103' title='bbox 316 1392 544 1461; x_wconf 88' lang='lat' dir='ltr'><strong>jubetur</strong></span> <span class='ocrx_word' id='word_1_104' title='bbox 583 1405 800 1444; x_wconf 88' lang='lat' dir='ltr'><strong>omnem</strong></span> <span class='ocrx_word' id='word_1_105' title='bbox 840 1390 1030 1459; x_wconf 91' lang='lat' dir='ltr'><strong>pilum,</strong></span> <span class='ocrx_word' id='word_1_106' title='bbox 1059 1401 1189 1460; x_wconf 90' lang='lat' dir='ltr'><strong>puto</strong></span> <span class='ocrx_word' id='word_1_107' title='bbox 1229 1393 1372 1461; x_wconf 87' lang='lat' dir='ltr'><strong>quod</strong></span> <span class='ocrx_word' id='word_1_108' title='bbox 1425 1410 1586 1448; x_wconf 87' lang='lat' dir='ltr'><strong>omne</strong></span> <span class='ocrx_word' id='word_1_109' title='bbox 1633 1396 1895 1465; x_wconf 88' lang='lat' dir='ltr'><strong>quidquid</strong></span> 
     </span>
    </p>
   </div>
   <div class='ocr_carea' id='block_1_16' title="bbox 318 1482 1892 1552">
    <p class='ocr_par' dir='ltr' id='par_1_16' title="bbox 318 1482 1892 1552">
     <span class='ocr_line' id='line_1_16' title="bbox 318 1482 1892 1552; baseline 0.002 -15"><span class='ocrx_word' id='word_1_110' title='bbox 318 1483 555 1538; x_wconf 87' lang='lat' dir='ltr'><strong>emortui</strong></span> <span class='ocrx_word' id='word_1_111' title='bbox 601 1482 780 1550; x_wconf 82' lang='lat' dir='ltr'><strong>cperis</strong></span> <span class='ocrx_word' id='word_1_112' title='bbox 809 1483 1001 1535; x_wconf 64' lang='lat' dir='ltr'><strong>animae</strong></span> <span class='ocrx_word' id='word_1_113' title='bbox 1032 1484 1217 1548; x_wconf 71' lang='lat' dir='ltr'><strong>posita:</strong></span> <span class='ocrx_word' id='word_1_114' title='bbox 1268 1484 1320 1537; x_wconf 92' lang='lat' dir='ltr'><strong>iu</strong></span> <span class='ocrx_word' id='word_1_115' title='bbox 1355 1487 1592 1552; x_wconf 75' lang='lat' dir='ltr'><strong>peccatis</strong></span> <span class='ocrx_word' id='word_1_116' title='bbox 1641 1497 1892 1540; x_wconf 80' lang='lat' dir='ltr'><strong>exortum</strong></span> 
     </span>
    </p>
   </div>
   <div class='ocr_carea' id='block_1_17' title="bbox 318 1573 1896 1648">
    <p class='ocr_par' dir='ltr' id='par_1_17' title="bbox 318 1573 1896 1648">
     <span class='ocr_line' id='line_1_17' title="bbox 318 1573 1896 1648; baseline 0.003 -20"><span class='ocrx_word' id='word_1_117' title='bbox 318 1586 402 1630; x_wconf 87' lang='lat' dir='ltr'><strong>est</strong></span> <span class='ocrx_word' id='word_1_118' title='bbox 441 1575 571 1643; x_wconf 91' lang='lat' dir='ltr'><strong>(hoc</strong></span> <span class='ocrx_word' id='word_1_119' title='bbox 601 1576 742 1628; x_wconf 90' lang='lat' dir='ltr'><strong>enim</strong></span> <span class='ocrx_word' id='word_1_120' title='bbox 778 1589 917 1628; x_wconf 91' lang='lat' dir='ltr'><strong>nunc</strong></span> <span class='ocrx_word' id='word_1_121' title='bbox 951 1573 1041 1643; x_wconf 88' lang='lat' dir='ltr'><strong>pili</strong></span> <span class='ocrx_word' id='word_1_122' title='bbox 1076 1574 1488 1648; x_wconf 88' lang='lat' dir='ltr'><strong>nominantur),</strong></span> <span class='ocrx_word' id='word_1_123' title='bbox 1515 1578 1769 1644; x_wconf 90' lang='lat' dir='ltr'><strong>jubeatur</strong></span> <span class='ocrx_word' id='word_1_124' title='bbox 1800 1582 1896 1632; x_wconf 88' lang='lat' dir='ltr'><strong>ab-</strong></span> 
     </span>
    </p>
   </div>
   <div class='ocr_carea' id='block_1_18' title="bbox 314 1666 1890 1738">
    <p class='ocr_par' dir='ltr' id='par_1_18' title="bbox 314 1666 1890 1738">
     <span class='ocr_line' id='line_1_18' title="bbox 314 1666 1890 1738; baseline 0.001 -16"><span class='ocrx_word' id='word_1_125' title='bbox 314 1667 512 1737; x_wconf 89' lang='lat' dir='ltr'><strong>jicere.</strong></span> <span class='ocrx_word' id='word_1_126' title='bbox 539 1666 800 1722; x_wconf 80' lang='lat' dir='ltr'><strong>Peccator</strong></span> <span class='ocrx_word' id='word_1_127' title='bbox 824 1667 966 1720; x_wconf 92' lang='lat' dir='ltr'><strong>enim</strong></span> <span class='ocrx_word' id='word_1_128' title='bbox 999 1683 1158 1722; x_wconf 91' lang='lat' dir='ltr'><strong>omne</strong></span> <span class='ocrx_word' id='word_1_129' title='bbox 1188 1668 1330 1738; x_wconf 90' lang='lat' dir='ltr'><strong>quod</strong></span> <span class='ocrx_word' id='word_1_130' title='bbox 1359 1669 1406 1724; x_wconf 92' lang='lat' dir='ltr'><strong>ei</strong></span> <span class='ocrx_word' id='word_1_131' title='bbox 1440 1669 1554 1722; x_wconf 88' lang='lat' dir='ltr'><strong>sive</strong></span> <span class='ocrx_word' id='word_1_132' title='bbox 1587 1670 1638 1722; x_wconf 93' lang='lat' dir='ltr'><strong>in</strong></span> <span class='ocrx_word' id='word_1_133' title='bbox 1663 1671 1890 1724; x_wconf 90' lang='lat' dir='ltr'><strong>consilio</strong></span> 
     </span>
    </p>
   </div>
   <div class='ocr_carea' id='block_1_19' title="bbox 2002 471 3571 542">
    <p class='ocr_par' dir='ltr' id='par_1_19' title="bbox 2002 471 3571 542">
     <span class='ocr_line' id='line_1_19' title="bbox 2002 471 3571 542; baseline 0.001 -16"><span class='ocrx_word' id='word_1_134' title='bbox 2002 473 2144 526; x_wconf 90' lang='lat' dir='ltr'><strong>enim</strong></span> <span class='ocrx_word' id='word_1_135' title='bbox 2189 483 2465 542; x_wconf 87' lang='lat' dir='ltr'><strong>peccatum</strong></span> <span class='ocrx_word' id='word_1_136' title='bbox 2494 482 2596 536; x_wconf 87' lang='grc' dir='ltr'>εει,</span> <span class='ocrx_word' id='word_1_137' title='bbox 2626 471 2783 525; x_wconf 85' lang='lat' dir='ltr'><strong>aliter</strong></span> <span class='ocrx_word' id='word_1_138' title='bbox 2801 488 2960 540; x_wconf 88' lang='lat' dir='ltr'><strong>quam</strong></span> <span class='ocrx_word' id='word_1_139' title='bbox 2994 472 3126 524; x_wconf 90' lang='lat' dir='ltr'><strong>ﬁdes</strong></span> <span class='ocrx_word' id='word_1_140' title='bbox 3160 471 3414 526; x_wconf 85' lang='lat' dir='ltr'><strong>Ecclesiae</strong></span> <span class='ocrx_word' id='word_1_141' title='bbox 3442 489 3571 527; x_wconf 83' lang='lat' dir='ltr'><strong>con-</strong></span> 
     </span>
    </p>
   </div>
   <div class='ocr_carea' id='block_1_20' title="bbox 2003 562 3567 633">
    <p class='ocr_par' dir='ltr' id='par_1_20' title="bbox 2003 562 3567 633">
     <span class='ocr_line' id='line_1_20' title="bbox 2003 562 3567 633; baseline 0.002 -17"><span class='ocrx_word' id='word_1_142' title='bbox 2003 565 2160 629; x_wconf 90' lang='lat' dir='ltr'><strong>tinet,</strong></span> <span class='ocrx_word' id='word_1_143' title='bbox 2191 565 2256 617; x_wconf 87' lang='lat' dir='ltr'><strong>de</strong></span> <span class='ocrx_word' id='word_1_144' title='bbox 2292 562 2491 617; x_wconf 85' lang='lat' dir='ltr'><strong>divinis</strong></span> <span class='ocrx_word' id='word_1_145' title='bbox 2521 563 2727 616; x_wconf 86' lang='lat' dir='ltr'><strong>sentire</strong></span> <span class='ocrx_word' id='word_1_146' title='bbox 2750 564 3112 633; x_wconf 81' lang='lat' dir='ltr'><strong>dogmatibus.</strong></span> <span class='ocrx_word' id='word_1_147' title='bbox 3144 563 3198 616; x_wconf 94' lang='lat' dir='ltr'><strong>lu</strong></span> <span class='ocrx_word' id='word_1_148' title='bbox 3235 564 3400 618; x_wconf 86' lang='lat' dir='ltr'><strong>barba</strong></span> <span class='ocrx_word' id='word_1_149' title='bbox 3419 579 3567 630; x_wconf 77' lang='lat' dir='ltr'><strong>vero,</strong></span> 
     </span>
    </p>
   </div>
   <div class='ocr_carea' id='block_1_21' title="bbox 2001 652 3571 722">
    <p class='ocr_par' dir='ltr' id='par_1_21' title="bbox 2001 652 3571 722">
     <span class='ocr_line' id='line_1_21' title="bbox 2001 652 3571 722; baseline -0.001 -14"><span class='ocrx_word' id='word_1_150' title='bbox 2001 664 2056 708; x_wconf 89' lang='lat' dir='ltr'><strong>ut</strong></span> <span class='ocrx_word' id='word_1_151' title='bbox 2087 653 2388 708; x_wconf 76' lang='lat' dir='ltr'><strong>mmniucrit</strong></span> <span class='ocrx_word' id='word_1_152' title='bbox 2435 668 2495 706; x_wconf 89' lang='lat' dir='ltr'><strong>se</strong></span> <span class='ocrx_word' id='word_1_153' title='bbox 2543 652 2654 722; x_wconf 77' lang='grc' dir='ltr'><strong>(Η)</strong></span> <span class='ocrx_word' id='word_1_154' title='bbox 2691 654 2868 708; x_wconf 83' lang='lat' dir='ltr'><strong>virilis</strong></span> <span class='ocrx_word' id='word_1_155' title='bbox 2903 653 3080 707; x_wconf 67' lang='lat' dir='ltr'><strong>aetatis</strong></span> <span class='ocrx_word' id='word_1_156' title='bbox 3101 652 3418 720; x_wconf 84' lang='lat' dir='ltr'><strong>deposuisse</strong></span> <span class='ocrx_word' id='word_1_157' title='bbox 3447 668 3571 722; x_wconf 82' lang='lat' dir='ltr'><strong>pec-</strong></span> 
     </span>
    </p>
   </div>
   <div class='ocr_carea' id='block_1_22' title="bbox 1999 743 3570 812">
    <p class='ocr_par' dir='ltr' id='par_1_22' title="bbox 1999 743 3570 812">
     <span class='ocr_line' id='line_1_22' title="bbox 1999 743 3570 812; baseline -0.002 -11"><span class='ocrx_word' id='word_1_158' title='bbox 1999 757 2143 811; x_wconf 89' lang='lat' dir='ltr'><strong>cata,</strong></span> <span class='ocrx_word' id='word_1_159' title='bbox 2171 754 2224 798; x_wconf 91' lang='lat' dir='ltr'><strong>et</strong></span> <span class='ocrx_word' id='word_1_160' title='bbox 2256 759 2553 799; x_wconf 87' lang='lat' dir='ltr'><strong>conversus</strong></span> <span class='ocrx_word' id='word_1_161' title='bbox 2610 745 2703 797; x_wconf 89' lang='lat' dir='ltr'><strong>ﬁat</strong></span> <span class='ocrx_word' id='word_1_162' title='bbox 2757 745 2897 799; x_wconf 85' lang='lat' dir='ltr'><strong>sicut</strong></span> <span class='ocrx_word' id='word_1_163' title='bbox 2933 745 3129 798; x_wconf 80' lang='lat' dir='ltr'><strong>infans.</strong></span> <span class='ocrx_word' id='word_1_164' title='bbox 3165 743 3222 797; x_wconf 93' lang='lat' dir='ltr'><strong>ln</strong></span> <span class='ocrx_word' id='word_1_165' title='bbox 3264 745 3570 812; x_wconf 85' lang='lat' dir='ltr'><strong>superciliis</strong></span> 
     </span>
    </p>
   </div>
   <div class='ocr_carea' id='block_1_23' title="bbox 1999 835 3566 903">
    <p class='ocr_par' dir='ltr' id='par_1_23' title="bbox 1999 835 3566 903">
     <span class='ocr_line' id='line_1_23' title="bbox 1999 835 3566 903; baseline -0.001 -13"><span class='ocrx_word' id='word_1_166' title='bbox 1999 847 2182 890; x_wconf 90' lang='lat' dir='ltr'><strong>autem</strong></span> <span class='ocrx_word' id='word_1_167' title='bbox 2234 837 2605 903; x_wconf 86' lang='lat' dir='ltr'><strong>arrogantiam</strong></span> <span class='ocrx_word' id='word_1_168' title='bbox 2635 836 2870 903; x_wconf 85' lang='lat' dir='ltr'><strong>dejiciat,</strong></span> <span class='ocrx_word' id='word_1_169' title='bbox 2901 845 2956 890; x_wconf 88' lang='lat' dir='ltr'><strong>et</strong></span> <span class='ocrx_word' id='word_1_170' title='bbox 3006 836 3146 889; x_wconf 83' lang='lat' dir='ltr'><strong>male</strong></span> <span class='ocrx_word' id='word_1_171' title='bbox 3178 835 3376 888; x_wconf 89' lang='lat' dir='ltr'><strong>elatum</strong></span> <span class='ocrx_word' id='word_1_172' title='bbox 3409 847 3466 888; x_wconf 87' lang='lat' dir='ltr'><strong>ttt</strong></span> <span class='ocrx_word' id='word_1_173' title='bbox 3502 837 3566 889; x_wconf 87' lang='lat' dir='ltr'><strong>ad</strong></span> 
     </span>
    </p>
   </div>
   <div class='ocr_carea' id='block_1_24' title="bbox 1997 926 3568 996">
    <p class='ocr_par' dir='ltr' id='par_1_24' title="bbox 1997 926 3568 996">
     <span class='ocr_line' id='line_1_24' title="bbox 1997 926 3568 996; baseline -0.003 -14"><span class='ocrx_word' id='word_1_174' title='bbox 1997 930 2353 983; x_wconf 87' lang='lat' dir='ltr'><strong>luunilitatem</strong></span> <span class='ocrx_word' id='word_1_175' title='bbox 2435 929 2636 983; x_wconf 85' lang='lat' dir='ltr'><strong>Christi</strong></span> <span class='ocrx_word' id='word_1_176' title='bbox 2673 928 2889 982; x_wconf 89' lang='lat' dir='ltr'><strong>inclinet</strong></span> <span class='ocrx_word' id='word_1_177' title='bbox 2915 926 3287 996; x_wconf 84' lang='lat' dir='ltr'><strong>supercilium.</strong></span> <span class='ocrx_word' id='word_1_178' title='bbox 3318 926 3568 980; x_wconf 87' lang='lat' dir='ltr'><strong>Secundo</strong></span> 
     </span>
    </p>
   </div>
   <div class='ocr_carea' id='block_1_25' title="bbox 1997 1018 3564 1088">
    <p class='ocr_par' dir='ltr' id='par_1_25' title="bbox 1997 1018 3564 1088">
     <span class='ocr_line' id='line_1_25' title="bbox 1997 1018 3564 1088; baseline 0 -14"><span class='ocrx_word' id='word_1_179' title='bbox 1997 1037 2125 1088; x_wconf 85' lang='lat' dir='ltr'><strong>ergo</strong></span> <span class='ocrx_word' id='word_1_180' title='bbox 2157 1023 2224 1074; x_wconf 85' lang='lat' dir='ltr'><strong>ad</strong></span> <span class='ocrx_word' id='word_1_181' title='bbox 2249 1021 2389 1073; x_wconf 90' lang='lat' dir='ltr'><strong>hunc</strong></span> <span class='ocrx_word' id='word_1_182' title='bbox 2407 1021 2620 1073; x_wconf 89' lang='lat' dir='ltr'><strong>modum</strong></span> <span class='ocrx_word' id='word_1_183' title='bbox 2650 1020 2828 1072; x_wconf 92' lang='lat' dir='ltr'><strong>omnis</strong></span> <span class='ocrx_word' id='word_1_184' title='bbox 2858 1018 3002 1088; x_wconf 88' lang='lat' dir='ltr'><strong>pilus</strong></span> <span class='ocrx_word' id='word_1_185' title='bbox 3038 1019 3285 1086; x_wconf 90' lang='lat' dir='ltr'><strong>corporis</strong></span> <span class='ocrx_word' id='word_1_186' title='bbox 3323 1019 3564 1074; x_wconf 90' lang='lat' dir='ltr'><strong>raditur.</strong></span> 
     </span>
    </p>
   </div>
   <div class='ocr_carea' id='block_1_26' title="bbox 1999 1110 3566 1180">
    <p class='ocr_par' dir='ltr' id='par_1_26' title="bbox 1999 1110 3566 1180">
     <span class='ocr_line' id='line_1_26' title="bbox 1999 1110 3566 1180; baseline -0.003 -14"><span class='ocrx_word' id='word_1_187' title='bbox 1999 1113 2062 1166; x_wconf 77' lang='lat' dir='ltr'><strong>Et</strong></span> <span class='ocrx_word' id='word_1_188' title='bbox 2089 1114 2228 1166; x_wconf 78' lang='lat' dir='ltr'><strong>sicut</strong></span> <span class='ocrx_word' id='word_1_189' title='bbox 2282 1113 2396 1166; x_wconf 75' lang='lat' dir='ltr'><strong>hzec</strong></span> <span class='ocrx_word' id='word_1_190' title='bbox 2441 1113 2814 1180; x_wconf 81' lang='lat' dir='ltr'><strong>geminantur,</strong></span> <span class='ocrx_word' id='word_1_191' title='bbox 2849 1111 2919 1164; x_wconf 91' lang='lat' dir='ltr'><strong>ita</strong></span> <span class='ocrx_word' id='word_1_192' title='bbox 2955 1122 3008 1166; x_wconf 90' lang='lat' dir='ltr'><strong>et</strong></span> <span class='ocrx_word' id='word_1_193' title='bbox 3033 1112 3356 1164; x_wconf 88' lang='lat' dir='ltr'><strong>vestimenta</strong></span> <span class='ocrx_word' id='word_1_194' title='bbox 3401 1110 3566 1164; x_wconf 86' lang='lat' dir='ltr'><strong>semel</strong></span> 
     </span>
    </p>
   </div>
   <div class='ocr_carea' id='block_1_27' title="bbox 1997 1202 3565 1276">
    <p class='ocr_par' dir='ltr' id='par_1_27' title="bbox 1997 1202 3565 1276">
     <span class='ocr_line' id='line_1_27' title="bbox 1997 1202 3565 1276; baseline -0.006 -14"><span class='ocrx_word' id='word_1_195' title='bbox 1997 1209 2050 1262; x_wconf 88' lang='lat' dir='ltr'><strong>in</strong></span> <span class='ocrx_word' id='word_1_196' title='bbox 2083 1212 2252 1276; x_wconf 89' lang='lat' dir='ltr'><strong>prima</strong></span> <span class='ocrx_word' id='word_1_197' title='bbox 2292 1205 2669 1275; x_wconf 89' lang='lat' dir='ltr'><strong>puriﬁcatione</strong></span> <span class='ocrx_word' id='word_1_198' title='bbox 2719 1205 2911 1258; x_wconf 80' lang='lat' dir='ltr'><strong>lavisse</strong></span> <span class='ocrx_word' id='word_1_199' title='bbox 2955 1220 3061 1257; x_wconf 89' lang='lat' dir='ltr'><strong>non</strong></span> <span class='ocrx_word' id='word_1_200' title='bbox 3095 1202 3315 1266; x_wconf 83' lang='lat' dir='ltr'><strong>sufﬁcit,</strong></span> <span class='ocrx_word' id='word_1_201' title='bbox 3347 1205 3440 1257; x_wconf 84' lang='lat' dir='ltr'><strong>sed</strong></span> <span class='ocrx_word' id='word_1_202' title='bbox 3473 1216 3565 1255; x_wconf 83' lang='lat' dir='ltr'><strong>se-</strong></span> 
     </span>
    </p>
   </div>
   <div class='ocr_carea' id='block_1_28' title="bbox 1998 1297 3567 1367">
    <p class='ocr_par' dir='ltr' id='par_1_28' title="bbox 1998 1297 3567 1367">
     <span class='ocr_line' id='line_1_28' title="bbox 1998 1297 3567 1367; baseline -0.001 -14"><span class='ocrx_word' id='word_1_203' title='bbox 1998 1301 2171 1354; x_wconf 92' lang='lat' dir='ltr'><strong>cundo</strong></span> <span class='ocrx_word' id='word_1_204' title='bbox 2201 1299 2512 1367; x_wconf 80' lang='lat' dir='ltr'><strong>praecipitur</strong></span> <span class='ocrx_word' id='word_1_205' title='bbox 2550 1307 2606 1350; x_wconf 92' lang='lat' dir='ltr'><strong>ut</strong></span> <span class='ocrx_word' id='word_1_206' title='bbox 2639 1297 2783 1350; x_wconf 86' lang='lat' dir='ltr'><strong>lavet</strong></span> <span class='ocrx_word' id='word_1_207' title='bbox 2815 1297 3138 1351; x_wconf 85' lang='lat' dir='ltr'><strong>vestimenta</strong></span> <span class='ocrx_word' id='word_1_208' title='bbox 3159 1311 3256 1349; x_wconf 88' lang='lat' dir='ltr'><strong>sua</strong></span> <span class='ocrx_word' id='word_1_209' title='bbox 3283 1308 3334 1350; x_wconf 89' lang='lat' dir='ltr'><strong>et</strong></span> <span class='ocrx_word' id='word_1_210' title='bbox 3369 1312 3567 1365; x_wconf 84' lang='lat' dir='ltr'><strong>corpus</strong></span> 
     </span>
    </p>
   </div>
   <div class='ocr_carea' id='block_1_29' title="bbox 1997 1391 3566 1460">
    <p class='ocr_par' dir='ltr' id='par_1_29' title="bbox 1997 1391 3566 1460">
     <span class='ocr_line' id='line_1_29' title="bbox 1997 1391 3566 1460; baseline -0.003 -14"><span class='ocrx_word' id='word_1_211' title='bbox 1997 1408 2151 1446; x_wconf 88' lang='lat' dir='ltr'><strong>suum</strong></span> <span class='ocrx_word' id='word_1_212' title='bbox 2177 1407 2343 1460; x_wconf 86' lang='lat' dir='ltr'><strong>aqua,</strong></span> <span class='ocrx_word' id='word_1_213' title='bbox 2375 1401 2429 1444; x_wconf 89' lang='lat' dir='ltr'><strong>et</strong></span> <span class='ocrx_word' id='word_1_214' title='bbox 2471 1401 2595 1444; x_wconf 87' lang='lat' dir='ltr'><strong>tunc</strong></span> <span class='ocrx_word' id='word_1_215' title='bbox 2625 1400 2819 1460; x_wconf 83' lang='lat' dir='ltr'><strong>quarto</strong></span> <span class='ocrx_word' id='word_1_216' title='bbox 2853 1391 3066 1443; x_wconf 86' lang='lat' dir='ltr'><strong>additur</strong></span> <span class='ocrx_word' id='word_1_217' title='bbox 3089 1391 3156 1453; x_wconf 81' lang='lat'><strong>“,</strong></span> <span class='ocrx_word' id='word_1_218' title='bbox 3200 1409 3218 1441; x_wconf 83' lang='grc'><strong>‹</strong></span> <span class='ocrx_word' id='word_1_219' title='bbox 3253 1399 3306 1443; x_wconf 91' lang='lat' dir='ltr'><strong>et</strong></span> <span class='ocrx_word' id='word_1_220' title='bbox 3335 1393 3566 1445; x_wconf 82' lang='lat' dir='ltr'><strong>mundus</strong></span> 
     </span>
    </p>
   </div>
   <div class='ocr_carea' id='block_1_30' title="bbox 1996 1481 3564 1550">
    <p class='ocr_par' dir='ltr' id='par_1_30' title="bbox 1996 1481 3564 1550">
     <span class='ocr_line' id='line_1_30' title="bbox 1996 1481 3564 1550; baseline 0.001 -15"><span class='ocrx_word' id='word_1_221' title='bbox 1996 1483 2118 1536; x_wconf 89' lang='lat' dir='ltr'><strong>erit.</strong></span> <span class='ocrx_word' id='word_1_222' title='bbox 2155 1501 2172 1532; x_wconf 77' lang='grc' dir='ltr'><strong>ι</strong></span> <span class='ocrx_word' id='word_1_223' title='bbox 2209 1482 2330 1536; x_wconf 54' lang='grc' dir='ltr'>ιλιωο</span> <span class='ocrx_word' id='word_1_224' title='bbox 2356 1493 2534 1536; x_wconf 91' lang='lat' dir='ltr'><strong>autem</strong></span> <span class='ocrx_word' id='word_1_225' title='bbox 2568 1482 2701 1534; x_wconf 70' lang='lat' dir='ltr'><strong>(itaut</strong></span> <span class='ocrx_word' id='word_1_226' title='bbox 2728 1483 2867 1536; x_wconf 90' lang='lat' dir='ltr'><strong>intra</strong></span> <span class='ocrx_word' id='word_1_227' title='bbox 2913 1491 3092 1535; x_wconf 87' lang='lat' dir='ltr'><strong>castra</strong></span> <span class='ocrx_word' id='word_1_228' title='bbox 3121 1481 3337 1550; x_wconf 85' lang='lat' dir='ltr'><strong>quidem</strong></span> <span class='ocrx_word' id='word_1_229' title='bbox 3379 1484 3564 1550; x_wconf 87' lang='lat' dir='ltr'><strong>posito</strong></span> 
     </span>
    </p>
   </div>
   <div class='ocr_carea' id='block_1_31' title="bbox 1995 1573 3562 1640">
    <p class='ocr_par' dir='ltr' id='par_1_31' title="bbox 1995 1573 3562 1640">
     <span class='ocr_line' id='line_1_31' title="bbox 1995 1573 3562 1640; baseline 0.001 -14"><span class='ocrx_word' id='word_1_230' title='bbox 1995 1587 2080 1638; x_wconf 89' lang='lat' dir='ltr'><strong>eo,</strong></span> <span class='ocrx_word' id='word_1_231' title='bbox 2109 1573 2289 1627; x_wconf 88' lang='lat' dir='ltr'><strong>adlmc</strong></span> <span class='ocrx_word' id='word_1_232' title='bbox 2331 1583 2512 1627; x_wconf 91' lang='lat' dir='ltr'><strong>tamen</strong></span> <span class='ocrx_word' id='word_1_233' title='bbox 2563 1582 2715 1628; x_wconf 88' lang='lat' dir='ltr'><strong>extra</strong></span> <span class='ocrx_word' id='word_1_234' title='bbox 2750 1575 2967 1627; x_wconf 92' lang='lat' dir='ltr'><strong>domum</strong></span> <span class='ocrx_word' id='word_1_235' title='bbox 3026 1588 3201 1627; x_wconf 89' lang='lat' dir='ltr'><strong>suam.</strong></span> <span class='ocrx_word' id='word_1_236' title='bbox 3237 1574 3562 1640; x_wconf 89' lang='lat' dir='ltr'><strong>Diciteuim,</strong></span> 
     </span>
    </p>
   </div>
   <div class='ocr_carea' id='block_1_32' title="bbox 1996 1664 3564 1731">
    <p class='ocr_par' dir='ltr' id='par_1_32' title="bbox 1996 1664 3564 1731">
     <span class='ocr_line' id='line_1_32' title="bbox 1996 1664 3564 1731; baseline 0.002 -16"><span class='ocrx_word' id='word_1_237' title='bbox 1996 1672 2117 1730; x_wconf 86' lang='lat' dir='ltr'><strong>post</strong></span> <span class='ocrx_word' id='word_1_238' title='bbox 2147 1673 2352 1731; x_wconf 85' lang='lat' dir='ltr'><strong>septem</strong></span> <span class='ocrx_word' id='word_1_239' title='bbox 2379 1664 2493 1717; x_wconf 87' lang='lat' dir='ltr'><strong>dies</strong></span> <span class='ocrx_word' id='word_1_240' title='bbox 2533 1681 2551 1713; x_wconf 79' lang='grc' dir='ltr'><strong>ι</strong></span> <span class='ocrx_word' id='word_1_241' title='bbox 2591 1664 2642 1716; x_wconf 91' lang='lat' dir='ltr'><strong>iu</strong></span> <span class='ocrx_word' id='word_1_242' title='bbox 2667 1665 2757 1716; x_wconf 89' lang='lat' dir='ltr'><strong>die</strong></span> <span class='ocrx_word' id='word_1_243' title='bbox 2787 1672 2978 1716; x_wconf 87' lang='lat' dir='ltr'><strong>octava</strong></span> <span class='ocrx_word' id='word_1_244' title='bbox 3014 1674 3256 1717; x_wconf 89' lang='lat' dir='ltr'><strong>assumet</strong></span> <span class='ocrx_word' id='word_1_245' title='bbox 3289 1665 3389 1717; x_wconf 84' lang='lat' dir='ltr'><strong>sibi</strong></span> <span class='ocrx_word' id='word_1_246' title='bbox 3425 1666 3564 1720; x_wconf 89' lang='lat' dir='ltr'><strong>duos</strong></span> 
     </span>
    </p>
   </div>
   <div class='ocr_carea' id='block_1_33' title="bbox 318 1733 3566 1829">
    <p class='ocr_par' dir='ltr' id='par_1_33' title="bbox 318 1733 3566 1829">
     <span class='ocr_line' id='line_1_33' title="bbox 318 1733 3566 1829; baseline -0.002 -15"><span class='ocrx_word' id='word_1_247' title='bbox 318 1771 512 1814; x_wconf 86' lang='lat' dir='ltr'><strong>natum</strong></span> <span class='ocrx_word' id='word_1_248' title='bbox 542 1767 649 1822; x_wconf 88' lang='lat' dir='ltr'><strong>est,</strong></span> <span class='ocrx_word' id='word_1_249' title='bbox 681 1757 792 1811; x_wconf 85' lang='lat' dir='ltr'><strong>sive</strong></span> <span class='ocrx_word' id='word_1_250' title='bbox 819 1757 870 1810; x_wconf 92' lang='lat' dir='ltr'><strong>in</strong></span> <span class='ocrx_word' id='word_1_251' title='bbox 905 1759 1095 1819; x_wconf 89' lang='lat' dir='ltr'><strong>verbo,</strong></span> <span class='ocrx_word' id='word_1_252' title='bbox 1137 1759 1250 1813; x_wconf 87' lang='lat' dir='ltr'><strong>sive</strong></span> <span class='ocrx_word' id='word_1_253' title='bbox 1285 1760 1334 1811; x_wconf 93' lang='lat' dir='ltr'><strong>in</strong></span> <span class='ocrx_word' id='word_1_254' title='bbox 1370 1775 1564 1829; x_wconf 89' lang='lat' dir='ltr'><strong>opere.</strong></span> <span class='ocrx_word' id='word_1_255' title='bbox 1599 1761 1814 1828; x_wconf 87' lang='lat' dir='ltr'><strong>expedit</strong></span> <span class='ocrx_word' id='word_1_256' title='bbox 1841 1762 1886 1814; x_wconf 88' lang='lat' dir='ltr'><strong>si</strong></span> <span class='ocrx_word' id='word_1_257' title='bbox 1922 1733 1962 1785; x_wconf 75' lang='grc' dir='ltr'>Β</span> <span class='ocrx_word' id='word_1_258' title='bbox 1993 1771 2178 1825; x_wconf 85' lang='lat' dir='ltr'><strong>agnos.</strong></span> <span class='ocrx_word' id='word_1_259' title='bbox 2225 1775 2242 1806; x_wconf 72' lang='grc' dir='ltr'><strong>ι</strong></span> <span class='ocrx_word' id='word_1_260' title='bbox 2276 1753 2388 1809; x_wconf 73' lang='lat' dir='ltr'><strong>1am</strong></span> <span class='ocrx_word' id='word_1_261' title='bbox 2422 1771 2527 1808; x_wconf 92' lang='lat' dir='ltr'><strong>non</strong></span> <span class='ocrx_word' id='word_1_262' title='bbox 2570 1755 2709 1808; x_wconf 89' lang='lat' dir='ltr'><strong>alius</strong></span> <span class='ocrx_word' id='word_1_263' title='bbox 2751 1757 3001 1822; x_wconf 73' lang='lat' dir='ltr'><strong>asseruit,</strong></span> <span class='ocrx_word' id='word_1_264' title='bbox 3049 1757 3140 1810; x_wconf 93' lang='lat' dir='ltr'><strong>sed</strong></span> <span class='ocrx_word' id='word_1_265' title='bbox 3196 1758 3308 1824; x_wconf 85' lang='lat' dir='ltr'><strong>ipse</strong></span> <span class='ocrx_word' id='word_1_266' title='bbox 3341 1756 3440 1811; x_wconf 87' lang='lat' dir='ltr'><strong>sibi</strong></span> <span class='ocrx_word' id='word_1_267' title='bbox 3475 1771 3566 1809; x_wconf 80' lang='lat' dir='ltr'><strong>as-</strong></span> 
     </span>
    </p>
   </div>
   <div class='ocr_carea' id='block_1_34' title="bbox 317 1847 1891 1920">
    <p class='ocr_par' dir='ltr' id='par_1_34' title="bbox 317 1847 1891 1920">
     <span class='ocr_line' id='line_1_34' title="bbox 317 1847 1891 1920; baseline 0.003 -19"><span class='ocrx_word' id='word_1_268' title='bbox 317 1864 449 1904; x_wconf 90' lang='lat' dir='ltr'><strong>vere</strong></span> <span class='ocrx_word' id='word_1_269' title='bbox 477 1847 754 1917; x_wconf 89' lang='lat' dir='ltr'><strong>puriﬁcari</strong></span> <span class='ocrx_word' id='word_1_270' title='bbox 793 1847 930 1913; x_wconf 87' lang='lat' dir='ltr'><strong>vult,</strong></span> <span class='ocrx_word' id='word_1_271' title='bbox 956 1860 1016 1902; x_wconf 92' lang='lat' dir='ltr'><strong>ut</strong></span> <span class='ocrx_word' id='word_1_272' title='bbox 1051 1851 1261 1913; x_wconf 85' lang='lat' dir='ltr'><strong>eradat,</strong></span> <span class='ocrx_word' id='word_1_273' title='bbox 1305 1859 1357 1904; x_wconf 91' lang='lat' dir='ltr'><strong>et</strong></span> <span class='ocrx_word' id='word_1_274' title='bbox 1397 1849 1639 1920; x_wconf 89' lang='lat' dir='ltr'><strong>abjiciat,</strong></span> <span class='ocrx_word' id='word_1_275' title='bbox 1673 1866 1770 1904; x_wconf 90' lang='lat' dir='ltr'><strong>nec</strong></span> <span class='ocrx_word' id='word_1_276' title='bbox 1808 1865 1891 1905; x_wconf 90' lang='lat' dir='ltr'><strong>re-</strong></span> 
     </span>
    </p>
   </div>
   <div class='ocr_carea' id='block_1_35' title="bbox 318 1939 1893 2009">
    <p class='ocr_par' dir='ltr' id='par_1_35' title="bbox 318 1939 1893 2009">
     <span class='ocr_line' id='line_1_35' title="bbox 318 1939 1893 2009; baseline 0.001 -13"><span class='ocrx_word' id='word_1_277' title='bbox 318 1943 498 1997; x_wconf 79' lang='lat' dir='ltr'><strong>sidere</strong></span> <span class='ocrx_word' id='word_1_278' title='bbox 511 1939 715 2009; x_wconf 86' lang='lat' dir='ltr'><strong>aliquid</strong></span> <span class='ocrx_word' id='word_1_279' title='bbox 735 1941 992 2008; x_wconf 88' lang='lat' dir='ltr'><strong>patiatur.</strong></span> <span class='ocrx_word' id='word_1_280' title='bbox 1019 1941 1255 1996; x_wconf 89' lang='lat' dir='ltr'><strong>Sanctus</strong></span> <span class='ocrx_word' id='word_1_281' title='bbox 1285 1951 1463 1996; x_wconf 89' lang='lat' dir='ltr'><strong>autem</strong></span> <span class='ocrx_word' id='word_1_282' title='bbox 1489 1957 1706 1996; x_wconf 87' lang='lat' dir='ltr'><strong>servare</strong></span> <span class='ocrx_word' id='word_1_283' title='bbox 1734 1944 1893 1998; x_wconf 85' lang='lat' dir='ltr'><strong>debet</strong></span> 
     </span>
    </p>
   </div>
   <div class='ocr_carea' id='block_1_36' title="bbox 315 2033 1891 2104">
    <p class='ocr_par' dir='ltr' id='par_1_36' title="bbox 315 2033 1891 2104">
     <span class='ocr_line' id='line_1_36' title="bbox 315 2033 1891 2104; baseline 0.001 -16"><span class='ocrx_word' id='word_1_284' title='bbox 315 2049 536 2090; x_wconf 91' lang='lat' dir='ltr'><strong>omnem</strong></span> <span class='ocrx_word' id='word_1_285' title='bbox 589 2033 862 2102; x_wconf 90' lang='lat' dir='ltr'><strong>capillum,</strong></span> <span class='ocrx_word' id='word_1_286' title='bbox 884 2043 940 2088; x_wconf 89' lang='lat' dir='ltr'><strong>et</strong></span> <span class='ocrx_word' id='word_1_287' title='bbox 957 2034 1000 2089; x_wconf 91' lang='lat' dir='ltr'><strong>si</strong></span> <span class='ocrx_word' id='word_1_288' title='bbox 1036 2034 1288 2104; x_wconf 88' lang='lat' dir='ltr'><strong>possibile</strong></span> <span class='ocrx_word' id='word_1_289' title='bbox 1316 2045 1418 2096; x_wconf 90' lang='lat' dir='ltr'><strong>est,</strong></span> <span class='ocrx_word' id='word_1_290' title='bbox 1466 2048 1568 2089; x_wconf 82' lang='lat' dir='ltr'><strong>nec</strong></span> <span class='ocrx_word' id='word_1_291' title='bbox 1594 2035 1891 2090; x_wconf 85' lang='lat' dir='ltr'><strong>ascendere</strong></span> 
     </span>
    </p>
   </div>
   <div class='ocr_carea' id='block_1_37' title="bbox 317 2123 1892 2196">
    <p class='ocr_par' dir='ltr' id='par_1_37' title="bbox 317 2123 1892 2196">
     <span class='ocr_line' id='line_1_37' title="bbox 317 2123 1892 2196; baseline 0.001 -16"><span class='ocrx_word' id='word_1_292' title='bbox 317 2126 486 2181; x_wconf 88' lang='lat' dir='ltr'><strong>debet</strong></span> <span class='ocrx_word' id='word_1_293' title='bbox 521 2123 730 2180; x_wconf 84' lang='lat' dir='ltr'><strong>ferrum</strong></span> <span class='ocrx_word' id='word_1_294' title='bbox 761 2139 927 2193; x_wconf 85' lang='lat' dir='ltr'><strong>super</strong></span> <span class='ocrx_word' id='word_1_295' title='bbox 956 2133 1117 2195; x_wconf 90' lang='lat' dir='ltr'><strong>caput</strong></span> <span class='ocrx_word' id='word_1_296' title='bbox 1145 2125 1262 2196; x_wconf 84' lang='lat' dir='ltr'><strong>ejus</strong></span> <span class='ocrx_word' id='word_1_297' title='bbox 1282 2167 1294 2190; x_wconf 90' lang='lat'><strong>,</strong></span> <span class='ocrx_word' id='word_1_298' title='bbox 1331 2139 1402 2180; x_wconf 89' lang='lat' dir='ltr'><strong>ne</strong></span> <span class='ocrx_word' id='word_1_299' title='bbox 1431 2127 1751 2182; x_wconf 85' lang='lat' dir='ltr'><strong>abscindere</strong></span> <span class='ocrx_word' id='word_1_300' title='bbox 1792 2128 1892 2181; x_wconf 89' lang='lat' dir='ltr'><strong>ali-</strong></span> 
     </span>
    </p>
   </div>
   <div class='ocr_carea' id='block_1_38' title="bbox 318 2215 1884 2286">
    <p class='ocr_par' dir='ltr' id='par_1_38' title="bbox 318 2215 1884 2286">
     <span class='ocr_line' id='line_1_38' title="bbox 318 2215 1884 2286; baseline 0.001 -16"><span class='ocrx_word' id='word_1_301' title='bbox 318 2217 446 2286; x_wconf 89' lang='lat' dir='ltr'><strong>quid</strong></span> <span class='ocrx_word' id='word_1_302' title='bbox 471 2215 540 2270; x_wconf 90' lang='lat' dir='ltr'><strong>de</strong></span> <span class='ocrx_word' id='word_1_303' title='bbox 577 2215 995 2285; x_wconf 82' lang='lat' dir='ltr'><strong>cogitationibus</strong></span> <span class='ocrx_word' id='word_1_304' title='bbox 1024 2217 1136 2270; x_wconf 90' lang='lat' dir='ltr'><strong>suis</strong></span> <span class='ocrx_word' id='word_1_305' title='bbox 1170 2217 1525 2286; x_wconf 87' lang='lat' dir='ltr'><strong>sapientibus,</strong></span> <span class='ocrx_word' id='word_1_306' title='bbox 1560 2229 1652 2271; x_wconf 91' lang='lat' dir='ltr'><strong>aut</strong></span> <span class='ocrx_word' id='word_1_307' title='bbox 1700 2218 1884 2286; x_wconf 87' lang='lat' dir='ltr'><strong>dictis,</strong></span> 
     </span>
    </p>
   </div>
   <div class='ocr_carea' id='block_1_39' title="bbox 315 2309 1888 2379">
    <p class='ocr_par' dir='ltr' id='par_1_39' title="bbox 315 2309 1888 2379">
     <span class='ocr_line' id='line_1_39' title="bbox 315 2309 1888 2379; baseline -0.001 -15"><span class='ocrx_word' id='word_1_308' title='bbox 315 2323 407 2365; x_wconf 89' lang='lat' dir='ltr'><strong>aut</strong></span> <span class='ocrx_word' id='word_1_309' title='bbox 436 2310 696 2378; x_wconf 80' lang='lat' dir='ltr'><strong>aperibus</strong></span> <span class='ocrx_word' id='word_1_310' title='bbox 719 2311 911 2378; x_wconf 91' lang='lat' dir='ltr'><strong>possit.</strong></span> <span class='ocrx_word' id='word_1_311' title='bbox 944 2309 1071 2362; x_wconf 91' lang='lat' dir='ltr'><strong>Inde</strong></span> <span class='ocrx_word' id='word_1_312' title='bbox 1111 2309 1348 2377; x_wconf 88' lang='lat' dir='ltr'><strong>denique</strong></span> <span class='ocrx_word' id='word_1_313' title='bbox 1385 2320 1492 2374; x_wconf 86' lang='lat' dir='ltr'><strong>est,</strong></span> <span class='ocrx_word' id='word_1_314' title='bbox 1528 2311 1670 2379; x_wconf 89' lang='lat' dir='ltr'><strong>quod</strong></span> <span class='ocrx_word' id='word_1_315' title='bbox 1702 2321 1755 2363; x_wconf 92' lang='lat' dir='ltr'><strong>et</strong></span> <span class='ocrx_word' id='word_1_316' title='bbox 1785 2311 1888 2364; x_wconf 81' lang='lat' dir='ltr'><strong>Sa-</strong></span> 
     </span>
    </p>
   </div>
   <div class='ocr_carea' id='block_1_40' title="bbox 317 2399 1885 2470">
    <p class='ocr_par' dir='ltr' id='par_1_40' title="bbox 317 2399 1885 2470">
     <span class='ocr_line' id='line_1_40' title="bbox 317 2399 1885 2470; baseline 0.001 -15"><span class='ocrx_word' id='word_1_317' title='bbox 317 2401 480 2456; x_wconf 89' lang='lat' dir='ltr'><strong>mueli</strong></span> <span class='ocrx_word' id='word_1_318' title='bbox 518 2399 720 2454; x_wconf 90' lang='lat' dir='ltr'><strong>ferrum</strong></span> <span class='ocrx_word' id='word_1_319' title='bbox 754 2401 955 2454; x_wconf 89' lang='lat' dir='ltr'><strong>dicitur</strong></span> <span class='ocrx_word' id='word_1_320' title='bbox 975 2400 1018 2431; x_wconf 81' lang='grc'>¹⁶</span> <span class='ocrx_word' id='word_1_321' title='bbox 1043 2416 1146 2455; x_wconf 92' lang='lat' dir='ltr'><strong>non</strong></span> <span class='ocrx_word' id='word_1_322' title='bbox 1176 2402 1483 2455; x_wconf 88' lang='lat' dir='ltr'><strong>ascendisse</strong></span> <span class='ocrx_word' id='word_1_323' title='bbox 1501 2417 1663 2470; x_wconf 90' lang='lat' dir='ltr'><strong>super</strong></span> <span class='ocrx_word' id='word_1_324' title='bbox 1689 2411 1849 2470; x_wconf 91' lang='lat' dir='ltr'><strong>caput</strong></span> <span class='ocrx_word' id='word_1_325' title='bbox 1871 2420 1885 2457; x_wconf 88' lang='lat'>:</span> 
     </span>
    </p>
   </div>
   <div class='ocr_carea' id='block_1_41' title="bbox 317 2491 1881 2562">
    <p class='ocr_par' dir='ltr' id='par_1_41' title="bbox 317 2491 1881 2562">
     <span class='ocr_line' id='line_1_41' title="bbox 317 2491 1881 2562; baseline 0.001 -16"><span class='ocrx_word' id='word_1_326' title='bbox 317 2495 409 2546; x_wconf 87' lang='lat' dir='ltr'><strong>sed</strong></span> <span class='ocrx_word' id='word_1_327' title='bbox 462 2503 516 2546; x_wconf 91' lang='lat' dir='ltr'><strong>et</strong></span> <span class='ocrx_word' id='word_1_328' title='bbox 543 2493 797 2547; x_wconf 80' lang='lat' dir='ltr'><strong>omnibus</strong></span> <span class='ocrx_word' id='word_1_329' title='bbox 823 2491 1181 2553; x_wconf 71' lang='lat' dir='ltr'><strong>Nazarteis&quot;,</strong></span> <span class='ocrx_word' id='word_1_330' title='bbox 1221 2493 1312 2562; x_wconf 94' lang='lat' dir='ltr'><strong>qui</strong></span> <span class='ocrx_word' id='word_1_331' title='bbox 1367 2504 1493 2547; x_wconf 90' lang='lat' dir='ltr'><strong>sunt</strong></span> <span class='ocrx_word' id='word_1_332' title='bbox 1537 2493 1695 2561; x_wconf 87' lang='lat' dir='ltr'><strong>justi,</strong></span> <span class='ocrx_word' id='word_1_333' title='bbox 1753 2495 1881 2561; x_wconf 87' lang='lat' dir='ltr'><strong>quia</strong></span> 
     </span>
    </p>
   </div>
   <div class='ocr_carea' id='block_1_42' title="bbox 311 2583 1888 2654">
    <p class='ocr_par' dir='ltr' id='par_1_42' title="bbox 311 2583 1888 2654">
     <span class='ocr_line' id='line_1_42' title="bbox 311 2583 1888 2654; baseline 0.004 -21"><span class='ocrx_word' id='word_1_334' title='bbox 311 2584 518 2652; x_wconf 77' lang='lat' dir='ltr'><strong>justus,</strong></span> <span class='ocrx_word' id='word_1_335' title='bbox 553 2584 692 2637; x_wconf 91' lang='lat' dir='ltr'><strong>sicut</strong></span> <span class='ocrx_word' id='word_1_336' title='bbox 737 2584 999 2652; x_wconf 90' lang='lat' dir='ltr'><strong>scriptum</strong></span> <span class='ocrx_word' id='word_1_337' title='bbox 1055 2593 1136 2638; x_wconf 92' lang='lat' dir='ltr'><strong>est</strong></span> <span class='ocrx_word' id='word_1_338' title='bbox 1167 2583 1234 2647; x_wconf 74' lang='grc'><strong>⁸³,</strong></span> <span class='ocrx_word' id='word_1_339' title='bbox 1268 2603 1288 2636; x_wconf 87' lang='grc'><em>‹</em></span> <span class='ocrx_word' id='word_1_340' title='bbox 1329 2585 1510 2638; x_wconf 87' lang='lat' dir='ltr'><strong>omnia</strong></span> <span class='ocrx_word' id='word_1_341' title='bbox 1554 2599 1888 2654; x_wconf 58' lang='lat' dir='ltr'><strong>quacunque</strong></span> 
     </span>
    </p>
   </div>
   <div class='ocr_carea' id='block_1_43' title="bbox 317 2673 1881 2744">
    <p class='ocr_par' dir='ltr' id='par_1_43' title="bbox 317 2673 1881 2744">
     <span class='ocr_line' id='line_1_43' title="bbox 317 2673 1881 2744; baseline 0.003 -20"><span class='ocrx_word' id='word_1_342' title='bbox 317 2673 538 2739; x_wconf 60' lang='lat' dir='ltr'><strong>fecerit,</strong></span> <span class='ocrx_word' id='word_1_343' title='bbox 565 2681 1046 2743; x_wconf 88' lang='lat' dir='ltr'><strong>prosperabuutur,</strong></span> <span class='ocrx_word' id='word_1_344' title='bbox 1065 2685 1117 2728; x_wconf 91' lang='lat' dir='ltr'><strong>et</strong></span> <span class='ocrx_word' id='word_1_345' title='bbox 1137 2674 1261 2729; x_wconf 78' lang='lat' dir='ltr'><strong>folia</strong></span> <span class='ocrx_word' id='word_1_346' title='bbox 1290 2675 1407 2744; x_wconf 91' lang='lat' dir='ltr'><strong>ejus</strong></span> <span class='ocrx_word' id='word_1_347' title='bbox 1433 2692 1538 2729; x_wconf 88' lang='lat' dir='ltr'><strong>non</strong></span> <span class='ocrx_word' id='word_1_348' title='bbox 1571 2676 1881 2731; x_wconf 64' lang='lat' dir='ltr'><strong>deciderit.»</strong></span> 
     </span>
    </p>
   </div>
   <div class='ocr_carea' id='block_1_44' title="bbox 313 2766 1887 2838">
    <p class='ocr_par' dir='ltr' id='par_1_44' title="bbox 313 2766 1887 2838">
     <span class='ocr_line' id='line_1_44' title="bbox 313 2766 1887 2838; baseline 0.002 -18"><span class='ocrx_word' id='word_1_349' title='bbox 313 2766 456 2822; x_wconf 83' lang='lat' dir='ltr'><strong>Hine</strong></span> <span class='ocrx_word' id='word_1_350' title='bbox 494 2777 550 2820; x_wconf 89' lang='lat' dir='ltr'><strong>et</strong></span> <span class='ocrx_word' id='word_1_351' title='bbox 585 2766 966 2835; x_wconf 90' lang='lat' dir='ltr'><strong>discipulorum</strong></span> <span class='ocrx_word' id='word_1_352' title='bbox 1005 2766 1214 2820; x_wconf 90' lang='lat' dir='ltr'><strong>Domini</strong></span> <span class='ocrx_word' id='word_1_353' title='bbox 1255 2770 1420 2821; x_wconf 90' lang='lat' dir='ltr'><strong>etiam</strong></span> <span class='ocrx_word' id='word_1_354' title='bbox 1461 2768 1643 2838; x_wconf 85' lang='lat' dir='ltr'><strong>capilli</strong></span> <span class='ocrx_word' id='word_1_355' title='bbox 1693 2768 1887 2837; x_wconf 90' lang='lat' dir='ltr'><strong>capitis</strong></span> 
     </span>
    </p>
   </div>
   <div class='ocr_carea' id='block_1_45' title="bbox 313 2860 1883 2922">
    <p class='ocr_par' dir='ltr' id='par_1_45' title="bbox 313 2860 1883 2922">
     <span class='ocr_line' id='line_1_45' title="bbox 313 2860 1883 2922; baseline 0.002 -10"><span class='ocrx_word' id='word_1_356' title='bbox 313 2860 576 2913; x_wconf 89' lang='lat' dir='ltr'><strong>dicuntur</strong></span> <span class='ocrx_word' id='word_1_357' title='bbox 606 2874 728 2914; x_wconf 86' lang='lat' dir='ltr'><strong>esse</strong></span> <span class='ocrx_word' id='word_1_358' title='bbox 768 2861 1022 2913; x_wconf 84' lang='lat' dir='ltr'><strong>numerati</strong></span> <span class='ocrx_word' id='word_1_359' title='bbox 1057 2861 1098 2892; x_wconf 83' lang='grc'><strong>¹⁹</strong></span> <span class='ocrx_word' id='word_1_360' title='bbox 1131 2882 1142 2915; x_wconf 91' lang='lat'>:</span> <span class='ocrx_word' id='word_1_361' title='bbox 1187 2862 1288 2915; x_wconf 93' lang='lat' dir='ltr'><strong>hoc</strong></span> <span class='ocrx_word' id='word_1_362' title='bbox 1326 2870 1409 2915; x_wconf 85' lang='lat' dir='ltr'><strong>est</strong></span> <span class='ocrx_word' id='word_1_363' title='bbox 1442 2877 1636 2915; x_wconf 82' lang='lat' dir='ltr'><strong>omnes</strong></span> <span class='ocrx_word' id='word_1_364' title='bbox 1709 2874 1883 2922; x_wconf 86' lang='lat' dir='ltr'><strong>actus.</strong></span> 
     </span>
    </p>
   </div>
   <div class='ocr_carea' id='block_1_46' title="bbox 314 2951 1885 3019">
    <p class='ocr_par' dir='ltr' id='par_1_46' title="bbox 314 2951 1885 3019">
     <span class='ocr_line' id='line_1_46' title="bbox 314 2951 1885 3019; baseline -0.001 -14"><span class='ocrx_word' id='word_1_365' title='bbox 314 2965 507 3005; x_wconf 88' lang='lat' dir='ltr'><strong>omnes</strong></span> <span class='ocrx_word' id='word_1_366' title='bbox 538 2965 834 3015; x_wconf 67' lang='lat' dir='ltr'><strong>sermones,</strong></span> <span class='ocrx_word' id='word_1_367' title='bbox 862 2965 1054 3005; x_wconf 89' lang='lat' dir='ltr'><strong>omnes</strong></span> <span class='ocrx_word' id='word_1_368' title='bbox 1075 2951 1430 3019; x_wconf 79' lang='lat' dir='ltr'><strong>cogitationes</strong></span> <span class='ocrx_word' id='word_1_369' title='bbox 1456 2967 1640 3006; x_wconf 90' lang='lat' dir='ltr'><strong>eormn</strong></span> <span class='ocrx_word' id='word_1_370' title='bbox 1662 2966 1885 3005; x_wconf 88' lang='lat' dir='ltr'><strong>servan-</strong></span> 
     </span>
    </p>
   </div>
   <div class='ocr_carea' id='block_1_47' title="bbox 316 3039 1952 3135">
    <p class='ocr_par' dir='ltr' id='par_1_47' title="bbox 316 3039 1952 3135">
     <span class='ocr_line' id='line_1_47' title="bbox 316 3039 1952 3135; baseline 0.002 -42"><span class='ocrx_word' id='word_1_371' title='bbox 316 3051 405 3095; x_wconf 88' lang='lat' dir='ltr'><strong>tur</strong></span> <span class='ocrx_word' id='word_1_372' title='bbox 431 3042 574 3109; x_wconf 88' lang='lat' dir='ltr'><strong>apud</strong></span> <span class='ocrx_word' id='word_1_373' title='bbox 611 3040 796 3102; x_wconf 91' lang='lat' dir='ltr'><strong>Deum,</strong></span> <span class='ocrx_word' id='word_1_374' title='bbox 827 3039 952 3108; x_wconf 89' lang='lat' dir='ltr'><strong>quia</strong></span> <span class='ocrx_word' id='word_1_375' title='bbox 976 3039 1156 3108; x_wconf 71' lang='lat' dir='ltr'><strong>justm,</strong></span> <span class='ocrx_word' id='word_1_376' title='bbox 1185 3042 1313 3109; x_wconf 85' lang='lat' dir='ltr'><strong>quia</strong></span> <span class='ocrx_word' id='word_1_377' title='bbox 1345 3052 1549 3096; x_wconf 78' lang='lat' dir='ltr'><strong>sancta:</strong></span> <span class='ocrx_word' id='word_1_378' title='bbox 1575 3051 1718 3095; x_wconf 90' lang='lat' dir='ltr'><strong>sunt.</strong></span> <span class='ocrx_word' id='word_1_379' title='bbox 1751 3041 1884 3096; x_wconf 88' lang='lat' dir='ltr'><strong>Pec-</strong></span> <span class='ocrx_word' id='word_1_380' title='bbox 1909 3079 1952 3135; x_wconf 62' lang='grc' dir='ltr'>ο</span> 
     </span>
    </p>
   </div>
   <div class='ocr_carea' id='block_1_48' title="bbox 312 3133 1886 3200">
    <p class='ocr_par' dir='ltr' id='par_1_48' title="bbox 312 3133 1886 3200">
     <span class='ocr_line' id='line_1_48' title="bbox 312 3133 1886 3200; baseline 0.001 -15"><span class='ocrx_word' id='word_1_381' title='bbox 312 3145 563 3186; x_wconf 86' lang='lat' dir='ltr'><strong>calorum</strong></span> <span class='ocrx_word' id='word_1_382' title='bbox 594 3146 723 3185; x_wconf 86' lang='lat' dir='ltr'><strong>vero</strong></span> <span class='ocrx_word' id='word_1_383' title='bbox 751 3145 910 3185; x_wconf 88' lang='lat' dir='ltr'><strong>onme</strong></span> <span class='ocrx_word' id='word_1_384' title='bbox 937 3146 1090 3200; x_wconf 89' lang='lat' dir='ltr'><strong>opus,</strong></span> <span class='ocrx_word' id='word_1_385' title='bbox 1115 3133 1292 3187; x_wconf 91' lang='lat' dir='ltr'><strong>omnis</strong></span> <span class='ocrx_word' id='word_1_386' title='bbox 1337 3148 1511 3187; x_wconf 89' lang='lat' dir='ltr'><strong>sermo</strong></span> <span class='ocrx_word' id='word_1_387' title='bbox 1530 3175 1544 3198; x_wconf 93' lang='lat'><strong>,</strong></span> <span class='ocrx_word' id='word_1_388' title='bbox 1576 3135 1752 3186; x_wconf 90' lang='lat' dir='ltr'><strong>omnis</strong></span> <span class='ocrx_word' id='word_1_389' title='bbox 1795 3150 1886 3187; x_wconf 83' lang='lat' dir='ltr'><strong>co-</strong></span> 
     </span>
    </p>
   </div>
   <div class='ocr_carea' id='block_1_49' title="bbox 311 3223 1883 3296">
    <p class='ocr_par' dir='ltr' id='par_1_49' title="bbox 311 3223 1883 3296">
     <span class='ocr_line' id='line_1_49' title="bbox 311 3223 1883 3296; baseline 0.002 -17"><span class='ocrx_word' id='word_1_390' title='bbox 311 3224 508 3294; x_wconf 88' lang='lat' dir='ltr'><strong>gitatio</strong></span> <span class='ocrx_word' id='word_1_391' title='bbox 549 3225 708 3278; x_wconf 91' lang='lat' dir='ltr'><strong>debet</strong></span> <span class='ocrx_word' id='word_1_392' title='bbox 742 3223 1003 3277; x_wconf 89' lang='lat' dir='ltr'><strong>abscindi.</strong></span> <span class='ocrx_word' id='word_1_393' title='bbox 1056 3223 1121 3277; x_wconf 82' lang='lat' dir='ltr'><strong>Et</strong></span> <span class='ocrx_word' id='word_1_394' title='bbox 1158 3225 1258 3278; x_wconf 88' lang='lat' dir='ltr'><strong>hoc</strong></span> <span class='ocrx_word' id='word_1_395' title='bbox 1287 3236 1367 3278; x_wconf 90' lang='lat' dir='ltr'><strong>est</strong></span> <span class='ocrx_word' id='word_1_396' title='bbox 1398 3225 1539 3296; x_wconf 88' lang='lat' dir='ltr'><strong>quod</strong></span> <span class='ocrx_word' id='word_1_397' title='bbox 1573 3227 1772 3279; x_wconf 88' lang='lat' dir='ltr'><strong>dicitur</strong></span> <span class='ocrx_word' id='word_1_398' title='bbox 1799 3227 1883 3282; x_wconf 83' lang='lat'><strong>&#39;°:</strong></span> 
     </span>
    </p>
   </div>
   <div class='ocr_carea' id='block_1_50' title="bbox 314 3315 1888 3386">
    <p class='ocr_par' dir='ltr' id='par_1_50' title="bbox 314 3315 1888 3386">
     <span class='ocr_line' id='line_1_50' title="bbox 314 3315 1888 3386; baseline 0.001 -16"><span class='ocrx_word' id='word_1_399' title='bbox 314 3315 387 3370; x_wconf 88' lang='lat' dir='ltr'><strong>Ut</strong></span> <span class='ocrx_word' id='word_1_400' title='bbox 417 3317 597 3369; x_wconf 90' lang='lat' dir='ltr'><strong>omnis</strong></span> <span class='ocrx_word' id='word_1_401' title='bbox 645 3315 787 3385; x_wconf 88' lang='lat' dir='ltr'><strong>pilus</strong></span> <span class='ocrx_word' id='word_1_402' title='bbox 818 3317 1061 3386; x_wconf 88' lang='lat' dir='ltr'><strong>corporis</strong></span> <span class='ocrx_word' id='word_1_403' title='bbox 1092 3317 1208 3386; x_wconf 90' lang='lat' dir='ltr'><strong>ejus</strong></span> <span class='ocrx_word' id='word_1_404' title='bbox 1246 3317 1498 3380; x_wconf 84' lang='lat' dir='ltr'><strong>radatur,</strong></span> <span class='ocrx_word' id='word_1_405' title='bbox 1525 3326 1580 3369; x_wconf 91' lang='lat' dir='ltr'><strong>et</strong></span> <span class='ocrx_word' id='word_1_406' title='bbox 1614 3327 1741 3370; x_wconf 89' lang='lat' dir='ltr'><strong>tunc</strong></span> <span class='ocrx_word' id='word_1_407' title='bbox 1783 3319 1888 3371; x_wconf 86' lang='lat' dir='ltr'><strong>erit</strong></span> 
     </span>
    </p>
   </div>
   <div class='ocr_carea' id='block_1_51' title="bbox 312 3407 1885 3477">
    <p class='ocr_par' dir='ltr' id='par_1_51' title="bbox 312 3407 1885 3477">
     <span class='ocr_line' id='line_1_51' title="bbox 312 3407 1885 3477; baseline 0.001 -16"><span class='ocrx_word' id='word_1_408' title='bbox 312 3411 575 3462; x_wconf 85' lang='lat' dir='ltr'><strong>mundus.</strong></span> <span class='ocrx_word' id='word_1_409' title='bbox 625 3407 730 3461; x_wconf 83' lang='lat' dir='ltr'><strong>Sed</strong></span> <span class='ocrx_word' id='word_1_410' title='bbox 777 3417 832 3463; x_wconf 89' lang='lat' dir='ltr'><strong>et</strong></span> <span class='ocrx_word' id='word_1_411' title='bbox 863 3411 966 3464; x_wconf 87' lang='lat' dir='ltr'><strong>hoc</strong></span> <span class='ocrx_word' id='word_1_412' title='bbox 1003 3411 1252 3471; x_wconf 88' lang='lat' dir='ltr'><strong>observa,</strong></span> <span class='ocrx_word' id='word_1_413' title='bbox 1285 3410 1426 3477; x_wconf 88' lang='lat' dir='ltr'><strong>quod</strong></span> <span class='ocrx_word' id='word_1_414' title='bbox 1470 3424 1576 3460; x_wconf 90' lang='lat' dir='ltr'><strong>non</strong></span> <span class='ocrx_word' id='word_1_415' title='bbox 1607 3408 1804 3462; x_wconf 83' lang='lat' dir='ltr'><strong>suﬁicit</strong></span> <span class='ocrx_word' id='word_1_416' title='bbox 1837 3409 1885 3464; x_wconf 84' lang='lat' dir='ltr'><strong>ei</strong></span> 
     </span>
    </p>
   </div>
   <div class='ocr_carea' id='block_1_52' title="bbox 311 3498 1886 3569">
    <p class='ocr_par' dir='ltr' id='par_1_52' title="bbox 311 3498 1886 3569">
     <span class='ocr_line' id='line_1_52' title="bbox 311 3498 1886 3569; baseline 0.001 -19"><span class='ocrx_word' id='word_1_417' title='bbox 311 3509 438 3569; x_wconf 77' lang='lat' dir='ltr'><strong>post</strong></span> <span class='ocrx_word' id='word_1_418' title='bbox 491 3500 964 3569; x_wconf 89' lang='lat' dir='ltr'><strong>puriﬁcationem,</strong></span> <span class='ocrx_word' id='word_1_419' title='bbox 999 3501 1080 3555; x_wconf 89' lang='lat' dir='ltr'><strong>vel</strong></span> <span class='ocrx_word' id='word_1_420' title='bbox 1136 3501 1454 3555; x_wconf 89' lang='lat' dir='ltr'><strong>vestimenta</strong></span> <span class='ocrx_word' id='word_1_421' title='bbox 1514 3500 1748 3566; x_wconf 85' lang='lat' dir='ltr'><strong>lavisse,</strong></span> <span class='ocrx_word' id='word_1_422' title='bbox 1804 3498 1886 3557; x_wconf 89' lang='lat' dir='ltr'><strong>vel</strong></span> 
     </span>
    </p>
   </div>
   <div class='ocr_carea' id='block_1_53' title="bbox 312 3591 1885 3661">
    <p class='ocr_par' dir='ltr' id='par_1_53' title="bbox 312 3591 1885 3661">
     <span class='ocr_line' id='line_1_53' title="bbox 312 3591 1885 3661; baseline -0.001 -14"><span class='ocrx_word' id='word_1_423' title='bbox 312 3607 534 3647; x_wconf 90' lang='lat' dir='ltr'><strong>omnem</strong></span> <span class='ocrx_word' id='word_1_424' title='bbox 608 3591 774 3661; x_wconf 88' lang='lat' dir='ltr'><strong>pilum</strong></span> <span class='ocrx_word' id='word_1_425' title='bbox 853 3594 1083 3657; x_wconf 88' lang='lat' dir='ltr'><strong>rasisse,</strong></span> <span class='ocrx_word' id='word_1_426' title='bbox 1172 3593 1276 3645; x_wconf 81' lang='lat' dir='ltr'><strong>nisi</strong></span> <span class='ocrx_word' id='word_1_427' title='bbox 1358 3601 1414 3645; x_wconf 90' lang='lat' dir='ltr'><strong>et</strong></span> <span class='ocrx_word' id='word_1_428' title='bbox 1489 3591 1632 3646; x_wconf 89' lang='lat' dir='ltr'><strong>lotus</strong></span> <span class='ocrx_word' id='word_1_429' title='bbox 1724 3594 1885 3648; x_wconf 90' lang='lat' dir='ltr'><strong>fuerit</strong></span> 
     </span>
    </p>
   </div>
   <div class='ocr_carea' id='block_1_54' title="bbox 315 3684 1887 3756">
    <p class='ocr_par' dir='ltr' id='par_1_54' title="bbox 315 3684 1887 3756">
     <span class='ocr_line' id='line_1_54' title="bbox 315 3684 1887 3756; baseline 0.002 -17"><span class='ocrx_word' id='word_1_430' title='bbox 315 3685 370 3739; x_wconf 94' lang='lat' dir='ltr'><strong>iu</strong></span> <span class='ocrx_word' id='word_1_431' title='bbox 426 3701 587 3756; x_wconf 82' lang='lat' dir='ltr'><strong>aqua.</strong></span> <span class='ocrx_word' id='word_1_432' title='bbox 645 3684 867 3754; x_wconf 87' lang='lat' dir='ltr'><strong>Oportet</strong></span> <span class='ocrx_word' id='word_1_433' title='bbox 935 3701 1164 3755; x_wconf 89' lang='lat' dir='ltr'><strong>namque</strong></span> <span class='ocrx_word' id='word_1_434' title='bbox 1230 3701 1351 3739; x_wconf 87' lang='lat' dir='ltr'><strong>eum</strong></span> <span class='ocrx_word' id='word_1_435' title='bbox 1403 3685 1639 3753; x_wconf 89' lang='lat' dir='ltr'><strong>abjicere</strong></span> <span class='ocrx_word' id='word_1_436' title='bbox 1698 3702 1887 3743; x_wconf 87' lang='lat' dir='ltr'><strong>omnes</strong></span> 
     </span>
    </p>
   </div>
   <div class='ocr_carea' id='block_1_55' title="bbox 311 3780 1885 3844">
    <p class='ocr_par' dir='ltr' id='par_1_55' title="bbox 311 3780 1885 3844">
     <span class='ocr_line' id='line_1_55' title="bbox 311 3780 1885 3844; baseline 0.001 -10"><span class='ocrx_word' id='word_1_437' title='bbox 311 3781 547 3844; x_wconf 80' lang='lat' dir='ltr'><strong>sordes,</strong></span> <span class='ocrx_word' id='word_1_438' title='bbox 609 3796 824 3834; x_wconf 89' lang='lat' dir='ltr'><strong>onmem</strong></span> <span class='ocrx_word' id='word_1_439' title='bbox 891 3780 1332 3844; x_wconf 87' lang='lat' dir='ltr'><strong>immunditiam,</strong></span> <span class='ocrx_word' id='word_1_440' title='bbox 1423 3796 1525 3835; x_wconf 92' lang='lat' dir='ltr'><strong>non</strong></span> <span class='ocrx_word' id='word_1_441' title='bbox 1589 3781 1762 3834; x_wconf 88' lang='lat' dir='ltr'><strong>solum</strong></span> <span class='ocrx_word' id='word_1_442' title='bbox 1819 3783 1885 3837; x_wconf 88' lang='lat' dir='ltr'><strong>de</strong></span> 
     </span>
    </p>
   </div>
   <div class='ocr_carea' id='block_1_56' title="bbox 309 3871 1884 3942">
    <p class='ocr_par' dir='ltr' id='par_1_56' title="bbox 309 3871 1884 3942">
     <span class='ocr_line' id='line_1_56' title="bbox 309 3871 1884 3942; baseline 0.004 -18"><span class='ocrx_word' id='word_1_443' title='bbox 309 3871 680 3939; x_wconf 88' lang='lat' dir='ltr'><strong>vestimentis,</strong></span> <span class='ocrx_word' id='word_1_444' title='bbox 722 3871 815 3926; x_wconf 86' lang='lat' dir='ltr'><strong>sed</strong></span> <span class='ocrx_word' id='word_1_445' title='bbox 848 3881 904 3925; x_wconf 91' lang='lat' dir='ltr'><strong>et</strong></span> <span class='ocrx_word' id='word_1_446' title='bbox 932 3873 996 3926; x_wconf 91' lang='lat' dir='ltr'><strong>de</strong></span> <span class='ocrx_word' id='word_1_447' title='bbox 1027 3873 1248 3942; x_wconf 91' lang='lat' dir='ltr'><strong>proprio</strong></span> <span class='ocrx_word' id='word_1_448' title='bbox 1275 3887 1526 3940; x_wconf 89' lang='lat' dir='ltr'><strong>corpore,</strong></span> <span class='ocrx_word' id='word_1_449' title='bbox 1557 3884 1613 3926; x_wconf 93' lang='lat' dir='ltr'><strong>ut</strong></span> <span class='ocrx_word' id='word_1_450' title='bbox 1641 3875 1782 3928; x_wconf 91' lang='lat' dir='ltr'><strong>nulla</strong></span> <span class='ocrx_word' id='word_1_451' title='bbox 1829 3876 1884 3930; x_wconf 90' lang='lat' dir='ltr'><strong>in</strong></span> 
     </span>
    </p>
   </div>
   <div class='ocr_carea' id='block_1_57' title="bbox 309 3962 1886 4038">
    <p class='ocr_par' dir='ltr' id='par_1_57' title="bbox 309 3962 1886 4038">
     <span class='ocr_line' id='line_1_57' title="bbox 309 3962 1886 4038; baseline 0.001 -19"><span class='ocrx_word' id='word_1_452' title='bbox 309 3978 381 4019; x_wconf 86' lang='lat' dir='ltr'><strong>eo</strong></span> <span class='ocrx_word' id='word_1_453' title='bbox 431 3963 643 4018; x_wconf 88' lang='lat' dir='ltr'><strong>macula</strong></span> <span class='ocrx_word' id='word_1_454' title='bbox 681 3963 969 4018; x_wconf 78' lang='lat' dir='ltr'><strong>exstincta:</strong></span> <span class='ocrx_word' id='word_1_455' title='bbox 1015 3962 1178 4032; x_wconf 69' lang='lat' dir='ltr'><strong>lepra:</strong></span> <span class='ocrx_word' id='word_1_456' title='bbox 1215 3964 1468 4018; x_wconf 80' lang='lat' dir='ltr'><strong>resideat.</strong></span> <span class='ocrx_word' id='word_1_457' title='bbox 1523 3964 1708 4019; x_wconf 90' lang='lat' dir='ltr'><strong>Tertio</strong></span> <span class='ocrx_word' id='word_1_458' title='bbox 1756 3983 1886 4038; x_wconf 84' lang='lat' dir='ltr'><strong>ergo</strong></span> 
     </span>
    </p>
   </div>
   <div class='ocr_carea' id='block_1_58' title="bbox 314 4055 1884 4127">
    <p class='ocr_par' dir='ltr' id='par_1_58' title="bbox 314 4055 1884 4127">
     <span class='ocr_line' id='line_1_58' title="bbox 314 4055 1884 4127; baseline 0.001 -15"><span class='ocrx_word' id='word_1_459' title='bbox 314 4071 468 4112; x_wconf 89' lang='lat' dir='ltr'><strong>nunc</strong></span> <span class='ocrx_word' id='word_1_460' title='bbox 499 4057 842 4126; x_wconf 87' lang='lat' dir='ltr'><strong>puriﬁcatus,</strong></span> <span class='ocrx_word' id='word_1_461' title='bbox 863 4056 936 4110; x_wconf 91' lang='lat' dir='ltr'><strong>ita</strong></span> <span class='ocrx_word' id='word_1_462' title='bbox 964 4055 1179 4110; x_wconf 89' lang='lat' dir='ltr'><strong>demum</strong></span> <span class='ocrx_word' id='word_1_463' title='bbox 1209 4055 1406 4124; x_wconf 85' lang='lat' dir='ltr'><strong>dignus</strong></span> <span class='ocrx_word' id='word_1_464' title='bbox 1426 4055 1655 4112; x_wconf 82' lang='lat' dir='ltr'><strong>eﬁicitur</strong></span> <span class='ocrx_word' id='word_1_465' title='bbox 1679 4059 1884 4127; x_wconf 79' lang='lat' dir='ltr'><strong>ingredi</strong></span> 
     </span>
    </p>
   </div>
   <div class='ocr_carea' id='block_1_59' title="bbox 313 4145 1884 4216">
    <p class='ocr_par' dir='ltr' id='par_1_59' title="bbox 313 4145 1884 4216">
     <span class='ocr_line' id='line_1_59' title="bbox 313 4145 1884 4216; baseline 0.003 -17"><span class='ocrx_word' id='word_1_466' title='bbox 313 4155 499 4199; x_wconf 81' lang='lat' dir='ltr'><strong>eastra</strong></span> <span class='ocrx_word' id='word_1_467' title='bbox 535 4145 772 4208; x_wconf 88' lang='lat' dir='ltr'><strong>Domini,</strong></span> <span class='ocrx_word' id='word_1_468' title='bbox 807 4160 910 4198; x_wconf 88' lang='lat' dir='ltr'><strong>non</strong></span> <span class='ocrx_word' id='word_1_469' title='bbox 943 4154 1120 4198; x_wconf 90' lang='lat' dir='ltr'><strong>tamen</strong></span> <span class='ocrx_word' id='word_1_470' title='bbox 1165 4145 1427 4200; x_wconf 90' lang='lat' dir='ltr'><strong>continuo</strong></span> <span class='ocrx_word' id='word_1_471' title='bbox 1464 4147 1798 4216; x_wconf 90' lang='lat' dir='ltr'><strong>permittitur</strong></span> <span class='ocrx_word' id='word_1_472' title='bbox 1833 4150 1884 4203; x_wconf 85' lang='lat' dir='ltr'><strong>ei</strong></span> 
     </span>
    </p>
   </div>
   <div class='ocr_carea' id='block_1_60' title="bbox 310 4236 1884 4302">
    <p class='ocr_par' dir='ltr' id='par_1_60' title="bbox 310 4236 1884 4302">
     <span class='ocr_line' id='line_1_60' title="bbox 310 4236 1884 4302; baseline 0 -8"><span class='ocrx_word' id='word_1_473' title='bbox 310 4237 538 4294; x_wconf 87' lang='lat' dir='ltr'><strong>introire</strong></span> <span class='ocrx_word' id='word_1_474' title='bbox 562 4238 777 4291; x_wconf 88' lang='lat' dir='ltr'><strong>domum</strong></span> <span class='ocrx_word' id='word_1_475' title='bbox 809 4251 985 4302; x_wconf 90' lang='lat' dir='ltr'><strong>suam,</strong></span> <span class='ocrx_word' id='word_1_476' title='bbox 1016 4236 1109 4290; x_wconf 91' lang='lat' dir='ltr'><strong>sed</strong></span> <span class='ocrx_word' id='word_1_477' title='bbox 1135 4236 1334 4290; x_wconf 90' lang='lat' dir='ltr'><strong>dicitur</strong></span> <span class='ocrx_word' id='word_1_478' title='bbox 1367 4247 1423 4290; x_wconf 91' lang='lat' dir='ltr'><strong>ut</strong></span> <span class='ocrx_word' id='word_1_479' title='bbox 1471 4249 1624 4292; x_wconf 80' lang='lat' dir='ltr'><strong>extra</strong></span> <span class='ocrx_word' id='word_1_480' title='bbox 1669 4240 1884 4294; x_wconf 88' lang='lat' dir='ltr'><strong>domum</strong></span> 
     </span>
    </p>
   </div>
   <div class='ocr_carea' id='block_1_61' title="bbox 309 4326 1884 4398">
    <p class='ocr_par' dir='ltr' id='par_1_61' title="bbox 309 4326 1884 4398">
     <span class='ocr_line' id='line_1_61' title="bbox 309 4326 1884 4398; baseline 0.002 -17"><span class='ocrx_word' id='word_1_481' title='bbox 309 4343 464 4381; x_wconf 86' lang='lat' dir='ltr'><strong>suam</strong></span> <span class='ocrx_word' id='word_1_482' title='bbox 481 4335 910 4396; x_wconf 88' lang='lat' dir='ltr'><strong>maneatseptem</strong></span> <span class='ocrx_word' id='word_1_483' title='bbox 931 4326 1140 4391; x_wconf 87' lang='lat' dir='ltr'><strong>diebus,</strong></span> <span class='ocrx_word' id='word_1_484' title='bbox 1155 4328 1597 4382; x_wconf 90' lang='lat' dir='ltr'><strong>etradatomnem</strong></span> <span class='ocrx_word' id='word_1_485' title='bbox 1615 4330 1778 4398; x_wconf 91' lang='lat' dir='ltr'><strong>pilum</strong></span> <span class='ocrx_word' id='word_1_486' title='bbox 1797 4346 1884 4386; x_wconf 90' lang='lat' dir='ltr'><strong>ca-</strong></span> 
     </span>
    </p>
   </div>
   <div class='ocr_carea' id='block_1_62' title="bbox 1991 1847 3560 1917">
    <p class='ocr_par' dir='ltr' id='par_1_62' title="bbox 1991 1847 3560 1917">
     <span class='ocr_line' id='line_1_62' title="bbox 1991 1847 3560 1917; baseline 0.001 -14"><span class='ocrx_word' id='word_1_487' title='bbox 1991 1849 2175 1905; x_wconf 88' lang='lat' dir='ltr'><strong>smnit.</strong></span> <span class='ocrx_word' id='word_1_488' title='bbox 2217 1867 2235 1899; x_wconf 74' lang='grc' dir='ltr'><strong>ι</strong></span> <span class='ocrx_word' id='word_1_489' title='bbox 2271 1847 2432 1911; x_wconf 90' lang='lat' dir='ltr'><strong>Duos,</strong></span> <span class='ocrx_word' id='word_1_490' title='bbox 2468 1848 2658 1915; x_wconf 88' lang='lat' dir='ltr'><strong>inquit,</strong></span> <span class='ocrx_word' id='word_1_491' title='bbox 2705 1863 2872 1917; x_wconf 84' lang='lat' dir='ltr'><strong>agnos</strong></span> <span class='ocrx_word' id='word_1_492' title='bbox 2913 1849 3306 1914; x_wconf 88' lang='lat' dir='ltr'><strong>immaculatos,</strong></span> <span class='ocrx_word' id='word_1_493' title='bbox 3329 1859 3382 1902; x_wconf 85' lang='lat' dir='ltr'><strong>et</strong></span> <span class='ocrx_word' id='word_1_494' title='bbox 3408 1865 3560 1905; x_wconf 89' lang='lat' dir='ltr'><strong>ovem</strong></span> 
     </span>
    </p>
   </div>
   <div class='ocr_carea' id='block_1_63' title="bbox 1993 1939 3563 2003">
    <p class='ocr_par' dir='ltr' id='par_1_63' title="bbox 1993 1939 3563 2003">
     <span class='ocr_line' id='line_1_63' title="bbox 1993 1939 3563 2003; baseline 0 -9"><span class='ocrx_word' id='word_1_495' title='bbox 1993 1956 2150 1995; x_wconf 89' lang='lat' dir='ltr'><strong>uuam</strong></span> <span class='ocrx_word' id='word_1_496' title='bbox 2207 1939 2519 1992; x_wconf 89' lang='lat' dir='ltr'><strong>anniculam</strong></span> <span class='ocrx_word' id='word_1_497' title='bbox 2579 1939 3007 2003; x_wconf 79' lang='lat' dir='ltr'><strong>immaculatum,</strong></span> <span class='ocrx_word' id='word_1_498' title='bbox 3065 1948 3121 1993; x_wconf 86' lang='lat' dir='ltr'><strong>et</strong></span> <span class='ocrx_word' id='word_1_499' title='bbox 3165 1950 3275 1993; x_wconf 82' lang='lat' dir='ltr'><strong>tres</strong></span> <span class='ocrx_word' id='word_1_500' title='bbox 3322 1941 3563 1994; x_wconf 82' lang='lat' dir='ltr'><strong>decimas</strong></span> 
     </span>
    </p>
   </div>
   <div class='ocr_carea' id='block_1_64' title="bbox 1990 2031 3558 2104">
    <p class='ocr_par' dir='ltr' id='par_1_64' title="bbox 1990 2031 3558 2104">
     <span class='ocr_line' id='line_1_64' title="bbox 1990 2031 3558 2104; baseline -0.002 -15"><span class='ocrx_word' id='word_1_501' title='bbox 1990 2033 2317 2104; x_wconf 84' lang='lat' dir='ltr'><strong>similaginis</strong></span> <span class='ocrx_word' id='word_1_502' title='bbox 2368 2047 2674 2102; x_wconf 73' lang='lat' dir='ltr'><strong>conSpersze</strong></span> <span class='ocrx_word' id='word_1_503' title='bbox 2715 2033 2766 2084; x_wconf 92' lang='lat' dir='ltr'><strong>in</strong></span> <span class='ocrx_word' id='word_1_504' title='bbox 2831 2031 2972 2094; x_wconf 89' lang='lat' dir='ltr'><strong>oleo,</strong></span> <span class='ocrx_word' id='word_1_505' title='bbox 3035 2041 3090 2085; x_wconf 92' lang='lat' dir='ltr'><strong>et</strong></span> <span class='ocrx_word' id='word_1_506' title='bbox 3149 2032 3403 2102; x_wconf 86' lang='lat' dir='ltr'><strong>cyathum</strong></span> <span class='ocrx_word' id='word_1_507' title='bbox 3455 2034 3558 2087; x_wconf 89' lang='lat' dir='ltr'><strong>olei</strong></span> 
     </span>
    </p>
   </div>
   <div class='ocr_carea' id='block_1_65' title="bbox 1991 2123 3561 2193">
    <p class='ocr_par' dir='ltr' id='par_1_65' title="bbox 1991 2123 3561 2193">
     <span class='ocr_line' id='line_1_65' title="bbox 1991 2123 3561 2193; baseline 0 -14"><span class='ocrx_word' id='word_1_508' title='bbox 1991 2143 2178 2192; x_wconf 90' lang='lat' dir='ltr'><strong>unum,</strong></span> <span class='ocrx_word' id='word_1_509' title='bbox 2219 2145 2237 2177; x_wconf 74' lang='grc' dir='ltr'><strong>ι</strong></span> <span class='ocrx_word' id='word_1_510' title='bbox 2274 2135 2393 2193; x_wconf 88' lang='lat' dir='ltr'><strong>post</strong></span> <span class='ocrx_word' id='word_1_511' title='bbox 2418 2126 2532 2178; x_wconf 58' lang='lat' dir='ltr'><strong>haec</strong></span> <span class='ocrx_word' id='word_1_512' title='bbox 2587 2125 2777 2192; x_wconf 92' lang='lat' dir='ltr'><strong>quinta</strong></span> <span class='ocrx_word' id='word_1_513' title='bbox 2814 2123 3190 2192; x_wconf 87' lang='lat' dir='ltr'><strong>puriﬁcatione</strong></span> <span class='ocrx_word' id='word_1_514' title='bbox 3243 2124 3561 2192; x_wconf 86' lang='lat' dir='ltr'><strong>puriﬁcatus</strong></span> 
     </span>
    </p>
   </div>
   <div class='ocr_carea' id='block_1_66' title="bbox 1989 2217 3556 2283">
    <p class='ocr_par' dir='ltr' id='par_1_66' title="bbox 1989 2217 3556 2283">
     <span class='ocr_line' id='line_1_66' title="bbox 1989 2217 3556 2283; baseline -0.001 -13"><span class='ocrx_word' id='word_1_515' title='bbox 1989 2227 2356 2272; x_wconf 87' lang='lat' dir='ltr'><strong>consurnetur.</strong></span> <span class='ocrx_word' id='word_1_516' title='bbox 2405 2218 2481 2270; x_wconf 81' lang='lat' dir='ltr'><strong>Ex</strong></span> <span class='ocrx_word' id='word_1_517' title='bbox 2524 2217 2609 2270; x_wconf 83' lang='lat' dir='ltr'><strong>his</strong></span> <span class='ocrx_word' id='word_1_518' title='bbox 2661 2218 2869 2270; x_wconf 86' lang='lat' dir='ltr'><strong>duobus</strong></span> <span class='ocrx_word' id='word_1_519' title='bbox 2925 2217 3100 2282; x_wconf 82' lang='lat' dir='ltr'><strong>agnis,</strong></span> <span class='ocrx_word' id='word_1_520' title='bbox 3153 2231 3292 2270; x_wconf 90' lang='lat' dir='ltr'><strong>unus</strong></span> <span class='ocrx_word' id='word_1_521' title='bbox 3337 2217 3556 2283; x_wconf 85' lang='lat' dir='ltr'><strong>quidem</strong></span> 
     </span>
    </p>
   </div>
   <div class='ocr_carea' id='block_1_67' title="bbox 1991 2307 3557 2374">
    <p class='ocr_par' dir='ltr' id='par_1_67' title="bbox 1991 2307 3557 2374">
     <span class='ocr_line' id='line_1_67' title="bbox 1991 2307 3557 2374; baseline -0.001 -11"><span class='ocrx_word' id='word_1_522' title='bbox 1991 2309 2321 2370; x_wconf 88' lang='lat' dir='ltr'><strong>immolatur,</strong></span> <span class='ocrx_word' id='word_1_523' title='bbox 2365 2319 2418 2361; x_wconf 87' lang='lat' dir='ltr'><strong>et</strong></span> <span class='ocrx_word' id='word_1_524' title='bbox 2474 2309 2670 2362; x_wconf 88' lang='lat' dir='ltr'><strong>dicitur</strong></span> <span class='ocrx_word' id='word_1_525' title='bbox 2719 2321 2814 2374; x_wconf 91' lang='lat' dir='ltr'><strong>pro</strong></span> <span class='ocrx_word' id='word_1_526' title='bbox 2868 2307 3082 2368; x_wconf 87' lang='lat' dir='ltr'><strong>delicto,</strong></span> <span class='ocrx_word' id='word_1_527' title='bbox 3133 2324 3150 2356; x_wconf 74' lang='grc' dir='ltr'><strong>ι</strong></span> <span class='ocrx_word' id='word_1_528' title='bbox 3189 2307 3241 2360; x_wconf 92' lang='lat' dir='ltr'><strong>iu</strong></span> <span class='ocrx_word' id='word_1_529' title='bbox 3294 2307 3431 2370; x_wconf 82' lang='lat' dir='ltr'><strong>loco,</strong></span> <span class='ocrx_word' id='word_1_530' title='bbox 3477 2308 3557 2361; x_wconf 90' lang='lat' dir='ltr'><strong>in-</strong></span> 
     </span>
    </p>
   </div>
   <div class='ocr_carea' id='block_1_68' title="bbox 1989 2399 3558 2470">
    <p class='ocr_par' dir='ltr' id='par_1_68' title="bbox 1989 2399 3558 2470">
     <span class='ocr_line' id='line_1_68' title="bbox 1989 2399 3558 2470; baseline 0.001 -17"><span class='ocrx_word' id='word_1_531' title='bbox 1989 2403 2102 2470; x_wconf 88' lang='lat' dir='ltr'><strong>quit</strong></span> <span class='ocrx_word' id='word_1_532' title='bbox 2136 2401 2200 2463; x_wconf 80' lang='lat'><strong>&quot;,</strong></span> <span class='ocrx_word' id='word_1_533' title='bbox 2235 2400 2286 2452; x_wconf 89' lang='lat' dir='ltr'><strong>in</strong></span> <span class='ocrx_word' id='word_1_534' title='bbox 2315 2415 2421 2467; x_wconf 85' lang='lat' dir='ltr'><strong>quo</strong></span> <span class='ocrx_word' id='word_1_535' title='bbox 2469 2399 2743 2466; x_wconf 71' lang='lat' dir='ltr'><strong>iugulatur</strong></span> <span class='ocrx_word' id='word_1_536' title='bbox 2773 2414 2869 2468; x_wconf 90' lang='lat' dir='ltr'><strong>pro</strong></span> <span class='ocrx_word' id='word_1_537' title='bbox 2897 2408 3137 2465; x_wconf 88' lang='lat' dir='ltr'><strong>peccato,</strong></span> <span class='ocrx_word' id='word_1_538' title='bbox 3171 2407 3226 2452; x_wconf 91' lang='lat' dir='ltr'><strong>et</strong></span> <span class='ocrx_word' id='word_1_539' title='bbox 3275 2400 3363 2452; x_wconf 92' lang='lat' dir='ltr'><strong>ubi</strong></span> <span class='ocrx_word' id='word_1_540' title='bbox 3404 2400 3558 2454; x_wconf 86' lang='lat' dir='ltr'><strong>holo-</strong></span> 
     </span>
    </p>
   </div>
   <div class='ocr_carea' id='block_1_69' title="bbox 1987 2497 3558 2566">
    <p class='ocr_par' dir='ltr' id='par_1_69' title="bbox 1987 2497 3558 2566">
     <span class='ocr_line' id='line_1_69' title="bbox 1987 2497 3558 2566; baseline 0.001 -15"><span class='ocrx_word' id='word_1_541' title='bbox 1987 2507 2325 2552; x_wconf 88' lang='lat' dir='ltr'><strong>caustomata</strong></span> <span class='ocrx_word' id='word_1_542' title='bbox 2371 2498 2503 2550; x_wconf 89' lang='lat' dir='ltr'><strong>ﬁunt</strong></span> <span class='ocrx_word' id='word_1_543' title='bbox 2537 2497 2729 2550; x_wconf 89' lang='lat' dir='ltr'><strong>inloco</strong></span> <span class='ocrx_word' id='word_1_544' title='bbox 2755 2507 2965 2550; x_wconf 84' lang='lat' dir='ltr'><strong>sancto.</strong></span> <span class='ocrx_word' id='word_1_545' title='bbox 3006 2516 3024 2547; x_wconf 77' lang='grc' dir='ltr'><strong>ι</strong></span> <span class='ocrx_word' id='word_1_546' title='bbox 3065 2499 3204 2550; x_wconf 80' lang='lat' dir='ltr'><strong>Ecce</strong></span> <span class='ocrx_word' id='word_1_547' title='bbox 3229 2498 3340 2564; x_wconf 85' lang='lat' dir='ltr'><strong>jam</strong></span> <span class='ocrx_word' id='word_1_548' title='bbox 3365 2500 3558 2566; x_wconf 82' lang='lat' dir='ltr'><strong>dignus</strong></span> 
     </span>
    </p>
   </div>
   <div class='ocr_carea' id='block_1_70' title="bbox 1989 2587 3554 2656">
    <p class='ocr_par' dir='ltr' id='par_1_70' title="bbox 1989 2587 3554 2656">
     <span class='ocr_line' id='line_1_70' title="bbox 1989 2587 3554 2656; baseline 0 -15"><span class='ocrx_word' id='word_1_549' title='bbox 1989 2587 2223 2641; x_wconf 80' lang='lat' dir='ltr'><strong>eﬂicitur</strong></span> <span class='ocrx_word' id='word_1_550' title='bbox 2270 2597 2326 2640; x_wconf 91' lang='lat' dir='ltr'><strong>ut</strong></span> <span class='ocrx_word' id='word_1_551' title='bbox 2359 2587 2553 2642; x_wconf 82' lang='lat' dir='ltr'><strong>offerat</strong></span> <span class='ocrx_word' id='word_1_552' title='bbox 2579 2588 2941 2649; x_wconf 87' lang='lat' dir='ltr'><strong>sacriﬁcium,</strong></span> <span class='ocrx_word' id='word_1_553' title='bbox 2967 2588 3056 2656; x_wconf 92' lang='lat' dir='ltr'><strong>qui</strong></span> <span class='ocrx_word' id='word_1_554' title='bbox 3102 2589 3273 2656; x_wconf 88' lang='lat' dir='ltr'><strong>potuit</strong></span> <span class='ocrx_word' id='word_1_555' title='bbox 3303 2589 3366 2640; x_wconf 87' lang='lat' dir='ltr'><strong>ad</strong></span> <span class='ocrx_word' id='word_1_556' title='bbox 3395 2589 3554 2656; x_wconf 85' lang='lat' dir='ltr'><strong>quiu-</strong></span> 
     </span>
    </p>
   </div>
   <div class='ocr_carea' id='block_1_71' title="bbox 1988 2678 3556 2748">
    <p class='ocr_par' dir='ltr' id='par_1_71' title="bbox 1988 2678 3556 2748">
     <span class='ocr_line' id='line_1_71' title="bbox 1988 2678 3556 2748; baseline 0.001 -17"><span class='ocrx_word' id='word_1_557' title='bbox 1988 2687 2098 2731; x_wconf 85' lang='lat' dir='ltr'><strong>tam</strong></span> <span class='ocrx_word' id='word_1_558' title='bbox 2134 2678 2564 2748; x_wconf 83' lang='lat' dir='ltr'><strong>puriﬁcationem</strong></span> <span class='ocrx_word' id='word_1_559' title='bbox 2586 2679 2888 2748; x_wconf 85' lang='lat' dir='ltr'><strong>pervenire.</strong></span> <span class='ocrx_word' id='word_1_560' title='bbox 2924 2689 2976 2732; x_wconf 91' lang='lat' dir='ltr'><strong>et</strong></span> <span class='ocrx_word' id='word_1_561' title='bbox 3006 2679 3180 2732; x_wconf 89' lang='lat' dir='ltr'><strong>hostia</strong></span> <span class='ocrx_word' id='word_1_562' title='bbox 3209 2678 3324 2745; x_wconf 89' lang='lat' dir='ltr'><strong>ejus</strong></span> <span class='ocrx_word' id='word_1_563' title='bbox 3356 2679 3556 2733; x_wconf 85' lang='lat' dir='ltr'><strong>Sancta</strong></span> 
     </span>
    </p>
   </div>
   <div class='ocr_carea' id='block_1_72' title="bbox 1987 2771 3558 2838">
    <p class='ocr_par' dir='ltr' id='par_1_72' title="bbox 1987 2771 3558 2838">
     <span class='ocr_line' id='line_1_72' title="bbox 1987 2771 3558 2838; baseline -0.002 -12"><span class='ocrx_word' id='word_1_564' title='bbox 1987 2783 2295 2826; x_wconf 88' lang='lat' dir='ltr'><strong>sanctorum</strong></span> <span class='ocrx_word' id='word_1_565' title='bbox 2331 2771 2413 2824; x_wconf 89' lang='lat' dir='ltr'><strong>ﬁt.</strong></span> <span class='ocrx_word' id='word_1_566' title='bbox 2445 2771 2594 2826; x_wconf 84' lang='lat' dir='ltr'><strong>Alius</strong></span> <span class='ocrx_word' id='word_1_567' title='bbox 2620 2781 2800 2825; x_wconf 87' lang='lat' dir='ltr'><strong>autem</strong></span> <span class='ocrx_word' id='word_1_568' title='bbox 2831 2787 3002 2838; x_wconf 78' lang='lat' dir='ltr'><strong>agnus</strong></span> <span class='ocrx_word' id='word_1_569' title='bbox 3039 2771 3410 2825; x_wconf 90' lang='lat' dir='ltr'><strong>holocaustum</strong></span> <span class='ocrx_word' id='word_1_570' title='bbox 3445 2771 3558 2825; x_wconf 82' lang='lat' dir='ltr'><strong>elli-</strong></span> 
     </span>
    </p>
   </div>
   <div class='ocr_carea' id='block_1_73' title="bbox 1988 2862 3556 2932">
    <p class='ocr_par' dir='ltr' id='par_1_73' title="bbox 1988 2862 3556 2932">
     <span class='ocr_line' id='line_1_73' title="bbox 1988 2862 3556 2932; baseline -0.002 -15"><span class='ocrx_word' id='word_1_571' title='bbox 1988 2865 2148 2928; x_wconf 73' lang='lat' dir='ltr'><strong>citur,</strong></span> <span class='ocrx_word' id='word_1_572' title='bbox 2189 2864 2239 2915; x_wconf 93' lang='lat' dir='ltr'><strong>in</strong></span> <span class='ocrx_word' id='word_1_573' title='bbox 2265 2879 2373 2932; x_wconf 91' lang='lat' dir='ltr'><strong>quo</strong></span> <span class='ocrx_word' id='word_1_574' title='bbox 2400 2872 2454 2916; x_wconf 92' lang='lat' dir='ltr'><strong>et</strong></span> <span class='ocrx_word' id='word_1_575' title='bbox 2486 2862 2830 2932; x_wconf 79' lang='lat' dir='ltr'><strong>repropitiari</strong></span> <span class='ocrx_word' id='word_1_576' title='bbox 2862 2879 2958 2930; x_wconf 91' lang='lat' dir='ltr'><strong>pro</strong></span> <span class='ocrx_word' id='word_1_577' title='bbox 2992 2862 3109 2931; x_wconf 91' lang='lat' dir='ltr'><strong>ipso</strong></span> <span class='ocrx_word' id='word_1_578' title='bbox 3139 2865 3391 2916; x_wconf 87' lang='lat' dir='ltr'><strong>sacerdos</strong></span> <span class='ocrx_word' id='word_1_579' title='bbox 3415 2863 3556 2915; x_wconf 82' lang='lat' dir='ltr'><strong>dici-</strong></span> 
     </span>
    </p>
   </div>
   <div class='ocr_carea' id='block_1_74' title="bbox 1988 2952 3552 3025">
    <p class='ocr_par' dir='ltr' id='par_1_74' title="bbox 1988 2952 3552 3025">
     <span class='ocr_line' id='line_1_74' title="bbox 1988 2952 3552 3025; baseline -0.001 -16"><span class='ocrx_word' id='word_1_580' title='bbox 1988 2965 2092 3017; x_wconf 89' lang='lat' dir='ltr'><strong>tur,</strong></span> <span class='ocrx_word' id='word_1_581' title='bbox 2129 2966 2184 3008; x_wconf 88' lang='lat' dir='ltr'><strong>ut</strong></span> <span class='ocrx_word' id='word_1_582' title='bbox 2211 2965 2491 3025; x_wconf 81' lang='lat' dir='ltr'><strong>purgetur.</strong></span> <span class='ocrx_word' id='word_1_583' title='bbox 2524 2952 2690 3024; x_wconf 87' lang='lat' dir='ltr'><strong>[gitur</strong></span> <span class='ocrx_word' id='word_1_584' title='bbox 2724 2956 2927 3023; x_wconf 88' lang='lat' dir='ltr'><strong>primus</strong></span> <span class='ocrx_word' id='word_1_585' title='bbox 2962 2971 3148 3023; x_wconf 82' lang='lat' dir='ltr'><strong>agnus,</strong></span> <span class='ocrx_word' id='word_1_586' title='bbox 3188 2955 3276 3022; x_wconf 89' lang='lat' dir='ltr'><strong>qui</strong></span> <span class='ocrx_word' id='word_1_587' title='bbox 3323 2971 3416 3023; x_wconf 87' lang='lat' dir='ltr'><strong>pro</strong></span> <span class='ocrx_word' id='word_1_588' title='bbox 3459 2955 3552 3008; x_wconf 85' lang='lat' dir='ltr'><strong>de-</strong></span> 
     </span>
    </p>
   </div>
   <div class='ocr_carea' id='block_1_75' title="bbox 1987 3045 3553 3114">
    <p class='ocr_par' dir='ltr' id='par_1_75' title="bbox 1987 3045 3553 3114">
     <span class='ocr_line' id='line_1_75' title="bbox 1987 3045 3553 3114; baseline -0.001 -16"><span class='ocrx_word' id='word_1_589' title='bbox 1987 3046 2112 3101; x_wconf 91' lang='lat' dir='ltr'><strong>licto</strong></span> <span class='ocrx_word' id='word_1_590' title='bbox 2137 3056 2237 3112; x_wconf 87' lang='lat' dir='ltr'><strong>est,</strong></span> <span class='ocrx_word' id='word_1_591' title='bbox 2264 3048 2474 3099; x_wconf 88' lang='lat' dir='ltr'><strong>videtur</strong></span> <span class='ocrx_word' id='word_1_592' title='bbox 2499 3045 2629 3098; x_wconf 89' lang='lat' dir='ltr'><strong>mihi</strong></span> <span class='ocrx_word' id='word_1_593' title='bbox 2664 3045 2879 3098; x_wconf 88' lang='lat' dir='ltr'><strong>virtutis</strong></span> <span class='ocrx_word' id='word_1_594' title='bbox 2911 3046 3080 3114; x_wconf 83' lang='lat' dir='ltr'><strong>ipsius</strong></span> <span class='ocrx_word' id='word_1_595' title='bbox 3106 3045 3338 3098; x_wconf 83' lang='lat' dir='ltr'><strong>formam</strong></span> <span class='ocrx_word' id='word_1_596' title='bbox 3364 3055 3553 3098; x_wconf 88' lang='lat' dir='ltr'><strong>tenere</strong></span> 
     </span>
    </p>
   </div>
   <div class='ocr_carea' id='block_1_76' title="bbox 1985 3136 3550 3208">
    <p class='ocr_par' dir='ltr' id='par_1_76' title="bbox 1985 3136 3550 3208">
     <span class='ocr_line' id='line_1_76' title="bbox 1985 3136 3550 3208; baseline -0.003 -18"><span class='ocrx_word' id='word_1_597' title='bbox 1985 3154 2146 3208; x_wconf 90' lang='lat' dir='ltr'><strong>quam</strong></span> <span class='ocrx_word' id='word_1_598' title='bbox 2173 3138 2463 3205; x_wconf 87' lang='lat' dir='ltr'><strong>assumpsit</strong></span> <span class='ocrx_word' id='word_1_599' title='bbox 2489 3137 2534 3189; x_wconf 88' lang='lat' dir='ltr'><strong>is</strong></span> <span class='ocrx_word' id='word_1_600' title='bbox 2566 3136 2656 3206; x_wconf 90' lang='lat' dir='ltr'><strong>qui</strong></span> <span class='ocrx_word' id='word_1_601' title='bbox 2710 3146 2828 3190; x_wconf 87' lang='lat' dir='ltr'><strong>erat</strong></span> <span class='ocrx_word' id='word_1_602' title='bbox 2860 3136 2910 3189; x_wconf 93' lang='lat' dir='ltr'><strong>in</strong></span> <span class='ocrx_word' id='word_1_603' title='bbox 2942 3136 3206 3205; x_wconf 90' lang='lat' dir='ltr'><strong>peccatis,</strong></span> <span class='ocrx_word' id='word_1_604' title='bbox 3249 3151 3345 3203; x_wconf 89' lang='lat' dir='ltr'><strong>per</strong></span> <span class='ocrx_word' id='word_1_605' title='bbox 3387 3151 3550 3200; x_wconf 86' lang='lat' dir='ltr'><strong>quam</strong></span> 
     </span>
    </p>
   </div>
   <div class='ocr_carea' id='block_1_77' title="bbox 1984 3227 3550 3300">
    <p class='ocr_par' dir='ltr' id='par_1_77' title="bbox 1984 3227 3550 3300">
     <span class='ocr_line' id='line_1_77' title="bbox 1984 3227 3550 3300; baseline -0.005 -16"><span class='ocrx_word' id='word_1_606' title='bbox 1984 3231 2158 3300; x_wconf 88' lang='lat' dir='ltr'><strong>potuit</strong></span> <span class='ocrx_word' id='word_1_607' title='bbox 2191 3246 2218 3282; x_wconf 91' lang='lat' dir='ltr'><strong>a</strong></span> <span class='ocrx_word' id='word_1_608' title='bbox 2242 3244 2300 3283; x_wconf 92' lang='lat' dir='ltr'><strong>se</strong></span> <span class='ocrx_word' id='word_1_609' title='bbox 2325 3229 2622 3298; x_wconf 85' lang='lat' dir='ltr'><strong>propellere</strong></span> <span class='ocrx_word' id='word_1_610' title='bbox 2641 3227 2888 3281; x_wconf 78' lang='lat' dir='ltr'><strong>ali&#39;ectum</strong></span> <span class='ocrx_word' id='word_1_611' title='bbox 2907 3227 3182 3295; x_wconf 87' lang='lat' dir='ltr'><strong>peccandi,</strong></span> <span class='ocrx_word' id='word_1_612' title='bbox 3207 3237 3261 3280; x_wconf 90' lang='lat' dir='ltr'><strong>et</strong></span> <span class='ocrx_word' id='word_1_613' title='bbox 3289 3228 3550 3279; x_wconf 83' lang='lat' dir='ltr'><strong>malorum</strong></span> 
     </span>
    </p>
   </div>
   <div class='ocr_carea' id='block_1_78' title="bbox 1985 3319 3551 3388">
    <p class='ocr_par' dir='ltr' id='par_1_78' title="bbox 1985 3319 3551 3388">
     <span class='ocr_line' id='line_1_78' title="bbox 1985 3319 3551 3388; baseline -0.001 -14"><span class='ocrx_word' id='word_1_614' title='bbox 1985 3333 2222 3376; x_wconf 89' lang='lat' dir='ltr'><strong>veterum</strong></span> <span class='ocrx_word' id='word_1_615' title='bbox 2293 3319 2680 3387; x_wconf 68' lang='lat' dir='ltr'><strong>paenitudinem</strong></span> <span class='ocrx_word' id='word_1_616' title='bbox 2744 3333 2933 3388; x_wconf 84' lang='lat' dir='ltr'><strong>gerere</strong></span> <span class='ocrx_word' id='word_1_617' title='bbox 2988 3337 3002 3371; x_wconf 89' lang='lat'><strong>:</strong></span> <span class='ocrx_word' id='word_1_618' title='bbox 3057 3319 3326 3372; x_wconf 80' lang='lat' dir='ltr'><strong>seemulus</strong></span> <span class='ocrx_word' id='word_1_619' title='bbox 3425 3333 3551 3372; x_wconf 87' lang='lat' dir='ltr'><strong>vero</strong></span> 
     </span>
    </p>
   </div>
   <div class='ocr_carea' id='block_1_79' title="bbox 1985 3409 3549 3483">
    <p class='ocr_par' dir='ltr' id='par_1_79' title="bbox 1985 3409 3549 3483">
     <span class='ocr_line' id='line_1_79' title="bbox 1985 3409 3549 3483; baseline -0.002 -19"><span class='ocrx_word' id='word_1_620' title='bbox 1985 3428 2159 3483; x_wconf 84' lang='lat' dir='ltr'><strong>agnus</strong></span> <span class='ocrx_word' id='word_1_621' title='bbox 2177 3414 2402 3481; x_wconf 83' lang='lat' dir='ltr'><strong>ﬁguram</strong></span> <span class='ocrx_word' id='word_1_622' title='bbox 2436 3421 2616 3466; x_wconf 86' lang='lat' dir='ltr'><strong>tenere</strong></span> <span class='ocrx_word' id='word_1_623' title='bbox 2648 3409 2918 3476; x_wconf 87' lang='lat' dir='ltr'><strong>illiusjam</strong></span> <span class='ocrx_word' id='word_1_624' title='bbox 2951 3419 3277 3478; x_wconf 74' lang='lat' dir='ltr'><strong>recuperatze</strong></span> <span class='ocrx_word' id='word_1_625' title='bbox 3308 3409 3549 3474; x_wconf 90' lang='lat' dir='ltr'><strong>virtutis,</strong></span> 
     </span>
    </p>
   </div>
   <div class='ocr_carea' id='block_1_80' title="bbox 1984 3501 3542 3576">
    <p class='ocr_par' dir='ltr' id='par_1_80' title="bbox 1984 3501 3542 3576">
     <span class='ocr_line' id='line_1_80' title="bbox 1984 3501 3542 3576; baseline -0.006 -16"><span class='ocrx_word' id='word_1_626' title='bbox 1984 3523 2082 3576; x_wconf 89' lang='lat' dir='ltr'><strong>per</strong></span> <span class='ocrx_word' id='word_1_627' title='bbox 2106 3523 2264 3574; x_wconf 89' lang='lat' dir='ltr'><strong>quam</strong></span> <span class='ocrx_word' id='word_1_628' title='bbox 2291 3505 2520 3572; x_wconf 79' lang='lat' dir='ltr'><strong>objectis</strong></span> <span class='ocrx_word' id='word_1_629' title='bbox 2571 3503 2827 3571; x_wconf 89' lang='lat' dir='ltr'><strong>etprocul</strong></span> <span class='ocrx_word' id='word_1_630' title='bbox 2862 3502 3061 3567; x_wconf 85' lang='lat' dir='ltr'><strong>fugatis</strong></span> <span class='ocrx_word' id='word_1_631' title='bbox 3091 3502 3346 3554; x_wconf 88' lang='lat' dir='ltr'><strong>omnibus</strong></span> <span class='ocrx_word' id='word_1_632' title='bbox 3374 3501 3542 3564; x_wconf 89' lang='lat' dir='ltr'><strong>vitiis,</strong></span> 
     </span>
    </p>
   </div>
   <div class='ocr_carea' id='block_1_81' title="bbox 1986 3593 3552 3664">
    <p class='ocr_par' dir='ltr' id='par_1_81' title="bbox 1986 3593 3552 3664">
     <span class='ocr_line' id='line_1_81' title="bbox 1986 3593 3552 3664; baseline -0.004 -13"><span class='ocrx_word' id='word_1_633' title='bbox 1986 3600 2252 3664; x_wconf 83' lang='lat' dir='ltr'><strong>integrum</strong></span> <span class='ocrx_word' id='word_1_634' title='bbox 2288 3613 2366 3661; x_wconf 76' lang='lat' dir='ltr'><strong>se,</strong></span> <span class='ocrx_word' id='word_1_635' title='bbox 2415 3605 2468 3647; x_wconf 90' lang='lat' dir='ltr'><strong>et</strong></span> <span class='ocrx_word' id='word_1_636' title='bbox 2509 3598 2561 3648; x_wconf 90' lang='lat' dir='ltr'><strong>in</strong></span> <span class='ocrx_word' id='word_1_637' title='bbox 2603 3598 2814 3660; x_wconf 70' lang='lat' dir='ltr'><strong>integro</strong></span> <span class='ocrx_word' id='word_1_638' title='bbox 2847 3593 3044 3646; x_wconf 89' lang='lat' dir='ltr'><strong>obtulit</strong></span> <span class='ocrx_word' id='word_1_639' title='bbox 3100 3594 3230 3657; x_wconf 89' lang='lat' dir='ltr'><strong>Deo,</strong></span> <span class='ocrx_word' id='word_1_640' title='bbox 3266 3601 3320 3645; x_wconf 90' lang='lat' dir='ltr'><strong>et</strong></span> <span class='ocrx_word' id='word_1_641' title='bbox 3361 3593 3552 3660; x_wconf 88' lang='lat' dir='ltr'><strong>dignus</strong></span> 
     </span>
    </p>
   </div>
   <div class='ocr_carea' id='block_1_82' title="bbox 1984 3687 3553 3753">
    <p class='ocr_par' dir='ltr' id='par_1_82' title="bbox 1984 3687 3553 3753">
     <span class='ocr_line' id='line_1_82' title="bbox 1984 3687 3553 3753; baseline -0.004 -10"><span class='ocrx_word' id='word_1_642' title='bbox 1984 3693 2189 3744; x_wconf 79' lang='lat' dir='ltr'><strong>exstitit</strong></span> <span class='ocrx_word' id='word_1_643' title='bbox 2249 3691 2446 3743; x_wconf 87' lang='lat' dir='ltr'><strong>divinis</strong></span> <span class='ocrx_word' id='word_1_644' title='bbox 2522 3687 2807 3741; x_wconf 85' lang='lat' dir='ltr'><strong>altaribus.</strong></span> <span class='ocrx_word' id='word_1_645' title='bbox 2867 3687 2996 3742; x_wconf 87' lang='lat' dir='ltr'><strong>Ovis</strong></span> <span class='ocrx_word' id='word_1_646' title='bbox 3044 3697 3222 3739; x_wconf 87' lang='lat' dir='ltr'><strong>autem</strong></span> <span class='ocrx_word' id='word_1_647' title='bbox 3267 3700 3386 3753; x_wconf 70' lang='lat' dir='ltr'><strong>quae</strong></span> <span class='ocrx_word' id='word_1_648' title='bbox 3434 3692 3553 3752; x_wconf 88' lang='lat' dir='ltr'><strong>post</strong></span> 
     </span>
    </p>
   </div>
   <div class='ocr_carea' id='block_1_83' title="bbox 1986 3775 3551 3852">
    <p class='ocr_par' dir='ltr' id='par_1_83' title="bbox 1986 3775 3551 3852">
     <span class='ocr_line' id='line_1_83' title="bbox 1986 3775 3551 3852; baseline -0.005 -16"><span class='ocrx_word' id='word_1_649' title='bbox 1986 3795 2176 3852; x_wconf 82' lang='lat' dir='ltr'><strong>agnos,</strong></span> <span class='ocrx_word' id='word_1_650' title='bbox 2207 3782 2498 3833; x_wconf 85' lang='lat' dir='ltr'><strong>assumitur</strong></span> <span class='ocrx_word' id='word_1_651' title='bbox 2541 3787 2803 3847; x_wconf 88' lang='lat' dir='ltr'><strong>quantum</strong></span> <span class='ocrx_word' id='word_1_652' title='bbox 2853 3779 3126 3847; x_wconf 87' lang='lat' dir='ltr'><strong>conjicere</strong></span> <span class='ocrx_word' id='word_1_653' title='bbox 3158 3777 3208 3830; x_wconf 93' lang='lat' dir='ltr'><strong>iu</strong></span> <span class='ocrx_word' id='word_1_654' title='bbox 3260 3788 3368 3829; x_wconf 89' lang='lat' dir='ltr'><strong>tam</strong></span> <span class='ocrx_word' id='word_1_655' title='bbox 3411 3775 3551 3828; x_wconf 79' lang='lat' dir='ltr'><strong>difﬁ—</strong></span> 
     </span>
    </p>
   </div>
   <div class='ocr_carea' id='block_1_84' title="bbox 1985 3868 3554 3938">
    <p class='ocr_par' dir='ltr' id='par_1_84' title="bbox 1985 3868 3554 3938">
     <span class='ocr_line' id='line_1_84' title="bbox 1985 3868 3554 3938; baseline -0.006 -9"><span class='ocrx_word' id='word_1_656' title='bbox 1985 3876 2178 3930; x_wconf 89' lang='lat' dir='ltr'><strong>cilibus</strong></span> <span class='ocrx_word' id='word_1_657' title='bbox 2230 3873 2362 3926; x_wconf 90' lang='lat' dir='ltr'><strong>locis</strong></span> <span class='ocrx_word' id='word_1_658' title='bbox 2400 3872 2669 3933; x_wconf 87' lang='lat' dir='ltr'><strong>valemus,</strong></span> <span class='ocrx_word' id='word_1_659' title='bbox 2708 3871 3098 3923; x_wconf 74' lang='lat' dir='ltr'><strong>fecunditatem</strong></span> <span class='ocrx_word' id='word_1_660' title='bbox 3139 3881 3266 3938; x_wconf 92' lang='lat' dir='ltr'><strong>puto</strong></span> <span class='ocrx_word' id='word_1_661' title='bbox 3291 3868 3433 3937; x_wconf 90' lang='lat' dir='ltr'><strong>quod</strong></span> <span class='ocrx_word' id='word_1_662' title='bbox 3478 3868 3554 3920; x_wconf 87' lang='lat' dir='ltr'><strong>si-</strong></span> 
     </span>
    </p>
   </div>
   <div class='ocr_carea' id='block_1_85' title="bbox 1985 3962 3540 4034">
    <p class='ocr_par' dir='ltr' id='par_1_85' title="bbox 1985 3962 3540 4034">
     <span class='ocr_line' id='line_1_85' title="bbox 1985 3962 3540 4034; baseline -0.004 -18"><span class='ocrx_word' id='word_1_663' title='bbox 1985 3965 2205 4034; x_wconf 85' lang='lat' dir='ltr'><strong>gniticet</strong></span> <span class='ocrx_word' id='word_1_664' title='bbox 2229 3962 2366 4030; x_wconf 89' lang='lat' dir='ltr'><strong>ejus,</strong></span> <span class='ocrx_word' id='word_1_665' title='bbox 2391 3965 2480 4030; x_wconf 92' lang='lat' dir='ltr'><strong>qui</strong></span> <span class='ocrx_word' id='word_1_666' title='bbox 2515 3977 2808 4015; x_wconf 87' lang='lat' dir='ltr'><strong>conversus</strong></span> <span class='ocrx_word' id='word_1_667' title='bbox 2838 3971 2921 4016; x_wconf 88' lang='lat' dir='ltr'><strong>est</strong></span> <span class='ocrx_word' id='word_1_668' title='bbox 2946 3977 2973 4013; x_wconf 90' lang='lat' dir='ltr'><strong>a</strong></span> <span class='ocrx_word' id='word_1_669' title='bbox 3017 3971 3261 4029; x_wconf 89' lang='lat' dir='ltr'><strong>peccato,</strong></span> <span class='ocrx_word' id='word_1_670' title='bbox 3291 3971 3346 4013; x_wconf 91' lang='lat' dir='ltr'><strong>et</strong></span> <span class='ocrx_word' id='word_1_671' title='bbox 3372 3968 3540 4012; x_wconf 87' lang='lat' dir='ltr'><strong>totqu</strong></span> 
     </span>
    </p>
   </div>
   <div class='ocr_carea' id='block_1_86' title="bbox 1987 4054 3550 4123">
    <p class='ocr_par' dir='ltr' id='par_1_86' title="bbox 1987 4054 3550 4123">
     <span class='ocr_line' id='line_1_86' title="bbox 1987 4054 3550 4123; baseline -0.006 -12"><span class='ocrx_word' id='word_1_672' title='bbox 1987 4072 2044 4111; x_wconf 90' lang='lat' dir='ltr'><strong>se</strong></span> <span class='ocrx_word' id='word_1_673' title='bbox 2073 4057 2269 4110; x_wconf 89' lang='lat' dir='ltr'><strong>obtulit</strong></span> <span class='ocrx_word' id='word_1_674' title='bbox 2302 4057 2430 4119; x_wconf 87' lang='lat' dir='ltr'><strong>Deo,</strong></span> <span class='ocrx_word' id='word_1_675' title='bbox 2458 4070 2559 4123; x_wconf 82' lang='lat' dir='ltr'><strong>qua</strong></span> <span class='ocrx_word' id='word_1_676' title='bbox 2590 4063 2707 4122; x_wconf 84' lang='lat' dir='ltr'><strong>post</strong></span> <span class='ocrx_word' id='word_1_677' title='bbox 2738 4054 2917 4107; x_wconf 88' lang='lat' dir='ltr'><strong>omnia</strong></span> <span class='ocrx_word' id='word_1_678' title='bbox 2953 4055 3004 4106; x_wconf 89' lang='lat' dir='ltr'><strong>in</strong></span> <span class='ocrx_word' id='word_1_679' title='bbox 3033 4055 3291 4106; x_wconf 87' lang='lat' dir='ltr'><strong>bonormn</strong></span> <span class='ocrx_word' id='word_1_680' title='bbox 3323 4065 3550 4119; x_wconf 88' lang='lat' dir='ltr'><strong>operum</strong></span> 
     </span>
    </p>
   </div>
   <div class='ocr_carea' id='block_1_87' title="bbox 1988 4141 3545 4211">
    <p class='ocr_par' dir='ltr' id='par_1_87' title="bbox 1988 4141 3545 4211">
     <span class='ocr_line' id='line_1_87' title="bbox 1988 4141 3545 4211; baseline -0.006 -8"><span class='ocrx_word' id='word_1_681' title='bbox 1988 4149 2186 4204; x_wconf 80' lang='lat' dir='ltr'><strong>fetibus</strong></span> <span class='ocrx_word' id='word_1_682' title='bbox 2249 4149 2439 4211; x_wconf 92' lang='lat' dir='ltr'><strong>utitur,</strong></span> <span class='ocrx_word' id='word_1_683' title='bbox 2502 4157 2555 4199; x_wconf 86' lang='lat' dir='ltr'><strong>et</strong></span> <span class='ocrx_word' id='word_1_684' title='bbox 2602 4147 2921 4199; x_wconf 69' lang='lat' dir='ltr'><strong>innocentia:</strong></span> <span class='ocrx_word' id='word_1_685' title='bbox 2966 4144 3230 4198; x_wconf 90' lang='lat' dir='ltr'><strong>fructibus</strong></span> <span class='ocrx_word' id='word_1_686' title='bbox 3279 4145 3460 4210; x_wconf 86' lang='lat' dir='ltr'><strong>pollet.</strong></span> <span class='ocrx_word' id='word_1_687' title='bbox 3491 4141 3545 4194; x_wconf 92' lang='lat' dir='ltr'><strong>In</strong></span> 
     </span>
    </p>
   </div>
   <div class='ocr_carea' id='block_1_88' title="bbox 1990 4235 3552 4310">
    <p class='ocr_par' dir='ltr' id='par_1_88' title="bbox 1990 4235 3552 4310">
     <span class='ocr_line' id='line_1_88' title="bbox 1990 4235 3552 4310; baseline -0.004 -16"><span class='ocrx_word' id='word_1_688' title='bbox 1990 4242 2090 4294; x_wconf 91' lang='lat' dir='ltr'><strong>tria</strong></span> <span class='ocrx_word' id='word_1_689' title='bbox 2123 4255 2252 4310; x_wconf 84' lang='lat' dir='ltr'><strong>ergo</strong></span> <span class='ocrx_word' id='word_1_690' title='bbox 2274 4239 2662 4308; x_wconf 87' lang='lat' dir='ltr'><strong>puriﬁcationis</strong></span> <span class='ocrx_word' id='word_1_691' title='bbox 2713 4238 2891 4308; x_wconf 81' lang='lat' dir='ltr'><strong>hujus,</strong></span> <span class='ocrx_word' id='word_1_692' title='bbox 2956 4237 3008 4290; x_wconf 89' lang='lat' dir='ltr'><strong>id</strong></span> <span class='ocrx_word' id='word_1_693' title='bbox 3056 4247 3140 4290; x_wconf 88' lang='lat' dir='ltr'><strong>est</strong></span> <span class='ocrx_word' id='word_1_694' title='bbox 3181 4235 3552 4288; x_wconf 88' lang='lat' dir='ltr'><strong>conversionis</strong></span> 
     </span>
    </p>
   </div>
   <div class='ocr_carea' id='block_1_89' title="bbox 1989 4328 3550 4402">
    <p class='ocr_par' dir='ltr' id='par_1_89' title="bbox 1989 4328 3550 4402">
     <span class='ocr_line' id='line_1_89' title="bbox 1989 4328 3550 4402; baseline -0.006 -14"><span class='ocrx_word' id='word_1_695' title='bbox 1989 4352 2018 4387; x_wconf 93' lang='lat' dir='ltr'><strong>a</strong></span> <span class='ocrx_word' id='word_1_696' title='bbox 2048 4344 2272 4402; x_wconf 85' lang='lat' dir='ltr'><strong>peccato</strong></span> <span class='ocrx_word' id='word_1_697' title='bbox 2332 4333 2472 4385; x_wconf 88' lang='lat' dir='ltr'><strong>ratio</strong></span> <span class='ocrx_word' id='word_1_698' title='bbox 2523 4332 2808 4384; x_wconf 76' lang='lat' dir='ltr'><strong>dividitur.</strong></span> <span class='ocrx_word' id='word_1_699' title='bbox 2873 4329 3054 4383; x_wconf 90' lang='lat' dir='ltr'><strong>Prima</strong></span> <span class='ocrx_word' id='word_1_700' title='bbox 3080 4340 3163 4383; x_wconf 90' lang='lat' dir='ltr'><strong>est</strong></span> <span class='ocrx_word' id='word_1_701' title='bbox 3208 4328 3410 4390; x_wconf 88' lang='lat' dir='ltr'><strong>hostia,</strong></span> <span class='ocrx_word' id='word_1_702' title='bbox 3443 4342 3550 4396; x_wconf 87' lang='lat' dir='ltr'><strong>qua</strong></span> 
     </span>
    </p>
   </div>
   <div class='ocr_carea' id='block_1_90' title="bbox 311 4417 3551 4495">
    <p class='ocr_par' dir='ltr' id='par_1_90' title="bbox 311 4417 3551 4495">
     <span class='ocr_line' id='line_1_90' title="bbox 311 4417 3551 4495; baseline -0.001 -23"><span class='ocrx_word' id='word_1_703' title='bbox 311 4420 439 4486; x_wconf 90' lang='lat' dir='ltr'><strong>pitis</strong></span> <span class='ocrx_word' id='word_1_704' title='bbox 464 4427 515 4473; x_wconf 85' lang='lat' dir='ltr'><strong>et</strong></span> <span class='ocrx_word' id='word_1_705' title='bbox 542 4419 747 4480; x_wconf 66' lang='lat' dir='ltr'><strong>barbae.</strong></span> <span class='ocrx_word' id='word_1_706' title='bbox 773 4417 1447 4488; x_wconf 73' lang='lat' dir='ltr'><strong>etsuperciliorum,quasi</strong></span> <span class='ocrx_word' id='word_1_707' title='bbox 1477 4437 1579 4474; x_wconf 92' lang='lat' dir='ltr'><strong>non</strong></span> <span class='ocrx_word' id='word_1_708' title='bbox 1608 4421 1879 4477; x_wconf 66' lang='lat' dir='ltr'><strong>suffecerit</strong></span> <span class='ocrx_word' id='word_1_709' title='bbox 1911 4426 1956 4482; x_wconf 89' lang='lat' dir='ltr'><strong>D</strong></span> <span class='ocrx_word' id='word_1_710' title='bbox 1987 4434 2203 4495; x_wconf 89' lang='lat' dir='ltr'><strong>peccata</strong></span> <span class='ocrx_word' id='word_1_711' title='bbox 2237 4423 2542 4476; x_wconf 87' lang='lat' dir='ltr'><strong>solvuntur.</strong></span> <span class='ocrx_word' id='word_1_712' title='bbox 2606 4421 2854 4475; x_wconf 85' lang='lat' dir='ltr'><strong>Secunda</strong></span> <span class='ocrx_word' id='word_1_713' title='bbox 2911 4431 3014 4484; x_wconf 89' lang='lat' dir='ltr'><strong>est,</strong></span> <span class='ocrx_word' id='word_1_714' title='bbox 3070 4435 3172 4487; x_wconf 81' lang='lat' dir='ltr'><strong>qua</strong></span> <span class='ocrx_word' id='word_1_715' title='bbox 3210 4418 3389 4470; x_wconf 89' lang='lat' dir='ltr'><strong>anima</strong></span> <span class='ocrx_word' id='word_1_716' title='bbox 3419 4431 3551 4470; x_wconf 80' lang='lat' dir='ltr'><strong>con-</strong></span> 
     </span>
    </p>
   </div>
   <div class='ocr_carea' id='block_1_91' title="bbox 310 4509 1878 4580">
    <p class='ocr_par' dir='ltr' id='par_1_91' title="bbox 310 4509 1878 4580">
     <span class='ocr_line' id='line_1_91' title="bbox 310 4509 1878 4580; baseline 0.003 -18"><span class='ocrx_word' id='word_1_717' title='bbox 310 4509 452 4580; x_wconf 89' lang='lat' dir='ltr'><strong>quod</strong></span> <span class='ocrx_word' id='word_1_718' title='bbox 469 4511 620 4580; x_wconf 85' lang='lat' dir='ltr'><strong>prius</strong></span> <span class='ocrx_word' id='word_1_719' title='bbox 631 4525 845 4564; x_wconf 86' lang='lat' dir='ltr'><strong>omnem</strong></span> <span class='ocrx_word' id='word_1_720' title='bbox 864 4510 1028 4579; x_wconf 92' lang='lat' dir='ltr'><strong>pilum</strong></span> <span class='ocrx_word' id='word_1_721' title='bbox 1047 4517 1278 4574; x_wconf 90' lang='lat' dir='ltr'><strong>raserat,</strong></span> <span class='ocrx_word' id='word_1_722' title='bbox 1295 4525 1438 4563; x_wconf 77' lang='lat' dir='ltr'><strong>nuiic</strong></span> <span class='ocrx_word' id='word_1_723' title='bbox 1455 4511 1753 4576; x_wconf 89' lang='lat' dir='ltr'><strong>additur,ut</strong></span> <span class='ocrx_word' id='word_1_724' title='bbox 1767 4529 1878 4566; x_wconf 86' lang='lat' dir='ltr'><strong>om-</strong></span> 
     </span>
    </p>
   </div>
   <div class='ocr_carea' id='block_1_92' title="bbox 309 4600 1871 4673">
    <p class='ocr_par' dir='ltr' id='par_1_92' title="bbox 309 4600 1871 4673">
     <span class='ocr_line' id='line_1_92' title="bbox 309 4600 1871 4673; baseline 0.001 -17"><span class='ocrx_word' id='word_1_725' title='bbox 309 4617 432 4658; x_wconf 88' lang='lat' dir='ltr'><strong>nem</strong></span> <span class='ocrx_word' id='word_1_726' title='bbox 459 4602 625 4673; x_wconf 92' lang='lat' dir='ltr'><strong>pilum</strong></span> <span class='ocrx_word' id='word_1_727' title='bbox 643 4602 835 4671; x_wconf 88' lang='lat' dir='ltr'><strong>capitis</strong></span> <span class='ocrx_word' id='word_1_728' title='bbox 868 4611 920 4656; x_wconf 91' lang='lat' dir='ltr'><strong>et</strong></span> <span class='ocrx_word' id='word_1_729' title='bbox 948 4600 1152 4666; x_wconf 68' lang='lat' dir='ltr'><strong>barbae,</strong></span> <span class='ocrx_word' id='word_1_730' title='bbox 1177 4611 1231 4653; x_wconf 91' lang='lat' dir='ltr'><strong>et</strong></span> <span class='ocrx_word' id='word_1_731' title='bbox 1257 4603 1670 4672; x_wconf 89' lang='lat' dir='ltr'><strong>superciliorum</strong></span> <span class='ocrx_word' id='word_1_732' title='bbox 1697 4607 1871 4659; x_wconf 90' lang='lat' dir='ltr'><strong>radat.</strong></span> 
     </span>
    </p>
   </div>
   <div class='ocr_carea' id='block_1_93' title="bbox 306 4694 1876 4764">
    <p class='ocr_par' dir='ltr' id='par_1_93' title="bbox 306 4694 1876 4764">
     <span class='ocr_line' id='line_1_93' title="bbox 306 4694 1876 4764; baseline 0.001 -16"><span class='ocrx_word' id='word_1_733' title='bbox 306 4694 454 4748; x_wconf 85' lang='lat' dir='ltr'><strong>Idem</strong></span> <span class='ocrx_word' id='word_1_734' title='bbox 467 4708 700 4763; x_wconf 87' lang='lat' dir='ltr'><strong>namque</strong></span> <span class='ocrx_word' id='word_1_735' title='bbox 717 4694 998 4750; x_wconf 90' lang='lat' dir='ltr'><strong>videbatur</strong></span> <span class='ocrx_word' id='word_1_736' title='bbox 1013 4695 1216 4749; x_wconf 92' lang='lat' dir='ltr'><strong>dictum</strong></span> <span class='ocrx_word' id='word_1_737' title='bbox 1233 4695 1285 4748; x_wconf 93' lang='lat' dir='ltr'><strong>in</strong></span> <span class='ocrx_word' id='word_1_738' title='bbox 1301 4710 1364 4749; x_wconf 89' lang='lat' dir='ltr'><strong>eo</strong></span> <span class='ocrx_word' id='word_1_739' title='bbox 1379 4696 1521 4764; x_wconf 86' lang='lat' dir='ltr'><strong>quod</strong></span> <span class='ocrx_word' id='word_1_740' title='bbox 1540 4697 1748 4751; x_wconf 83' lang='lat' dir='ltr'><strong>dixerat</strong></span> <span class='ocrx_word' id='word_1_741' title='bbox 1761 4714 1876 4752; x_wconf 85' lang='lat' dir='ltr'><strong>om-</strong></span> 
     </span>
    </p>
   </div>
   <div class='ocr_carea' id='block_1_94' title="bbox 308 4785 1875 4853">
    <p class='ocr_par' dir='ltr' id='par_1_94' title="bbox 308 4785 1875 4853">
     <span class='ocr_line' id='line_1_94' title="bbox 308 4785 1875 4853; baseline 0.004 -15"><span class='ocrx_word' id='word_1_742' title='bbox 308 4801 431 4840; x_wconf 92' lang='lat' dir='ltr'><strong>nem</strong></span> <span class='ocrx_word' id='word_1_743' title='bbox 459 4785 624 4853; x_wconf 89' lang='lat' dir='ltr'><strong>pilum</strong></span> <span class='ocrx_word' id='word_1_744' title='bbox 656 4786 972 4840; x_wconf 87' lang='lat' dir='ltr'><strong>radendum.</strong></span> <span class='ocrx_word' id='word_1_745' title='bbox 1015 4785 1120 4840; x_wconf 89' lang='lat' dir='ltr'><strong>Sed</strong></span> <span class='ocrx_word' id='word_1_746' title='bbox 1152 4801 1253 4840; x_wconf 91' lang='lat' dir='ltr'><strong>non</strong></span> <span class='ocrx_word' id='word_1_747' title='bbox 1285 4787 1416 4841; x_wconf 89' lang='lat' dir='ltr'><strong>mihi</strong></span> <span class='ocrx_word' id='word_1_748' title='bbox 1449 4787 1660 4842; x_wconf 88' lang='lat' dir='ltr'><strong>videtur</strong></span> <span class='ocrx_word' id='word_1_749' title='bbox 1700 4789 1875 4844; x_wconf 89' lang='lat' dir='ltr'><strong>inanis</strong></span> 
     </span>
    </p>
   </div>
   <div class='ocr_carea' id='block_1_95' title="bbox 307 4875 1870 4950">
    <p class='ocr_par' dir='ltr' id='par_1_95' title="bbox 307 4875 1870 4950">
     <span class='ocr_line' id='line_1_95' title="bbox 307 4875 1870 4950; baseline 0.002 -19"><span class='ocrx_word' id='word_1_750' title='bbox 307 4877 469 4948; x_wconf 74' lang='lat'><strong>235</strong></span> <span class='ocrx_word' id='word_1_751' title='bbox 515 4892 639 4932; x_wconf 87' lang='lat' dir='ltr'><strong>esse</strong></span> <span class='ocrx_word' id='word_1_752' title='bbox 685 4879 785 4932; x_wconf 92' lang='lat' dir='ltr'><strong>ista</strong></span> <span class='ocrx_word' id='word_1_753' title='bbox 841 4875 1105 4946; x_wconf 91' lang='lat' dir='ltr'><strong>repetitio.</strong></span> <span class='ocrx_word' id='word_1_754' title='bbox 1157 4876 1283 4933; x_wconf 75' lang='lat' dir='ltr'><strong>Vult</strong></span> <span class='ocrx_word' id='word_1_755' title='bbox 1338 4879 1480 4932; x_wconf 91' lang='lat' dir='ltr'><strong>enim</strong></span> <span class='ocrx_word' id='word_1_756' title='bbox 1528 4889 1870 4950; x_wconf 86' lang='lat' dir='ltr'><strong>peccatorem</strong></span> 
     </span>
    </p>
   </div>
   <div class='ocr_carea' id='block_1_96' title="bbox 309 4968 1876 5038">
    <p class='ocr_par' dir='ltr' id='par_1_96' title="bbox 309 4968 1876 5038">
     <span class='ocr_line' id='line_1_96' title="bbox 309 4968 1876 5038; baseline 0.001 -16"><span class='ocrx_word' id='word_1_757' title='bbox 309 4979 664 5038; x_wconf 86' lang='lat' dir='ltr'><strong>posteaquam</strong></span> <span class='ocrx_word' id='word_1_758' title='bbox 717 4968 879 5023; x_wconf 91' lang='lat' dir='ltr'><strong>fuerit</strong></span> <span class='ocrx_word' id='word_1_759' title='bbox 922 4971 1178 5030; x_wconf 86' lang='lat' dir='ltr'><strong>mundus,</strong></span> <span class='ocrx_word' id='word_1_760' title='bbox 1209 4978 1562 5036; x_wconf 88' lang='lat' dir='ltr'><strong>posteaquam</strong></span> <span class='ocrx_word' id='word_1_761' title='bbox 1595 4970 1876 5024; x_wconf 87' lang='lat' dir='ltr'><strong>remissio-</strong></span> 
     </span>
    </p>
   </div>
   <div class='ocr_carea' id='block_1_97' title="bbox 309 5062 1875 5131">
    <p class='ocr_par' dir='ltr' id='par_1_97' title="bbox 309 5062 1875 5131">
     <span class='ocr_line' id='line_1_97' title="bbox 309 5062 1875 5131; baseline 0.003 -17"><span class='ocrx_word' id='word_1_762' title='bbox 309 5076 432 5116; x_wconf 90' lang='lat' dir='ltr'><strong>nem</strong></span> <span class='ocrx_word' id='word_1_763' title='bbox 494 5076 594 5131; x_wconf 88' lang='lat' dir='ltr'><strong>per</strong></span> <span class='ocrx_word' id='word_1_764' title='bbox 649 5062 1028 5130; x_wconf 62' lang='lat' dir='ltr'><strong>paenitentiam</strong></span> <span class='ocrx_word' id='word_1_765' title='bbox 1081 5062 1358 5130; x_wconf 90' lang='lat' dir='ltr'><strong>acceperit</strong></span> <span class='ocrx_word' id='word_1_766' title='bbox 1411 5073 1779 5130; x_wconf 89' lang='lat' dir='ltr'><strong>peccatorum,</strong></span> <span class='ocrx_word' id='word_1_767' title='bbox 1809 5065 1875 5119; x_wconf 88' lang='lat' dir='ltr'><strong>de</strong></span> 
     </span>
    </p>
   </div>
   <div class='ocr_carea' id='block_1_98' title="bbox 309 5154 1876 5226">
    <p class='ocr_par' dir='ltr' id='par_1_98' title="bbox 309 5154 1876 5226">
     <span class='ocr_line' id='line_1_98' title="bbox 309 5154 1876 5226; baseline 0.001 -20"><span class='ocrx_word' id='word_1_768' title='bbox 309 5154 636 5225; x_wconf 85' lang='lat' dir='ltr'><strong>purgatione</strong></span> <span class='ocrx_word' id='word_1_769' title='bbox 674 5156 868 5223; x_wconf 88' lang='lat' dir='ltr'><strong>capitis</strong></span> <span class='ocrx_word' id='word_1_770' title='bbox 905 5155 1227 5221; x_wconf 86' lang='lat' dir='ltr'><strong>admonere,</strong></span> <span class='ocrx_word' id='word_1_771' title='bbox 1279 5156 1567 5220; x_wconf 70' lang='lat' dir='ltr'><strong>et-barbae,</strong></span> <span class='ocrx_word' id='word_1_772' title='bbox 1607 5167 1662 5209; x_wconf 89' lang='lat' dir='ltr'><strong>et</strong></span> <span class='ocrx_word' id='word_1_773' title='bbox 1688 5171 1876 5226; x_wconf 83' lang='lat' dir='ltr'><strong>super-</strong></span> 
     </span>
    </p>
   </div>
   <div class='ocr_carea' id='block_1_99' title="bbox 311 5245 1870 5315">
    <p class='ocr_par' dir='ltr' id='par_1_99' title="bbox 311 5245 1870 5315">
     <span class='ocr_line' id='line_1_99' title="bbox 311 5245 1870 5315; baseline 0.003 -17"><span class='ocrx_word' id='word_1_774' title='bbox 311 5245 588 5310; x_wconf 88' lang='lat' dir='ltr'><strong>ciliorum,</strong></span> <span class='ocrx_word' id='word_1_775' title='bbox 617 5246 760 5300; x_wconf 88' lang='lat' dir='ltr'><strong>velut</strong></span> <span class='ocrx_word' id='word_1_776' title='bbox 781 5249 824 5302; x_wconf 89' lang='lat' dir='ltr'><strong>si</strong></span> <span class='ocrx_word' id='word_1_777' title='bbox 845 5249 1052 5303; x_wconf 89' lang='lat' dir='ltr'><strong>diceret</strong></span> <span class='ocrx_word' id='word_1_778' title='bbox 1081 5249 1132 5304; x_wconf 89' lang='lat' dir='ltr'><strong>ei</strong></span> <span class='ocrx_word' id='word_1_779' title='bbox 1167 5267 1180 5301; x_wconf 88' lang='lat'>:</span> <span class='ocrx_word' id='word_1_780' title='bbox 1204 5248 1343 5302; x_wconf 84' lang='lat' dir='ltr'><strong>Ecce</strong></span> <span class='ocrx_word' id='word_1_781' title='bbox 1360 5247 1470 5315; x_wconf 88' lang='lat' dir='ltr'><strong>jam</strong></span> <span class='ocrx_word' id='word_1_782' title='bbox 1499 5263 1664 5302; x_wconf 90' lang='lat' dir='ltr'><strong>sanus</strong></span> <span class='ocrx_word' id='word_1_783' title='bbox 1694 5249 1870 5304; x_wconf 89' lang='lat' dir='ltr'><strong>factus</strong></span> 
     </span>
    </p>
   </div>
   <div class='ocr_carea' id='block_1_100' title="bbox 379 5335 1576 5406">
    <p class='ocr_par' dir='ltr' id='par_1_100' title="bbox 379 5335 1576 5406">
     <span class='ocr_line' id='line_1_100' title="bbox 379 5335 1576 5406; baseline 0.005 -19"><span class='ocrx_word' id='word_1_784' title='bbox 379 5337 465 5388; x_wconf 74' lang='grc'><strong>³⁸1</strong></span> <span class='ocrx_word' id='word_1_785' title='bbox 501 5335 630 5406; x_wconf 84' lang='lat' dir='ltr'><strong>Reg.</strong></span> <span class='ocrx_word' id='word_1_786' title='bbox 654 5352 694 5393; x_wconf 86' lang='grc' dir='ltr'><strong>ι.</strong></span> <span class='ocrx_word' id='word_1_787' title='bbox 771 5338 816 5370; x_wconf 74' lang='grc'><strong>⁸⁷</strong></span> <span class='ocrx_word' id='word_1_788' title='bbox 839 5336 997 5394; x_wconf 82' lang='grc' dir='ltr'>Νιιω.</span> <span class='ocrx_word' id='word_1_789' title='bbox 1037 5354 1111 5394; x_wconf 77' lang='grc' dir='ltr'><strong>γι.</strong></span> <span class='ocrx_word' id='word_1_790' title='bbox 1179 5339 1223 5372; x_wconf 84' lang='grc'><strong>¹⁸</strong></span> <span class='ocrx_word' id='word_1_791' title='bbox 1247 5339 1389 5394; x_wconf 85' lang='lat' dir='ltr'><strong>Psal.</strong></span> <span class='ocrx_word' id='word_1_792' title='bbox 1437 5355 1477 5406; x_wconf 89' lang='grc' dir='ltr'><strong>ι,</strong></span> <span class='ocrx_word' id='word_1_793' title='bbox 1523 5339 1576 5393; x_wconf 77' lang='grc'>3.</span> 
     </span>
    </p>
   </div>
   <div class='ocr_carea' id='block_1_101' title="bbox 313 5405 634 5461">
    <p class='ocr_par' dir='ltr' id='par_1_101' title="bbox 313 5405 634 5461">
     <span class='ocr_line' id='line_1_101' title="bbox 313 5405 634 5461; baseline 0.009 -3"><span class='ocrx_word' id='word_1_794' title='bbox 313 5405 357 5437; x_wconf 82' lang='grc'><strong>²¹</strong></span> <span class='ocrx_word' id='word_1_795' title='bbox 390 5406 520 5461; x_wconf 87' lang='lat' dir='ltr'><strong>ibid.</strong></span> <span class='ocrx_word' id='word_1_796' title='bbox 547 5405 634 5461; x_wconf 74' lang='lat' dir='ltr'><strong>i3.</strong></span> 
     </span>
    </p>
   </div>
   <div class='ocr_carea' id='block_1_102' title="bbox 385 5497 1863 5570">
    <p class='ocr_par' dir='ltr' id='par_1_102' title="bbox 385 5497 1863 5570">
     <span class='ocr_line' id='line_1_102' title="bbox 385 5497 1863 5570; baseline 0.005 -19"><span class='ocrx_word' id='word_1_797' title='bbox 385 5497 500 5569; x_wconf 74' lang='grc' dir='ltr'><strong>(ιο)</strong></span> <span class='ocrx_word' id='word_1_798' title='bbox 543 5497 809 5570; x_wconf 39' lang='lat' dir='ltr'><strong>Qntnino.</strong></span> <span class='ocrx_word' id='word_1_799' title='bbox 829 5499 1010 5555; x_wconf 88' lang='lat' dir='ltr'><strong>Codex</strong></span> <span class='ocrx_word' id='word_1_800' title='bbox 1059 5499 1339 5570; x_wconf 82' lang='lat' dir='ltr'><strong>Sangerm.</strong></span> <span class='ocrx_word' id='word_1_801' title='bbox 1395 5501 1576 5564; x_wconf 86' lang='lat' dir='ltr'><strong>habet,</strong></span> <span class='ocrx_word' id='word_1_802' title='bbox 1613 5518 1632 5551; x_wconf 87' lang='grc'><strong><em>‹</em></strong></span> <span class='ocrx_word' id='word_1_803' title='bbox 1662 5501 1714 5554; x_wconf 93' lang='lat' dir='ltr'><strong>in</strong></span> <span class='ocrx_word' id='word_1_804' title='bbox 1756 5501 1863 5558; x_wconf 89' lang='lat' dir='ltr'><strong>Do-</strong></span> 
     </span>
    </p>
   </div>
   <div class='ocr_carea' id='block_1_103' title="bbox 314 5567 1858 5639">
    <p class='ocr_par' dir='ltr' id='par_1_103' title="bbox 314 5567 1858 5639">
     <span class='ocr_line' id='line_1_103' title="bbox 314 5567 1858 5639; baseline 0.004 -19"><span class='ocrx_word' id='word_1_805' title='bbox 314 5567 487 5622; x_wconf 74' lang='lat' dir='ltr'><strong>mino.</strong></span> <span class='ocrx_word' id='word_1_806' title='bbox 516 5586 533 5618; x_wconf 76' lang='grc' dir='ltr'><strong>ι</strong></span> <span class='ocrx_word' id='word_1_807' title='bbox 563 5567 702 5621; x_wconf 84' lang='lat' dir='ltr'><strong>Infra</strong></span> <span class='ocrx_word' id='word_1_808' title='bbox 733 5567 861 5639; x_wconf 85' lang='lat' dir='ltr'><strong>libb.</strong></span> <span class='ocrx_word' id='word_1_809' title='bbox 889 5571 1037 5633; x_wconf 87' lang='lat' dir='ltr'><strong>editi,</strong></span> <span class='ocrx_word' id='word_1_810' title='bbox 1080 5589 1098 5620; x_wconf 69' lang='grc' dir='ltr'><strong>ι</strong></span> <span class='ocrx_word' id='word_1_811' title='bbox 1122 5567 1275 5634; x_wconf 67' lang='grc' dir='ltr'><strong>⁸ἱιὶιιει</strong></span> <span class='ocrx_word' id='word_1_812' title='bbox 1306 5586 1519 5624; x_wconf 88' lang='lat' dir='ltr'><strong>onmem</strong></span> <span class='ocrx_word' id='word_1_813' title='bbox 1559 5571 1722 5639; x_wconf 89' lang='lat' dir='ltr'><strong>pilum</strong></span> 
     </span>
    </p>
   </div>
   <div class='ocr_carea' id='block_1_104' title="bbox 313 5638 1853 5710">
    <p class='ocr_par' dir='ltr' id='par_1_104' title="bbox 313 5638 1853 5710">
     <span class='ocr_line' id='line_1_104' title="bbox 313 5638 1853 5710; baseline 0.002 -20"><span class='ocrx_word' id='word_1_814' title='bbox 313 5648 556 5710; x_wconf 73' lang='lat' dir='ltr'><strong>exortum</strong></span> <span class='ocrx_word' id='word_1_815' title='bbox 578 5647 678 5691; x_wconf 89' lang='lat' dir='ltr'><strong>est.</strong></span> <span class='ocrx_word' id='word_1_816' title='bbox 700 5638 811 5692; x_wconf 84' lang='lat' dir='ltr'><strong>Hoc</strong></span> <span class='ocrx_word' id='word_1_817' title='bbox 827 5642 970 5710; x_wconf 79' lang='lat' dir='ltr'><strong>enim</strong></span> <span class='ocrx_word' id='word_1_818' title='bbox 994 5639 1081 5707; x_wconf 92' lang='lat' dir='ltr'><strong>pili</strong></span> <span class='ocrx_word' id='word_1_819' title='bbox 1109 5638 1853 5710; x_wconf 68' lang='lat' dir='ltr'><strong>uominejubeturabjicere.i</strong></span> 
     </span>
    </p>
   </div>
   <div class='ocr_carea' id='block_1_105' title="bbox 315 5706 1400 5765">
    <p class='ocr_par' dir='ltr' id='par_1_105' title="bbox 315 5706 1400 5765">
     <span class='ocr_line' id='line_1_105' title="bbox 315 5706 1400 5765; baseline 0.002 -2"><span class='ocrx_word' id='word_1_820' title='bbox 315 5706 418 5764; x_wconf 85' lang='lat' dir='ltr'><strong>Sed</strong></span> <span class='ocrx_word' id='word_1_821' title='bbox 453 5722 642 5764; x_wconf 82' lang='lat' dir='ltr'><strong>omnes</strong></span> <span class='ocrx_word' id='word_1_822' title='bbox 679 5721 807 5764; x_wconf 75' lang='grc' dir='ltr'>ιιιειι.</span> <span class='ocrx_word' id='word_1_823' title='bbox 851 5706 1202 5764; x_wconf 86' lang='lat' dir='ltr'><strong>utiunostro</strong></span> <span class='ocrx_word' id='word_1_824' title='bbox 1235 5720 1400 5765; x_wconf 78' lang='lat' dir='ltr'><strong>textu.</strong></span> 
     </span>
    </p>
   </div>
   <div class='ocr_carea' id='block_1_106' title="bbox 1653 5339 2202 5409">
    <p class='ocr_par' dir='ltr' id='par_1_106' title="bbox 1653 5339 2202 5409">
     <span class='ocr_line' id='line_1_106' title="bbox 1653 5339 2202 5409; baseline 0.005 -16"><span class='ocrx_word' id='word_1_825' title='bbox 1653 5339 1700 5370; x_wconf 81' lang='grc'><strong>¹⁹</strong></span> <span class='ocrx_word' id='word_1_826' title='bbox 1752 5339 1942 5397; x_wconf 88' lang='lat' dir='ltr'><strong>Matth.</strong></span> <span class='ocrx_word' id='word_1_827' title='bbox 1991 5360 2048 5409; x_wconf 85' lang='lat' dir='ltr'><strong>x,</strong></span> <span class='ocrx_word' id='word_1_828' title='bbox 2106 5342 2202 5398; x_wconf 82' lang='grc'><strong>50.</strong></span> 
     </span>
    </p>
   </div>
   <div class='ocr_carea' id='block_1_107' title="bbox 1983 4508 3549 4572">
    <p class='ocr_par' dir='ltr' id='par_1_107' title="bbox 1983 4508 3549 4572">
     <span class='ocr_line' id='line_1_107' title="bbox 1983 4508 3549 4572; baseline -0.008 -1"><span class='ocrx_word' id='word_1_829' title='bbox 1983 4517 2216 4571; x_wconf 90' lang='lat' dir='ltr'><strong>vertitur</strong></span> <span class='ocrx_word' id='word_1_830' title='bbox 2253 4518 2318 4568; x_wconf 89' lang='lat' dir='ltr'><strong>ad</strong></span> <span class='ocrx_word' id='word_1_831' title='bbox 2366 4514 2554 4566; x_wconf 90' lang='lat' dir='ltr'><strong>Deum.</strong></span> <span class='ocrx_word' id='word_1_832' title='bbox 2604 4513 2784 4566; x_wconf 88' lang='lat' dir='ltr'><strong>Tertia</strong></span> <span class='ocrx_word' id='word_1_833' title='bbox 2813 4523 2894 4567; x_wconf 87' lang='lat' dir='ltr'><strong>est</strong></span> <span class='ocrx_word' id='word_1_834' title='bbox 2933 4511 3306 4572; x_wconf 86' lang='lat' dir='ltr'><strong>fecunditatis,</strong></span> <span class='ocrx_word' id='word_1_835' title='bbox 3343 4519 3398 4561; x_wconf 88' lang='lat' dir='ltr'><strong>et</strong></span> <span class='ocrx_word' id='word_1_836' title='bbox 3434 4508 3549 4561; x_wconf 86' lang='lat' dir='ltr'><strong>fru-</strong></span> 
     </span>
    </p>
   </div>
   <div class='ocr_carea' id='block_1_108' title="bbox 1982 4603 3548 4678">
    <p class='ocr_par' dir='ltr' id='par_1_108' title="bbox 1982 4603 3548 4678">
     <span class='ocr_line' id='line_1_108' title="bbox 1982 4603 3548 4678; baseline -0.006 -15"><span class='ocrx_word' id='word_1_837' title='bbox 1982 4621 2186 4675; x_wconf 89' lang='lat' dir='ltr'><strong>ctuum,</strong></span> <span class='ocrx_word' id='word_1_838' title='bbox 2215 4624 2351 4678; x_wconf 84' lang='lat' dir='ltr'><strong>quos</strong></span> <span class='ocrx_word' id='word_1_839' title='bbox 2380 4609 2430 4660; x_wconf 90' lang='lat' dir='ltr'><strong>in</strong></span> <span class='ocrx_word' id='word_1_840' title='bbox 2460 4608 2712 4676; x_wconf 87' lang='lat' dir='ltr'><strong>operibus</strong></span> <span class='ocrx_word' id='word_1_841' title='bbox 2749 4605 2964 4675; x_wconf 88' lang='lat' dir='ltr'><strong>pietatis</strong></span> <span class='ocrx_word' id='word_1_842' title='bbox 2995 4606 3040 4657; x_wconf 90' lang='lat' dir='ltr'><strong>is</strong></span> <span class='ocrx_word' id='word_1_843' title='bbox 3068 4605 3158 4672; x_wconf 93' lang='lat' dir='ltr'><strong>qui</strong></span> <span class='ocrx_word' id='word_1_844' title='bbox 3186 4603 3388 4656; x_wconf 89' lang='lat' dir='ltr'><strong>dicitur</strong></span> <span class='ocrx_word' id='word_1_845' title='bbox 3415 4617 3548 4654; x_wconf 89' lang='lat' dir='ltr'><strong>con-</strong></span> 
     </span>
    </p>
   </div>
   <div class='ocr_carea' id='block_1_109' title="bbox 1981 4693 3547 4768">
    <p class='ocr_par' dir='ltr' id='par_1_109' title="bbox 1981 4693 3547 4768">
     <span class='ocr_line' id='line_1_109' title="bbox 1981 4693 3547 4768; baseline -0.005 -16"><span class='ocrx_word' id='word_1_846' title='bbox 1981 4716 2191 4764; x_wconf 91' lang='lat' dir='ltr'><strong>versus,</strong></span> <span class='ocrx_word' id='word_1_847' title='bbox 2247 4701 2501 4754; x_wconf 89' lang='lat' dir='ltr'><strong>ostendit.</strong></span> <span class='ocrx_word' id='word_1_848' title='bbox 2537 4701 2600 4753; x_wconf 84' lang='lat' dir='ltr'><strong>Et</strong></span> <span class='ocrx_word' id='word_1_849' title='bbox 2621 4699 2746 4768; x_wconf 84' lang='lat' dir='ltr'><strong>quia</strong></span> <span class='ocrx_word' id='word_1_850' title='bbox 2781 4709 2888 4751; x_wconf 91' lang='lat' dir='ltr'><strong>tres</strong></span> <span class='ocrx_word' id='word_1_851' title='bbox 2914 4698 3028 4750; x_wconf 73' lang='lat' dir='ltr'><strong>ista:</strong></span> <span class='ocrx_word' id='word_1_852' title='bbox 3067 4704 3191 4748; x_wconf 89' lang='lat' dir='ltr'><strong>sunt</strong></span> <span class='ocrx_word' id='word_1_853' title='bbox 3226 4694 3432 4756; x_wconf 72' lang='lat' dir='ltr'><strong>hostiae,</strong></span> <span class='ocrx_word' id='word_1_854' title='bbox 3467 4693 3547 4745; x_wconf 88' lang='lat' dir='ltr'><strong>id-</strong></span> 
     </span>
    </p>
   </div>
   <div class='ocr_carea' id='block_1_110' title="bbox 1982 4783 3546 4862">
    <p class='ocr_par' dir='ltr' id='par_1_110' title="bbox 1982 4783 3546 4862">
     <span class='ocr_line' id='line_1_110' title="bbox 1982 4783 3546 4862; baseline -0.008 -15"><span class='ocrx_word' id='word_1_855' title='bbox 1982 4794 2128 4847; x_wconf 91' lang='lat' dir='ltr'><strong>circo</strong></span> <span class='ocrx_word' id='word_1_856' title='bbox 2156 4793 2432 4862; x_wconf 85' lang='lat' dir='ltr'><strong>subjungit</strong></span> <span class='ocrx_word' id='word_1_857' title='bbox 2459 4804 2512 4846; x_wconf 87' lang='lat' dir='ltr'><strong>et</strong></span> <span class='ocrx_word' id='word_1_858' title='bbox 2538 4803 2649 4845; x_wconf 87' lang='lat' dir='ltr'><strong>tres</strong></span> <span class='ocrx_word' id='word_1_859' title='bbox 2681 4803 2962 4842; x_wconf 88' lang='lat' dir='ltr'><strong>mensuras</strong></span> <span class='ocrx_word' id='word_1_860' title='bbox 2993 4786 3109 4854; x_wconf 69' lang='grc'><strong>(42)</strong></span> <span class='ocrx_word' id='word_1_861' title='bbox 3140 4787 3359 4839; x_wconf 67' lang='grc' dir='ltr'>ιιεείιιιω</span> <span class='ocrx_word' id='word_1_862' title='bbox 3390 4783 3546 4837; x_wconf 83' lang='lat' dir='ltr'><strong>simi-</strong></span> 
     </span>
    </p>
   </div>
   <div class='ocr_carea' id='block_1_111' title="bbox 1982 4875 3550 4953">
    <p class='ocr_par' dir='ltr' id='par_1_111' title="bbox 1982 4875 3550 4953">
     <span class='ocr_line' id='line_1_111' title="bbox 1982 4875 3550 4953; baseline -0.007 -17"><span class='ocrx_word' id='word_1_863' title='bbox 1982 4883 2177 4953; x_wconf 90' lang='lat' dir='ltr'><strong>laginis</strong></span> <span class='ocrx_word' id='word_1_864' title='bbox 2209 4884 2586 4946; x_wconf 89' lang='lat' dir='ltr'><strong>assumendas,</strong></span> <span class='ocrx_word' id='word_1_865' title='bbox 2648 4891 2708 4936; x_wconf 91' lang='lat' dir='ltr'><strong>ut</strong></span> <span class='ocrx_word' id='word_1_866' title='bbox 2738 4881 2936 4948; x_wconf 84' lang='lat' dir='ltr'><strong>ubique</strong></span> <span class='ocrx_word' id='word_1_867' title='bbox 2994 4875 3361 4946; x_wconf 86' lang='lat' dir='ltr'><strong>intelligamus</strong></span> <span class='ocrx_word' id='word_1_868' title='bbox 3405 4875 3550 4942; x_wconf 86' lang='lat' dir='ltr'><strong>puri-</strong></span> 
     </span>
    </p>
   </div>
   <div class='ocr_carea' id='block_1_112' title="bbox 1978 4966 3541 5044">
    <p class='ocr_par' dir='ltr' id='par_1_112' title="bbox 1978 4966 3541 5044">
     <span class='ocr_line' id='line_1_112' title="bbox 1978 4966 3541 5044; baseline -0.006 -14"><span class='ocrx_word' id='word_1_869' title='bbox 1978 4977 2280 5032; x_wconf 88' lang='lat' dir='ltr'><strong>ﬁcationem</strong></span> <span class='ocrx_word' id='word_1_870' title='bbox 2322 4977 2435 5030; x_wconf 91' lang='lat' dir='ltr'><strong>ﬁeri</strong></span> <span class='ocrx_word' id='word_1_871' title='bbox 2466 4991 2570 5029; x_wconf 88' lang='lat' dir='ltr'><strong>non</strong></span> <span class='ocrx_word' id='word_1_872' title='bbox 2613 4988 2770 5044; x_wconf 90' lang='lat' dir='ltr'><strong>posse</strong></span> <span class='ocrx_word' id='word_1_873' title='bbox 2799 4973 2918 5026; x_wconf 87' lang='lat' dir='ltr'><strong>sine</strong></span> <span class='ocrx_word' id='word_1_874' title='bbox 2947 4970 3206 5039; x_wconf 83' lang='lat' dir='ltr'><strong>mysterio</strong></span> <span class='ocrx_word' id='word_1_875' title='bbox 3231 4966 3541 5021; x_wconf 86' lang='lat' dir='ltr'><strong>Trinitatis.</strong></span> 
     </span>
    </p>
   </div>
   <div class='ocr_carea' id='block_1_113' title="bbox 1979 5061 3536 5136">
    <p class='ocr_par' dir='ltr' id='par_1_113' title="bbox 1979 5061 3536 5136">
     <span class='ocr_line' id='line_1_113' title="bbox 1979 5061 3536 5136; baseline -0.007 -15"><span class='ocrx_word' id='word_1_876' title='bbox 1979 5067 2110 5122; x_wconf 83' lang='lat' dir='ltr'><strong>Vide</strong></span> <span class='ocrx_word' id='word_1_877' title='bbox 2149 5079 2328 5122; x_wconf 90' lang='lat' dir='ltr'><strong>autem</strong></span> <span class='ocrx_word' id='word_1_878' title='bbox 2352 5068 2496 5136; x_wconf 93' lang='lat' dir='ltr'><strong>quod</strong></span> <span class='ocrx_word' id='word_1_879' title='bbox 2546 5068 2634 5120; x_wconf 93' lang='lat' dir='ltr'><strong>hic</strong></span> <span class='ocrx_word' id='word_1_880' title='bbox 2676 5068 2728 5119; x_wconf 93' lang='lat' dir='ltr'><strong>in</strong></span> <span class='ocrx_word' id='word_1_881' title='bbox 2762 5065 2950 5132; x_wconf 90' lang='lat' dir='ltr'><strong>quinta</strong></span> <span class='ocrx_word' id='word_1_882' title='bbox 2995 5061 3375 5131; x_wconf 90' lang='lat' dir='ltr'><strong>puriﬁcatione</strong></span> <span class='ocrx_word' id='word_1_883' title='bbox 3430 5073 3536 5112; x_wconf 94' lang='lat' dir='ltr'><strong>non</strong></span> 
     </span>
    </p>
   </div>
   <div class='ocr_carea' id='block_1_114' title="bbox 1973 5148 3539 5227">
    <p class='ocr_par' dir='ltr' id='par_1_114' title="bbox 1973 5148 3539 5227">
     <span class='ocr_line' id='line_1_114' title="bbox 1973 5148 3539 5227; baseline -0.008 -15"><span class='ocrx_word' id='word_1_884' title='bbox 1973 5161 2272 5215; x_wconf 85' lang='lat' dir='ltr'><strong>assumitur</strong></span> <span class='ocrx_word' id='word_1_885' title='bbox 2301 5159 2498 5224; x_wconf 87' lang='lat' dir='ltr'><strong>farina,</strong></span> <span class='ocrx_word' id='word_1_886' title='bbox 2545 5161 2639 5212; x_wconf 89' lang='lat' dir='ltr'><strong>sed</strong></span> <span class='ocrx_word' id='word_1_887' title='bbox 2688 5160 2796 5227; x_wconf 91' lang='lat' dir='ltr'><strong>jam</strong></span> <span class='ocrx_word' id='word_1_888' title='bbox 2827 5155 3064 5210; x_wconf 89' lang='lat' dir='ltr'><strong>similam</strong></span> <span class='ocrx_word' id='word_1_889' title='bbox 3115 5151 3280 5207; x_wconf 89' lang='lat' dir='ltr'><strong>habet</strong></span> <span class='ocrx_word' id='word_1_890' title='bbox 3317 5152 3417 5205; x_wconf 90' lang='lat' dir='ltr'><strong>iste</strong></span> <span class='ocrx_word' id='word_1_891' title='bbox 3446 5148 3539 5219; x_wconf 90' lang='lat' dir='ltr'><strong>qui</strong></span> 
     </span>
    </p>
   </div>
   <div class='ocr_carea' id='block_1_115' title="bbox 1971 5242 3541 5321">
    <p class='ocr_par' dir='ltr' id='par_1_115' title="bbox 1971 5242 3541 5321">
     <span class='ocr_line' id='line_1_115' title="bbox 1971 5242 3541 5321; baseline -0.008 -17"><span class='ocrx_word' id='word_1_892' title='bbox 1971 5251 2292 5321; x_wconf 89' lang='lat' dir='ltr'><strong>puriﬁcatur</strong></span> <span class='ocrx_word' id='word_1_893' title='bbox 2330 5266 2356 5302; x_wconf 90' lang='lat' dir='ltr'><strong>a</strong></span> <span class='ocrx_word' id='word_1_894' title='bbox 2415 5251 2672 5320; x_wconf 74' lang='lat' dir='ltr'><strong>peccatis,</strong></span> <span class='ocrx_word' id='word_1_895' title='bbox 2725 5249 2901 5303; x_wconf 91' lang='lat' dir='ltr'><strong>simila</strong></span> <span class='ocrx_word' id='word_1_896' title='bbox 2943 5247 2991 5300; x_wconf 88' lang='lat' dir='ltr'><strong>ei</strong></span> <span class='ocrx_word' id='word_1_897' title='bbox 3039 5246 3350 5305; x_wconf 87' lang='lat' dir='ltr'><strong>ascribitur,</strong></span> <span class='ocrx_word' id='word_1_898' title='bbox 3396 5242 3541 5295; x_wconf 87' lang='lat' dir='ltr'><strong>unde</strong></span> 
     </span>
    </p>
   </div>
   <div class='ocr_carea' id='block_1_116' title="bbox 2317 5333 3534 5402">
    <p class='ocr_par' dir='ltr' id='par_1_116' title="bbox 2317 5333 3534 5402">
     <span class='ocr_line' id='line_1_116' title="bbox 2317 5333 3534 5402; baseline -0.007 -5"><span class='ocrx_word' id='word_1_899' title='bbox 2317 5342 2364 5374; x_wconf 85' lang='grc'><strong>²⁰</strong></span> <span class='ocrx_word' id='word_1_900' title='bbox 2412 5341 2584 5396; x_wconf 89' lang='lat' dir='ltr'><strong>Levit.</strong></span> <span class='ocrx_word' id='word_1_901' title='bbox 2636 5356 2746 5401; x_wconf 76' lang='lat' dir='ltr'><strong>xiv,</strong></span> <span class='ocrx_word' id='word_1_902' title='bbox 2793 5341 2845 5395; x_wconf 93' lang='lat'><strong>8.</strong></span> <span class='ocrx_word' id='word_1_903' title='bbox 2920 5341 3008 5398; x_wconf 80' lang='grc'><strong>,²¹</strong></span> <span class='ocrx_word' id='word_1_904' title='bbox 3063 5338 3194 5392; x_wconf 89' lang='lat' dir='ltr'><strong>ibid.</strong></span> <span class='ocrx_word' id='word_1_905' title='bbox 3261 5351 3371 5402; x_wconf 80' lang='lat' dir='ltr'><strong>xrv,</strong></span> <span class='ocrx_word' id='word_1_906' title='bbox 3445 5333 3534 5388; x_wconf 79' lang='grc'>10.</span> 
     </span>
    </p>
   </div>
   <div class='ocr_carea' id='block_1_117' title="bbox 2047 5499 3444 5572">
    <p class='ocr_par' dir='ltr' id='par_1_117' title="bbox 2047 5499 3444 5572">
     <span class='ocr_line' id='line_1_117' title="bbox 2047 5499 3444 5572; baseline -0.011 -15"><span class='ocrx_word' id='word_1_907' title='bbox 2047 5499 2158 5572; x_wconf 63' lang='grc'><strong>((11)</strong></span> <span class='ocrx_word' id='word_1_908' title='bbox 2182 5500 2343 5572; x_wconf 52' lang='lat' dir='ltr'><strong>MSS&quot;</strong></span> <span class='ocrx_word' id='word_1_909' title='bbox 2378 5519 2396 5550; x_wconf 85' lang='grc'><strong><em>‹</em></strong></span> <span class='ocrx_word' id='word_1_910' title='bbox 2426 5515 2502 5554; x_wconf 90' lang='lat' dir='ltr'><strong>se.</strong></span> <span class='ocrx_word' id='word_1_911' title='bbox 2537 5519 2554 5550; x_wconf 71' lang='grc' dir='ltr'><strong>ι</strong></span> <span class='ocrx_word' id='word_1_912' title='bbox 2586 5499 2738 5552; x_wconf 89' lang='lat' dir='ltr'><strong>Lihb.</strong></span> <span class='ocrx_word' id='word_1_913' title='bbox 2773 5499 2923 5572; x_wconf 70' lang='lat' dir='ltr'><strong>etlilj,</strong></span> <span class='ocrx_word' id='word_1_914' title='bbox 2961 5517 2992 5572; x_wconf 68' lang='grc' dir='ltr'><strong>ι⁸</strong></span> <span class='ocrx_word' id='word_1_915' title='bbox 3018 5510 3251 5572; x_wconf 81' lang='lat' dir='ltr'><strong>semper.</strong></span> <span class='ocrx_word' id='word_1_916' title='bbox 3284 5513 3303 5546; x_wconf 73' lang='grc' dir='ltr'><strong>ι</strong></span> <span class='ocrx_word' id='word_1_917' title='bbox 3387 5560 3408 5572; x_wconf 57' lang='grc'><strong>·</strong></span> <span class='ocrx_word' id='word_1_918' title='bbox 3432 5561 3444 5572; x_wconf 48' lang='grc'><strong>.</strong></span> 
     </span>
    </p>
   </div>
   <div class='ocr_carea' id='block_1_118' title="bbox 2039 5560 3536 5639">
    <p class='ocr_par' dir='ltr' id='par_1_118' title="bbox 2039 5560 3536 5639">
     <span class='ocr_line' id='line_1_118' title="bbox 2039 5560 3536 5639; baseline -0.006 -16"><span class='ocrx_word' id='word_1_919' title='bbox 2039 5560 2152 5639; x_wconf 58' lang='grc' dir='ltr'><strong>(Η)</strong></span> <span class='ocrx_word' id='word_1_920' title='bbox 2170 5570 2236 5623; x_wconf 83' lang='lat' dir='ltr'><strong>Et</strong></span> <span class='ocrx_word' id='word_1_921' title='bbox 2268 5581 2371 5623; x_wconf 79' lang='lat' dir='ltr'><strong>(res</strong></span> <span class='ocrx_word' id='word_1_922' title='bbox 2399 5585 2694 5630; x_wconf 80' lang='lat' dir='ltr'><strong>mensuras,</strong></span> <span class='ocrx_word' id='word_1_923' title='bbox 2725 5577 2832 5622; x_wconf 85' lang='lat' dir='ltr'><strong>etc.</strong></span> <span class='ocrx_word' id='word_1_924' title='bbox 2867 5569 2954 5623; x_wconf 88' lang='lat' dir='ltr'><strong>Sic</strong></span> <span class='ocrx_word' id='word_1_925' title='bbox 2980 5560 3181 5622; x_wconf 82' lang='lat' dir='ltr'><strong>habent</strong></span> <span class='ocrx_word' id='word_1_926' title='bbox 3217 5579 3345 5639; x_wconf 73' lang='lat' dir='ltr'><strong>mss.</strong></span> <span class='ocrx_word' id='word_1_927' title='bbox 3387 5560 3536 5639; x_wconf 80' lang='lat' dir='ltr'><strong>Libri</strong></span> 
     </span>
    </p>
   </div>
   <div class='ocr_carea' id='block_1_119' title="bbox 1968 5629 3536 5700">
    <p class='ocr_par' dir='ltr' id='par_1_119' title="bbox 1968 5629 3536 5700">
     <span class='ocr_line' id='line_1_119' title="bbox 1968 5629 3536 5700; baseline -0.004 -10"><span class='ocrx_word' id='word_1_928' title='bbox 1968 5629 2097 5694; x_wconf 79' lang='lat' dir='ltr'><strong>vero</strong></span> <span class='ocrx_word' id='word_1_929' title='bbox 2132 5629 2304 5700; x_wconf 53' lang='lat' dir='ltr'><strong>&#39;editi.</strong></span> <span class='ocrx_word' id='word_1_930' title='bbox 2343 5658 2360 5690; x_wconf 72' lang='grc' dir='ltr'><strong>ι</strong></span> <span class='ocrx_word' id='word_1_931' title='bbox 2407 5649 2459 5692; x_wconf 89' lang='grc' dir='ltr'><strong>ει</strong></span> <span class='ocrx_word' id='word_1_932' title='bbox 2493 5649 2599 5691; x_wconf 83' lang='lat' dir='ltr'><strong>tres</strong></span> <span class='ocrx_word' id='word_1_933' title='bbox 2641 5629 2908 5693; x_wconf 77' lang='lat' dir='ltr'><strong>mensura:</strong></span> <span class='ocrx_word' id='word_1_934' title='bbox 2954 5639 3173 5694; x_wconf 67' lang='lat' dir='ltr'><strong>decium</strong></span> <span class='ocrx_word' id='word_1_935' title='bbox 3205 5629 3536 5698; x_wconf 76' lang='lat' dir='ltr'><strong>similaginis</strong></span> 
     </span>
    </p>
   </div>
   <div class='ocr_carea' id='block_1_120' title="bbox 1967 5707 2918 5775">
    <p class='ocr_par' dir='ltr' id='par_1_120' title="bbox 1967 5707 2918 5775">
     <span class='ocr_line' id='line_1_120' title="bbox 1967 5707 2918 5775; baseline 0.001 -11"><span class='ocrx_word' id='word_1_936' title='bbox 1967 5713 2301 5766; x_wconf 81' lang='lat' dir='ltr'><strong>assumenda:</strong></span> <span class='ocrx_word' id='word_1_937' title='bbox 2329 5719 2478 5764; x_wconf 89' lang='lat' dir='ltr'><strong>sunt.</strong></span> <span class='ocrx_word' id='word_1_938' title='bbox 2506 5707 2733 5775; x_wconf 83' lang='lat' dir='ltr'><strong>Ubique,</strong></span> <span class='ocrx_word' id='word_1_939' title='bbox 2772 5726 2790 5759; x_wconf 73' lang='grc' dir='ltr'><strong>ι</strong></span> <span class='ocrx_word' id='word_1_940' title='bbox 2815 5721 2918 5765; x_wconf 85' lang='lat' dir='ltr'><strong>etc.</strong></span> 
     </span>
    </p>
   </div>
  </div>
