4024 6146
457 247 561 307 507

1923 242 2243 302 ORIGENIS

3606 232 3719 291 508

459 364 658 421 habeat
683 364 794 435 jam
827 380 1019 435 panem
1053 368 1335 430 mundum,
1364 378 1418 420 et
1442 366 1558 421 hac
1579 364 1699 420 oleo
1721 363 2034 435 conspergi-
2062 372 2109 421 Α
2139 374 2260 428 quae
2281 357 2531 428 superius
2546 356 2801 411 diximus.
2821 355 3032 410 Donum
3051 364 3229 409 autem
3256 352 3443 420 gratiae
3457 352 3720 422 spiritus,

463 469 570 516 tur.
599 434 703 513 Sed
724 469 779 513 et
803 434 981 523 oleum
999 457 1116 528 ejus
1133 459 1199 513 ad
1225 459 1360 513 duos
1387 474 1515 513 usus
1539 458 1818 512 dividitur.
1855 434 2030 511 Unan

463 564 569 616 quo
602 550 777 602 simila
816 554 1219 620 conspergitur,
1263 549 1427 603 alium
1461 564 1568 617 quo
1604 548 1858 604 sacerdos
1888 547 2033 601 acci-

463 643 542 709 pit
589 640 852 710 integram
900 656 1210 695 mensuram
1259 642 1464 710 cyathi,
1496 650 1556 695 ut
1601 642 1698 695 ait.
1742 640 1796 694 In
1838 656 1947 710 quo
1974 648 2031 694 ut

459 747 561 801 ego
588 731 785 796 sentio,
835 740 891 786 et
942 732 1101 801 panis
1154 732 1271 800 ejus
1303 734 1518 803 pinguis
1547 732 1777 786 ellicitur
1802 747 1900 801 pro
1932 734 2033 786 mi-

461 823 779 886 sericordia,
801 835 855 878 et
907 824 1085 879 olenm
1115 842 1222 893 quo
1252 825 1343 878 lux
1368 841 1497 879 vera
1532 836 1587 881 et
1617 827 1858 880 scientiae
1890 826 2031 896 ignis

460 916 800 977 accenditur,
840 931 937 984 per
965 933 1156 972 manus
1195 919 1504 973 sacerdotis
1545 919 1709 986 capiti
1758 918 1876 987 ejus
1926 919 2031 971 im-

465 1007 701 1075 ponilur.
741 1005 817 1060 lta
844 1007 988 1061 enim
1020 1009 1183 1063 dicit:
1208 1027 1229 1061 ε
1257 1010 1317 1063 Et
1336 1020 1560 1073 statuet,
1607 1011 1779 1079 inquit
1814 1011 1877 1076 ’³,
1910 1026 2032 1065 eum

465 1101 724 1154 sacerdos
750 1101 840 1168 qui
876 1102 1101 1154 mundat
1127 1117 1251 1155 eum
1274 1103 1324 1155 in
1357 1111 1652 1171 conspectu
1692 1100 1925 1168 Domini,
1966 1102 2032 1157 ad

464 1192 663 1245 ostium
700 1190 1034 1246 tabernaculi
1076 1193 1396 1246 testimonii.
1434 1212 1452 1245 ι
1490 1191 1654 1249 Vides
1699 1196 1828 1264 quia
1857 1210 2037 1250 sacer-

468 1284 609 1337 dotis
635 1291 720 1337 est
772 1292 1013 1338 Statuere
1039 1301 1162 1338 cum
1202 1288 1297 1355 qui
1342 1284 1682 1340 convertitur
1725 1302 1753 1339 a
1788 1295 2031 1357 peccato,

468 1382 530 1426 ut
562 1374 772 1428 stabilis
795 1388 915 1427 esse
970 1374 1164 1441 possit,
1201 1384 1256 1427 et
1296 1375 1434 1428 ultra
1467 1391 1571 1429 non
1614 1374 1896 1440 ﬂuctuare,
1936 1392 2035 1433 nec

469 1465 669 1518 moveri
692 1464 838 1518 omni
868 1474 1026 1516 vento
1050 1465 1335 1519 doctrinae.
1371 1463 1574 1519 Statuit
1606 1481 1736 1536 ergo
1758 1484 1883 1523 eum
1919 1484 2025 1523 non

469 1560 644 1613 solum
670 1558 809 1613 intra
834 1568 1035 1621 castra,
1076 1560 1169 1613 sed
1206 1559 1270 1614 ad
1323 1559 1497 1628 ipsum
1535 1561 1732 1614 ostium
1785 1563 2037 1616 taberna-

469 1654 576 1708 culi
612 1654 905 1708 testimonii
942 1663 1068 1708 ante
1102 1654 1412 1709 Dominum.
1449 1656 1507 1707 Et
1554 1665 1911 1727 posteaquam
1948 1675 2036 1713 se—

2145 464 2244 519 per
2273 448 2380 503 olei
2435 446 2725 516 imaginem
2774 445 3115 513 designatur,
3142 456 3199 499 ut
3231 460 3335 498 non
3365 443 3540 498 solum
3573 460 3721 515 pur-

2138 538 2409 608 gationem
2433 534 2693 603 consequi
2731 535 2906 606 possit
2935 536 2983 590 is
3011 535 3104 603 qui
3150 533 3488 589 convertitur
3518 550 3549 587 a
3579 547 3717 600 pec-

2139 641 2283 693 cato.
2309 632 2403 685 sed
2432 639 2484 683 et
2511 628 2713 698 Spiritu
2754 637 2946 683 sancto
2979 626 3199 696 repleri,
3233 642 3341 695 quo
3375 634 3427 680 et
3461 626 3723 693 recipere

2139 724 2372 793 priorem
2403 724 2621 787 stolam,
2672 732 2727 777 et
2766 721 3023 775 annulum
3073 720 3263 791 possit,
3306 729 3362 773 et
3392 735 3490 789 per
3522 720 3724 774 omnia

2143 816 2524 871 reconciliatus
2566 815 2713 870 Patri
2777 816 2829 870 in
2912 815 3093 871 locum
3159 814 3252 868 lilii
3304 815 3573 883 reparari,
3618 828 3727 884 per

2142 909 2313 972 ipsum
2388 908 2671 964 Dominqu
2733 918 2977 963 nostrum
3023 906 3207 963 Jesutn
3252 907 3573 973 Christum,
3624 907 3722 969 cui

2139 1012 2221 1053 est
2244 999 2418 1068 gloria
2446 1009 2500 1055 et
2525 1000 2808 1072 imperium
2840 1001 2891 1054 in
2922 1000 3116 1056 stecula
3150 998 3721 1056 saeculorumeen.

2718 1090 2995 1148 HOMILIA
3036 1091 3129 1146 IX.

2143 1159 2217 1213 De
2249 1162 2526 1230 sacrificiis
2573 1164 3038 1230 repmpitialionia,
3081 1172 3130 1215 et
3170 1163 3233 1216 de
3271 1163 3475 1217 duobus
3521 1163 3721 1226 hircis,

2211 1248 2586 1300 quorumunus
2617 1250 2730 1285 sors
2747 1243 2821 1284 est
2852 1231 3085 1291 Domini,
3110 1248 3156 1285 et
3189 1250 3325 1285 unus
3360 1235 3722 1301 apopomprri,

2209 1303 2298 1369 qui
2336 1303 2619 1372 (lituiuilur
2656 1304 2709 1354 in
2750 1317 2998 1367 eremum,
3039 1313 3087 1355 et
3133 1306 3196 1357 de
3230 1305 3467 1372 ingressu
3487 1303 3715 1372 pontiﬁ-

2210 1374 2286 1424 cis
2328 1372 2382 1424 in
2412 1370 2611 1426 Sancta
2641 1381 2965 1425 sanctorum.

2212 1465 2263 1519 1.
2307 1465 2399 1519 Die
2428 1465 2833 1535 propitiationis
2862 1465 3103 1536 indigent
3137 1478 3334 1520 omnes
3388 1465 3483 1535 qui
3515 1480 3724 1533 pecca-

2141 1568 2360 1622 verunt,
2383 1568 2435 1612 et
2467 1558 2589 1611 ideo
2619 1558 2762 1611 inter
2789 1557 3159 1612 solemnitates
3180 1557 3336 1626 legis,
3362 1572 3485 1627 quae
3514 1557 3726 1627 ﬁguras

2142 1647 2425 1701 continent
2478 1648 2788 1702 caelestium
2857 1647 3265 1717 mysteriorum,
3312 1663 3417 1702 una
3464 1647 3725 1716 quaedam

468 1740 705 1793 cundum
758 1754 821 1794 ea
877 1756 995 1809 qua:
1031 1744 1280 1810 superius
1317 1746 1460 1799 dicta
1522 1757 1689 1809 sunt,
1740 1746 2040 1801 oﬂ'eruntur

2147 1735 2459 1790 solemnitas
2493 1738 2746 1801 habetur,
2781 1753 2903 1806 qum
2938 1738 3056 1791 dies
3089 1739 3492 1808 propitiationis
3533 1739 3729 1807 appel-

470 1833 660 1886 hostia:
688 1847 785 1901 pro
809 1832 1203 1900 puriﬁcatione,
1229 1835 1466 1898 adhibet,
1497 1836 1692 1905 inquit,
1711 1849 1765 1891 et
1786 1841 2037 1908 cyathum

469 1921 596 1988 olei,
624 1932 679 1976 et
712 1932 927 1990 separat
951 1924 1082 1979 illud
1112 1937 1237 1981 ante
1267 1927 1571 1981 Dominum.
1616 1947 1634 1979 ι
1673 1929 1736 1983 Et
1783 1931 2037 2000 accipiet,

473 2013 650 2082 inquit
681 2014 748 2074 ",
781 2014 1037 2067 sacerdos
1078 2015 1144 2069 de
1174 2018 1458 2085 sanguine,
1474 2027 1527 2072 et
1548 2028 1714 2087 ponet
1740 2034 1908 2090 super
1939 2037 2032 2074 ex-

473 2112 704 2157 tremam
775 2106 1077 2160 auriculam
1128 2108 1246 2176 ejus
1292 2110 1572 2176 dextram,
1639 2121 1694 2165 et
1732 2126 1899 2181 super
1944 2129 2040 2169 ex-

475 2206 701 2252 tremam
766 2213 989 2253 manum
1046 2200 1165 2268 ejus
1201 2204 1481 2266 dextram,
1534 2210 1588 2257 et
1632 2218 1793 2272 super
1861 2214 2044 2263 extre-

474 2303 622 2340 mum
680 2287 868 2356 pedem
907 2288 1025 2355 ejus
1052 2291 1326 2345 dextrum.
1359 2311 1379 2344 ι
1413 2292 1477 2346 Et
1512 2302 1635 2361 post
1667 2294 1805 2359 hzec,
1837 2294 2038 2365 inquit,

472 2377 702 2447 accipiet
725 2380 985 2434 sacerdos
1036 2395 1139 2435 non
1180 2381 1357 2450 ipsum
1387 2385 1644 2454 cyathum
1674 2385 1800 2453 olei,
1836 2388 1930 2442 sed
1970 2404 2038 2443 ex

470 2468 591 2538 ipso
622 2486 637 2523 :
666 2488 685 2521 ι
724 2469 790 2525 Et
818 2470 1081 2527 dillundet
1121 2472 1256 2545 (45),
1307 2474 1502 2545 inquit,
1540 2476 1593 2531 iu
1638 2493 1856 2532 manum
1887 2493 2041 2534 suam

472 2564 777 2629 sinistram,
815 2576 874 2620 et
926 2567 1157 2637 intinget
1202 2568 1430 2637 digitum
1492 2583 1649 2624 suum
1674 2572 1936 2627 sacerdos
1987 2573 2041 2628 in

471 2655 613 2719 oleo,
643 2657 785 2725 quod
833 2667 920 2711 est
958 2661 1011 2711 in
1045 2675 1209 2713 manu
1260 2660 1376 2730 ejus
1413 2661 1659 2727 sinistra,
1693 2671 1751 2717 et
1790 2674 2043 2735 asperget

474 2749 672 2816 septies
713 2758 842 2805 ante
873 2749 1190 2816 Dominum;
1232 2770 1251 2805 ι
1284 2762 1340 2806 et
1386 2752 1616 2808 iterum:
1646 2771 1667 2805 ‹
1702 2755 1777 2809 Ex
1808 2771 1875 2811 eo
1899 2756 2043 2825 quod

473 2851 726 2909 superest
750 2841 801 2894 in
835 2858 993 2897 manu
1025 2841 1141 2910 ejus
1179 2844 1428 2909 sinistra,
1467 2846 1708 2915 imponet
1739 2863 1904 2916 super
1944 2865 2043 2903 au-

474 2932 701 2986 riculam
726 2933 842 3002 ejus
871 2935 962 3001 qui
1011 2934 1332 3005 purilicatur
1362 2938 1631 3005 dextram,
1680 2949 1733 2994 et
1756 2955 1916 3008 super
1943 2957 2043 2997 ex-

478 3031 704 3075 tremam
751 3039 971 3078 manum
1009 3024 1127 3094 ejus
1176 3026 1444 3091 dextram,
1472 3037 1526 3082 et
1549 3044 1712 3099 super
1737 3041 2038 3086 extremum
2069 3061 2112 3118 ο

473 3111 663 3180 pedem
718 3113 836 3181 ejus
880 3115 1148 3169 dextrum.
1193 3135 1213 3167 ι
1250 3118 1317 3170 Et
1366 3128 1488 3186 post
1531 3120 1735 3174 hteczc
1788 3122 1845 3176 ld
1899 3122 2040 3191 quod

474 3203 724 3258 relictum
756 3205 923 3260 fuerit
967 3221 1033 3261 ex
1066 3206 1205 3271 oleo,
1244 3208 1501 3275 imponet,
1550 3209 1751 3279 inquit,
1786 3213 2043 3265 sacerdos

471 3296 541 3351 de
601 3312 761 3350 manu
800 3312 896 3352 sua
939 3312 1101 3366 super
1130 3309 1293 3368 caput
1340 3300 1454 3369 ejus
1489 3301 1580 3368 qui
1617 3302 1957 3368 puriﬁcatur.
2017 3320 2038 3355 ι

471 3388 638 3444 Vides
668 3391 937 3458 quomodo
956 3389 1160 3445 ultimae
1182 3400 1236 3444 et
1260 3406 1484 3445 summa:
1505 3391 1901 3460 puriﬁcationis
1932 3400 2040 3457 est,

472 3498 660 3538 aurem
688 3484 964 3552 purilicari
1006 3492 1064 3537 ut
1101 3498 1270 3552 purus
1303 3492 1357 3538 et
1394 3485 1627 3539 mundus
1656 3494 1908 3540 servetur
1942 3502 2041 3539 au-

472 3578 637 3631 ditus.
685 3575 752 3631 Et
794 3592 1011 3631 manum
1066 3578 1337 3641 dextram,
1388 3585 1449 3631 ut
1494 3578 1694 3631 munda
1740 3579 1850 3632 sint
1877 3594 2041 3648 opera

472 3679 696 3731 nostra,
740 3684 839 3724 nec
891 3668 1093 3739 aliquid
1156 3666 1492 3722 immundum
1550 3668 1634 3723 his
1677 3669 2045 3725 admisceatur

470 3772 527 3816 et
555 3762 853 3818 sordidum.
893 3761 997 3818 Sed
1052 3771 1106 3817 et
1141 3765 1306 3833 pedes
1345 3762 1669 3833 puriﬁcandi
1712 3772 1859 3828 sunt,
1886 3773 1943 3816 ut
1975 3764 2040 3817 ad

472 3868 610 3922 Opus
652 3854 847 3907 bonum
914 3856 1291 3910 tantummodo
1355 3856 1695 3926 dirigantur,
1748 3870 1852 3909 nec
1899 3855 2043 3909 ultra

472 3943 658 4014 lapsus
681 3944 981 4012 iuventutis
1010 3950 1314 4002 incurrant.
1360 3947 1574 4016 Septies
1606 3956 1788 4000 autem
1826 3960 2047 4016 resper-

474 4037 555 4106 git
586 4035 844 4091 sacerdos
874 4049 1061 4092 contra
1091 4040 1380 4094 Dominum
1409 4055 1478 4093 ex
1509 4039 1656 4094 oleo.
1695 4038 1826 4093 Post
1860 4038 2042 4093 omnia

470 4129 671 4184 etenim
690 4144 810 4199 quae
835 4146 930 4197 pro
959 4133 1244 4200 purilicato
1275 4133 1553 4188 celebrata
1578 4141 1724 4199 sunt,
1755 4142 2042 4204 postquam

472 4236 776 4276 conversus
800 4231 854 4276 et
887 4224 1273 4280 reconciliatus
1301 4236 1386 4281 est
1422 4226 1553 4291 Deo,
1579 4238 1706 4295 post
1737 4226 2045 4281 immolatae

472 4314 710 4379 hostias,
774 4315 986 4370 ordinis
1039 4331 1181 4383 erat,
1220 4329 1276 4372 ut
1327 4330 1380 4374 et
1435 4321 1690 4375 virtutem
1726 4335 1891 4388 super
1914 4334 2042 4374 eum

2144 1829 2304 1882 latur.
2331 1829 2456 1883 llaec
2511 1846 2641 1899 ergo
2674 1847 2793 1900 qure
2826 1848 2974 1886 nunc
3011 1833 3237 1887 recitata
3273 1842 3401 1886 sunt
3438 1831 3724 1900 legislatio

2140 1929 2223 1973 εει
2255 1920 2617 1974 solemnitatis
2641 1923 2830 1991 ipsius,
2855 1938 2977 1990 (piae
3016 1923 3152 1986 dies,
3186 1934 3243 1977 ιιι
3282 1924 3543 1989 diximus,
3583 1938 3725 1992 pro-

2142 2013 2438 2084 pitiationis
2478 2014 2716 2068 vocitata
2749 2024 2853 2068 est.
2885 2016 2990 2069 Sed
3053 2016 3334 2070 videamus
3378 2017 3559 2084 primo
3582 2015 3725 2084 quid

2141 2103 2243 2159 sibi
2293 2103 2422 2157 velit
2469 2105 2663 2157 littera:
2716 2106 2882 2173 ipsius
2925 2105 3286 2169 continentia,
3332 2114 3390 2158 ut
3425 2105 3725 2160 orantibus

2141 2194 2318 2261 vobis,
2347 2196 2393 2249 si
2428 2206 2606 2249 tamen
2636 2197 2707 2249 ita
2750 2196 2979 2250 Domino
3010 2196 3329 2267 supplicetis
3367 2208 3429 2252 ut
3463 2200 3722 2252 exaudiri

2142 2289 2485 2355 mereamini,
2540 2291 2815 2358 possimus
2879 2291 3129 2359 accipere
3173 2291 3407 2359 gratiam
3459 2292 3722 2361 spiritus,

2142 2398 2239 2453 per
2269 2397 2429 2451 quam
2460 2383 2756 2449 explanare
2806 2382 3088 2437 valeamus
3123 2385 3381 2453 mysteria
3430 2399 3553 2451 qum.
3578 2400 3722 2437 con-

2144 2476 2454 2530 tincnturin
2486 2476 2624 2545 lege.
2662 2474 2910 2530 Deluncti
2954 2485 3082 2529 sunt
3111 2478 3217 2531 duo
3258 2476 3351 2530 ﬁlii
3386 2476 3567 2529 Aaron
3606 2476 3722 2531 Na-

2143 2568 2251 2622 dalr
2273 2576 2327 2621 et
2351 2568 2530 2621 Abiud
2561 2564 2697 2637 (44),
2721 2582 2844 2621 cum
2871 2562 3130 2622 oﬂ‘errent
3158 2566 3336 2636 ignem
3371 2566 3608 2619 alienum
3649 2566 3722 2619 ad

2144 2657 2317 2713 altare
2371 2659 2605 2712 Domini.
2651 2656 2886 2712 Necesse
2925 2668 3067 2724 erat,
3116 2668 3173 2711 ut
3214 2658 3424 2713 caelesti
3460 2658 3717 2712 doctrina

2145 2749 2504 2805 instrueretur
2518 2750 2700 2803 Aaron
2725 2750 2994 2818 quomodo
3008 2758 3287 2818 oporteret
3313 2764 3438 2803 eum
3456 2748 3520 2801 ad
3545 2749 3720 2804 altare

2146 2842 2426 2905 accedere,
2462 2847 2517 2894 et
2564 2856 2675 2910 quo
2730 2838 3190 2908 supplicationum
3249 2839 3359 2894 ritu
3411 2838 3710 2907 propitium

2146 2931 2352 2986 faceret
2386 2932 2576 2993 Deum,
2609 2933 2687 2985 uti
2713 2948 2781 2985 ne
2820 2932 2873 2985 in
2903 2945 2965 2984 ea
2997 2930 3111 2998 ipse
3153 2931 3481 2995 incurreret,
3516 2930 3570 2983 in
3595 2947 3717 2998 quas

2148 3025 2491 3080 incurrerent
2532 3024 2625 3077 ﬁlii
2660 3024 2765 3086 sui,
2803 3023 3017 3077 incaute
3048 3033 3102 3077 et
3140 3023 3588 3079 inconvenienter
3615 3040 3711 3080 ac-

2147 3119 2402 3173 cedentes
2434 3118 2500 3171 ad
2529 3115 2700 3170 altare
2726 3114 2844 3180 Dei,
2878 3114 3112 3168 alienum
3159 3115 3359 3182 ignem,
3398 3125 3457 3171 et
3493 3131 3600 3171 non
3643 3118 3715 3171 il-

2146 3210 2255 3264 lum
2290 3210 2378 3278 qui
2407 3209 2667 3263 divinitus
2696 3209 2852 3262 datus
2881 3205 3078 3271 fuerat,
3110 3204 3425 3260 ollerentes.
3449 3205 3713 3275 Propter-

2149 3319 2212 3358 ca
2272 3318 2404 3371 ergo
2427 3302 2494 3355 de
2527 3302 2611 3355 his
2636 3301 2741 3359 hoc
2776 3299 2933 3353 modo
2955 3296 3183 3367 praelata
3217 3307 3303 3352 est
3333 3300 3435 3355 lex:
3478 3317 3497 3351 ι
3539 3301 3609 3355 Ει
3635 3301 3714 3355 lo.

2144 3410 2301 3453 cutus
2351 3407 2434 3453 est
2493 3397 2758 3452 Dominus
2810 3396 2877 3448 ad
2926 3393 3170 3460 Moysen,
3212 3403 3567 3461 posteaquam
3614 3396 3713 3451 da—

2147 3490 2315 3545 luncti
2370 3496 2502 3543 sunt
2551 3489 2657 3541 duo
2704 3485 2799 3540 ﬁlii
2855 3486 3037 3539 Aaron
3069 3485 3195 3539 dum
3241 3484 3502 3539 olferrent
3533 3486 3711 3555 ignem

2146 3582 2384 3636 alienum
2443 3588 2570 3634 ante
2625 3578 2937 3633 Dominum.
3000 3574 3069 3630 Et
3131 3577 3269 3632 dixit
3327 3578 3589 3633 Dominus
3645 3578 3714 3633 ad

2145 3674 2366 3746 Moysen
2403 3692 2416 3728 :
2444 3672 2693 3741 Loquere
2720 3672 2786 3725 ad
2812 3672 2991 3724 Aaron
3025 3668 3249 3726 fratrem
3300 3681 3472 3735 tuum,
3518 3683 3576 3725 ut
3604 3687 3710 3726 non

2144 3769 2312 3824 intret
2336 3766 2481 3821 omni
2514 3767 2642 3819 hora
2670 3764 2722 3817 in
2749 3777 2938 3819 sancta
2967 3765 3248 3825 interiora,
3277 3764 3419 3833 quod
3447 3772 3532 3818 est
3567 3762 3713 3818 intra

2145 3862 2322 3914 velum
2355 3865 2482 3911 ante
2520 3866 2875 3925 conspectum
2908 3858 3270 3927 propitiatorii
3316 3857 3459 3926 quod
3489 3864 3578 3910 est
3618 3873 3713 3909 su-

2145 3962 2242 4018 pra
2274 3962 2455 4000 arcam
2485 3947 2803 4013 testimonii,
2834 3956 2889 3999 et
2922 3962 3027 3999 non
3061 3947 3327 4005 morietur
3348 3945 3417 3999 ³⁷.
3448 3964 3467 3997 ι
3494 3943 3573 3999 Ex
3608 3960 3718 4016 quo

2143 4040 2455 4096 ostenditur
2474 4043 2619 4111 quod
2659 4040 2702 4095 si
2742 4040 2795 4094 in
2830 4042 2976 4094 omni
3007 4040 3143 4095 hora
3170 4040 3408 4093 introeat
3439 4041 3491 4092 in
3522 4050 3715 4094 sancta

2144 4147 2249 4187 non
2284 4142 2641 4202 praeparatus,
2690 4146 2794 4185 non
2832 4131 3053 4185 indutus
3100 4129 3514 4199 pontiﬁcalibus
3565 4130 3721 4183 indu-

2144 4224 2366 4289 mentis,
2396 4240 2568 4292 neque
2598 4224 2791 4277 hosuis
2825 4238 2945 4290 quae
2973 4232 3189 4276 statuta:
3222 4231 3348 4275 sunt
3375 4221 3719 4290 prmparatis,

2147 4331 2323 4384 neque
2381 4316 2671 4386 propitiato
2728 4311 2879 4385 prius
2940 4315 3069 4378 Deo,
3123 4316 3407 4369 morietur.
3452 4315 3521 4368 Et
3574 4314 3722 4381 juste

473 4408 880 4477 septemplicem
927 4409 1102 4463 sancti
1126 4409 1379 4478 Spiritus
1422 4412 1704 4476 invitaret,
1740 4412 2038 4467 secundum
2075 4411 2118 4464 D
2144 4409 2387 4476 quidem,
2452 4417 2710 4478 tanquam
2750 4409 2839 4477 qui
2868 4422 2971 4461 non
2997 4405 3186 4463 fecerit
3215 4424 3278 4463 ea
3309 4424 3430 4479 quae.
3460 4409 3723 4465 convenit
3752 4447 3774 4469 κ

472 4514 599 4554 eum
631 4500 724 4569 qui
753 4500 965 4555 dixerat
993 4502 1037 4533 ³⁸
1067 4520 1082 4556 :
1122 4519 1140 4552 ι
1176 4501 1360 4557 Redde
1398 4503 1528 4556 mihi
1564 4504 1805 4559 laatitiam
1837 4504 2045 4560 saluta-

474 4592 555 4646 ris
594 4592 689 4654 tui,
736 4601 793 4646 et
832 4594 1026 4662 spiritu
1087 4595 1384 4664 principali
1441 4596 1704 4652 conﬁrma
1751 4612 1858 4652 me.
1893 4616 1912 4648 ι
1943 4595 2039 4651 Vel

474 4694 627 4737 certe
655 4686 910 4752 quoniam
942 4697 1289 4754 peccatorum
1317 4687 1481 4742 corda
1508 4688 1772 4745 Dominus
1794 4689 1848 4744 in
1876 4688 2049 4743 Evan-

476 4775 614 4843 gelio
664 4775 710 4806 “
772 4785 1001 4831 testatur
1048 4795 1078 4832 a
1124 4792 1334 4850 septem
1385 4782 1722 4836 dzcmonibus
1777 4781 2045 4845 obsideri,

477 4878 848 4939 competenter
876 4870 1039 4942 236
1071 4873 1270 4939 septies
1308 4881 1435 4927 ante
1470 4872 1757 4927 Dominum
1787 4877 2048 4930 sacerdos

477 4959 534 5015 in
570 4962 945 5028 puriﬁcatione
977 4967 1266 5034 respergit,
1298 4976 1360 5021 ut
1406 4966 1657 5035 expulsio
1686 4976 1893 5034 septem
1932 4970 2043 5038 spi-

478 5052 682 5107 rituum
742 5056 1104 5123 malignorum
1162 5057 1228 5109 de
1283 5055 1556 5125 puriﬁcati
1614 5057 1803 5120 corde,
1839 5059 2046 5125 septies

480 5154 713 5195 excusso
743 5142 924 5211 digitis
957 5144 1079 5198 oleo
1109 5144 1437 5200 declaretur.
1477 5145 1568 5200 Sic
1610 5160 1742 5215 ergo
1769 5148 2048 5205 conversis

481 5246 513 5284 a
543 5243 786 5302 peccato,
815 5237 1125 5304 puriﬁcatio
1146 5238 1366 5306 quidem
1393 5253 1489 5306 per
1537 5238 1626 5292 illa
1649 5239 1831 5293 omnia
1860 5240 2041 5305 datur,

552 5369 601 5403 ’³
624 5369 793 5428 Levit.
825 5389 935 5440 xtv,
989 5375 1075 5431 il.
1150 5377 1197 5409 ’δ
1228 5375 1382 5443 ibid.,
1411 5377 1499 5443 M,
1526 5386 1581 5431 et
1606 5391 1759 5446 seqq.

557 5533 669 5601 (45)
697 5532 852 5598 Mss.,
886 5553 905 5586 ε
938 5533 1218 5589 diﬂ'uudet.
1244 5554 1262 5586 ι
1293 5534 1449 5589 Libh.
1474 5536 1628 5599 editi,
1656 5553 1676 5587 ι
1709 5536 1990 5591 defundel.
2021 5553 2041 5587 ι

557 5604 667 5675 (44)
703 5604 883 5658 Codex
928 5605 1215 5671 Sangerm.
1258 5615 1315 5659 et
1359 5606 1476 5673 alii,
1521 5607 1766 5671 tAbiud,
1798 5625 1817 5658 ι
1855 5606 2049 5674 sicque

485 5674 836 5746 Septuaginta
869 5674 1194 5746 interpretes
1225 5675 1399 5734 Exod.
1420 5692 1496 5747 vr,
1518 5676 1609 5745 23,
1641 5691 1951 5750 quanquam
1980 5690 2047 5733 ex

1836 5377 1880 5409 "
1906 5378 2046 5434 Psal.
2078 5396 2130 5442 ι,
2171 5376 2259 5430 14.
2333 5375 2377 5407 ³⁸
2413 5373 2639 5429 Lucan.

2143 4499 2261 4552 ﬁeri
2323 4506 2615 4568 antequam
2679 4499 2979 4554 accedatur
3029 4500 3097 4554 ad
3151 4498 3324 4554 altare
3365 4499 3483 4554 Dei.
3512 4497 3722 4555 Omnes

2146 4607 2244 4646 nos
2291 4592 2393 4647 iste
2447 4607 2625 4647 sermo
2664 4592 2936 4662 contingit
2966 4590 3101 4661 (45),
3136 4594 3208 4648 ad
3254 4607 3441 4647 omnes
3479 4594 3722 4661 pertinet

2146 4683 2292 4753 quod
2354 4684 2443 4739 hic
2494 4684 2732 4753 loquitur
2765 4683 2886 4751 lex;
2920 4685 3180 4754 praecepit
3208 4684 3355 4739 enim
3390 4692 3451 4738 ut
3477 4685 3723 4738 sciamus

2148 4776 2421 4844 quomodo
2454 4776 2717 4831 accedere
2749 4777 3041 4833 debeamus
3070 4778 3137 4831 ad
3168 4776 3339 4830 altare
3376 4774 3492 4830 Dei.
3535 4775 3724 4830 Altare

2147 4867 2292 4921 enim
2325 4876 2409 4921 est
2438 4882 2605 4935 super
2634 4868 2774 4935 quod
2828 4868 3105 4922 orationes
3164 4876 3382 4921 nostras
3430 4864 3715 4920 offerimus

2150 4962 2281 5028 Deo,
2316 4971 2374 5015 ut
2404 4962 2643 5015 sciamus
2689 4962 2963 5030 quomodo
2997 4961 3289 5017 debeamus
3327 4959 3544 5023 offerre,
3570 4957 3724 5012 scili-

2148 5067 2235 5108 cet
2295 5061 2354 5105 ut
2408 5051 2745 5119 deponamus
2796 5052 3124 5106 vestimenta
3168 5050 3413 5113 sordida,
3463 5063 3588 5118 qua:
3636 5055 3725 5102 est

2148 5144 2331 5199 carnis
2357 5141 2722 5206 immunditia,
2759 5157 2967 5196 morum
3010 5142 3164 5207 vitia,
3201 5142 3612 5209 inquinamenta
3660 5137 3720 5191 li-

2147 5236 2419 5291 bidinum.
2450 5233 2801 5304 Autignoras
2825 5233 2921 5287 tibi
2952 5246 3190 5303 quoque,
3220 5231 3274 5285 id
3310 5240 3396 5286 est
3437 5231 3587 5286 omni
3620 5229 3723 5283 Ec-

2714 5373 2758 5404 "
2799 5371 2968 5427 Levit.
3011 5371 3172 5433 xvi,l
3217 5379 3271 5424 et
3313 5384 3468 5437 seqq.

2154 5532 2383 5589 ﬂebrmo
2428 5532 2711 5603 legendum
2769 5542 2974 5599 essem
3011 5532 3171 5594 Abiu,
3227 5548 3246 5583 ι
3294 5529 3717 5603 γφΙγλιλΔιιίιιιι.)

2226 5602 2338 5675 (45)
2387 5600 2590 5675 Quirites
2651 5618 2817 5672 mss.,
2861 5621 2881 5658 ι
2925 5604 3215 5674 contingit.
3267 5619 3288 5655 ι
3333 5600 3493 5659 Libh.
3553 5602 3724 5673 editi,

2113 5718 2120 5724 .
2160 5692 2181 5728 ι
2219 5674 2562 5745 Constringit.
2591 5691 2614 5727 ι
