4024 6146
244 252 373 309 509

1428 256 1496 313 tN
1535 237 1917 316 LEvrrtcuit
1948 254 2236 316 IlOMlLlA
2267 258 2359 314 Ix.

3422 250 3530 309 διο

244 371 458 428 etesia:
511 369 631 436 Dei,
691 378 748 427 et
818 369 1157 426 credentium
1229 372 1427 442 populo
1477 376 1847 430 sacerdotium
1879 377 1922 433 Α
1953 373 2176 436 dicitur,
2200 373 2328 441 quia
2364 378 2507 424 terra
2540 368 2648 435 sit,
2670 376 2727 423 et
2757 367 2810 421 in
2857 374 3058 421 terram
3099 363 3200 420 ibit
3227 363 3294 420 “.
3327 361 3528 420 Volcns

245 463 501 521 datum?
530 462 672 517 Audi
719 466 989 532 quomodo
1036 462 1230 518 Petrus
1270 464 1402 519 dicit
1437 466 1503 522 de
1555 466 1844 522 ﬁdelibus:

252 573 281 610 σ
321 556 546 620 Genus,
593 554 772 624 inquit
821 554 891 619 ’⁸,
923 554 1179 620 electum,
1228 556 1411 626 regale
1460 558 1846 623 sacerdotium,

243 663 412 721 gens
447 657 658 714 sancta,
712 646 945 718 populus
995 649 1050 701 in
1097 649 1540 718 acquisitionem.
1599 669 1620 704 ι
1666 650 1850 706 Habes

241 756 406 811 ergo
431 740 819 805 sacerdotium,
849 739 975 809 quia
1008 755 1140 811 gens
1169 742 1526 797 sacerdotalis
1549 758 1625 806 es,
1651 753 1704 798 et
1728 745 1847 799 ideo

241 832 474 888 οἷοι-νε
527 832 696 887 debes
750 832 863 887 Deo
892 832 1126 886 hostiam
1160 832 1353 899 laudis,
1398 834 1629 889 hostiam
1652 837 1850 891 oratio-

243 941 424 993 num,
481 924 721 983 hostiam
784 924 1201 993 misericordiae,
1248 927 1484 982 hostiam
1553 928 1845 998 pudicitiae,

248 1017 516 1073 hostium
546 1017 796 1089 iustitiae,
847 1017 1081 1072 hostiam
1139 1020 1466 1074 sanctitatis.
1500 1018 1608 1075 Sed
1639 1030 1697 1075 ut
1732 1023 1847 1077 haec

242 1112 437 1182 digne
486 1110 704 1177 offeras,
761 1111 1094 1168 indumentis
1123 1112 1219 1168 tibi
1240 1128 1379 1183 opus
1410 1123 1494 1169 est
1529 1115 1764 1180 mundis,
1793 1123 1850 1170 et

241 1205 579 1276 segregatis
641 1219 673 1260 a
733 1204 1068 1275 reliquorum
1135 1205 1414 1260 hominum
1464 1208 1848 1264 communibus

244 1294 638 1362 indumentis,
665 1303 717 1349 et
741 1294 922 1366 ignem
951 1294 1195 1351 divinum
1238 1295 1604 1349 necessarium
1652 1296 1845 1363 habes,

246 1401 376 1442 non
401 1387 642 1456 aliquem
687 1386 923 1441 alienum
963 1402 993 1440 a
1018 1387 1162 1453 Deo,
1204 1386 1303 1441 sed
1351 1385 1498 1440 illum
1530 1386 1623 1457 qui
1665 1403 1694 1442 a
1737 1388 1847 1445 Deo

241 1478 587 1535 horninibus
618 1480 797 1544 datur,
828 1479 894 1533 de
910 1493 1022 1549 quo
1044 1478 1213 1533 Filius
1239 1477 1332 1532 Dei
1355 1478 1587 1534 dicit”:
1617 1496 1637 1531 ι
1665 1479 1847 1549 Ignem

242 1566 388 1621 veni
421 1566 644 1621 mittere
680 1566 737 1620 in
781 1575 1010 1634 terram,
1056 1576 1111 1623 et
1157 1582 1321 1636 quam
1345 1567 1471 1622 volo
1504 1570 1846 1623 utaccenda—

244 1670 378 1716 tur.
425 1678 448 1712 ι
490 1659 550 1713 Si
577 1658 726 1714 enim
750 1674 856 1714 non
888 1660 1014 1727 hoc,
1051 1660 1150 1715 sed
1178 1660 1287 1713 alio
1317 1668 1374 1715 et
1402 1659 1533 1714 huic
1573 1659 1847 1715 contrario

246 1750 378 1821 igni
406 1759 652 1817 utamur,
690 1750 785 1806 illo
814 1752 906 1821 qui
945 1765 1006 1807 se
1031 1750 1384 1821 transﬁgurat
1409 1752 1553 1807 sicut
1592 1751 1843 1820 angelum

246 1840 426 1901 lucis.
461 1842 659 1896 eadem
689 1841 811 1897 sine
843 1841 1008 1897 dubio
1032 1842 1326 1912 patiemur,
1367 1857 1488 1913 qua:
1512 1840 1696 1896 Nadab
1722 1857 1847 1910 pas-

248 1947 360 1987 sus
385 1941 474 1986 est
497 1941 553 1988 et
573 1932 771 1987 Abiud.
795 1931 1051 2003 Praecipit
1078 1946 1211 2001 ergo
1232 1935 1548 1988 mandatum
1571 1933 1843 1999 divinum,

248 2031 323 2077 ut
345 2023 660 2079 instruatur
704 2024 910 2088 Aaron,
970 2038 1037 2077 ne
1073 2023 1222 2078 omni
1263 2024 1399 2078 hora
1440 2023 1608 2078 intret
1641 2022 1755 2096 (46)
1790 2024 1845 2078 in

251 2127 456 2171 sancta
485 2117 556 2170 ad
589 2114 786 2180 altare,
818 2116 912 2171 sed
938 2129 1062 2170 cum
1091 2115 1285 2171 fecerit
1315 2117 1467 2187 prius
1489 2131 1553 2173 ea
1577 2131 1699 2188 quae
1725 2118 1839 2173 ﬁeri

253 2207 618 2272 mandantur,
648 2222 719 2261 ne
749 2206 889 2262 forte
922 2206 1212 2263 moriatur.

329 2298 387 2353 2.
414 2297 531 2354 Sed
555 2299 734 2367 primo
761 2299 1004 2355 omnium
1052 2299 1407 2355 ostendamus
1430 2301 1704 2370 quomodo
1729 2300 1843 2356 haec

251 2406 385 2463 qua:
417 2394 487 2447 de
510 2390 799 2447 sacriﬁciis
828 2393 1276 2458 conscribuntur,
1308 2392 1511 2463 ﬁguras
1539 2407 1660 2448 esse
1691 2393 1842 2464 Apo-

251 2485 439 2541 stolus
472 2485 610 2540 dicit
632 2494 689 2539 et
716 2484 946 2551 formas,
979 2499 1213 2555 quarum
1244 2485 1453 2540 veritas
1493 2485 1545 2539 in
1589 2485 1714 2540 aliis
1754 2500 1840 2541 os-

257 2578 548 2640 tendatur,
574 2592 647 2632 ne
694 2577 837 2631 forte
889 2577 1168 2631 auditores
1202 2591 1539 2647 praesumere
1571 2592 1671 2632 nos
1697 2577 1847 2632 arbi-

255 2682 502 2737 trentur,
537 2681 593 2728 et
613 2672 781 2742 legem
818 2673 910 2727 Dei
945 2673 998 2728 in
1030 2673 1194 2727 alium
1239 2687 1457 2727 sensum
1505 2687 1667 2743 quam
1699 2673 1841 2729 scri-

253 2775 349 2834 pta
384 2775 492 2830 est,
525 2765 795 2819 violenter
844 2763 1151 2827 inflectere,
1196 2766 1399 2834 quippe
1426 2764 1470 2819 si
1497 2764 1642 2819 nulla
1675 2765 1730 2820 in
1756 2765 1842 2820 his

251 2874 380 2928 qua
404 2859 724 2921 asserimus,
749 2858 1048 2928 apostolica
1070 2858 1342 2926 praecedat
1359 2859 1681 2914 auctoritas.
1699 2857 1835 2913 Pau-

250 2951 342 3008 lus
389 2966 527 3021 ergo
551 2951 619 3006 ad
644 2950 905 3006 Hebraeos
957 2950 1229 3017 scribens,
1270 2964 1365 3006 eos
1396 2949 1609 3005 scilicet
1634 2951 1727 3021 qui
1764 2952 1841 3007 le-

1874 1714 1921 1776 Β

1948 480 2077 536 ergo
2112 466 2373 519 Dominus
2405 474 2459 519 et
2512 462 2766 518 Salvator
2796 474 2973 524 meus,
3005 461 3111 514 hoc
3133 459 3279 529 quod
3325 457 3380 512 iu
3417 468 3528 512 ter-

1948 572 2063 613 ram
2098 560 2236 613 ierat
2266 558 2594 613 resnscitare
2629 556 2774 627 (t7),
2805 564 3078 609 terrenum
3116 553 3358 621 suscepit
3402 567 3527 607 cor-

1950 665 2067 718 pus,
2104 660 2162 703 ttt
2206 650 2258 703 id
2291 649 2561 703 elevatum
2594 648 2660 703 de
2696 656 2867 710 terra,
2899 653 3138 713 portaret
3186 644 3252 698 ad
3305 643 3525 698 caelum.

1948 740 2015 794 Et
2043 727 2203 808 hujus
2247 740 2487 810 mysterii
2533 747 2679 793 tenet
2716 737 2942 807 ﬁguram
2980 736 3109 802 hoc,
3140 735 3280 802 quod
3310 735 3363 787 in
3406 734 3528 803 lege

1948 833 2227 894 scribitur,
2278 839 2335 884 ut
2386 830 2528 883 linea
2575 831 2757 883 tunica
2811 829 3047 898 pontifex
3096 830 3367 882 induatur.
3416 826 3526 883 Sed

1949 926 2091 993 quod
2150 923 2361 976 addidit
2408 922 2780 984 sanctiﬁcata,
2822 938 2927 975 non
2977 922 3151 976 otiose
3201 920 3524 974 audiendum

1948 1028 2053 1073 est.
2082 1017 2435 1074 Sanctiﬁcata
2458 1032 2694 1087 namque
2722 1017 2823 1072 fttit
2870 1017 3053 1071 tunica
3089 1016 3274 1070 carnis
3297 1015 3525 1079 Christi,

1948 1126 2055 1167 non
2089 1111 2237 1166 enim
2269 1121 2389 1166 erat
2415 1126 2484 1165 ex
2507 1111 2713 1165 semine
2745 1109 2849 1163 viri
2885 1108 3273 1176 concepta,sed
3298 1122 3367 1161 ex
3398 1121 3530 1159 san-

1948 1214 2039 1259 cto
2067 1202 2275 1272 Spiritu
2333 1212 2617 1272 generata.
2654 1219 2674 1253 ι
2716 1201 2780 1254 Et
2821 1198 3129 1264 femoralia,
3164 1198 3337 1266 inquit
3360 1196 3429 1260 ³⁸,
3464 1195 3529 1250 Ιί-

1948 1307 2048 1348 nea
2072 1294 2180 1347 sint
2213 1307 2379 1360 super
2437 1306 2636 1361 corpus
2686 1289 2827 1359 ejus.
2864 1306 2883 1340 ›
2919 1287 3203 1343 Femorale
3235 1288 3529 1342 indumen-

1950 1394 2061 1439 tum
2090 1395 2193 1449 est,
2210 1398 2318 1453 quo
2350 1383 2600 1453 pudenda
2626 1381 2874 1451 corporis
2897 1381 3113 1449 contegi
3149 1389 3205 1434 et
3226 1377 3525 1449 constringi

1948 1477 2148 1533 solent.
2175 1477 2232 1532 Si
2265 1492 2394 1549 ergo
2429 1476 2664 1545 aspicias
2714 1475 3053 1531 Salvatorem
3085 1488 3260 1526 meum
3281 1473 3530 1545 (48)sus-

1944 1571 2156 1641 cepisse
2241 1569 2465 1637 quidem
2503 1581 2738 1636 corpus,
2773 1574 2827 1620 et
2876 1568 2929 1621 in
2980 1579 3215 1635 corpore
3261 1565 3522 1633 positum,

1949 1661 2126 1731 egisse
2155 1661 2429 1717 humanos
2459 1671 2634 1723 actus,
2668 1660 2720 1714 id
2762 1667 2846 1715 est
2881 1658 3160 1723 vescendi,
3202 1667 3258 1713 et
3283 1656 3524 1723 bibendi,

1948 1765 2002 1808 et
2062 1763 2257 1808 cartera
2318 1753 2574 1808 similia:
2614 1752 2715 1807 hoc
2766 1761 2945 1806 autem
3006 1750 3180 1805 solum
3237 1766 3371 1820 opus
3417 1765 3524 1805 non

1947 1845 2123 1914 egisse
2153 1846 2297 1908 quod
2331 1847 2396 1899 ad
2434 1844 2683 1914 pudenda
2729 1845 2975 1914 corporis
3011 1844 3527 1913 pertinet,carnem-

1947 1951 2052 2006 que
2108 1936 2229 2006 ejus
2271 1953 2446 2008 neque
2500 1940 2725 2007 nuptiis,
2762 1953 2936 2005 neque
2984 1936 3239 1997 ﬁliorum,
3269 1951 3527 2006 procrea-

1948 2030 2079 2085 tioni
2129 2031 2407 2099 patuisse,
2456 2031 2704 2086 invenies
2755 2030 2992 2101 qualiter
3037 2027 3317 2083 femoralia
3383 2029 3523 2085 linea

1947 2122 2286 2179 sanctiﬁcata
2334 2123 2604 2190 habuerit,
2644 2132 2705 2176 ut
2763 2137 2887 2177 vere
2917 2124 2985 2176 de
3022 2120 3138 2189 ipso
3178 2120 3283 2175 dici
3309 2120 3519 2184 debeat,

1948 2221 2075 2293 quia
2106 2238 2126 2272 ι
2166 2222 2540 2277 inhonestiora
2599 2230 2784 2276 nostra
2820 2220 3273 2274 abundantiorem
3320 2218 3525 2272 habent

1948 2317 2211 2370 honorem
2243 2316 2311 2372 ³⁸.
2355 2335 2374 2367 ι
2412 2314 2712 2370 Considera
2750 2323 2930 2369 tamen
2956 2323 3010 2368 et
3040 2313 3218 2382 ipsum
3251 2311 3524 2381 pontiﬁcis

1944 2408 2215 2473 habitum,
2244 2409 2368 2476 quia
2394 2408 2537 2477 quod
2564 2423 2661 2473 per
2684 2417 2934 2461 naturam
2970 2405 3149 2459 minus
3178 2403 3230 2457 in
3261 2418 3326 2457 eo
3353 2403 3524 2457 ltune-

1944 2509 2088 2556 stum
2130 2501 2370 2563 videtur,
2410 2500 2614 2554 indutis
2652 2498 3006 2553 femoralibus
3047 2498 3239 2561 lineis,
3281 2506 3337 2551 et
3387 2511 3520 2550 zona

1943 2592 2281 2657 constrictis,
2311 2592 2474 2644 etiam
2516 2592 2815 2645 secundum
2859 2590 3095 2644 litteram
3121 2590 3187 2643 de
3229 2603 3295 2642 eo
3329 2603 3524 2642 conve-

1944 2684 2027 2739 nit
2056 2685 2188 2750 dici,
2221 2684 2347 2755 quia
2387 2703 2404 2735 ι
2437 2684 2807 2738 inhonestiora
2844 2693 3030 2738 nostra
3070 2680 3519 2736 abundantiorem

1943 2776 2283 2832 honestatem
2324 2776 2543 2830 habent.
2576 2795 2594 2827 ι
2631 2775 2705 2829 Ita
2745 2789 2874 2845 ergo
2904 2782 2958 2828 et
2994 2775 3170 2828 omnis
3199 2773 3288 2841 qui
3345 2772 3396 2826 in
3428 2785 3523 2824 ca-

1942 2865 2127 2919 stitate
2154 2865 2344 2919 vivens
2381 2864 2630 2918 imitatur
2657 2863 2962 2928 Christum,
3002 2867 3107 2918 hoc
3131 2861 3304 2917 solum
3334 2863 3399 2917 de
3428 2862 3523 2916 hu-

1942 2955 2117 3009 manis
2166 2954 2376 3009 actibus
2425 2955 2779 3019 nescientem,
2810 2954 2925 3023 ipse
2946 2956 3111 3008 etiam
3148 2953 3309 3008 lineis
3346 2950 3521 3008 femo-

251 3056 382 3115 gem
418 3042 640 3113 quidem
672 3042 918 3110 legerent
947 3050 1003 3096 et
1036 3041 1150 3095 hac
1176 3039 1437 3095 meditata
1471 3039 1758 3103 haberent.
1786 3048 1842 3095 el
1866 3063 1908 3120 α
1940 3045 2144 3102 ralibus
2189 3044 2543 3101 sanctiﬁcatis
2574 3046 2794 3100 indutus
2834 3054 2938 3109 est,
2969 3054 3023 3099 et
3059 3044 3518 3100 inbonestiorihus

250 3137 399 3192 bene
420 3143 578 3201 nota,
608 3135 702 3190 sed
729 3136 1036 3205 indigerent
1072 3132 1374 3197 intellectu,
1393 3130 1630 3200 qualiter
1646 3132 1839 3187 sentiri

251 3231 324 3285 de
350 3227 649 3285 sacriﬁciis
664 3227 877 3289 debeat,
904 3226 1008 3280 hoc
1040 3224 1199 3279 modo
1216 3221 1345 3278 dicit
1377 3221 1423 3253 '°
1454 3240 1466 3275 :
1497 3241 1515 3272 ε
1552 3222 1669 3278 Non
1694 3224 1839 3279 enim

252 3324 310 3377 in
360 3330 555 3378 sancta
628 3319 941 3374 manufacta
1015 3317 1264 3372 introivit
1295 3317 1455 3373 Iesus
1510 3316 1840 3387 exemplaria

249 3425 543 3475 verorum,
599 3409 693 3465 sed
750 3408 803 3463 in
862 3408 1036 3479 ipsum
1076 3408 1295 3474 etelum,
1326 3416 1670 3478 utappareat
1696 3423 1840 3463 nunc

249 3502 435 3560 vultui
470 3501 567 3558 Dei
589 3514 691 3572 pro
721 3498 907 3556 nobis.
935 3517 955 3551 ι
976 3497 1257 3554 Etitcrum
1284 3498 1416 3554 dicit
1441 3499 1508 3555 de
1539 3499 1734 3554 hostiis
1755 3499 1837 3554 ":

256 3614 281 3649 ι
313 3594 437 3651 Hoc
472 3592 618 3648 enim
636 3590 1204 3661 fecitsemelseipsum
1234 3591 1469 3647 hostiam
1499 3590 1833 3648 offerendo.»

250 3686 366 3742 Sed
381 3686 513 3756 quid
530 3686 597 3741 de
612 3685 699 3741 bis
718 3684 1028 3752 singulatim
1049 3685 1346 3754 quaerimus
1363 3684 1668 3740 testimonia
1681 3684 1705 3739 *ἔ
1718 3684 1840 3739 0m-

249 3794 383 3836 nem
395 3777 866 3849 epistolamipsam
886 3775 954 3831 ad
971 3773 1234 3831 llebrzeos
1254 3775 1516 3845 scriptam
1536 3776 1583 3831 si
1606 3778 1727 3847 quis
1752 3792 1840 3831 re-

251 3880 508 3938 censeat,
537 3880 594 3928 et
640 3871 914 3941 praecipue
941 3883 1063 3923 eum
1088 3867 1287 3931 locum,
1310 3869 1402 3923 ubi
1418 3869 1728 3938 pontiﬁcem
1755 3870 1836 3925 le—

249 3968 339 4037 gis
358 3965 577 4022 confert
598 3963 843 4035 pontiﬁci
867 3961 1328 4032 repromissionis,
1358 3961 1427 4016 de
1450 3976 1561 4031 quo
1573 3963 1835 4032 scriptum

248 4060 419 4133 237
459 4068 546 4114 est
576 4057 624 4090 ”
657 4073 675 4112 :
719 4075 740 4110 ι
782 4054 862 4112 'l‘u
882 4071 941 4111 es
967 4057 1225 4112 sacerdos
1247 4057 1300 4110 in
1347 4063 1611 4111 internum
1641 4071 1837 4112 secun-

249 4157 387 4210 dum
445 4152 693 4208 ordinem
728 4148 1163 4215 Melchisedech,
1200 4166 1220 4203 ›
1278 4149 1521 4206 inveniet
1564 4149 1836 4220 quomodo

246 4247 438 4304 omnis
470 4245 564 4301 hie
605 4244 761 4300 locus
807 4242 1092 4314 Apostoli,
1143 4242 1476 4313 exemplaria
1530 4252 1588 4299 et
1628 4243 1833 4299 formas

246 4338 496 4397 ostendit
532 4350 656 4393 esse
686 4350 867 4391 rerum
900 4336 1146 4391 vivarum
1181 4345 1239 4391 et
1262 4351 1542 4401 verarum,
1578 4335 1667 4391 illa
1713 4351 1835 4404 qua:

1942 3139 2057 3196 suis
2104 3138 2559 3195 abundantiorem
2602 3138 2963 3194 circumdedit
2999 3138 3365 3193 honestatem.
3409 3135 3519 3190 Tu-

1943 3232 2062 3285 nica
2095 3245 2225 3302 ergo
2267 3231 2411 3284 linea
2445 3231 2783 3286 sanctiﬁcata
2821 3229 3083 3297 induitur,
3124 3237 3181 3285 et
3230 3228 3516 3283 femoralia

1942 3322 2083 3379 linea
2118 3338 2283 3394 super
2303 3338 2502 3394 corpus
2526 3324 2642 3394 ejus
2682 3335 2827 3379 sunt.
2862 3323 2968 3378 Sed
3011 3336 3077 3376 ne
3108 3320 3251 3377 forte
3284 3321 3518 3377 femora-

1941 3414 2014 3471 lia
2044 3415 2158 3470 haec
2187 3414 2384 3485 quibus
2422 3416 2672 3484 pudenda
2721 3425 3102 3484 conteguntur,
3138 3414 3376 3469 resoluta
3399 3412 3516 3485 (L9)

1941 3508 2208 3573 deﬂuant,
2249 3517 2305 3564 et
2335 3509 2725 3578 turpitudinem
2774 3508 3040 3572 revelent,
3089 3515 3184 3560 aut
3232 3515 3514 3575 relegant,

1941 3599 2183 3672 adjungit
2221 3617 2285 3653 ε(
2326 3600 2442 3656 Non
2485 3602 2655 3664 enim,
2691 3601 2871 3670 inquit
2900 3601 2965 3666 ³⁷,
3000 3599 3168 3654 facies
3218 3598 3417 3669 gradus
3447 3595 3515 3651 ad

1939 3691 2138 3755 altare;
2163 3706 2231 3745 ne
2273 3691 2409 3746 forte
2431 3691 2484 3745 in
2509 3691 2595 3745 bis
2634 3691 2904 3744 reveletur
2945 3688 3222 3758 turpitudo
3248 3697 3359 3740 tua.
3390 3704 3409 3737 ι
3434 3684 3515 3740 Ne

1938 3797 2073 3854 ergo
2089 3783 2367 3852 turpitudo
2386 3792 2471 3838 tua
2487 3780 2846 3837 deﬂuentibus
2862 3779 3210 3835 femoralibus
3225 3777 3514 3842 reveletur,

1939 3890 2118 3938 zona,
2172 3873 2384 3942 inquit,
2430 3871 2713 3926 femoralia
2761 3870 3224 3940 constringantur.
3269 3868 3515 3934 Quodam

1941 3976 2182 4036 tempore
2221 3974 2554 4036 exponentes
2600 3962 2861 4018 Joannem
2904 3962 3226 4033 Baptistam,
3279 3972 3334 4016 et
3380 3962 3516 4018 alias

1937 4056 2250 4126 Jeremiam,
2297 4058 2438 4126 quod
2475 4055 2746 4111 Jeremias
2778 4054 3000 4125 quidem
3025 4069 3242 4118 zonam,
3272 4053 3513 4109 Joannes

1936 4166 2067 4207 vero
2089 4151 2367 4222 pelliceam
2404 4164 2597 4203 zonam
2628 4149 2778 4202 circa
2809 4148 3025 4202 lumbos
3075 4147 3331 4202 habuisse
3357 4145 3515 4200 dice-

1935 4253 2104 4309 retur,
2127 4241 2450 4299 suﬁicienter
2478 4242 2813 4298 ostendimus
2842 4240 3113 4310 quomodo
3153 4253 3250 4310 per
3285 4240 3398 4294 hac
3419 4238 3513 4294 de-

1937 4335 2170 4392 claretur
2202 4335 2398 4390 indicia
2434 4333 2547 4408 (50)
2580 4348 2707 4403 pars
2742 4332 2832 4388 illa
2869 4332 3114 4401 corporis
3145 4331 3287 4400 apud
3320 4329 3512 4400 hujus-

247 4432 309 4489 in
334 4431 456 4503 lege
489 4431 696 4503 scripta
717 4437 863 4485 sunt.
892 4428 1124 4498 Oportet
1151 4441 1282 4498 ergo
1305 4443 1406 4484 nos
1431 4443 1680 4499 quaerere
1701 4445 1834 4499 pon-
1863 4411 1910 4467 Ῑ)
1940 4428 2084 4484 modi
2118 4430 2262 4483 viros
2290 4428 2366 4482 ita
2393 4434 2663 4492 emortua,
2698 4435 2757 4480 ut
2786 4438 2959 4495 neque
3002 4423 3089 4478 vel
3137 4424 3271 4477 levis
3311 4422 3514 4491 motus,

249 4524 484 4589 tiﬁcem,
511 4525 606 4595 qui
660 4519 828 4578 semel
865 4522 921 4576 in
960 4535 1126 4587 anno,
1156 4520 1211 4574 id
1261 4528 1348 4576 est
1394 4536 1494 4589 per
1531 4535 1693 4575 omne
1730 4521 1833 4577 hoc

246 4630 494 4687 praesens
526 4613 808 4678 sacculum,
839 4612 1167 4668 sacriﬁcium
1212 4611 1411 4667 obtulit
1441 4611 1550 4667 Deo
1571 4652 1587 4679 ,
1614 4614 1835 4669 Indutus

246 4718 426 4774 veste,
449 4709 626 4776 cujus,
647 4705 879 4761 Domino
897 4705 1144 4775 iuvante,
1161 4717 1282 4773 quae
1303 4703 1373 4759 sit
1389 4704 1623 4773 qualitas
1642 4714 1831 4759 osten-

250 4804 466 4860 demus.
498 4816 520 4852 ‹
561 4798 794 4865 Tunica,
841 4797 1022 4868 inquit
1046 4795 1119 4865 ³³,
1157 4795 1299 4852 linea
1352 4796 1687 4851 sanctiﬁcata
1744 4796 1831 4851 in-

247 4895 472 4952 duetur.
511 4910 530 4944 ι
565 4889 760 4945 Linum
791 4889 860 4944 de
903 4897 1053 4943 terra
1085 4887 1284 4954 oritur,
1316 4889 1498 4943 tunica
1542 4902 1672 4961 ergo
1698 4904 1829 4945 san-

248 4982 491 5040 ctiﬁcata
518 4980 663 5037 linea
686 4978 929 5034 induitur
947 4992 1111 5034 verus
1138 4977 1381 5046 pontifex
1403 4978 1673 5046 Christus,
1700 4995 1824 5038 cum

246 5087 509 5131 naturam
547 5072 748 5130 terreni
788 5071 1034 5143 corporis
1072 5071 1261 5127 sumit.
1303 5068 1383 5128 De
1407 5085 1640 5142 corpore
1672 5073 1820 5129 enim

320 5188 370 5222 ³⁸
394 5187 416 5241 ι
442 5187 591 5244 Petr.
627 5202 690 5255 tt,
715 5187 771 5245 9.
843 5188 893 5221 ”
918 5184 1052 5242 Luc.
1084 5202 1182 5251 xu,
1205 5185 1294 5241 49.

1415 5183 1463 5218 ³⁸
1486 5185 1739 5255 Hehmx,
1761 5191 1851 5247 24.

1938 4536 2118 4591 neque
2155 4520 2295 4575 alius
2316 4520 2604 4590 quisquam
2650 4520 2702 4572 in
2737 4516 2939 4572 lumbis
2969 4531 3158 4571 eorum
3192 4514 3360 4569 fuisse
3392 4528 3514 4569 cre-

1939 4615 2181 4680 deretur,
2219 4615 2313 4670 sed
2356 4614 2471 4668 sola
2507 4612 2756 4678 castitas,
2781 4620 2839 4666 et
2890 4625 3025 4683 pura
3054 4607 3331 4679 pudicitia.
3364 4607 3512 4663 Zona

1938 4722 2070 4779 ergo
2094 4707 2338 4777 pontifex
2373 4707 2515 4761 linea
2547 4705 2806 4776 cingitur,
2836 4713 2891 4757 et
2923 4702 3146 4757 cidarim
3184 4702 3380 4756 lineam
3408 4700 3512 4755 im-

1932 4801 2084 4872 ponit
2105 4814 2269 4870 super
2295 4808 2455 4871 caput
2481 4815 2658 4859 suum,
2698 4796 2880 4853 omnia
2913 4795 3085 4851 linea.
3115 4795 3326 4850 Cidaris
3364 4794 3510 4864 quod

1931 4893 2130 4948 dicitur
2179 4900 2402 4948 ornatus
2452 4880 2672 4961 quidam
2696 4900 2801 4956 est,
2849 4890 2943 4960 qui
2975 4889 3139 4957 capiti
3181 4887 3508 4958 superponi-

1931 4995 2043 5051 tur,
2062 4999 2170 5054 quo
2194 4984 2364 5038 utitur
2383 4983 2625 5052 pontifex
2656 4982 2710 5037 in
2738 4980 3031 5037 oﬁ‘erendis
3051 4980 3270 5046 hostiis,
3298 4979 3383 5035 vel
3400 4994 3508 5035 cte-

1931 5077 2034 5132 teri
2091 5074 2432 5132 sacerdotes.
2466 5074 2573 5129 Sed
2607 5074 2977 5144 unusquisque
3022 5084 3265 5129 nostrum
3307 5085 3508 5127 ornare

1964 5192 2008 5226 ³¹
2037 5190 2199 5245 llebr.
2226 5204 2321 5249 vn,
2355 5187 2448 5243 27.
2505 5183 2552 5218 ³⁸
2574 5183 2916 5250 Ρεειι.ειιμ.]
2994 5188 3046 5221 ³³
3079 5188 3256 5256 Levit,
3305 5201 3421 5256 xw,
3447 5187 3502 5244 4.

246 5260 296 5294 ³⁸
327 5258 529 5317 Cenes.
552 5274 637 5329 tu,
670 5259 761 5319 t9.
828 5256 1081 5316 “Levit.
1115 5270 1229 5325 xvt,
1265 5255 1325 5312 4.
1395 5255 1442 5289 ⁸⁸
1472 5256 1493 5312 Ι
1521 5257 1648 5313 Cor.
1677 5265 1901 5329 stu-25.
1976 5264 2020 5296 ⁸⁷
2049 5263 2220 5317 Exod.
2251 5259 2430 5325 xx,26
2458 5277 2474 5328 ;
2499 5259 2671 5315 Levit.
2714 5274 2830 5327 xrt,
2852 5259 2910 5314 4.

318 5422 433 5495 (ιε)
470 5422 628 5493 Mss,
665 5442 686 5478 t
726 5424 916 5480 intret.
956 5440 977 5476 ι
1024 5420 1183 5495 Libb.
1240 5422 1461 5495 editi,_t
1494 5422 1747 5481 intraret.
1791 5446 1811 5481 ι

247 5491 421 5566 Paulo
444 5506 569 5566 post
605 5491 765 5561 mss.,
803 5511 822 5546 ι
846 5495 1085 5566 seipsutn
1115 5493 1351 5549 hostiam
1371 5491 1671 5552 offerendo.
1696 5515 1716 5550 ι
1759 5498 1817 5555 lu

250 5563 379 5622 libb.
408 5563 570 5623 editis
598 5567 771 5629 deest,
809 5583 827 5617 t
867 5563 1119 5621 hostiam.
1142 5583 1161 5617 ι

316 5635 432 5706 (47)
478 5636 635 5703 Μεεη
672 5654 692 5688 ι
749 5635 1099 5693 resuscitare.
1138 5652 1157 5687 ι
1197 5633 1352 5694 Libb.
1381 5633 1538 5704 editi,
1577 5653 1598 5689 ι
1646 5637 1818 5696 susci-

252 5715 297 5762 ta
308 5723 382 5763 re.
434 5727 454 5762 ι

1999 5426 2113 5499 (48)
2152 5425 2679 5499 CodexSangerm.,
2722 5430 3050 5499 r__nostrum.
3084 5441 3108 5476 ι

2028 5499 2115 5565 49)
2156 5499 2291 5553 Cod.
2325 5498 2638 5565 Sangernt.,
2678 5512 2699 5547 ι
2732 5495 3072 5565 dissoluta.)

2028 5500 2094 5553 49
2156 5499 2291 5553 Cod.
2325 5499 2638 5565 Sangernt.,
2678 5512 2699 5547 ι
2732 5499 3010 5549 dissoluta.
3051 5512 3072 5545 ι

2151 5570 2351 5625 Omnes
2382 5582 2547 5635 mss.,
2582 5583 2603 5619 t
2651 5564 2870 5622 indicia.
2908 5583 2929 5617 ι
2966 5562 3124 5621 Libb.
3163 5561 3322 5633 editi,
3357 5576 3380 5617 ε
3407 5559 3499 5623 in-

1929 5643 2120 5700 dicari.
2153 5658 2174 5693 ι
