4024 6146
498 252 600 312 5H

1942 263 2286 344 emensas

3633 262 3762 320 512

501 371 664 427 debet
713 376 872 434 caput
918 383 1076 425 suum
1125 369 1554 431 sacerdotalibus
1585 386 1941 432 ornamentis.
1975 376 2060 430 Et-
2094 377 2142 433 Α
2167 374 2351 438 habet,
2381 373 2543 429 etiam
2590 374 2731 443 quod
2782 374 2942 430 habet
2991 370 3270 428 auferetur
3305 374 3374 431 ab
3402 391 3490 442 eo,
3528 396 3547 430 ι
3587 390 3659 434 ιιι
3695 379 3758 433 ei

500 460 644 514 enim
673 461 799 528 quia
833 460 1014 516 omnis
1037 461 1141 517 viri
1166 475 1326 533 caput
1354 467 1605 522 Christus
1625 476 1731 531 est,
1755 468 2066 538 quicunque

502 553 574 606 ita
600 553 712 621 agit
736 561 794 607 ut
816 568 884 608 ex
916 555 1130 611 actibus
1159 560 1273 613 suis
1296 561 1546 615 conferat
1575 561 1802 632 gloriam
1826 560 2064 626 Christo,

501 649 835 708 capntsuum
860 644 953 712 qui
989 654 1070 699 est
1110 645 1358 703 Christus
1395 651 1630 704 ornavit.
1658 651 1844 706 Potest
1877 661 1931 704 et
1962 651 2067 705 alio

509 734 666 785 inodo
688 732 739 786 in
765 735 919 790 nobis
942 736 1163 808 intelligi
1184 740 1376 808 capitis
1395 752 1636 799 ornatus.
1660 742 1923 809 Quoniam
1948 743 2068 812 qui-

500 825 621 875 dem
642 825 785 892 quod
817 834 899 880 est
929 827 979 881 in
1004 830 1159 883 nobis
1184 832 1411 899 primum
1436 848 1499 886 ac
1520 849 1810 899 summum,
1827 845 1883 889 et
1908 845 2068 905 caput

499 914 761 980 omnium,
790 931 943 972 meus
975 929 1084 987 cst,
1117 921 1181 973 ad
1208 922 1520 991 dignitatem
1545 924 1874 992 pontificiam
1910 942 2069 981 exeo.

500 998 562 1053 lit
604 1013 770 1072 caput
801 1021 981 1072 suum,
1006 1012 1051 1063 si
1086 1011 1209 1080 quis
1254 1022 1488 1067 mentem
1536 1028 1690 1068 suam
1718 1017 2069 1072 adornaverit

501 1092 781 1161 Sapientia:
818 1096 1137 1167 disciplinis.
1182 1103 1287 1156 Ista
1331 1103 1497 1173 igitur
1535 1115 1661 1159 sunt
1692 1107 1886 1174 quibus
1920 1109 2067 1162 indui

504 1187 821 1256 praecipitur
837 1190 1097 1259 pontifex,
1116 1203 1171 1248 et
1198 1196 1267 1248 ita
1299 1196 1513 1250 demum
1534 1198 1758 1252 introire
1779 1198 1831 1251 in
1860 1211 2067 1267 sancta,

504 1293 574 1333 ne
599 1279 713 1333 hare
743 1296 850 1336 non
886 1283 1090 1340 habens
1123 1287 1405 1342 moriatur.

572 1371 630 1426 5.
671 1371 791 1427 Iam
842 1390 973 1430 vero
1014 1377 1080 1431 de
1125 1378 1318 1434 hostiis
1367 1381 1610 1448 quaedam
1640 1384 1855 1449 quidem
1898 1384 2071 1453 ipsius

499 1463 827 1518 mandantur
877 1467 1074 1522 debere
1112 1483 1231 1524 esse
1272 1471 1563 1539 pontificis,
1599 1476 1842 1542 quaedam
1880 1491 2009 1530 vero
2040 1493 2068 1531 a

499 1554 698 1622 popqu
738 1558 1014 1612 sumendae
1056 1558 1187 1629 (51).
1224 1560 1393 1630 Ipsius
1425 1564 1568 1617 enim
1618 1565 1815 1619 dicitur
1846 1568 2067 1632 vitulus,

502 1647 644 1714 quod
677 1657 761 1702 est
807 1650 864 1705 in
901 1654 1227 1711 animalibus
1270 1657 1559 1725 pretiosius
1593 1668 1647 1713 et
1678 1659 1971 1716 robustius.
2004 1661 2068 1716 Et

500 1741 801 1795 secundum
832 1744 1034 1798 animal
1074 1747 1237 1813 aries,
1272 1748 1417 1817 quod
1452 1748 1506 1802 in
1537 1751 1728 1806 ovibus
1757 1753 1875 1808 sine
1905 1754 2067 1809 dubio
2100 1718 2141 1771 Β

501 1831 794 1897 pretiosius
817 1844 923 1889 est.
963 1837 1008 1891 A
1055 1839 1249 1906 populo
1299 1854 1429 1893 vero
1454 1842 1954 1910 munerajnhentur
1981 1846 2067 1899 of-

508 1920 658 1986 ferri,
712 1924 855 1979 aries
899 1942 926 1979 a
963 1929 1321 1998 principibus,
1348 1941 1405 1986 et
1437 1932 1573 1987 hirci
1603 1935 1710 1988 duo
1767 1951 1797 1989 a
1845 1939 2066 2007 populo.

508 2009 660 2068 Unus
685 2014 776 2081 qui
808 2015 1112 2074 dimittatur
1138 2022 1190 2075 in
1216 2036 1477 2091 eremum,
1499 2025 1591 2094 qui
1612 2034 1668 2080 et
1694 2041 2067 2098 apopompmus

504 2105 837 2171 nominatur,
868 2117 925 2162 et
947 2125 1086 2165 unus
1105 2113 1196 2181 qui
1228 2114 1455 2170 Domino
1494 2114 1779 2173 oﬂ‘eratur.
1832 2118 1889 2173 Si
1924 2129 2069 2175 esset

505 2198 684 2252 omnis
712 2200 907 2267 popqu
948 2202 1041 2258 Dei
1069 2214 1312 2270 sanctus,
1351 2218 1403 2263 et
1435 2223 1625 2263 omnes
1676 2223 1860 2265 essent
1902 2210 2065 2277 beati,

506 2300 612 2339 non
668 2286 992 2348 ﬁerentduae
1018 2304 1195 2350 sortes
1251 2311 1413 2366 super
1444 2299 1612 2354 hircis
1646 2320 1658 2355 :
1694 2312 1748 2356 et
1784 2319 1918 2356 unus
1949 2304 2072 2372 qni-

504 2375 624 2428 dem
672 2386 873 2434 sortem
924 2382 1131 2449 ferret,
1174 2394 1233 2439 ut
1288 2386 1654 2445 dimitteretur
1699 2393 1755 2446 in
1803 2408 2066 2457 eremum.

506 2468 648 2525 alius
679 2485 806 2527 vero
830 2481 889 2527 ut
916 2474 1141 2531 Domino
1164 2476 1440 2545 offeretur,
1473 2482 1564 2536 sed
1614 2493 1756 2539 esset
1785 2501 1902 2540 sors
1943 2502 2062 2545 una,

505 2570 558 2613 et
598 2560 773 2616 hostia
816 2580 920 2618 una
954 2566 1181 2623 Domino
1229 2571 1350 2627 soli.
1391 2570 1544 2628 Nunc
1575 2589 1703 2629 vero
1732 2558 1983 2645 quoniam
2017 2577 2067 2630 in

505 2653 850 2710 multitudine
873 2671 1062 2712 eorum
1087 2662 1177 2729 qui
1207 2664 1469 2720 accedunt
1497 2667 1561 2720 ad
1606 2668 1909 2731 Dominum,
1944 2679 2070 2723 sunt

505 2745 723 2814 quidam
753 2746 986 2814 Domini,
1022 2750 1111 2804 alii
1142 2763 1319 2806 autem
1360 2765 1506 2818 sunt.
1552 2759 1640 2827 qui
1680 2760 1819 2813 mitti
1852 2762 1917 2815 ad
1948 2777 2071 2816 ere-

505 2852 649 2891 mum
695 2839 947 2910 debeant,
988 2843 1039 2897 id
1065 2846 1259 2913 estqui
1287 2846 1445 2914 abjici
1479 2861 1773 2916 merentur,
1819 2862 1874 2906 et
1914 2869 2071 2924 sepa-

503 2929 616 2982 rari
647 2930 715 2984 ab
746 2932 919 2987 hostia
950 2932 1160 2989 Domini
1207 2954 1220 2991 :
1254 2949 1537 3008 propterea
1571 2956 1697 3010 pars
1734 2944 1922 2998 hostiae
1948 2963 2070 3014 quae

2166 466 2393 520 addatur
2420 465 2512 534 qui
2536 466 2697 520 habet
2725 466 2919 521 multas
2955 480 3107 520 mnas
3132 459 3497 534 peccatorum.
3530 469 3757 525 Verum

2167 560 2421 627 quoniam
2446 559 2491 612 is
2506 558 2595 627 qui
2623 559 2675 611 in
2700 567 2845 612 sorte
2871 558 3082 612 Domini
3119 568 3225 621 est,
3257 573 3409 627 spem
3443 561 3583 629 gerit
3624 575 3754 616 non

2170 652 2221 704 in
2249 652 2499 719 praesenti
2527 652 2742 717 saeculo,
2773 653 2868 705 sed
2895 654 2947 704 in
2966 650 3169 716 iuturo,
3200 663 3256 705 et
3283 651 3438 718 cujus
3469 668 3586 708 sors
3626 656 3755 709 Do-

2168 740 2350 794 minus
2401 751 2508 803 est,
2545 741 2785 809 quotidie
2812 743 3075 809 moritur;
3103 753 3384 812 propterea
3421 744 3466 798 is
3513 746 3753 814 quidem

2169 848 2331 900 super
2351 847 2511 902 quem
2537 847 2656 889 sors
2693 832 2902 887 Domini
2940 835 3159 898 cecidit,
3189 834 3489 904 iugulatur.
3518 847 3575 891 et
3616 850 3756 890 mo-

2170 923 2328 987 ritur,
2366 934 2425 977 ut
2471 925 2730 991 sanguine
2769 940 2869 979 suo
2903 926 3157 992 purificet
3193 927 3449 994 populum
3489 927 3613 993 Dei;
3646 926 3757 982 ille

2169 1024 2350 1068 autem
2402 1015 2491 1082 qui
2520 1016 2573 1068 in
2605 1025 2807 1068 sortem
2840 1015 3173 1069 contrariam
3216 1007 3498 1081 ceciderit,
3521 1031 3628 1071 non
3652 1024 3758 1070 est

2171 1104 2364 1173 dignus
2394 1112 2454 1157 ut
2478 1104 3008 1174 moriatur,qniaqui
3034 1104 3085 1158 in
3114 1115 3261 1160 sorte
3295 1106 3604 1161 Dominiest
3627 1123 3748 1161 non

2169 1201 2253 1246 est
2281 1192 2347 1245 de
2382 1193 2484 1246 hoc
2507 1193 2705 1246 mundo
2733 1213 2745 1248 :
2782 1193 2869 1248 ille
2897 1207 3023 1247 vero
3053 1193 3123 1248 de
3147 1196 3247 1249 hoc
3272 1197 3472 1250 mundo
3504 1205 3610 1260 est,
3643 1195 3748 1263 qui

2170 1283 2222 1335 in
2252 1284 2452 1337 mundo
2481 1283 2790 1346 dimittitur,
2821 1293 2877 1338 et
2910 1285 3137 1339 mundus
3167 1286 3309 1354 quod
3357 1302 3512 1342 suum
3537 1296 3622 1342 est
3651 1285 3750 1339 di-

2170 1375 2307 1444 ligit.
2332 1375 2463 1428 ideo
2487 1390 2591 1429 non
2621 1377 2907 1441 occiditur,
2938 1393 3034 1432 nec
3056 1378 3247 1448 dignus
3270 1388 3355 1434 est
3394 1378 3631 1450 iugulari
3668 1375 3751 1433 ad

2170 1468 2338 1522 altare
2370 1467 2488 1531 Dei,
2524 1483 2626 1522 nec
2655 1470 2874 1538 sanguis
2902 1469 3020 1537 ejus
3069 1472 3136 1525 ad
3181 1471 3354 1526 basim
3403 1470 3593 1525 altaris
3623 1483 3750 1526 me-

2173 1568 2321 1613 retur
2357 1557 2584 1613 effundi.

2240 1651 2295 1704 4.
2338 1651 2443 1706 Sed
2500 1654 2774 1708 videamus
2816 1655 2937 1724 quis
2975 1663 3057 1708 est
3088 1654 3174 1708 hic
3211 1653 3304 1722 qui
3348 1652 3550 1720 accipit
3587 1666 3743 1716 eunt,

2174 1744 2329 1813 cujus
2378 1759 2497 1800 sors
2527 1748 2859 1814 apopompaei
2903 1745 3045 1799 facta
3074 1755 3191 1810 est,
3223 1755 3282 1799 ut
3314 1760 3439 1799 eum
3472 1743 3655 1811 ejiciat
3682 1744 3744 1798 in

2173 1848 2433 1890 eremum.
2463 1854 2482 1885 ι
2516 1835 2707 1910 llomo,
2755 1836 3017 1906 inquit“,
3052 1845 3276 1903 paratus
3347 1834 3578 1903 accipiet
3614 1833 3735 1886 hir-

2172 1943 2318 1994 cum,
2361 1928 2451 1996 qui
2477 1929 2684 1983 venerit
2712 1929 2762 1983 in
2793 1939 2996 1983 sortem
3027 1928 3170 1998 ejus,
3199 1928 3287 1982 cui
3334 1926 3593 1980 ceciderit
3617 1939 3743 1980 sors

2172 2020 2525 2088 apopompaei,
2549 2030 2603 2073 et
2625 2020 2856 2075 adducet
2879 2034 3000 2073 eum
3030 2019 3081 2072 in
3102 2032 3365 2073 eremum.
3404 2037 3424 2070 ι
3448 2016 3600 2071 Finis
3621 2029 3738 2071 sor-

2177 2111 2246 2163 tis
2282 2109 2437 2165 istius
2480 2125 2694 2164 eremus
2737 2120 2843 2174 est,
2878 2112 2929 2164 id
2958 2117 3040 2164 est
3067 2110 3215 2163 locus
3254 2111 3520 2174 desertus,
3553 2107 3740 2161 deser-

2176 2213 2261 2257 tus
2289 2204 2573 2258 virtutibus
2592 2243 2606 2267 ,
2635 2203 2882 2258 desertus
2928 2205 3056 2265 Deo,
3091 2199 3334 2256 desertus
3368 2200 3577 2271 jnstitia
3596 2239 3613 2264 ,
3645 2199 3740 2252 de-

2175 2308 2355 2351 sertus
2406 2296 2642 2360 Christo,
2676 2298 2919 2352 desertus
2969 2296 3116 2350 omni
3168 2295 3329 2350 bono.
3374 2295 3441 2349 Et
3477 2308 3576 2346 nos
3607 2305 3738 2359 ergo

2174 2388 2414 2457 singulos
2442 2399 2622 2444 manet
2652 2405 2770 2445 sors
2801 2405 2903 2443 una
2944 2404 2975 2442 e
3002 2389 3230 2442 duabus.
3262 2390 3368 2440 Aut
3414 2386 3555 2440 enim
3601 2385 3739 2437 bene

2174 2492 2419 2550 agentes,
2454 2498 2576 2537 sors
2606 2482 2814 2536 Domini
2845 2498 3053 2547 sumus,
3087 2493 3177 2537 aut
3214 2480 3352 2533 male
3378 2488 3601 2547 agentes
3618 2488 3739 2530 sors

2177 2580 2361 2624 nostra
2394 2585 2493 2625 nos
2519 2573 2665 2626 ducit
2698 2572 2763 2624 ad
2788 2572 3169 2630 erentum.Vis
3203 2572 3295 2626 tibi
3327 2569 3603 2624 evidenter
3625 2564 3737 2637 (55)

2175 2663 2451 2716 ostendam
2512 2662 2778 2730 quomodo
2814 2662 2926 2714 ista:
2978 2665 3096 2714 duae
3135 2671 3308 2716 sortes
3363 2672 3578 2725 semper
3610 2668 3737 2722 ope-

2178 2765 2383 2815 rentur,
2416 2766 2471 2805 et
2526 2752 2895 2821 unusquisque
2938 2761 3177 2805 nostrum
3216 2757 3306 2803 aut
3339 2764 3457 2802 sors
3504 2743 3737 2806 Domini,

2174 2855 2268 2898 aut
2298 2859 2419 2899 sors
2450 2844 2779 2913 apopomptui
2821 2843 2901 2895 vel
2942 2844 3110 2897 eremi
3161 2842 3252 2894 fiat
3283 2842 3306 2894 ?
3332 2838 3626 2896 Considera
3684 2837 3736 2888 in

2180 2937 2486 3008 Evangeliis
2511 2936 2656 2989 illum
2710 2937 2927 2989 divitem
2963 2938 3231 2988 viventem
3270 2930 3548 3002 splendide
3572 2938 3625 2984 et
3657 2929 3738 2982 lu-

505 3019 737 3075 oﬂ'ertur
760 3037 789 3076 a
817 3024 1034 3093 populo,
1080 3028 1129 3081 id
1175 3037 1259 3082 est
1292 3044 1430 3083 unus
1460 3031 1604 3086 solus
1637 3035 1818 3089 hircus
1846 3036 2070 3095 Domino
2098 3055 2141 3112 (ς
2177 3033 2415 3098 ιυΐίοεε,
2456 3041 2509 3085 ει
2538 3030 2806 3084 Ιιειῑίπηηι
2843 3029 2908 3082 ad
2943 3028 3163 3096 ianuam
3190 3029 3306 3095 ei'ls.
3327 3027 3622 3096 ,ἰθεθηιθωι
3660 3022 3740 3075 ¹¹¹“

509 3110 844 3179 immolatur,
874 3115 1013 3171 alius
1033 3130 1209 3172 autem
1238 3119 1507 3187 abjicitur,
1536 3133 1589 3177 et
1625 3125 1677 3179 in
1731 3143 1970 3184 ercmum
1997 3131 2072 3185 di-

512 3204 769 3270 mittitur,
814 3217 870 3261 et
916 3223 1299 3281 apopompaens
1332 3217 1659 3273 nominatur.
1707 3220 1836 3276 Sors
1892 3233 2069 3279 tamen

509 3294 655 3349 cadit
675 3310 840 3363 super
870 3308 1175 3367 utrumque,
1204 3312 1258 3357 et
1288 3303 1373 3357 ille
1398 3306 1612 3375 quidem
1637 3309 1725 3376 qui
1752 3310 1802 3363 in
1831 3327 2069 3366 eretnum

514 3386 823 3452 dimittitur,
855 3388 1054 3442 dicitur
1078 3395 1216 3457 quod
1260 3394 1373 3462 ipse
1407 3394 1615 3450 auferat
1662 3414 1823 3468 super
1850 3416 1907 3455 se
1951 3417 2076 3468 pec-

513 3488 632 3533 cata
670 3479 901 3535 filiorum
933 3481 1118 3549 Israel,
1155 3498 1210 3539 et
1237 3486 1528 3562 iniustitias
1556 3507 1767 3557 eorum,
1795 3507 1848 3550 et
1878 3496 2075 3566 iniqui-

512 3579 652 3627 tates
689 3572 946 3642 ipsorum.
973 3574 1088 3632 Non
1109 3579 1252 3631 enim
1283 3580 1369 3634 ille
1395 3581 1578 3639 hircus
1601 3587 1690 3655 qui
1721 3587 1931 3643 Domini
1956 3606 2074 3644 sors

514 3663 764 3732 etiicitnr,
792 3666 904 3720 sed
943 3667 1030 3722 ille
1084 3670 1238 3740 cujus
1276 3687 1396 3727 sors
1419 3686 1499 3729 est
1531 3687 1590 3729 ut
1632 3678 1682 3732 in
1709 3694 1948 3735 eremum
1990 3685 2073 3739 di-

516 3758 783 3820 mittatur,
811 3759 1025 3816 auferre
1050 3777 1111 3817 ea
1138 3763 1359 3829 dicitur,
1388 3769 1678 3822 secundum
1716 3771 1863 3833 illud.
1893 3777 2076 3841 credo,

514 3850 658 3920 quod
688 3852 950 3921 scriptum
972 3864 1056 3908 est
1080 3855 1163 3908 ³⁸ε
1201 3875 1220 3908 ι
1263 3857 1390 3913 Dedi
1419 3861 1894 3917 commutationem
1930 3875 2078 3923 tuam

517 3942 828 4014 Egyptum,
858 3955 913 4000 et
943 3946 1299 4018 Ethiopiam,
1340 3963 1395 4007 et
1450 3951 1678 4008 Soenem
1719 3955 1832 4025 (52)
1862 3973 1960 4025 pro
2006 3970 2078 4023 te,

519 4047 583 4086 ex
609 4049 715 4103 quo
745 4044 797 4087 tu
850 4036 1180 4093 honorabilis
1206 4039 1380 4098 factos
1421 4056 1480 4096 es
1509 4042 1559 4095 in
1587 4053 1875 4111 conspectu
1919 4047 2083 4118 238

520 4144 662 4184 meo.
698 4148 717 4182 ι
750 4129 978 4185 Peccata
1017 4131 1181 4199 igitur
1208 4148 1397 4188 eorum
1428 4135 1517 4203 qui
1552 4138 1923 4204 paenitentiam
1960 4156 2082 4209 ege-

517 4231 663 4283 runt,
683 4231 738 4276 et
780 4238 965 4276 eorum
1002 4226 1092 4292 qni
1141 4226 1548 4296 dereliqucrunt
1594 4228 1876 4293 malitiam,
1922 4246 2084 4299 super

519 4316 696 4383 capita
742 4331 837 4369 sua
887 4318 1188 4384 suscipiunt
1229 4319 1280 4372 hi
1310 4320 1399 4388 qui
1451 4318 1626 4373 effecti
1673 4331 1798 4373 sunt
1845 4321 1896 4373 io
1936 4332 2083 4375 sorte

2172 3125 2386 3181 ceribus
2409 3122 2644 3191 plenum,
2664 3132 2717 3173 et
2749 3120 3052 3187 cupientem
3080 3119 3312 3173 saturari
3343 3119 3408 3170 de
3443 3116 3597 3169 micis
3624 3130 3738 3183 qua:

2173 3216 2440 3272 cadebant
2482 3214 2547 3267 de
2601 3228 2785 3265 mensa
2833 3213 3033 3274 divitis,
3086 3210 3209 3279 quis
3268 3209 3388 3261 linis
3428 3206 3739 3276 designatur

2173 3308 2488 3373 utriusque:
2517 3321 2536 3354 ι
2560 3301 2797 3355 Mortuus
2847 3312 2946 3365 est,
2985 3302 3157 3368 inquit
3180 3301 3246 3362 δ’,
3272 3297 3526 3362 Lazarus,
3553 3306 3609 3350 et.
3648 3297 3738 3347 ab—

2174 3400 2368 3452 ductus
2398 3406 2480 3450 est
2525 3398 2592 3449 ab
2642 3395 2850 3463 angelis
2882 3394 2932 3446 in
2982 3393 3161 3445 sinunt
3193 3391 3445 3445 Abrahae.
3479 3386 3741 3441 Similiter

2176 3497 2354 3539 autem
2390 3495 2445 3539 et
2476 3486 2648 3549 dives,
2686 3497 2739 3536 et
2769 3484 3029 3537 abductus
3059 3492 3143 3536 est
3173 3483 3237 3533 ad
3275 3479 3545 3533 infernum
3575 3478 3626 3529 in
3666 3478 3743 3531 lo-

2175 3595 2298 3634 cum
2328 3578 2579 3632 tormenti
2619 3576 2755 3646 (54).
2797 3597 2813 3627 ι
2874 3575 3274 3629 Animadvertis
3302 3573 3582 3627 evidenter
3632 3571 3742 3623 loca

2177 3673 2339 3728 sortis
2370 3673 2655 3739 utriusque
2685 3672 2957 3724 distincta.
3002 3670 3132 3724 Vide
3162 3669 3324 3722 etiam
3369 3665 3459 3734 qni
3488 3674 3614 3717 sunt
3652 3662 3743 3731 qui

2177 3764 2446 3819 abducunt
2493 3762 2630 3833 (5‘3),
2660 3764 2874 3833 angeli,
2909 3762 3116 3830 inquit,
3167 3762 3257 3831 qui
3306 3773 3520 3827 semper
3570 3755 3743 3824 parati

2178 3865 2303 3909 sunt
2333 3856 2399 3909 ad
2426 3857 2811 3909 abducendum.
2860 3854 3086 3909 Ministri
3122 3854 3263 3907 enim
3293 3852 3382 3904 Dei
3407 3857 3535 3902 sunt
3555 3848 3620 3901 ad
3648 3847 3746 3899 hoc

2181 3948 2355 4017 ipsum
2382 3948 2655 4012 destinati,
2687 3950 2776 4017 qui
2816 3949 3072 4017 impleant
3100 3958 3297 4000 sortem
3328 3959 3490 4013 quam
3515 3941 3607 3995 tibi
3638 3941 3749 4008 ipse

2183 4040 2483 4111 paraveris.
2521 4040 2577 4095 Si
2604 4041 2748 4094 enim
2812 4040 2949 4094 bene
3003 4038 3222 4100 vixeris,
3260 4037 3305 4090 si
3365 4035 3588 4103 fregeris
3630 4046 3750 4086 esu-

2185 4133 2342 4187 rienti
2368 4148 2556 4202 panem
2583 4145 2733 4186 tuum
2784 4148 2849 4187 ex
2887 4132 3090 4195 animo,
3116 4140 3169 4183 et
3222 4129 3421 4182 nudum
3483 4124 3747 4186 vcstieris,

2187 4236 2391 4280 rectum
2434 4225 2694 4293 judicium
2741 4224 3089 4291 judicaveris,
3124 4222 3310 4291 iniquo
3341 4222 3623 4273 adversum
3654 4218 3753 4270 ini-

2186 4323 2445 4389 quitatem
2487 4335 2637 4373 suam
2683 4318 2981 4382 restiteris,
3032 4332 3133 4370 nec
3174 4315 3420 4384 posueris
3468 4313 3784 4385 eonsilinm_

517 4407 656 4475 ejus,
691 4407 780 4475 qni
829 4407 882 4459 in
932 4422 1172 4461 ercmum
1204 4409 1515 4472 dimittitur,
1542 4411 1633 4477 qui
1663 4411 1869 4477 seipsos
1895 4412 2085 4478 dignos
2120 4413 2160 4466 D
2192 4422 2342 4467 tuum
2364 4428 2484 4465 cum
2521 4410 2605 4465 his
2632 4410 2722 4479 qui
2757 4410 2975 4477 laqueos
2997 4408 3377 4463 innocentibus
3404 4416 3619 4474 parant,
3640 4419 3754 4457 sor-

521 4498 611 4551 tali
638 4498 963 4562 ministerio,
992 4497 1073 4551 vel
1104 4498 1408 4568 hnjusmodi
1456 4509 1601 4554 sorte
1638 4501 1902 4555 fecerunt.
1938 4502 2085 4557 Con-

520 4590 668 4642 venit
694 4598 871 4643 autem
904 4589 1049 4643 velut
1072 4589 1376 4643 econtrario
1401 4591 1575 4659 aptari
1609 4592 1690 4645 his
1711 4602 1763 4645 et
1786 4592 1912 4645 illud
1942 4593 2086 4661 quod

521 4681 723 4734 dictum
777 4691 862 4735 est
897 4682 985 4732 ³⁹τ
1026 4700 1045 4733 ι
1108 4681 1208 4748 Qui
1268 4681 1428 4735 habet
1480 4683 1696 4736 dabitur
1734 4684 1806 4740 ei.
1868 4702 1886 4735 ι
1932 4684 2089 4738 Sient

520 4773 662 4824 enim
688 4772 777 4839 qui
811 4772 1222 4842 habetjustitias
1258 4773 1472 4826 dabitur
1496 4774 1543 4827 ei
1578 4790 1590 4824 :
1627 4775 1697 4827 ita
1732 4784 1784 4828 et
1809 4776 1898 4845 qui
1926 4773 2090 4829 habet

524 4874 768 4931 peccata,
790 4863 842 4917 in
882 4872 1087 4917 tantum
1122 4872 1178 4916 nt
1207 4864 1260 4916 in
1290 4874 1435 4916 sorte
1466 4866 1796 4933 apopompaei
1850 4866 2089 4921 invenia-

528 4964 615 5007 tur
638 4954 782 5008 illius
809 4954 901 5024 qui
945 4955 997 5008 in
1034 4969 1273 5008 eremum
1309 4951 1619 5017 emittitur;
1653 4955 1918 5007 addentur
1954 4957 2001 5010 ei
2027 4972 2089 5010 ea

525 5061 644 5117 qua:
667 5046 1045 5117 abstergentur
1077 5060 1106 5099 a
1132 5045 1355 5110 sanctis,
1388 5053 1444 5097 nt
1472 5051 1525 5097 el
1556 5037 1608 5097 in
1655 5044 1785 5112 ipsis
1817 5049 2089 5115 complea-

529 5147 617 5190 tur
657 5136 799 5207 qnod
830 5135 1090 5205 scriptum
1128 5146 1211 5190 est
1234 5133 1318 5189 “’:
1356 5151 1374 5186 ι
1418 5135 1498 5189 Ab
1524 5148 1589 5188 eo
1638 5143 1817 5188 autem
1858 5134 1948 5201 qui
1987 5152 2090 5189 non

599 5254 646 5288 ³⁸
678 5256 780 5311 lsa.
828 5268 959 5309 nm
980 5294 996 5319 ,
1023 5252 1078 5306 5.
1151 5253 1194 5284 ³⁹
1222 5252 1410 5307 Matth.
1453 5267 1571 5316 xm,
1602 5250 1685 5305 12.

600 5397 713 5467 (Eii)
752 5396 902 5461 Mss.,
927 5414 946 5447 ι
969 5393 1259 5467 sumendae.
1288 5412 1306 5446 ι
1329 5393 1481 5467 Libb.
1510 5392 1681 5467 editi,_
1701 5409 1719 5441 ι
1765 5392 2042 5467 subuenite.
2077 5410 2095 5441 ι

758 5460 917 5541 Μεδ..Δ
944 5483 971 5541 ἰ
1016 5463 1269 5518 Soenem.
1302 5483 1332 5541 ξ.
1366 5464 1521 5541 μω).
1553 5461 1706 5526 editi,
1745 5478 1761 5510 ι
1806 5460 2092 5541 Syc-nem.»

556 5606 557 5609 η
603 5534 715 5609 (53)
756 5537 810 5590 In
863 5537 995 5591 libb.
1042 5543 1199 5589 antea
1250 5535 1411 5588 editis
1461 5534 1635 5597 deest,
1670 5550 1689 5582 ι
1735 5534 2033 5594 evidenter,
2076 5551 2093 5581 ι

531 5612 687 5681 qnol
708 5609 1009 5681 restituitur
1035 5619 1101 5658 ex
1133 5619 1261 5658 tnss.

609 5680 719 5749 (54)
745 5678 929 5734 Codex
960 5677 1246 5747 Sangerm.
1271 5692 1290 5727 ι
1315 5674 1370 5730 in
1401 5674 1554 5729 sinus
1571 5672 1865 5728 Abraham.
1895 5670 2097 5726 Simili-~
2133 5739 2140 5745 ἢ

2196 4515 2302 4559 tem
2337 4517 2480 4556 tuam
2532 4501 2699 4556 facies
2749 4502 3055 4556 Dominum.
3099 4500 3154 4552 Si
3192 4514 3318 4554 vero
3350 4498 3556 4551 libidini
3590 4497 3757 4550 inser-

2194 4595 2331 4660 vias,
2366 4595 2651 4660 voluptatis
2685 4603 2895 4647 amator
2940 4593 3015 4647 sis
3046 4591 3215 4659 n‘tagis
3247 4604 3406 4658 quam
3433 4587 3551 4650 Dei,
3580 4600 3754 4638 saecu-

2192 4687 2303 4740 lum
2341 4686 2559 4755 diligas,
2595 4684 2854 4738 malitiam
2898 4699 3003 4737 non
3035 4684 3235 4747 oderis,
3274 4689 3474 4735 sortem
3502 4691 3647 4730 tuam
3678 4676 3755 4730 fe-

2194 4779 2313 4832 cisti
2365 4777 2713 4846 apopompaei,
2751 4785 2812 4829 ut
2850 4775 3139 4829 abducaris
3168 4772 3222 4827 in
3253 4787 3494 4826 eremum
3520 4784 3614 4838 per
3643 4786 3757 4823 ma-

2194 4884 2321 4923 num
2348 4868 2579 4921 ministri
2613 4867 2730 4934 Dei,
2764 4867 2854 4935 qui
2881 4867 2928 4917 in
2961 4867 3063 4918 hoc
3085 4866 3255 4934 ipsum
3287 4877 3316 4914 a
3352 4862 3459 4914 Deo
3480 4860 3761 4912 ordinatus

2196 4970 2276 5014 est
2322 4977 2337 5014 :
2363 4970 2417 5013 et
2452 4960 2571 5014 ideo
2602 4970 2819 5028 paratus
2850 4957 3165 5026 appellatur,
3186 4954 3306 5024 quia
3334 4966 3615 5020 personam
3643 4949 3761 5003 nul-

2197 5051 2300 5105 lius
2324 5050 2619 5114 erubescit,
2650 5065 2749 5103 nec
2793 5049 3001 5110 divitis,
3027 5062 3126 5102 nec
3171 5044 3430 5115 potentis,
3467 5057 3566 5096 nec
3599 5041 3759 5109 regis,

2200 5156 2301 5195 nec
2333 5143 2650 5197 sacerdotis.
2686 5141 2777 5197 Vis
2831 5150 3010 5195 autem
3045 5139 3187 5193 scire
3233 5137 3357 5207 quia
3393 5135 3459 5189 ad
3513 5149 3611 5189 nos
3643 5148 3763 5204 per.

1765 5250 1808 5280 ⁸⁰
1839 5249 1966 5303 ibid.
2042 5249 2083 5281 δι
2116 5254 2286 5312 Levit.
2312 5275 2423 5325 xw,
2457 5260 2525 5315 10
2551 5268 2604 5313 et
2640 5257 2732 5312 2i.
2804 5257 2849 5289 δ’
2880 5256 3008 5311 Luc;
3050 5269 3160 5318 ut,
3189 5253 3281 5306 22.

2211 5402 2292 5446 ter
2314 5404 2367 5445 et
2386 5393 2534 5446 dives
2558 5392 2820 5444 abductus
2852 5398 2934 5442 est
2960 5388 3015 5441 in
3046 5387 3219 5439 locum
3251 5384 3525 5439 tormenti.
3563 5400 3584 5436 ι

2279 5461 2390 5533 (55)
2429 5462 2583 5516 Libb.
2631 5460 2796 5533 editi,
2854 5459 3209 5533 r_addncnnt,
3248 5474 3274 5533 ι.
3322 5465 3378 5508 et
3430 5452 3589 5523 paulo
3625 5462 3763 5520 post.

2211 5550 2228 5581 ι
2255 5525 2320 5585 ad
2369 5525 2764 5585 adducendum.
2810 5549 2828 5581 ι
2865 5526 2972 5581 Sed
3001 5541 3132 5580 mss.
3161 5535 3214 5578 ut
3262 5525 3314 5579 in
3358 5535 3544 5578 nostro
3594 5533 3764 5585 textu,

2203 5603 2469 5655 Caeterum
2519 5599 2737 5653 consule
2789 5598 3038 5653 lluetium
3093 5594 3538 5661 Origeniauorum
3566 5595 3658 5648 lib.
3706 5609 3763 5653 tl,

2202 5682 2392 5737 quaest.
2423 5671 2480 5732 5,
2512 5686 2660 5724 ιιιιιιι.
2694 5669 2784 5725 54.
