4024 6146
278 216 380 274 515

1415 221 1480 276 IN
1518 222 1886 279 LEVITICUM
1918 223 2194 278 ιιωιιωι
2226 223 2320 278 IX.

3391 218 3498 274 5H-

278 333 442 388 tinent
490 345 611 400 qua!
673 331 1272 390 dicunturiAuimaua
1321 350 1436 396 nec
1493 356 1612 409 qum
1660 349 1909 402 sortcsA
1945 359 1962 389 ι
2017 354 2136 393 cum
2204 345 2472 404 potestate
2544 333 2820 399 traduxit,
2895 332 3234 402 triumphans
3293 347 3387 385 eos
3441 335 3495 386 in

277 426 406 480 istas
431 425 716 492 excipiunt
745 425 878 495 (56),
911 442 1015 480 non
1053 439 1176 483 sunt
1214 431 1509 498 inuuunda,
1537 448 1635 488 nec
1659 434 1829 488 aliena

276 516 340 568 ab
367 516 624 571 altaribus
653 517 770 581 Dei,
800 519 892 572 sed
927 521 1122 574 munda
1154 531 1299 586 sunt,
1325 531 1379 577 et
1399 540 1517 592 quae
1543 526 1593 579 in
1621 527 1831 580 sacriﬁ-

271 609 368 663 ciis
386 605 570 661 oﬂ‘erri
611 607 824 673 solent;
853 618 911 661 ut
939 610 1078 664 scias
1115 611 1228 666 haec
1266 612 1487 683 ﬁguram
1514 625 1694 670 tenere
1727 633 1831 671 non

269 713 449 754 eorum
481 699 576 766 qui
619 707 772 751 extra
809 699 964 753 [idem
997 713 1146 767 sunt,
1174 704 1266 757 sed
1307 719 1490 758 eorum
1523 709 1612 776 qui
1645 709 1696 761 in
1733 711 1834 764 ttde

271 796 410 844 sunt.
446 787 646 844 Hircus
675 789 822 843 enim
870 791 1071 844 animal
1128 796 1381 848 mundum
1409 807 1512 863 est,
1541 809 1594 850 et
1633 799 1832 855 divinis

269 879 529 935 altaribus
560 892 958 936 consecratum.
999 884 1066 937 Et
1100 892 1154 938 te
1188 901 1315 954 ergo
1363 905 1457 955 per
1483 891 1711 958 gratiam
1739 895 1828 946 ba-

269 974 445 1042 ptismi
475 983 823 1028 consecratus
845 990 902 1028 es
933 976 1194 1032 altaribus
1225 979 1337 1042 Dei.
1358 993 1410 1036 et
1435 984 1630 1037 animal
1656 986 1830 1041 fartus

267 1082 322 1118 cs
347 1069 627 1120 mundum.
660 1069 765 1122 Sed
817 1072 854 1126 si
897 1087 1002 1124 non
1045 1071 1320 1127 custodias
1361 1079 1669 1129 mandatum
1701 1079 1828 1131 illud

267 1157 478 1209 Domini
521 1161 664 1225 quod
697 1159 831 1214 dixit
858 1160 902 1192 “
931 1179 946 1214 :
982 1179 998 1212 t
1036 1161 1174 1215 Ecce
1213 1177 1374 1216 sanus
1413 1165 1583 1219 factus
1609 1183 1697 1232 es,
1719 1169 1828 1234 jam

265 1248 370 1300 noli
397 1263 645 1316 peccare,
669 1263 734 1305 ne
755 1253 894 1319 quod
923 1253 1014 1306 tibi
1048 1253 1284 1308 deterius
1313 1259 1591 1325 contingat
1619 1274 1633 1323 ;
1684 1280 1702 1312 ι
1737 1263 1827 1315 sed

263 1355 385 1391 cum
422 1354 574 1394 esses
601 1343 851 1408 mundus,
893 1359 1106 1397 rursum
1139 1355 1188 1398 te
1226 1348 1428 1413 peccati
1456 1347 1817 1416 inquinamen-

265 1440 318 1481 to
365 1432 675 1495 maeulasti,
719 1442 774 1485 et
823 1449 889 1487 ex
933 1435 1131 1488 virtute
1173 1435 1238 1487 ad
1290 1435 1601 1502 libidinem,
1633 1456 1696 1492 ex
1733 1458 1823 1507 pu-

265 1523 429 1575 ritate
467 1525 533 1575 ad
567 1523 964 1578 immunditiam
1018 1525 1334 1591 decliuasti,
1372 1538 1460 1580 tuo
1510 1531 1673 1595 vitio,
1707 1550 1826 1587 cum

259 1615 466 1668 animal
517 1616 772 1670 mundum
805 1618 993 1682 fueris,
1027 1621 1158 1674 sorti
1186 1631 1236 1676 te
1265 1628 1595 1692 apopomptei
1635 1628 1830 1681 eremi—

258 1721 362 1774 que
402 1708 690 1764 tradidisti.

326 1799 386 1851 5.
430 1798 614 1852 Potest
650 1797 894 1852 fortassis
936 1812 990 1854 et
1017 1800 1122 1854 alio
1155 1803 1312 1856 modo
1343 1806 1504 1860 homo
1535 1816 1754 1874 paratus
1777 1817 1829 1861 et

259 1889 496 1942 mundus
541 1888 676 1957 (57),
707 1891 796 1958 qui
834 1891 1043 1944 abducit
1078 1908 1200 1946 eum
1243 1896 1398 1963 cujus
1443 1914 1559 1950 sors
1599 1901 1745 1951 venit
1775 1901 1826 1951 in

258 1991 598 2044 eremuzn,et
634 1997 697 2035 eo
722 1982 836 2050 ipso
868 1999 975 2052 quo
1021 1986 1197 2037 educit
1245 2002 1386 2047 eum,
1414 1989 1564 2055 quasi
1595 1991 1684 2057 qui
1726 1990 1828 2042 iut-

262 2073 528 2124 mundum
571 2072 877 2140 contigerit,
925 2073 1330 2128 diciturlavare
1368 2079 1684 2131 vestimenta
1734 2094 1826 2130 sua

260 2164 322 2215 ad
357 2177 666 2231 vesperam,
696 2173 748 2216 et
777 2178 897 2218 esse
940 2167 1190 2230 mundus,
1221 2168 1385 2219 etiam
1418 2169 1532 2236 ipse
1573 2168 1828 2224 Dominus

258 2264 310 2307 et
326 2253 582 2308 Salvator
612 2263 793 2308 noster
837 2255 1055 2324 intelligi
1082 2273 1148 2309 ex
1199 2272 1260 2310 ea
1291 2269 1460 2325 parte,
1492 2274 1594 2327 qua
1628 2269 1829 2315 natura:

258 2357 482 2408 nostrae,
514 2346 563 2398 id
588 2356 670 2401 est
697 2347 876 2401 carnis
909 2355 962 2400 et
988 2349 1265 2416 sanguinis
1296 2351 1609 2404 vestimenta
1644 2368 1828 2408 susce-

256 2439 354 2509 pit,
390 2454 513 2508 quae
559 2439 611 2492 in
663 2454 885 2508 vespera
936 2439 1165 2493 laverit:
1200 2452 1418 2508 propter
1448 2443 1588 2510 quod
1628 2451 1680 2496 et
1731 2445 1824 2496 du-

257 2536 388 2589 dum
416 2536 676 2602 propheta
705 2535 768 2587 de
798 2548 862 2587 eo
887 2533 1101 2588 dixerat
1123 2532 1169 2564 “
1199 2551 1212 2587 :
1245 2554 1262 2584 ι
1296 2534 1358 2587 Ει
1387 2535 1492 2588 vidi
1523 2534 1705 2590 Jesum
1742 2553 1827 2590 sa-

259 2627 540 2679 cerdotem
581 2641 854 2695 magnum,
891 2625 1134 2679 indutum
1161 2627 1484 2680 vestimenta
1519 2629 1828 2691 sordida,et

255 2715 536 2770 diabolum
587 2725 820 2770 stantem
853 2730 882 2769 a
912 2715 1119 2771 dextris
1165 2731 1301 2785 ejus,
1345 2727 1402 2768 ut
1434 2719 1828 2772 contradiceret

253 2812 321 2864 ei.
374 2829 392 2861 ι
425 2809 581 2863 Lavit
608 2823 736 2879 ergo
764 2808 815 2862 in
845 2808 988 2874 vino,
1021 2809 1174 2863 idest
1206 2809 1258 2862 in
1297 2809 1558 2878 sanguine
1586 2825 1684 2863 suo
1716 2821 1827 2864 sto-

252 2900 366 2956 ltm
401 2916 554 2956 suam
579 2900 632 2952 in
664 2914 906 2968 vespera,
938 2909 992 2954 et
1024 2901 1196 2954 factus
1227 2909 1310 2953 est
1339 2900 1586 2953 mundus.
1614 2901 1678 2953 Et
1706 2903 1825 2956 inde

255 2993 512 3047 fortassis
543 3000 658 3046 erat
683 2991 794 3063 (58)
831 2993 972 3060 quod
1003 3003 1120 3060 post
1165 2992 1610 3046 resurrectionem
1644 2991 1824 3045 Mariae
1851 3023 1892 3079 ο

257 3085 461 3140 volenti
488 3084 648 3154 pedes
670 3084 786 3150 ejus
815 3091 1015 3148 tenere,
1047 3084 1257 3138 dicebat
1285 3083 1366 3138 "z
1403 3101 1420 3134 ι
1454 3084 1567 3138 Noli
1593 3101 1676 3140 me
1709 3096 1823 3139 tan-

254 3197 409 3253 gere.
438 3202 456 3233 ι
493 3182 582 3235 Vis
630 3190 812 3233 autem
847 3179 1022 3233 adhuc
1069 3182 1271 3245 videre,
1303 3191 1356 3234 ct
1409 3180 1568 3233 aliam
1595 3182 1820 3236 duarum

257 3275 494 3329 sortium
549 3270 1139 3326 formatniConsidera
1190 3273 1324 3327 duos
1365 3274 1504 3337 illos,
1551 3275 1641 3342 qui
1689 3285 1824 3326 tem-

255 3379 393 3434 pore
435 3364 612 3418 crucis
649 3361 765 3429 eius
807 3377 942 3414 unus
977 3377 1006 3414 a
1047 3363 1286 3429 dextris,
1329 3377 1382 3420 et
1428 3382 1564 3419 unus
1601 3384 1628 3418 a
1689 3368 1821 3420 sini-

253 3469 372 3510 stra
430 3454 545 3522 ejus
597 3459 966 3524 pependerunt
1012 3457 1270 3518 latrones,
1303 3466 1356 3510 et
1389 3457 1511 3510 vide
1539 3456 1682 3510 illum
1729 3457 1820 3525 qui

254 3548 619 3603 conﬁtebatur
649 3547 952 3615 Dominum,
978 3561 1176 3603 sortem
1208 3547 1409 3602 factum
1443 3562 1560 3602 esse
1583 3546 1816 3612 Domini,

255 3652 310 3694 et
367 3641 656 3694 abductum
718 3655 840 3695 esse
885 3643 1004 3695 sine
1050 3656 1196 3694 mora
1248 3640 1316 3692 ad
1372 3639 1711 3705 paradisum,
1761 3639 1821 3690 il-

258 3730 372 3784 lum
429 3745 561 3785 vero
605 3731 766 3784 alium
820 3731 1316 3801 blasphemantem,
1361 3739 1565 3784 sortem
1619 3727 1818 3784 factum

257 3822 426 3894 239
450 3837 570 3878 esse
593 3824 942 3892 apopompzci,
972 3825 1062 3892 qui
1091 3824 1141 3875 in
1186 3836 1424 3875 eretnum
1461 3821 1822 3875 abduceretur

257 3917 475 3971 interni.
514 3916 618 3969 Sed
646 3927 701 3970 et
731 3915 782 3970 in
813 3931 878 3970 eo
894 3919 1034 3986 quod
1058 3914 1273 3979 dicitur,
1302 3914 1428 3981 quia
1476 3913 1642 3966 allixit
1670 3913 1819 3968 cruci

255 4025 370 4064 sua:
399 4011 752 4078 principatus,
787 4020 842 4064 et
881 4017 1174 4080 potestates
1206 4007 1526 4070 contrarias,
1548 4017 1602 4060 et
1636 4009 1821 4062 trium-

257 4105 444 4171 phavit
465 4118 557 4157 eas
586 4102 651 4165 ‘°,
679 4115 878 4158 sortem
922 4106 976 4158 in
1015 4105 1094 4158 eis
1123 4102 1454 4172 apopomprei
1511 4101 1818 4171 complevit,

253 4205 312 4247 et
334 4204 590 4263 tanquam
629 4193 788 4249 homo
816 4205 1040 4262 paratus
1079 4197 1301 4249 abduxit
1331 4210 1424 4249 eas
1469 4193 1521 4248 in
1554 4209 1816 4248 erctnum.

259 4286 501 4355 Denique
547 4297 601 4340 et
640 4288 691 4341 in
738 4287 1031 4358 Evangelio
1071 4289 1324 4342 Dominus
1381 4287 1516 4341 dicit
1548 4288 1616 4349 ⁸⁷,
1678 4289 1807 4354 quia

261 4389 281 4422 ι
325 4389 446 4427 cum
478 4373 676 4428 exierit
707 4375 775 4428 de
804 4374 1021 4427 homine
1067 4374 1373 4428 immundus
1396 4373 1638 4442 spiritus,
1677 4371 1822 4426 vadit
1851 4374 1898 4431 ι)
1924 4383 2066 4436 enim
2119 4380 2246 4433 dicit
2275 4379 2318 4410 ⁵⁷
2357 4396 2372 4432 ς

257 4481 357 4535 per
378 4466 494 4520 loca
529 4466 762 4532 deserta,
792 4482 1035 4536 quaerens
1083 4467 1344 4536 requiem,
1401 4475 1456 4520 et
1503 4479 1610 4518 non
1665 4465 1817 4518 inve-

258 4559 358 4611 nit.
391 4578 413 4612 ›
454 4558 545 4613 Sic
574 4573 702 4628 ergo
724 4569 898 4628 potest
925 4569 981 4614 et
1010 4559 1261 4614 Salvator
1303 4566 1484 4610 noster
1523 4557 1681 4610 homo
1722 4571 1817 4625 pa-

256 4663 404 4707 ratus
438 4652 680 4723 intelligi,
711 4653 800 4722 qui
838 4667 1037 4708 sortem
1082 4651 1298 4717 quidem
1358 4649 1586 4713 Domini,
1635 4650 1820 4704 Eccle-

254 4747 392 4798 siant
421 4759 574 4798 suam
600 4745 805 4812 fecerit,
831 4759 1060 4812 eamque
1085 4744 1267 4797 divino
1287 4741 1620 4796 consecrarit
1642 4739 1817 4803 altari,

255 4847 454 4892 sortem
484 4851 613 4892 vero
642 4837 967 4906 ap0pompaei
992 4835 1294 4890 contrarias
1347 4832 1533 4888 fecerit
1580 4842 1818 4902 potesta-

257 4937 358 4992 tes,
381 4929 608 4998 Spiritus
639 4929 914 4999 nequitiae,
946 4937 1001 4982 et
1027 4927 1212 4981 mundi
1255 4926 1412 4993 hujus
1461 4934 1702 4981 rectores
1739 4935 1817 4979 te-

260 5021 549 5073 nebrarum
600 5019 812 5082 harum,
864 5032 1023 5088 quos,
1073 5019 1214 5073 sicut
1254 5017 1383 5071 dicit
1435 5015 1723 5084 Apostolus
1747 5015 1811 5082 ⁸⁸,

322 5112 370 5146 ⁵³
395 5113 553 5168 Joan.
578 5129 632 5182 γ,
663 5113 749 5168 14.
823 5114 869 5146 ⁸⁸
899 5113 1069 5169 Zach.
1117 5129 1199 5176 ιιι,
1250 5114 1274 5165 1
1313 5121 1367 5167 et
1389 5111 1444 5164 5.

259 5183 305 5214 "
339 5184 547 5239 Coloss.
631 5185 813 5246 11.14.
904 5187 948 5216 δ’
983 5185 1113 5238 Luc.
1170 5198 1324 5244 χχιιι,
1377 5183 1460 5235 45.

260 5252 304 5286 ⁸³
333 5252 490 5310 Joan.
521 5271 634 5322 χιιι,
671 5255 760 5311 55.
850 5254 894 5286 ⁵⁸
924 5253 968 5308 ll
999 5255 1123 5310 Cor.
1155 5270 1206 5320 v,
1237 5253 1323 5308 19.

329 5396 439 5467 (56)
480 5397 637 5464 Mss,
662 5414 682 5449 ι
718 5405 893 5453 sortes
921 5397 1055 5454 istas
1085 5395 1378 5465 excipiunt.
1421 5412 1440 5446 ι
1476 5391 1630 5447 Libb.
1659 5391 1812 5455 editi,

266 5485 284 5514 ι
321 5479 494 5520 sortes
530 5467 823 5536 accipiunt.
858 5485 878 5518 ι

327 5535 435 5604 (57)
477 5538 608 5594 Mss.
632 5533 932 5593 (mundus.
960 5555 978 5589 ι
1009 5535 1328 5598 Libb.editi,
1362 5553 1379 5584 t
1415 5533 1740 5587 immundus.
1785 5549 1803 5581 ι

327 5608 436 5675 (58)
528 5609 679 5662 Erat.
790 5607 1291 5675 Suppleturetnss.

328 5674 436 5740 (59)
466 5677 647 5731 Codex
679 5674 984 5744 Sangerm.,
1023 5695 1040 5727 t
1073 5678 1324 5730 contidite
1353 5674 1474 5742 quia
1507 5687 1623 5742 ego,
1661 5689 1678 5720 ι
1701 5678 1806 5722 etc.

1546 5111 1592 5142 ⁸⁸
1620 5088 1777 5165 εἰάτιιι.
1807 5113 1989 5176 xx,l7.

1544 5183 1588 5212 ⁸ο
1623 5181 1817 5234 Cenes.
1875 5186 2080 5247 Itl,_-2«l.

1412 5252 1456 5283 "
1479 5251 1686 5306 Coloss.
1716 5267 1755 5315 ι,
1783 5251 1870 5306 20.

1934 431 2243 497 semetipso.
2279 448 2297 478 ο
2339 427 2616 490 'l‘raduxit,
2659 417 2767 494 qu'o
2813 424 3086 488 traduxit,
3139 424 3242 478 nisi
3276 423 3342 477 ad
3375 439 3497 478 ere-

1935 536 2101 585 muut,
2128 523 2194 575 ad
2223 520 2336 573 loca
2369 517 2618 573 deserta?
2650 517 2802 570 Sicut
2830 515 2971 570 enim
3000 515 3075 570 illi
3095 518 3184 586 qui
3212 517 3491 572 confessus

1931 620 2035 676 est,
2068 612 2281 680 aperuit.
2305 610 2538 680 paradisi
2563 607 2778 673 januas,
2805 603 3152 660 dicendo“:t
3190 605 3359 660 llodie
3383 621 3496 660 me-

1932 718 2052 757 cmu
2087 704 2195 757 eris
2217 703 2268 755 in
2300 701 2570 770 paradiso,
2611 719 2630 750 ι
2669 710 2720 752 et
2744 713 2837 766 per
2875 698 2975 751 hoc
2997 697 3244 750 omnibus
3266 697 3495 751 creden—

1937 792 2583 853 tibus.etronlitentibus
2644 787 2977 857 ingrediendi
3039 787 3243 841 aditum
3325 789 3494 856 dedit,

1935 901 2094 954 quem
2126 888 2277 954 prius
2300 886 2469 938 Adam
2495 892 2748 952 peccante
2781 881 3144 937 concluserat.
3177 885 3310 952 Quis
3351 888 3494 940 enim

1934 978 2069 1029 alius
2105 977 2431 1046 rompltream
2458 977 2762 1029 ﬂammeam
2794 987 2848 1028 et
2880 979 3208 1042 versatilem,
3251 995 3374 1048 qua:
3402 996 3496 1048 ap-

1933 1071 2103 1137 posita
2156 1080 2237 1123 est
2287 1071 2561 1125 custodire
2623 1071 2824 1138 lignum
2863 1072 2985 1124 vita:
3039 1079 3092 1124 et
3136 1071 3280 1124 fores
3339 1087 3495 1138 para-

1933 1163 2031 1216 disi
2071 1162 2138 1228 ⁸ο,
2174 1171 2387 1230 poterat
2411 1162 2719 1216 dimovere?
2752 1163 2880 1227 Quis
2907 1161 3043 1214 alius
3059 1163 3337 1215 cherubim
3369 1178 3494 1230 per-

1933 1255 2075 1323 vigili
2101 1255 2378 1308 excubans
2413 1253 2660 1306 custodia
2699 1253 2912 1305 valebat
2943 1252 3348 1315 inﬂectere,nisi
3376 1255 3493 1320 ipse

1932 1345 2097 1408 solus,
2127 1345 2211 1397 cui
2249 1346 2370 1398 data
2405 1353 2486 1398 est
2533 1345 2709 1397 omnis
2769 1352 3004 1411 potestas
3053 1345 3106 1397 in
3157 1347 3298 1397 caelo
3351 1346 3493 1397 etin

1935 1450 2074 1492 terra
2099 1437 2184 1491 5‘?
2215 1438 2299 1501 Ut,
2328 1439 2568 1506 inquam,
2603 1447 2796 1504 praeter
2828 1438 3001 1504 ipsum
3035 1452 3192 1490 nemo
3223 1437 3357 1490 alius
3380 1437 3494 1492 haec

1933 1530 2110 1584 facere
2141 1531 2333 1598 potuit,
2366 1529 2434 1581 ita
2466 1527 2799 1596 principatus
2825 1536 2870 1579 et
2895 1537 3211 1595 potestates,
3237 1537 3291 1582 et
3319 1537 3496 1581 recto-

1933 1636 2019 1674 res
2053 1621 2256 1684 muudi,
2287 1635 2422 1688 quos
2459 1625 2739 1672 enumerat
2770 1618 3056 1686 Apostolus
3077 1621 3143 1684 ⁵³,
3174 1635 3332 1674 nemo
3356 1619 3496 1675 alius

1862 1691 1902 1744 Β
1934 1722 2141 1778 poterat
2169 1713 2521 1780 triumphare,
2549 1719 2600 1762 et
2629 1708 2900 1763 abducere
2923 1711 2974 1762 in
2999 1726 3236 1764 eremum
3273 1711 3492 1776 inferni,

1934 1807 2034 1858 nisi
2072 1807 2183 1872 ipse
2209 1806 2356 1858 solus
2395 1805 2484 1872 qui
2538 1805 2779 1857 dixit”:
2825 1821 2843 1852 ι
2894 1802 3161 1857 Conﬁdite
3207 1803 3342 1870 (59),
3393 1818 3492 1873 ego

1930 1899 2031 1950 vici
2084 1898 2362 1952 mundum.
2397 1916 2412 1947 ι
2443 1897 2644 1952 Idcirco
2679 1912 2810 1966 ergo
2851 1896 3216 1949 necessarium
3256 1896 3354 1948 fuit
3391 1897 3493 1950 Do-

1877 2020 1887 2027 »
1933 1989 2135 2042 miuum
2159 2000 2212 2042 et
2241 1989 2575 2042 Salvatoretn
2599 2005 2795 2050 meum,
2824 2004 2927 2041 non
2955 1989 3126 2042 solum
3159 1989 3298 2041 inter
3321 1988 3496 2041 homi-

1931 2095 2024 2134 nes
2051 2081 2320 2133 hominem
2361 2081 2530 2145 nasei,
2577 2079 2670 2132 sed
2725 2083 2886 2133 etiam
2932 2081 2998 2132 ad
3027 2076 3238 2132 inferna
3266 2079 3490 2132 descen-

1929 2173 2077 2236 dere,
2107 2181 2382 2224 utsortem
2409 2172 2733 2239 apopompazi
2768 2181 3020 2238 tanquam
3067 2169 3228 2222 homo
3274 2179 3493 2236 paratus

1930 2263 1982 2317 itt
2010 2277 2248 2316 eremum
2278 2261 2468 2315 inferni
2499 2263 2810 2324 deduceret,
2840 2270 3000 2328 atque
3035 2261 3156 2314 inde
3187 2275 3489 2328 regressus,

1930 2367 2094 2422 opere
2127 2361 2498 2407 consummato
2527 2352 2843 2406 ascenderet
2895 2351 2961 2403 ad
3018 2349 3249 2413 Patrem,
3310 2351 3491 2418 ibique

1929 2445 2138 2514 plenius
2165 2445 2305 2511 apud
2358 2444 2528 2497 altare
2565 2443 2931 2496 illudcceleste
2974 2440 3378 2511 pttrilicaretur,
3436 2451 3493 2495 ut

1927 2537 2111 2590 carnis
2138 2547 2335 2589 nostra:
2353 2534 2731 2602 piguns,qttod
2766 2547 2945 2587 secum
2977 2540 3259 2594 evexerat,
3303 2547 3492 2601 perpe-

1931 2637 2019 2680 tua
2045 2627 2278 2694 puritate
2301 2625 2548 2678 donaret.
2593 2623 2691 2676 llic
2718 2638 2845 2693 ergo
2871 2633 2952 2676 est
2989 2638 3146 2677 verus
3201 2623 3314 2677 dies
3367 2638 3490 2693 pro-

1929 2717 2241 2786 pitiationis,
2286 2732 2410 2770 cum
2465 2715 2786 2783 propitiatus
2827 2723 2910 2768 est
2968 2713 3106 2767 Deus
3153 2714 3489 2772 hominibus.

1929 2810 2081 2863 Sicut
2103 2819 2155 2862 et
2178 2809 2462 2876 Apostolus
2483 2808 2613 2862 dicit
2645 2805 2691 2837 ⁵⁸
2727 2826 2738 2859 :
2773 2824 2793 2856 ι
2823 2807 3086 2872 Quoniam
3113 2808 3254 2862 Deus
3287 2818 3401 2862 erat
3431 2825 3485 2863 ιιι

1928 2901 2161 2964 Christo,
2185 2901 2444 2953 mundum
2469 2899 2823 2953 reconcilians
2862 2898 2988 2952 sibi.
3036 2918 3054 2950 ι
3096 2900 3159 2952 Ει
3197 2900 3390 2952 iterum
3420 2899 3490 2953 de

1927 2993 2145 3047 Christo
2170 2993 2298 3046 dicit
2321 2993 2365 3024 ⁸⁵
2397 3009 2410 3044 :
2443 3014 2460 3043 ι
2494 2991 2792 3045 l’ariﬁcans
2828 3006 2924 3059 per
2955 2991 3271 3060 sanguinem
3314 2993 3492 3046 crucis

1930 3096 2059 3146 sum,
2097 3081 2209 3134 sive
2256 3097 2374 3148 qua:
2423 3081 2475 3133 in
2520 3080 2657 3134 cmlo
2677 3089 2823 3143 sunt,
2864 3080 2979 3136 sive
3009 3095 3128 3148 quae
3166 3080 3218 3133 in
3263 3090 3430 3134 terra.
3466 3101 3485 3133 ι

1928 3172 2209 3226 Mandatur
2235 3187 2362 3242 ergo
2404 3171 2454 3224 in
2491 3172 2625 3240 lege.
2673 3181 2728 3224 ut
2785 3172 2836 3223 in
2891 3171 2979 3232 die
3030 3172 3492 3239 repropitiationis

1927 3265 2103 3316 omnis
2148 3262 2373 3330 p0pu|us
2414 3261 2658 3314 humiliet
2698 3263 2933 3314 animant
2989 3277 3163 3316 suam.
3211 3262 3490 3328 Quomodo

1928 3355 2171 3408 httntiliet
2215 3355 2440 3422 populus
2487 3353 2722 3405 animam
2753 3367 2935 3418 suam,
2973 3353 3086 3420 ipse
3132 3353 3262 3409 dicit
3290 3371 3306 3408 ;
3338 3373 3356 3405 ι
3389 3356 3494 3410 γε.

1934 3449 2101 3509 nient,
2133 3446 2306 3514 inquit
2333 3445 2400 3508 ⁵⁸,
2429 3448 2560 3509 dies,
2615 3459 2739 3498 cum
2787 3446 3061 3500 auferetur
3095 3445 3164 3500 ab
3204 3447 3284 3500 eis
3327 3462 3490 3514 spon-

1925 3553 2038 3599 sus,
2081 3547 2138 3592 et
2185 3548 2310 3591 tunc
2351 3535 2675 3606 jejunabunt
2709 3537 2759 3590 in
2819 3537 2923 3590 illis
2970 3537 3181 3592 diebus.
3237 3557 3256 3590 ι
3302 3537 3490 3592 Plures

1924 3642 2053 3697 ergo
2112 3637 2347 3696 aguntur
2377 3627 2491 3680 dies
2529 3626 2653 3680 festi
2683 3625 2977 3679 secundum
3011 3624 3200 3693 legem.
3248 3624 3342 3679 Est
3367 3625 3490 3693 qui-

1925 3718 2045 3772 dam
2072 3715 2327 3770 solemnis
2358 3717 2472 3770 dies
2518 3717 2570 3770 in
2621 3731 2804 3771 mense
2831 3715 3026 3782 primo,
3066 3724 3226 3770 estet
3255 3717 3392 3770 alius
3434 3719 3486 3768 in

1924 3809 2184 3863 secundo.
2231 3808 2334 3863 Sed
2368 3817 2422 3861 et
2471 3809 2521 3861 in
2571 3822 2756 3862 mense
2802 3809 2976 3876 primo
3012 3808 3118 3861 alia
3172 3808 3490 3864 solemnitas

1924 3919 2164 3983 Paschte,
2211 3918 2314 3971 alia
2358 3933 2692 3988 azymorum,
2752 3918 2877 3973 licet
2923 3919 3209 3988 conjuncta
3246 3920 3492 3974 videatur

1922 4013 2130 4081 azymis
2153 4010 2375 4064 Pascha:
2403 4009 2738 4063 solemnitas.
2777 4009 3105 4079 Principium
3154 4011 3299 4066 enim
3352 4026 3486 4082 azy-

1923 4118 2134 4157 morum
2167 4102 2233 4155 ad
2263 4104 2419 4154 tinem
2470 4098 2693 4154 Pascha:
2731 4101 3100 4170 coniungitur.
3144 4100 3347 4156 Pascha
3393 4119 3491 4155 au-

1925 4206 2030 4250 tem
2060 4195 2147 4248 illc
2170 4193 2316 4246 solus
2340 4193 2455 4245 dies
2486 4191 2806 4259 appellatur,
2836 4192 2886 4245 in
2917 4209 3022 4261 quo
3073 4208 3245 4262 agnus
3285 4195 3488 4250 occidi-

1925 4299 2032 4344 tur.
2065 4286 2270 4354 Reliqui
2320 4300 2449 4338 vero
2479 4298 2790 4352 azymorum
2833 4285 2949 4338 dies
2985 4285 3347 4353 appellantur.
3395 4286 3485 4340 Sic

2411 4395 2430 4428 ι
2482 4377 2672 4431 Facies
2721 4376 3120 4430 solemnitatem
3171 4393 3483 4448 azymorum

1925 4480 2126 4540 septem
2180 4468 2388 4524 diebus.
2431 4487 2449 4520 ι
2481 4469 2603 4524 Haec
2632 4481 2762 4536 ergo
2791 4474 2873 4520 est
2927 4467 3100 4533 prima
3133 4467 3476 4521 soletnnitas.

1927 4561 2050 4617 Post
2087 4563 2217 4624 haec,
2253 4561 2426 4629 inquit
2467 4559 2533 4623 ⁸⁸,
2582 4577 2600 4609 ι
2665 4572 2786 4610 cum
2821 4557 3192 4610 demes-sueris
3253 4572 3480 4611 messem

1923 4664 2091 4716 tuam,
2110 4663 2165 4706 et
2192 4650 2610 4721 congregaveris
2630 4652 2938 4705 nativitates
2959 4664 3022 4701 ex
3043 4663 3174 4716 agro
3192 4655 3302 4710 tuo,
3321 4648 3486 4704 facies

1920 4745 2061 4799 diem
2083 4744 2272 4800 festum
2299 4745 2365 4798 de
2395 4744 2563 4798 initiis
2607 4743 2872 4796 fructuum
2913 4750 3148 4794 tuorum.
3182 4757 3200 4790 ι
3235 4739 3334 4806 Qui
3371 4739 3485 4794 dies

1921 4847 2002 4892 est
2025 4848 2146 4908 post
2174 4847 2379 4908 septem
2403 4837 2734 4906 septimanas
2776 4834 3014 4896 Pasclue,
3042 4833 3110 4887 'id
3155 4843 3237 4885 est
3293 4831 3486 4886 Pente-

1922 4940 2242 4994 coste,cum
2292 4931 2460 4984 etiam
2509 4926 2616 4981 dici
2660 4927 2901 4993 juliellll‘,
2947 4933 3002 4980 et
3039 4923 3323 4978 mundabis
3369 4922 3482 4994 (60)

1923 5030 2109 5073 sancta
2131 5018 2197 5074 de
2226 5019 2385 5073 domo
2413 5033 2551 5072 mea.
2599 5017 2726 5070 Post
2764 5016 2877 5068 lta'c
2932 5015 2984 5066 in
3027 5014 3256 5081 septimo
3303 5027 3484 5066 mense

2100 5115 2146 5146 ⁸⁸
2200 5115 2406 5168 Coloss.
2463 5128 2520 5174 ιι,
2569 5110 2652 5171 14.
2707 5109 2789 5164 15.
2892 5109 2936 5139 ⁴⁷
3005 5105 3192 5160 Matth.
3236 5121 3336 5169 xtl,
3389 5106 3480 5158 43.

1965 5186 2080 5255 ,9.4.
2184 5186 2227 5216 ⁵⁸
2262 5185 2447 5255 Matth.
2507 5195 2695 5255 x_x_\’l_tl,
2739 5181 2826 5255 18.
2925 5179 2969 5210 ⁵¹
3001 5179 3206 5255 Ephes.
3238 5193 3340 5255 __\'t._

1948 5246 1994 5289 υῖ
2023 5256 2214 5310 Matth.
2255 5271 2332 5316 Ix,
2368 5254 2455 5306 is.
2531 5253 2576 5283 ετ
2610 5251 2779 5304 Exod.
2813 5264 2968 5315 XXIII,
3000 5249 3086 5303 ιδ.
3163 5248 3208 5281 σε
3238 5247 3364 5300 una.
3393 5246 3478 5298 to.

1989 5389 2101 5458 (60)
2125 5388 2304 5442 Codex
2341 5384 2696 5458 San_g_ertn._ri_
2723 5390 2777 5435 et
2819 5380 3093 5458 mundavi_.
3126 5379 3293 5458 {Alii
3319 5392 3477 5458 mss,

1925 5482 1943 5514 ι
1974 5447 2285 5516 emendavi.
2321 5475 2339 5506 ι
2379 5447 2530 5506 Libb.
2569 5451 2720 5513 editi,
2753 5469 2772 5499 ‹
2820 5461 2870 5512 ει
2922 5451 3224 5503 mundabis.
3269 5467 3286 5500 ι
3341 5447 3477 5499 lnlra

1917 5535 2084 5586 codex
2122 5531 2430 5599 Sangertn.,
2464 5541 2482 5574 ι
2519 5523 2608 5576 ubi
2635 5531 2718 5578 est
2747 5531 2801 5576 et
2834 5536 2959 5575 arca
2990 5519 3286 5574 testimonii
3316 5527 3370 5572 et
3401 5519 3477 5570 al-

1919 5613 2052 5656 tare.
2098 5620 2115 5651 ι

2531 5253 2576 5283 ⁸⁷
2610 5251 2779 5304 Exod.
2813 5264 2968 5315 χχιιι,
3000 5249 3086 5303 15.
