4024 6146
562 212 673 281 515
1612 257 1630 281 ι

2002 221 2326 282 ORIGENIS

3702 220 3828 279 διο

562 341 686 396 aliae
716 347 949 412 aguntur
972 337 1370 395 sulemnitates.
1417 339 1599 396 Primo
1626 341 1712 395 dic
1748 343 1951 397 mensis
1998 339 2136 398 Neo-
2162 348 2206 403 Α
2239 350 2539 397 morantem
2573 342 2714 397 intra
2746 340 2943 397 Sancta
2968 348 3311 409 sanctorum,
3349 351 3407 399 et
3435 338 3566 399 eﬁici
3604 344 3666 400 in
3697 361 3826 401 sor-

565 435 743 489 menia
771 434 1041 495 tubarum,
1068 432 1210 488 sicut
1239 434 1440 489 dicitur
1479 436 1533 489 in
1563 434 1779 489 Psalmo
1807 433 1857 468 ⁸⁸
1887 447 1904 487 :
1932 453 1951 486 ‹
1981 433 2129 488 Tuba

559 526 746 581 canite
785 526 839 579 in
885 526 1043 581 initio
1094 528 1298 582 mensis
1336 526 1499 583 tubae.
1534 546 1555 579 ι
1595 526 1813 581 Decima
1872 541 2003 581 vero
2047 527 2133 582 die

562 617 776 687 septimi
803 617 1003 672 mensis
1042 628 1128 674 est
1159 618 1481 674 solemnitas
1533 619 2022 689 repropitiationis.
2068 618 2129 674 In

565 710 667 763 hac
688 708 800 763 sola
830 709 918 765 die
935 710 1173 779 pontifex
1191 711 1436 765 induitur
1455 711 1710 766 omnibus
1734 711 2134 780 pontiﬁcalibus

565 803 918 871 indumentis,
951 813 1079 859 tunc
1108 804 1351 858 induitur
1374 804 1866 859 manifestationem
1913 815 1968 859 et
1990 806 2132 861 veri—

566 899 750 955 tatem.
784 900 914 948 tunc
962 894 1268 965 ingreditur
1310 895 1376 948 ad
1427 894 1518 948 illa
1562 893 1983 960 inaccessibilia,
2021 911 2129 965 quo

564 983 732 1037 semel
764 986 817 1037 ln
851 999 995 1040 anno
1033 986 1216 1041 accedi
1271 987 1648 1041 tantummodo
1676 986 1827 1053 licet,
1858 986 1914 1041 id
1954 996 2039 1041 est
2073 987 2125 1041 in

565 1072 765 1128 Sancta
801 1084 1133 1130 sanctorum.
1202 1076 1383 1132 Semel
1437 1078 1580 1132 enim
1622 1078 1675 1132 iu
1705 1092 1846 1133 anno
1893 1079 2135 1149 pontifex

565 1166 817 1234 populum
867 1167 1269 1237 derelinquens,
1315 1170 1630 1237 ingreditur
1661 1171 1726 1224 ad
1762 1170 1908 1224 illum
1957 1172 2133 1227 locum

566 1257 655 1311 ubi
687 1267 767 1313 est
798 1261 1320 1330 repropitiatorium,
1349 1271 1402 1315 et
1431 1276 1596 1332 super
1632 1264 2132 1333 repr0pitiatorium

566 1349 866 1416 cherubim,
919 1350 1006 1405 ubi
1048 1363 1130 1407 est
1157 1361 1357 1408 etarca
1400 1355 1729 1419 testamenti,
1770 1363 1826 1409 et
1858 1356 2031 1411 altare
2053 1356 2134 1410 in-

568 1440 714 1494 censi
742 1440 877 1508 (6i),
909 1455 1016 1508 quo
1055 1443 1187 1495 nulli
1223 1443 1450 1497 introire
1490 1442 1571 1513 fas
1601 1454 1704 1509 est,
1742 1446 1844 1498 nisi
1894 1445 2133 1515 pontiﬁci

568 1529 693 1584 soli.
727 1530 784 1583 Si
812 1545 942 1600 ergo
978 1534 1324 1587 considerem
1379 1548 1568 1587 verum
1614 1535 1922 1604 pontiﬁcem
1955 1552 2133 1592 meum

571 1622 849 1676 Dominum
883 1621 1064 1679 Jesum
1096 1625 1395 1689 Christum,
1428 1630 1698 1696 quomodo
1727 1630 1778 1682 in
1811 1645 1978 1684 carne
2013 1632 2136 1701 qui-

567 1716 687 1769 dem
720 1717 946 1784 positus,
989 1732 1085 1786 per
1115 1727 1286 1772 totum
1340 1735 1540 1772 annum
1596 1729 1715 1773 erat
1764 1735 1883 1774 cum
1916 1723 2131 1791 populo,

568 1822 770 1861 annum
804 1808 973 1873 illum,
1009 1810 1074 1863 de
1104 1823 1209 1879 quo
1241 1810 1357 1881 ipse
1403 1810 1534 1865 dicit
1566 1811 1654 1867 °°:
1691 1830 1710 1862 ι
1746 1811 2137 1880 Evangelizare

570 1898 898 1965 pauperibus
941 1897 1084 1951 misit
1111 1913 1218 1962 me,
1246 1908 1301 1952 et
1334 1913 1530 1954 vocare
1562 1914 1759 1953 annum
1806 1900 2012 1955 Domini
2049 1918 2137 1956 ac-

566 1998 807 2058 ceptum,
841 1998 898 2043 et
936 1989 1075 2042 diem
1117 1989 1489 2053 remissionis,
1529 2010 1547 2042 ι
1594 1992 1818 2046 adverte
1865 1994 2136 2061 quomodo

569 2077 738 2132 semel
767 2078 818 2131 in
847 2093 988 2132 anno
1021 2079 1147 2143 isto,
1189 2080 1243 2133 in
1288 2080 1375 2135 die
1401 2080 1863 2151 repropitiationis
1892 2084 2056 2139 intrat
2083 2086 2135 2140 in

570 2168 770 2226 Sancta
797 2179 1129 2236 sanctorum,
1160 2171 1261 2225 hoc
1282 2182 1385 2238 est,
1414 2187 1541 2228 cum
1582 2175 1801 2244 impleta
1850 2178 2136 2248 dispensa-

573 2261 721 2314 tione
751 2269 999 2328 penetrat
1026 2262 1212 2325 rmlos,
1245 2272 1299 2316 et
1331 2264 1500 2319 intrat
1540 2267 1607 2318 ad
1639 2266 1879 2334 Patrem,
1917 2279 1976 2322 ut
2013 2285 2135 2324 eum

572 2352 860 2420 propitium
912 2352 1145 2407 humano
1195 2356 1381 2421 generi
1434 2356 1617 2421 faciat,
1673 2367 1728 2412 et
1795 2369 1986 2414 exoret
2037 2376 2137 2430 pro

569 2444 819 2499 omnibus
848 2446 1188 2500 credentibus
1230 2445 1285 2499 in
1325 2460 1404 2500 se.
1451 2447 1602 2504 Hauc
1634 2452 2135 2520 rcpropitiationem

569 2539 689 2604 ejus
737 2552 840 2605 qua
907 2539 1216 2594 hominibus
1275 2541 1597 2611 repropitiat
1646 2543 1890 2609 Patrem,
1945 2537 2136 2601 sciens

574 2626 807 2686 Joannes
850 2631 1124 2699 apostolus
1169 2632 1303 2687 dicit
1338 2633 1383 2663 ⁶¹
1419 2651 1436 2689 :
1472 2652 1490 2684 ι
1526 2633 1649 2689 Haec
1698 2638 1840 2703 dico,
1877 2636 2046 2703 ﬁlioli,
2081 2648 2138 2693 ut

569 2736 679 2776 non
710 2738 1011 2791 peccemus.
1047 2724 1203 2791 Quod
1247 2732 1304 2777 et
1341 2724 1387 2778 si
1428 2726 1855 2793 peccaverimus.
1901 2729 2136 2785 advoca-

574 2822 687 2866 tum
748 2816 1015 2870 habemus
1077 2818 1217 2886 apud
1279 2814 1522 2883 Patrem,
1582 2817 1763 2873 Jesum
1818 2818 2138 2887 Christum,

570 2906 813 2967 justum,
855 2913 910 2954 et
948 2902 1064 2972 ipse
1102 2914 1187 2960 est
1225 2910 1599 2979 repmpitiatio
1637 2929 1737 2983 pro
1773 2917 2009 2984 peccatis
2048 2935 2149 2974 no-

570 2991 720 3045 stris.
760 3013 779 3044 ι
817 2994 923 3052 Sed
955 3008 1009 3053 et
1039 3000 1240 3056 Paulus
1279 3003 1529 3059 similiter
1567 3007 1633 3061 de
1680 3009 1781 3064 bac
1828 3012 2209 3089 repropitia-C

571 3085 720 3139 tione
741 3104 1147 3161 commemorat,
1180 3112 1303 3151 cum
1330 3099 1460 3154 dicit
1485 3101 1552 3156 de
1577 3101 1792 3158 Christo
1817 3105 1860 3135 ⁶²
1885 3125 1897 3159 :
1931 3125 1948 3157 ι
1977 3106 2148 3173 Quem

570 3183 753 3253 posuit
791 3184 934 3238 Deus
982 3188 1389 3256 propitiatorem
1433 3193 1542 3264 (62)
1584 3196 1639 3249 in
1678 3199 1940 3270 sanguine
1977 3201 2148 3272 ipsius

568 3291 668 3345 per
700 3276 882 3333 ﬁdem.
922 3297 941 3328 ι
976 3278 1143 3350 Igitur
1174 3282 1293 3337 dies
1334 3286 1731 3355 propitiationis
1768 3302 1951 3348 manet
1990 3295 2146 3351 nobis

567 3388 848 3444 usquequo
872 3376 1081 3432 occidat
1102 3380 1200 3442 sol,
1230 3380 1285 3436 id
1310 3392 1392 3437 cst
1420 3399 1699 3455 usquequo
1723 3388 1882 3443 ﬁnem
1909 3392 2145 3449 mundus

565 3467 813 3537 accipiat.
854 3467 1070 3526 Stamus
1107 3474 1251 3529 enim
1289 3492 1391 3531 nos
1430 3496 1528 3547 pro
1566 3480 1790 3547 foribus,
1832 3486 2142 3554 operientes

572 3561 881 3624 pontificem
942 3574 1181 3616 nostrum
1246 3578 1673 3623 commorantem
1735 3571 1877 3625 intra
1937 3572 2138 3629 Sancta

571 3659 903 3718 sanctorum,
937 3654 987 3707 id
1016 3664 1099 3709 est
1148 3658 1286 3724 apud
1317 3657 1558 3724 Patrem,
1583 3672 1636 3715 et
1679 3674 1992 3719 exorantem
2039 3682 2139 3731 pro

569 3746 803 3810 peccatis
827 3761 1034 3814 eorum,
1081 3749 1170 3817 qui
1223 3765 1281 3804 se
1341 3763 1681 3821 exspectant,
1728 3770 1831 3809 non
1884 3772 1982 3824 pro
2020 3774 2135 3813 om-

567 3835 718 3889 nium
742 3840 978 3906 peccatis
1012 3852 1349 3894 exorantem.
1395 3841 1507 3896 Non
1552 3844 1696 3896 enim
1736 3845 1899 3917 240
1942 3856 2136 3902 exorat

566 3940 666 3996 pro
694 3930 802 3995 his,
833 3932 923 3999 qui
962 3932 1014 3985 in
1045 3943 1245 3987 sortem
1280 3935 1501 3989 veniunt
1523 3936 1639 4007 ejus
1672 3938 1831 4006 hirci,
1854 3942 1943 4009 qui
1975 3941 2137 3996 emit-

571 4018 702 4071 titur
729 4020 780 4072 in
811 4019 1112 4075 desertum.
1150 4021 1254 4077 Pro
1278 4022 1383 4077 illis
1413 4035 1604 4079 exorat
1627 4035 1855 4094 tantum,
1891 4030 1980 4096 qui
2008 4038 2138 4085 sunt

567 4124 686 4163 sors
715 4111 940 4173 Domini,
972 4113 1060 4179 qui
1079 4128 1197 4167 eum
1217 4131 1314 4184 pro
1334 4117 1542 4172 foribus
1567 4122 2010 4191 exspectant,qui
2031 4138 2135 4176 non

568 4203 828 4257 recedunt
860 4218 890 4254 a
924 4203 1141 4273 templo,
1195 4205 1416 4276 jejuniis
1458 4218 1510 4262 et
1543 4211 1881 4265 orationibus
1938 4228 2138 4266 vacan-

571 4303 674 4346 tes.
703 4295 784 4346 An
813 4303 864 4346 tu
901 4302 1079 4362 putas,
1110 4296 1200 4363 qui
1226 4297 1312 4349 vix
1342 4297 1534 4353 diebus
1556 4297 1708 4354 festis
1749 4301 1815 4354 ad
1849 4301 2134 4356 ecclesiam

568 4386 740 4450 venis,
778 4399 877 4439 nec
906 4384 1149 4438 intentus
1193 4400 1251 4440 es
1302 4388 1369 4442 ad
1421 4391 1689 4446 audienda
1725 4394 1888 4449 verba
1930 4393 2137 4461 divina,

568 4493 667 4532 nec
700 4479 794 4531 das
829 4491 1045 4544 operam
1073 4478 1142 4530 ad
1182 4478 1450 4547 implenda
1483 4485 1758 4548 mandata,
1787 4488 1931 4554 quod
1958 4488 2135 4556 possit

568 4585 688 4625 sors
740 4569 949 4624 Domini
1009 4570 1194 4625 venire
1233 4586 1399 4642 super
1443 4574 1533 4628 te?
1576 4574 1840 4645 Optamus
1871 4586 2050 4633 tamen
2076 4590 2135 4634 ut

569 4663 651 4717 vel
689 4663 772 4718 bis
796 4662 997 4717 auditis
1029 4680 1250 4735 operam
1293 4666 1459 4729 detis,
1486 4682 1590 4720 non
1617 4669 1788 4722 solum
1830 4669 1883 4722 in
1904 4670 2135 4726 ecclesia

570 4756 763 4810 audire
792 4758 953 4812 verba
991 4758 1102 4819 Dei,
1139 4760 1232 4812 sed
1258 4767 1312 4812 et
1351 4758 1403 4812 in
1448 4758 1700 4813 domibus
1732 4762 1932 4816 vestris
1973 4777 2135 4817 exer-

568 4854 674 4905 ceri
732 4859 787 4904 et
824 4852 1072 4905 meditari
1115 4852 1171 4905 in
1203 4852 1320 4922 lege
1372 4851 1581 4905 Domini
1633 4852 1719 4907 die
1766 4869 1832 4909 ac
1872 4864 2050 4921 nocte,
2082 4866 2138 4912 et

569 4942 638 4996 ibi
674 4941 816 4996 enim
849 4941 1096 4997 Christus
1116 4950 1221 5008 est,
1253 4951 1307 4996 et
1331 4941 1533 5011 ubique
1580 4943 1734 4996 adest
1766 4947 2137 5012 quaerentibus

565 5051 647 5092 se.
679 5035 963 5105 Propterea
1001 5050 1235 5105 namque
1278 5034 1570 5090 mandatur
1599 5036 1653 5089 in
1687 5036 1831 5105 lege,
1867 5045 1927 5090 ut
1967 5040 2140 5092 medi—

570 5134 749 5180 temur
788 5139 908 5179 eam
934 5138 1057 5179 cum
1088 5123 1233 5180 imus
1270 5125 1322 5177 in
1369 5124 1473 5189 via,
1526 5132 1581 5177 et
1630 5138 1750 5178 cum
1785 5125 2034 5179 sedemus
2083 5128 2135 5181 in

566 5220 747 5282 domo,
776 5225 831 5272 et
860 5216 1108 5285 jacemus
1149 5216 1202 5271 in
1229 5214 1421 5282 cubili,
1476 5224 1532 5270 et
1579 5231 1702 5270 cum
1756 5217 2133 5287 exsurgimus;

564 5317 619 5363 et
659 5309 759 5361 hoc
790 5316 892 5371 eet,
925 5320 1052 5360 vere
1079 5321 1177 5374 pro
1223 5305 1427 5359 foribus
1470 5315 1791 5375 exspectare
1824 5308 2132 5375 pontiﬁcem

633 5398 680 5432 ”
704 5397 822 5453 Psal
847 5412 1010 5468 Lxxx,
1042 5397 1098 5451 4.

563 5484 677 5536 xvi,
724 5469 814 5523 12.

636 5557 746 5629 (6t)
796 5556 983 5629 Altare
1033 5555 1267 5629 incensi;
1299 5554 1435 5610 solet
1500 5554 1769 5613 collocare
1823 5556 1878 5613 in
1924 5555 2127 5614 Sancto

561 5626 893 5683 sanetornm.
919 5628 1081 5683 Atqui
1117 5626 1311 5680 eratin
1348 5636 1559 5681 sancto.

636 5698 747 5769 (ϋέ)
782 5695 963 5754 Codex
1000 5695 1305 5770 Sangerm.,
1332 5716 1350 5749 ι
1388 5699 1844 5769 propitiatot'ium.
1888 5717 1909 5753 ι

2235 444 2340 489 tem
2368 435 2601 491 Domini.

2302 526 2356 580 6.
2391 525 2542 592 Quod
2581 536 2759 582 autem
2797 526 3025 581 dicimus
3058 525 3127 581 de
3176 535 3349 592 sorte,
3381 542 3488 582 non
3527 528 3611 582 sic
3665 528 3826 583 acci-

2233 614 2342 683 piat
2365 617 2599 680 auditor,
2622 619 2776 686 quasi
2802 634 2923 675 sors
2949 616 3072 672 talis
3095 616 3275 686 aliqua
3304 616 3538 681 dicatur,
3559 633 3693 688 quae
3736 619 3829 673 in—

2234 714 2315 761 ter
2340 706 2583 763 homines
2616 724 2778 773 casn,
2814 720 2869 764 et
2922 724 3028 763 non
3069 708 3276 778 judicio
3327 709 3415 779 agi
3458 709 3618 765 solet.
3682 710 3826 766 Sors

2236 798 2446 854 Domini
2495 800 2566 854 ita
2613 801 2929 870 accipienda
2974 810 3079 865 est,
3123 810 3378 868 tanquam
3436 801 3481 854 si
3527 802 3826 856 diceretur

2233 890 2426 945 electio
2465 890 2698 957 Domini,
2738 894 2818 947 vel
2852 906 2980 961 pars
3025 893 3271 956 Domini;
3320 899 3375 946 et
3421 907 3640 946 rursum
3696 909 3825 950 sors

2234 979 2351 1048 ejus
2382 980 2473 1048 qui
2512 982 2565 1035 in
2607 997 2846 1037 eremum
2885 983 3120 1038 mittitur
3155 984 3590 1053 accipiendaest
3643 983 3826 1042 veluti

2234 1088 2361 1142 pars
2387 1073 2475 1128 illa
2502 1088 2622 1143 quae
2657 1090 2754 1144 pro
2787 1075 3105 1145 indignitate
3145 1076 3231 1132 sui
3264 1091 3295 1129 a
3335 1075 3566 1131 Domino
3597 1078 3825 1147 sperni-

2237 1172 2324 1217 tur
2357 1174 2413 1218 et
2465 1166 2735 1231 abjicitur.
2794 1166 2962 1238 Magis
3007 1169 3154 1223 enim
3200 1179 3256 1224 et
3297 1185 3480 1225 sermo
3514 1171 3634 1239 ipse
3688 1185 3828 1240 apo—

2235 1256 2488 1325 pompzei,
2515 1257 2709 1326 abjecti
2757 1268 2810 1312 et
2842 1257 3061 1314 refutati
3102 1261 3519 1329 signiﬁcantiam
3543 1262 3825 1315 continet.

2237 1346 2315 1400 Ex
2364 1362 2472 1415 quo
2521 1364 2810 1417 possumus
2853 1352 3017 1407 etiam
3068 1354 3196 1407 illud
3261 1354 3592 1424 intelligere,
3659 1352 3823 1411 verbi

2234 1439 2430 1508 gratia,
2457 1442 2701 1495 ascendit
2727 1443 2779 1496 in
2810 1457 2908 1498 cor
2931 1452 3084 1499 tuum
3115 1444 3256 1498 mala
3289 1444 3568 1514 cogitatio,
3601 1458 3825 1499 concu-

2238 1532 2499 1600 piscentia
2529 1533 2771 1588 mulieris
2809 1534 3019 1600 alienae,
3061 1545 3151 1589 aut
3193 1535 3385 1590 vicinae
3421 1536 3826 1605 possessionis,

2238 1625 2477 1696 intellige
2506 1628 2691 1681 statim
2718 1627 2860 1682 hanc
2900 1643 3023 1683 esse
3057 1628 3124 1683 de
3152 1637 3298 1684 sorte
3326 1630 3693 1698 apOpompzei,
3727 1630 3825 1683 ab-

2232 1719 2345 1789 jice
2373 1717 2681 1781 confestim,
2725 1728 2779 1773 et
2821 1720 3027 1790 expelle
3058 1721 3125 1776 de
3175 1721 3340 1775 corde
3380 1732 3492 1775 tuo.
3530 1721 3825 1788 Quomodo

2239 1812 2475 1878 abjicis?
2507 1811 2564 1866 Si
2589 1812 2788 1867 habeas
2836 1822 3013 1867 tecum
3059 1814 3229 1882 parati
3283 1813 3516 1868 hominis
3561 1829 3823 1880 manum,

2240 1905 2291 1960 id
2317 1916 2419 1967 est,
2453 1906 2496 1959 si
2550 1905 2713 1960 lectio
2740 1904 2918 1959 divina
2946 1907 3018 1959 sit
3065 1907 3118 1959 in
3148 1907 3397 1960 manibus
3431 1906 3560 1970 tuis,
3584 1914 3647 1960 et
3680 1920 3824 1973 prm-

2240 2007 2394 2066 cepta
2429 1996 2525 2051 Dei
2575 2007 2704 2050 ante
2747 1996 2934 2051 oculos
2966 1997 3289 2062 habeantur,
3336 2009 3464 2053 tunc
3497 2013 3624 2053 vere
3660 1998 3819 2052 inve—

2240 2090 2409 2144 nieris
2435 2100 2652 2159 paratus
2678 2090 2741 2143 ad
2782 2088 3083 2156 abiicienda
3126 2100 3182 2144 et
3219 2090 3525 2160 repellenda
3559 2105 3654 2155 ea,
3699 2104 3824 2160 qua:

2240 2193 2367 2237 sunt
2424 2184 2587 2242 sortis
2645 2182 2852 2236 alienae.
2905 2181 3011 2237 Sed
3052 2193 3106 2237 et
3150 2183 3229 2236 ira
3275 2183 3316 2237 si
3345 2182 3594 2237 ascendit
3630 2182 3694 2235 in
3727 2196 3825 2236 cor

2240 2284 2413 2338 tuum,
2437 2275 2482 2328 si
2517 2274 2689 2340 zelus,
2715 2275 2758 2330 si
2793 2275 3017 2339 invidia,
3064 2277 3112 2330 si
3137 2276 3340 2329 malitia
3372 2275 3439 2330 ad
3464 2273 3826 2344 supplantan-

2240 2367 2363 2421 dum
2394 2366 2641 2433 fratrem,
2672 2380 2901 2439 paratus
2931 2380 3046 2426 esto
3072 2381 3129 2424 ut
3154 2368 3379 2438 abjicias
3412 2384 3495 2434 ea,
3526 2378 3582 2423 et
3624 2366 3822 2437 expel-

2240 2455 2342 2519 las,
2384 2465 2440 2511 et
2486 2458 2705 2511 emittas
2755 2460 2808 2513 in
2845 2476 3110 2515 eremum.
3159 2458 3215 2514 Si
3276 2475 3403 2514 vero
3451 2460 3726 2513 ascendat
3766 2459 3820 2513 in

2240 2559 2337 2600 cor
2387 2556 2534 2600 tuum
2618 2550 2860 2619 cogitare
2904 2565 3022 2618 quae
3058 2552 3149 2608 Dei
3202 2561 3349 2614 sunt,
3385 2551 3452 2605 de
3498 2550 3816 2605 misericor-

2242 2637 2348 2703 dia,
2382 2636 2701 2706 dejustitia,
2735 2641 2803 2695 de
2836 2643 3058 2710 pietate,
3091 2643 3158 2697 de
3199 2657 3354 2711 pace,
3397 2643 3511 2696 haec
3555 2645 3622 2696 de
3672 2652 3823 2698 sorte

2241 2740 2366 2784 sunt
2409 2731 2642 2797 Domini,
2687 2733 2800 2788 lucc
2835 2733 3134 2788 offeruntur
3183 2735 3249 2787 ad
3305 2734 3492 2800 altare,
3543 2734 3665 2787 haec
3695 2749 3820 2803 pon-

2242 2821 2373 2876 tifex
2423 2823 2684 2892 suscipit,
2734 2833 2791 2879 et
2833 2825 2884 2878 in
2941 2826 3026 2880 bis
3088 2825 3405 2880 reconciliat
3473 2825 3567 2879 tibi
3619 2823 3814 2877 Deum.

2241 2911 2532 2982 Propterea
2557 2929 2688 2983 ergo
2728 2924 2783 2969 et
2819 2917 2864 2971 is
2914 2916 3007 2985 qui
3068 2918 3215 2986 ejicit
3262 2932 3383 2970 eum
3429 2917 3480 2970 in
3526 2933 3635 2987 quo
3694 2931 3813 2972 sors

2243 3008 2574 3075 apopompaei
2600 3015 2703 3070 est,
2746 3008 2850 3063 hoc
2881 3018 2964 3061 est
2999 3008 3167 3063 malas
3210 3009 3585 3077 cogitationes,
3637 3007 3812 3061 malas

2244 3095 2590 3166 cupiditates,
2616 3113 2721 3152 non
2750 3109 2834 3153 est
2859 3099 3020 3154 homo
3046 3100 3217 3170 piger,
3264 3116 3364 3154 nec
3388 3110 3691 3168 occupatus
3729 3112 3816 3153 ne-

2236 3189 2396 3255 gotiis
2462 3189 2833 3254 saecularibus,
2876 3193 2968 3245 sed
3012 3202 3232 3261 paratus
3272 3206 3374 3259 est,
3419 3203 3473 3247 et
3508 3202 3814 3263 promptus,

2237 3293 2300 3332 ac
2323 3279 2586 3347 vigilans;
2625 3282 2715 3351 qui
2746 3283 2962 3337 etiamsi
2983 3285 3301 3339 sordescere
3334 3287 3580 3339 videatur
3613 3301 3716 3354 pro
3738 3299 3802 3340 eo

2236 3372 2379 3438 quod
2419 3372 2710 3440 contigerit
2765 3375 3124 3440 immundum,
3181 3375 3382 3429 laVabit
3410 3377 3597 3433 statim
3631 3376 3806 3431 vesti-

2237 3476 2417 3519 menta
2450 3480 2572 3529 sua,
2602 3474 2657 3519 et
2679 3467 2783 3518 erit
2817 3467 3062 3521 mundus.
3091 3468 3244 3533 Quod
3283 3467 3585 3538 intelligere
3617 3483 3812 3537 possu-

2241 3573 2365 3611 mus
2387 3568 2651 3626 quautum
2695 3559 2761 3611 ad
2797 3573 3236 3629 unumquemque
3276 3572 3518 3615 nostrum
3555 3561 3811 3629 pertinet,

2238 3650 2535 3704 secundum
2565 3650 2824 3703 moralem
2857 3650 3056 3717 locum,
3089 3666 3210 3705 esse
3236 3651 3509 3705 hominem
3536 3663 3812 3721 paratum,

2239 3743 2501 3794 rationem
2533 3740 2702 3807 ipsam
2731 3756 2850 3809 quae
2889 3742 3032 3795 intra
3068 3756 3166 3796 nos
3201 3752 3304 3806 est,
3340 3758 3436 3812 per
3483 3758 3645 3811 quam
3694 3745 3812 3798 dis-

2237 3833 2409 3886 cretio
2440 3831 2595 3886 nobis
2626 3832 2749 3886 boui
2776 3833 3015 3902 malique
3042 3846 3146 3897 est,
3179 3850 3296 3903 quae
3327 3834 3489 3889 etiam
3516 3836 3559 3888 si
3592 3837 3813 3892 videtur
3843 3828 3848 3832 ’

2236 3924 2551 3978 sordeseere
2590 3923 2718 3977 dum
2757 3925 3051 3988 discernit,
3093 3935 3147 3979 et
3190 3936 3485 3994 pertractat
3529 3929 3643 3996 ipsa
3689 3943 3809 3999 quae

2243 4014 2382 4070 mala
2409 4024 2562 4081 sunt;
2594 4024 2773 4070 tamen
2802 4018 2847 4071 si
2872 4034 2934 4071 ea
2970 4017 3213 4086 abjiciat,
3238 4029 3292 4072 et
3311 4020 3546 4089 expellat
3571 4035 3600 4073 a
3629 4022 3809 4086 corde,

2241 4122 2308 4161 ac
2360 4106 2548 4176 procul
2583 4106 2804 4175 eﬁ'uget,
2855 4117 2982 4162 time
3038 4108 3355 4165 melioribus
3390 4110 3810 4179 cogitationibus

2239 4199 2390 4253 velut
2431 4198 2716 4267 puriﬁcata
2752 4214 2816 4253 ac
2853 4198 3045 4263 diluta,
3086 4200 3286 4254 munda
3333 4200 3606 4255 videbitur
3644 4203 3811 4255 ratio-

2241 4292 2437 4346 nabilis
2466 4307 2641 4349 mens.
2676 4292 2785 4347 Nec
2811 4307 2947 4347 sane
2979 4293 3211 4355 mireris,
3247 4294 3386 4362 quod
3414 4294 3575 4347 etiam
3600 4295 3669 4347 ad
3694 4309 3815 4363 per-

2170 4388 2214 4444 D
2245 4402 2432 4442 sonam
2458 4388 2759 4442 Salvatoris
2789 4386 3052 4441 traximus
3085 4387 3229 4441 hunc
3269 4389 3358 4457 qui
3407 4388 3555 4457 ejicit
3578 4388 3807 4452 hircum,

2241 4489 2297 4535 et
2326 4480 2627 4550 expellitin
2655 4495 2925 4544 eremum,
2969 4481 3096 4549 quia
3151 4479 3352 4533 dicitur
3407 4479 3589 4533 lavare
3648 4479 3809 4533 vesti-

2241 4582 2419 4626 menta
2446 4588 2563 4637 sua,
2588 4582 2643 4627 et
2673 4572 2790 4626 ﬁeri
2839 4573 3089 4636 mundus,
3119 4581 3344 4642 propter
3379 4571 3506 4626 illud
3548 4573 3692 4641 quod
3737 4571 3809 4625 le-

2237 4664 2417 4736 gimus
2463 4666 2516 4719 in
2561 4664 2823 4734 propheta
2867 4664 2974 4717 dici
3030 4664 3096 4717 de
3155 4663 3407 4729 Domino,
3453 4664 3596 4718 sicut
3644 4678 3802 4733 supra

2235 4756 2471 4811 diximus
2499 4776 2510 4811 :
2542 4775 2559 4807 σ
2600 4756 2664 4810 Ει
2709 4756 2818 4810 vidi
2860 4755 3042 4810 Jcsutn
3070 4757 3405 4810 sacerdotem
3439 4770 3690 4822 magunum
3727 4757 3806 4809 in-

2239 4849 2426 4904 dutum
2455 4850 2780 4904 vestimenta
2815 4852 3032 4905 sordida
3066 4849 3133 4902 ⁶³.
3173 4867 3192 4900 ι
3229 4848 3380 4915 Quod
3412 4848 3455 4901 si
3498 4849 3685 4918 utique
3714 4860 3807 4915 pro

2241 4941 2614 5008 assumptione
2674 4941 2858 4996 carnis
2912 4943 3023 4997 dici
3088 4943 3179 5013 pie
3228 4941 3588 5010 intelligitur,
3639 4940 3801 4994 etiam

2234 5031 2323 5086 hic
2365 5033 2417 5085 in
2448 5032 2692 5088 lavandis
2724 5034 3065 5089 vestimentis
3110 5041 3290 5103 potest
3345 5047 3411 5087 ea
3454 5032 3627 5101 ﬁgura
3685 5044 3800 5086 ser~

2237 5126 2347 5178 vari
2378 5126 2513 5194 (63).

2305 5217 2360 5271 7.
2397 5219 2684 5275 Videamus
2733 5231 2857 5292 post
2899 5221 3015 5275 haec
3064 5233 3184 5287 quae
3230 5229 3358 5273 sunt
3398 5232 3518 5289 quae
3569 5214 3801 5289 pontifex

2238 5308 2403 5364 faciat
2437 5327 2450 5362 :
2497 5329 2516 5363 ι
2552 5312 2616 5366 Ει
2639 5323 2835 5375 sumet,
2861 5313 3039 5381 inquit
3065 5312 3132 5378 “,
3164 5311 3387 5382 plenum
3411 5308 3654 5364 batillum
3683 5321 3800 5361 car-

1193 5397 1239 5429 ⁶⁰
1272 5396 1380 5452 lsa.
1404 5396 1631 5462 th,l'et
1656 5396 1715 5451 2.
1787 5397 1831 5429 ⁸³
1861 5395 2054 5454 lJoan.
2087 5413 2137 5466 ιι,

2256 5401 2312 5459 2.
2388 5403 2432 5435 ⁸³
2461 5403 2615 5458 Rom.
2634 5420 2717 5472 ni,
2746 5403 2841 5459 25.
2914 5405 2961 5438 ⁸³
2982 5402 3148 5460 Zach.
3190 5419 3271 5468 tu,
3302 5406 3322 5459 Ι
3353 5414 3409 5459 et
3434 5403 3493 5458 5.
3563 5400 3610 5434 “
3631 5399 3798 5457 Levit.

2307 5560 2419 5632 (65)
2452 5561 2585 5634 God.
2614 5560 2925 5634 Sangerm.,
2980 5583 2997 5615 ι
3055 5571 3229 5634 potest
3267 5564 3335 5621 ad
3368 5577 3490 5617 eum
3544 5560 3738 5633 ﬁgura.
3782 5580 3797 5611 ι

2235 5633 2420 5690 Codex
2444 5633 2694 5702 Cadom.,
2724 5633 2748 5687 ἁ
2778 5642 2954 5704 potest
2987 5633 3173 5694 eadem
3205 5634 3394 5706 ﬁgura.
3427 5651 3447 5685 ι
