4024 6146
307 212 397 269 517

1438 210 1506 268 lN
1544 211 1917 272 LEVITICUM
1951 213 2233 273 HOMILIA
2271 217 2364 276 1X.

3438 231 3545 291 518

319 329 535 390 nauibus
585 329 731 402 ignis
779 331 846 386 de
898 328 1078 397 altari,
1127 328 1271 401 quod
1327 340 1414 386 est
1458 344 1651 389 contra
1694 335 1877 390 Domi-
1902 342 1947 399 Α
1981 345 2235 399 tentaret,
2269 350 2449 391 nonne
2487 335 2719 402 diceres,
2758 336 2983 395 Pereant
3027 341 3206 398 omnia
3246 359 3343 414 pro
3366 348 3539 403 salute

314 438 450 479 num.
479 440 500 475 ι
529 420 788 490 Legimus
808 431 861 476 et
890 422 941 475 in
975 421 1130 487 Isaia,
1158 422 1283 491 quia
1313 421 1438 492 igne
1475 435 1733 496 purgatur
1755 441 1873 496 pro-

312 517 457 586 pheta
489 529 588 583 per
618 530 785 569 unum
808 530 875 568 ex
897 514 1191 584 seraphim,
1217 516 1363 584 quod
1391 518 1615 573 missum
1649 531 1732 574 est
1759 517 1871 585 «64)

312 608 373 662 ad
408 621 555 672 eum,
604 621 729 660 cum
769 605 975 675 accepit
1010 605 1214 674 forcipe
1252 609 1545 664 carbonem
1585 626 1749 664 unum
1803 625 1871 665 ex

310 697 388 752 his
415 697 505 765 qui
543 706 704 751 erant
740 684 902 766 super
949 694 1138 759 altare,
1193 705 1247 751 et
1293 698 1518 769 contigit
1559 700 1699 755 labia
1746 716 1872 770 pro-

309 786 494 854 phetae,
530 794 585 838 et
612 784 750 839 dixit
774 786 855 839 “z
894 802 913 836 ‹
950 785 1088 841 Ecce
1112 786 1311 841 abstuli
1339 788 1647 857 iniquitates
1676 801 1815 848 tuas.
1843 811 1863 845 ι

311 873 431 931 Mihi
468 878 723 933 videntur
752 876 980 949 mystica
1016 880 1133 936 hate
1158 894 1300 947 esse,
1352 891 1406 937 et
1456 884 1558 937 hec
1606 884 1866 949 indicare,

306 968 443 1037 quod
498 968 798 1038 unicuique
848 971 1140 1024 secundum
1208 971 1263 1025 id
1331 975 1472 1042 quod
1538 984 1758 1042 peccat,
1821 977 1866 1030 si

305 1060 527 1128 dignum
560 1059 725 1114 fuerit
762 1062 1035 1128 pttrilicari
1066 1077 1211 1129 eum,
1258 1063 1562 1119 inferantur
1604 1067 1869 1122 carbones

304 1152 562 1208 membris
586 1150 724 1219 ejus.
748 1151 884 1207 Nam
914 1155 1164 1221 quoniam
1189 1156 1321 1210 dicit
1360 1157 1618 1226 propheta
1654 1159 1740 1211 hic
1768 1158 1814 1189 “
1850 1176 1865 1212 :

306 1262 326 1296 ι
367 1245 641 1300 [inmunda
681 1245 822 1300 labia
853 1246 1050 1313 habeo,
1086 1249 1137 1300 in
1183 1248 1361 1302 medio
1407 1264 1623 1317 quoque
1682 1251 1865 1318 populi

300 1336 578 1391 immunda
624 1335 765 1390 labia
829 1336 1079 1392 habentis
1127 1338 1332 1405 habito,
1375 1356 1395 1390 ι
1441 1340 1643 1393 idcirco
1702 1343 1868 1397 carbo

297 1426 510 1496 forcipe
572 1435 881 1496 assumptus
933 1444 962 1482 a
1006 1429 1298 1497 seraphin],
1350 1429 1485 1485 labia
1540 1433 1658 1498 ejus
1706 1449 1862 1487 mun-

298 1518 391 1572 dat
435 1516 772 1588 (65),qnibus
806 1518 936 1573 solis
960 1533 1017 1572 se
1030 1520 1284 1573 mundum
1305 1534 1406 1574 non
1424 1535 1542 1575 esse
1559 1525 1866 1589 profitetur.

306 1605 387 1661 Ex
421 1622 529 1676 quo
561 1608 868 1662 ostenditur
898 1608 1043 1677 quod
1075 1623 1245 1677 usque
1275 1610 1340 1662 ad
1373 1610 1599 1664 verbum
1628 1619 1865 1664 tantum-

296 1701 457 1755 modo
481 1709 760 1768 peccatum
789 1699 907 1767 ejus
949 1700 1303 1766 inveniretur,
1352 1702 1404 1755 in
1442 1702 1588 1757 facto
1625 1718 1754 1757 vero
1778 1704 1861 1759 vel
1895 1668 1938 1730 Β

295 1807 459 1863 opere
481 1792 628 1846 nullo
653 1792 985 1862 peccaverit;
1022 1791 1259 1863 alioquin
1302 1793 1554 1857 dixisset,
1593 1797 1858 1865 quoniam

295 1885 635 1940 immundum
687 1899 883 1952 corpus
937 1883 1144 1945 habeo,
1184 1884 1269 1938 vel
1317 1885 1624 1942 immundos
1672 1887 1859 1943 oculos

294 1974 493 2041 habeo,
532 1975 577 2030 si
618 1984 900 2045 peccasset
960 1974 1014 2028 in
1087 1977 1520 2044 concupiscendo
1570 1977 1764 2043 aliena,
1806 1988 1860 2032 et

294 2067 540 2131 dixisset,
565 2066 869 2121 immundas
897 2081 1087 2121 manus
1119 2066 1312 2132 habeo,
1358 2069 1403 2122 si
1435 2081 1530 2123 eas
1577 2068 1859 2139 polluisset

295 2159 548 2229 operibus
571 2159 788 2227 iniquis.
821 2156 971 2210 Nunc
1000 2167 1178 2213 autem
1222 2159 1482 2227 quoniam
1519 2160 1569 2213 in
1604 2160 1720 2214 solo
1747 2161 1861 2215 for-

296 2262 440 2307 tasse
471 2266 722 2306 sermone
749 2252 1003 2306 conscius
1045 2251 1146 2306 sibi
1200 2262 1321 2307 erat
1365 2253 1549 2309 delicti
1591 2255 1756 2318 illius,
1790 2256 1859 2310 de

293 2361 401 2415 quo
421 2345 556 2399 dicit
581 2343 840 2398 Dominus
867 2342 908 2373 ⁶⁷
943 2360 954 2395 :
985 2362 1003 2395 ι
1033 2341 1168 2409 Quia
1196 2346 1357 2398 etiam
1392 2346 1458 2399 de
1488 2345 1655 2400 verbo
1683 2348 1861 2401 otioso

294 2434 537 2489 reddetis
571 2434 832 2488 rationem
866 2434 917 2487 in
941 2433 1027 2487 die
1044 2433 1257 2501 judicii,
1292 2453 1310 2486 ι
1348 2450 1446 2504 pro
1473 2449 1539 2490 eo
1572 2438 1713 2505 quod
1750 2437 1857 2492 dif-

293 2525 438 2580 ﬁcile
458 2534 554 2581 est
583 2526 744 2579 etiam
785 2523 1037 2594 perfectis
1080 2523 1293 2592 culpam
1346 2525 1518 2579 vitare
1564 2527 1856 2591 sermonis,

294 2617 502 2672 idcirco
540 2614 815 2685 indigebat
868 2614 1030 2668 etiam
1069 2619 1332 2685 propheta
1381 2623 1494 2671 sola
1538 2618 1858 2686 purgatione

290 2708 581 2763 labiorum.
605 2706 715 2763 Nos
749 2707 1006 2776 autem,si
1040 2708 1225 2762 redeat
1250 2708 1619 2778 unusquisque
1640 2712 1704 2763 ad
1728 2724 1857 2764 con-

291 2800 579 2855 scientiam
609 2815 785 2866 suam,
818 2800 1000 2854 nescio
1029 2799 1074 2853 si
1121 2814 1405 2868 possumus
1434 2800 1647 2869 aliquod
1688 2816 1858 2855 mem-

289 2894 450 2946 brum
476 2892 726 2960 corporis
758 2906 1043 2957 excusare,
1067 2890 1206 2960 quod
1232 2905 1338 2944 non
1369 2891 1477 2960 igni
1511 2891 1767 2961 indigeat.
1790 2892 1858 2946 Et

1976 443 2114 491 mea,
2138 442 2237 482 nec
2259 428 2550 497 quidquam
2579 442 2872 497 remaneat,
2893 441 3098 487 tantum
3125 444 3183 489 ιιι
3203 451 3302 508 ego
3322 438 3497 493 vivant
3516 441 3542 495 ?

1973 517 2085 572 Hoc
2106 533 2277 587 quare
2315 518 2566 574 faceres?
2603 520 2729 590 quia
2766 522 2892 579 inde
2938 539 3042 579 non
3082 526 3377 596 dubitares,
3414 531 3541 587 hinc

1971 610 2204 664 dubitas.
2255 609 2322 664 Et
2367 610 2488 665 ideo
2539 611 2681 666 bene
2735 612 2992 671 Dominus
3039 617 3171 673 dicit
3197 619 3280 675 “z
3318 639 3337 671 ι
3376 621 3540 680 Putas

1971 699 2191 753 veniens
2228 699 2397 754 Filius
2443 700 2698 764 hominis,
2734 702 2971 759 inveniet
3016 706 3176 762 ﬁdem
3223 724 3386 779 super
3427 722 3538 767 ter-

1971 793 2124 846 ratu?
2156 811 2175 842 ι
2212 791 2275 844 Ει
2315 792 2440 860 quid
2482 808 2582 863 ego
2629 792 2749 849 dico
2801 796 2866 851 de
2895 799 3062 852 certis
3109 799 3538 872 indubitatisque

1969 884 2263 953 periculis?
2294 883 2687 940 Tantummodo
2732 885 2775 940 si
2816 902 2975 941 causa
3012 888 3236 943 dicenda
3280 892 3352 945 sit
3397 894 3536 960 apud

1963 976 2197 1047 judicem
2236 987 2536 1041 terrenum,
2568 994 2687 1048 qua:
2726 979 2960 1048 aliquem
3011 989 3207 1035 metum
3230 982 3342 1050 (66)
3365 1000 3430 1037 ex
3459 984 3536 1039 le-

1968 1068 2125 1138 gibus
2162 1068 2366 1123 haberc
2409 1069 2674 1134 videatur,
2716 1085 2892 1125 nonne
2938 1072 3190 1128 omnibus
3227 1074 3422 1143 vigiliis
3450 1092 3539 1131 ex-

1968 1159 2216 1223 cubatur,
2259 1162 2525 1215 advocato
2578 1170 2803 1228 patrono
2855 1178 3079 1217 munera
3136 1177 3535 1234 praeparantur,

1968 1250 2179 1305 etiamsi
2214 1266 2410 1318 anceps
2441 1255 2742 1321 periculum
2767 1254 2856 1319 sit,
2885 1264 2976 1308 aut
3000 1255 3162 1309 etiam
3197 1257 3364 1311 solius
3396 1268 3537 1316 notae

1968 1354 2145 1397 metus
2180 1342 2262 1396 vel
2295 1343 2477 1397 damni
2510 1346 2682 1400 ratio?
2717 1343 2828 1401 Nos
2877 1361 3044 1415 quare
3083 1362 3190 1402 non
3242 1350 3534 1418 credimus,

1967 1436 2108 1506 quod
2154 1449 2341 1489 omnes
2384 1436 2679 1491 astabimus
2706 1456 2724 1490 ι
2765 1448 2889 1493 ante
2934 1440 3173 1493 tribunal
3212 1440 3440 1508 Christi,
3476 1454 3538 1499 ut

1968 1536 2205 1597 reportet
2228 1528 2597 1596 unusquisque
2629 1530 2845 1598 pr0pria
2883 1532 3126 1598 corporis
3156 1543 3315 1602 prout
3344 1536 3533 1603 gessit,

1968 1621 2080 1676 sive
2113 1621 2253 1675 bona
2276 1620 2392 1675 sive
2435 1621 2572 1674 mala
2605 1623 2670 1675 θ’.
2709 1641 2728 1674 ι
2770 1621 2897 1678 Haec
2936 1624 2984 1678 si
3030 1624 3237 1693 integre
3287 1628 3538 1683 credere-

1966 1729 2108 1777 mus,
2142 1723 2285 1769 esset
2324 1712 2477 1766 nobis
2515 1715 2812 1771 secundum
2851 1716 2992 1785 quod
3031 1717 3290 1786 scriptum
3328 1730 3409 1774 est
3435 1719 3482 1751 "
3512 1733 3533 1773 :

1969 1820 1989 1854 ‹
2027 1801 2349 1874 Redemptio
2385 1806 2578 1858 animae
2615 1805 2740 1871 viri,
2772 1805 2971 1860 divitiae
3014 1806 3155 1874 ejus.
3189 1826 3208 1860 ι
3245 1809 3349 1863 Sed
3390 1811 3534 1866 unde

1962 1907 2254 1963 possumus
2283 1894 2418 1961 haec,
2448 1893 2531 1947 vel
2570 1895 2795 1959 sentire,
2822 1894 2905 1949 vel
2938 1897 3178 1959 credere,
3215 1897 3297 1951 vel
3334 1898 3536 1953 intelli-

1963 1998 2108 2053 gere,
2142 1999 2264 2039 cum
2302 2000 2368 2040 ne
2405 1986 2470 2038 ad
2512 1985 2625 2041 hrec
2658 1985 2772 2052 ipsa
2826 1987 3041 2055 quidem
3078 1987 3342 2043 audienda
3390 2005 3530 2045 con-
3612 1994 3629 2001 ‘

1961 2076 2282 2133 veniamus?
2306 2077 2436 2143 Quis
2465 2079 2608 2132 enim
2639 2087 2878 2133 vestrum
2913 2095 3034 2133 cum
3066 2083 3366 2137 recitantur
3388 2082 3535 2138 Scri-

1959 2179 2132 2239 pturae
2170 2170 2374 2239 praebet
2404 2169 2684 2223 auditum?
2717 2169 2858 2224 Deus
2904 2186 2999 2238 per
3037 2171 3351 2241 pr0phetatn
3388 2188 3534 2228 com-

1963 2261 2218 2326 minatur,
2246 2271 2300 2315 et
2326 2262 2541 2328 quidem
2589 2261 2641 2314 in
2692 2261 2769 2314 ira
2819 2275 3009 2331 magna
3032 2262 3072 2292 ⁷¹
3106 2280 3121 2316 :
3152 2281 3174 2314 ι
3210 2263 3277 2317 Et
3319 2265 3527 2319 mittam

1960 2353 2156 2408 famem
2184 2368 2346 2421 super
2370 2363 2596 2420 terram,
2621 2368 2723 2407 non
2752 2354 2950 2408 famem
2978 2355 3153 2425 panis,
3181 2372 3356 2426 neque
3380 2347 3528 2412 sitiin

1958 2459 2133 2512 aquae,
2162 2443 2254 2498 sed
2283 2440 2479 2496 famem
2524 2443 2775 2497 audiendi
2817 2443 2983 2498 verba
3031 2446 3147 2501 Dei.
3176 2465 3195 2497 ι
3232 2446 3338 2500 Sed
3385 2462 3529 2502 nunc

1956 2536 2154 2591 famem
2178 2553 2281 2592 non
2307 2537 2451 2591 misit
2470 2536 2610 2591 Deus
2635 2551 2800 2606 super
2828 2536 3120 2592 Ecclesiatn
3148 2552 3321 2605 suam,
3349 2554 3527 2608 neque

1958 2629 2101 2683 sitim
2150 2627 2217 2681 ad
2262 2626 2587 2682 audiendum
2634 2628 2860 2681 verbum
2903 2627 3018 2680 Dei.
3071 2627 3339 2683 Habemus
3376 2633 3526 2686 enim

1957 2735 2150 2791 panem
2207 2720 2388 2775 vivum
2436 2720 2527 2789 qui
2572 2720 2638 2774 de
2688 2719 2829 2774 cmlo
2891 2719 3209 2787 descendit,
3265 2722 3528 2778 habemus

1957 2827 2150 2882 aquam
2183 2811 2359 2865 vivam
2393 2811 2678 2865 salientem
2704 2810 2756 2863 in
2787 2810 2948 2864 vitam
2981 2820 3262 2865 mternam.
3291 2811 3401 2866 Cur
3428 2827 3527 2867 nos

1956 2903 2103 2973 ipsos
2154 2902 2498 2958 fecunditatis
2545 2913 2786 2971 tempore
2819 2901 2962 2954 fame
3004 2916 3260 2956 necamus
3296 2918 3361 2957 ac
3398 2904 3524 2958 siti?

288 2984 554 3054 propheta
580 2984 794 3051 quidem
812 2987 1070 3053 quoniam
1099 2983 1166 3037 ab
1184 2982 1437 3037 omnibus
1461 2985 1691 3039 mundus
1713 2995 1850 3052 erat,

1962 2994 2130 3066 Pigrae
2159 3004 2214 3049 et
2241 2995 2440 3048 desidis
2465 2995 2658 3048 anima:
2683 3001 2789 3058 est,
2825 2993 2878 3047 in
2917 2993 3244 3047 abundantia
3278 2995 3524 3048 omnium

294 3076 499 3129 idcirco
559 3075 757 3129 meruit
785 3083 837 3128 ut
876 3090 1016 3129 unus
1041 3076 1109 3130 de
1139 3075 1410 3144 seraphin)
1447 3077 1758 3129 mitteretur
1786 3077 1853 3130 ad

293 3184 438 3232 eum,
466 3167 556 3236 qui
587 3167 706 3235 ejus
733 3167 842 3221 sola
881 3167 1017 3221 labia
1048 3175 1333 3237 purgaret.
1361 3164 1470 3220 Nos
1497 3182 1628 3220 vero
1662 3182 1853 3222 vereor

292 3276 360 3315 ne
402 3261 578 3330 ignem
636 3275 740 3314 non
797 3259 1056 3314 membris
1119 3259 1364 3329 singulis,
1430 3259 1525 3313 sed
1579 3269 1687 3314 toto
1735 3275 1857 3315 cor—

289 3368 424 3425 pore
456 3367 785 3408 mereamur.
833 3351 966 3407 Cum
1010 3350 1156 3406 enim
1208 3350 1496 3405 lasciviunt
1556 3351 1725 3415 oculi,
1772 3352 1856 3405 vel

290 3461 388 3515 per
438 3444 656 3499 illicitas
701 3442 1202 3511 con’cupiscentias,
1251 3441 1337 3497 vel
1397 3456 1496 3511 per
1549 3441 1857 3511 spectacula

290 3537 450 3613 24],
480 3535 761 3598 diabolica,
793 3535 918 3605 quid
951 3533 1095 3588 aliud
1137 3534 1239 3588 nisi
1280 3533 1457 3604 ignem
1498 3532 1596 3586 sibi
1625 3547 1855 3603 congre-

291 3631 457 3705 gant?
500 3629 636 3684 Cum
679 3643 838 3683 aures
888 3642 994 3681 non
1038 3636 1357 3680 avertuntur
1379 3626 1446 3679 ab
1483 3625 1663 3679 auditu
1695 3640 1852 3689 vano,

290 3743 355 3783 ac
385 3723 826 3795 derogationibus
852 3721 1238 3790 proximorum,
1272 3734 1395 3772 cum
1429 3733 1618 3772 manus
1646 3734 1672 3769 a
1708 3719 1854 3772 caede

289 3833 647 3891 nequaquam,
678 3829 779 3870 nec
804 3829 835 3868 a
872 3812 1075 3881 rapinis
1102 3825 1166 3864 ac
1207 3807 1694 3879 depraedationibus
1723 3824 1854 3863 con-

289 3916 552 3977 tinentur,
583 3925 704 3966 cum
746 3905 911 3976 pedes
959 3903 1171 3958 veloces
1211 3912 1336 3956 sunt
1376 3904 1443 3954 ad
1476 3898 1853 3954 effundendum

290 4007 630 4078 sanguinem,
652 4018 882 4073 eumque
907 4014 1103 4070 corpus
1140 4011 1246 4052 non
1276 3995 1526 4057 Domino,
1553 3993 1645 4048 sed
1684 3992 1854 4046 fornio

290 4100 489 4159 cationi
522 4099 803 4162 tradimus,
829 4095 956 4166 quid
985 4093 1126 4147 aliud
1168 4091 1269 4145 nisi
1318 4097 1490 4144 totum
1522 4100 1717 4154 corpus
1747 4092 1854 4138 tra-

289 4197 469 4251 dimus
501 4194 553 4248 in
587 4187 926 4262 gehennam?
975 4191 1043 4241 At
1091 4185 1205 4239 haec
1256 4196 1381 4238 cum
1426 4180 1695 4242 dicuntur,
1728 4192 1855 4232 con-

292 4280 516 4352 temptui
541 4280 829 4334 habentur.
853 4274 1067 4343 Quare?
1094 4273 1216 4343 quia
1242 4272 1375 4326 fides
1406 4271 1576 4324 deest.
1603 4267 1852 4337 Alioquin

1957 3087 2237 3155 penuriam
2269 3088 2398 3154 pati.
2429 3084 2543 3138 Non
2569 3084 2794 3138 audistis
2816 3099 2880 3140 ex
2913 3085 3110 3139 divinis
3143 3086 3528 3154 Scripturis",

1956 3178 2081 3246 quia
2130 3185 2399 3231 certamen
2433 3183 2517 3228 est
2569 3174 2707 3227 inter
2753 3173 2998 3226 homines
3042 3172 3190 3225 carni
3237 3172 3525 3225 adversum

1955 3267 2227 3338 Spiritum,
2260 3276 2315 3320 et
2353 3265 2567 3334 spiritui
2610 3264 2868 3317 adversus
2906 3263 3167 3316 carnem?
3200 3262 3266 3316 Et
3311 3263 3533 3316 nescitis

1957 3356 2099 3427 quod
2134 3357 2176 3410 si
2209 3371 2430 3410 carnem
2464 3354 2633 3408 solam
2659 3353 2932 3417 nutriatis,
2965 3363 3021 3406 et
3051 3352 3221 3420 ipsam
3254 3350 3529 3421 frequenti

1957 3449 2179 3503 mollitie
2212 3463 2276 3501 ac
2302 3447 2415 3517 jugi
2442 3446 2756 3499 deliciarum
2789 3443 2933 3496 ﬂuxu
2959 3442 3212 3507 foveatis,
3243 3443 3531 3497 insolescet

1957 3539 2261 3595 necessario
2284 3540 2570 3592 adversum
2605 3536 2877 3605 spiritum,
2906 3543 2959 3589 et
2991 3533 3183 3589 fortior
3208 3534 3296 3588 illo
3320 3532 3528 3588 elﬁcie-

1958 3633 2077 3687 tur?
2103 3632 2253 3699 Quod
2280 3632 2324 3685 si
2361 3630 2471 3693 fiat,
2497 3645 2619 3684 eum
2653 3632 2768 3683 sine
2796 3629 2960 3682 dubio
2992 3628 3046 3681 in
3071 3627 3332 3682 ditionem
3370 3642 3528 3680 suam

1957 3725 2255 3786 redactum,
2286 3721 2401 3773 suis
2447 3721 2604 3788 co'gct
2648 3718 2852 3786 legibus
2899 3733 2961 3770 ac
2997 3717 3143 3771 vitiis
3183 3717 3426 3771 obedire.
3467 3716 3528 3771 Si

1954 3831 2083 3870 vero
2116 3817 2181 3869 ad
2213 3813 2499 3868 ecclesiam
2537 3812 2845 3879 frequenter
2878 3809 3086 3872 venias,
3116 3824 3300 3863 aurem
3331 3808 3533 3863 litteris

1957 3906 2151 3961 divinis
2181 3907 2490 3968 admoveas,
2529 3902 2961 3972 explanationem
3006 3901 3380 3954 mandatorum
3421 3914 3533 3954 cce-

1957 3998 2167 4053 lestium
2203 3998 2408 4067 capias,
2440 3999 2581 4050 sicut
2615 3994 2754 4047 cibis
2790 4001 2844 4047 et
2884 3992 3091 4046 deliciis
3137 4006 3289 4057 caro,
3311 3992 3386 4045 ita
3418 3990 3524 4060 spi-

1956 4096 2092 4147 ritus
2122 4092 2300 4145 verbis
2333 4090 2531 4144 divinis
2570 4087 2910 4142 convalescet
2946 4101 3009 4139 ac
3046 4085 3313 4151 sensibus,
3341 4095 3395 4138 et
3431 4100 3523 4138 ro-

1954 4183 2162 4238 bustior
2191 4180 2439 4243 effectus,
2474 4193 2692 4233 carnem
2735 4176 2834 4231 sibi
2882 4189 3071 4244 parere
3116 4185 3295 4243 coget,
3319 4190 3381 4228 ac
3413 4175 3529 4229 suis

1958 4271 2166 4339 legibus
2214 4267 2459 4336 obsequi.
2510 4265 2851 4319 Nutrimenta
2904 4265 3068 4333 igitur
3116 4265 3338 4332 spiritus
3378 4274 3529 4332 sunt,

288 4374 335 4430 si
375 4373 472 4430 tibi
510 4372 670 4427 hodie
712 4369 1003 4431 diceretur,
1050 4366 1174 4436 quia
1220 4364 1380 4434 judex
1428 4361 1606 4417 saeculi
1645 4359 1757 4415 vult
1801 4370 1854 4414 te
1881 4360 1930 4420 D
1956 4362 2136 4414 divina
2186 4360 2364 4422 lectio,
2398 4360 2675 4414 orationes
2725 4358 2978 4419 assiduae,
3026 4372 3207 4411 sermo
3244 4357 3519 4412 doctrinae.

291 4465 534 4522 crastino
584 4463 764 4517 vivum
799 4473 1045 4525 exurere,
1078 4468 1132 4513 et
1157 4458 1242 4514 his
1269 4445 1468 4510 auditis
1499 4456 1543 4508 si
1582 4462 1725 4509 esset
1761 4453 1854 4507 tibi

291 4560 452 4616 unius
501 4555 608 4610 diei
655 4553 885 4625 spatium
933 4551 1184 4614 liberum,
1215 4556 1418 4616 quanta
1451 4546 1696 4601 faceres?
1723 4560 1857 4615 quo-

293 4651 454 4707 modo
480 4656 536 4703 et
562 4660 658 4717 per
685 4659 820 4715 quos
841 4640 1212 4697 discurreres?
1235 4653 1394 4708 quam
1424 4637 1667 4701 humilis,
1693 4650 1853 4707 quam

292 4742 481 4813 lugens
532 4748 593 4793 et
648 4734 895 4791 sordidus
953 4730 1274 4788 oberrares?
1322 4728 1510 4784 Nonne
1556 4726 1859 4783 effunderes

289 4848 507 4893 omnem
551 4830 836 4900 pecuniam
882 4835 1027 4882 tuam
1067 4825 1123 4880 in
1176 4839 1290 4885 eos,
1327 4837 1554 4891 quorum
1592 4821 1858 4876 interces-

291 4927 444 4983 sione
494 4924 726 4980 evadere
781 4934 938 4990 posse
992 4928 1044 4972 te
1098 4915 1382 4972 crederes?
1442 4914 1632 4969 Nonne
1678 4913 1857 4967 omnia

294 5032 412 5090 qua;
450 5015 697 5088 possides
741 5009 1166 5080 redemptionem
1213 5006 1418 5061 faceres
1473 5005 1666 5059 anima:
1717 5002 1863 5058 tute?

295 5109 445 5177 Quod
478 5108 523 5161 si
560 5106 724 5159 etiam
762 5102 958 5174 aliquis
1016 5110 1069 5156 te
1122 5097 1402 5154 retardare
1448 5103 1540 5150 aut
1597 5094 1861 5164 impedire

380 5209 425 5240 "‘
456 5208 558 5263 lsa.
587 5225 658 5273 vr,
693 5209 744 5262 7.
855 5206 901 5238 ⁶⁶
929 5204 1059 5258 ibid.
1093 5204 1145 5258 5.
1259 5201 1301 5234 ⁸⁷
1335 5198 1525 5255 Matth.
1554 5215 1653 5267 xu,
1684 5199 1773 5256 36.

297 5277 338 5311 "
364 5279 554 5335 Amos.
584 5295 704 5344 vui,
738 5279 824 5335 ll.
899 5277 944 5308 ⁷³
972 5274 1150 5332 Galat.
1170 5290 1226 5330 v.

366 5386 668 5460 (64)Libb.
714 5385 866 5448 editi,
897 5401 918 5434 ς
958 5385 1049 5452 qui
1101 5382 1297 5434 missus
1339 5384 1441 5441 est,
1493 5394 1513 5424 ι
1549 5375 1644 5429 sed
1698 5389 1859 5440 mss“

302 5477 322 5511 ι
364 5459 507 5528 quod
540 5459 762 5511 missum
787 5465 886 5510 est.
927 5472 950 5507 ι
1517 5516 1529 5530 .
1646 5515 1660 5528 ο
1812 5514 1825 5527 .

366 5529 479 5597 (65)
505 5525 660 5588 Mss.,
699 5543 719 5577 ι
756 5533 970 5598 purgat.
1003 5540 1022 5574 ι
1055 5519 1200 5598 infra
1232 5518 1363 5575 libb.
1391 5519 1553 5598 editi,
1587 5532 1610 5567 ι
1646 5529 1858 5598 Invent-

299 5587 474 5667 retur,
510 5599 581 5650 ita
612 5587 937 5665 quod'faéto
984 5592 1071 5649 vel
1091 5605 1273 5663 opere.
1321 5608 1344 5644 ι
1389 5587 1496 5646 Sed
1534 5601 1665 5644 mss.
1715 5587 1861 5643 utin

297 5678 488 5724 nostro
517 5675 690 5723 textu.

1884 5196 1932 5230 ⁸⁸
1958 5194 2092 5254 Luc.
2119 5209 2279 5261 xviri,
2313 5190 2370 5247 8.

1962 4452 2059 4506 llis
2094 4451 2253 4505 alitur
2277 4442 2432 4516 cibis,
2472 4451 2556 4505 bis
2582 4450 2931 4514 convalescit,
2956 4450 3040 4503 his
3071 4450 3245 4503 victor
3269 4448 3522 4504 efﬁcitur.

1959 4544 2111 4611 Quod
2143 4544 2269 4613 quia
2302 4558 2407 4597 non
2444 4541 2646 4608 facitis,
2681 4542 2848 4596 nolite
2897 4541 3158 4610 conqueri
3196 4540 3263 4594 de
3293 4541 3529 4595 inﬁrmi-

1965 4646 2074 4692 tate
2122 4636 2325 4700 carnis,
2370 4635 2539 4689 nolite
2593 4635 2777 4690 dicere
2816 4635 2944 4703 quia
2992 4633 3259 4695 volumus,
3292 4634 3386 4688 sed
3422 4649 3529 4688 non

1963 4738 2273 4797 possumus,
2298 4725 2559 4792 volumus
2602 4724 2942 4779 continenter
2975 4724 3176 4787 vivere,
3217 4723 3311 4778 sed
3347 4723 3529 4778 carnis

1963 4819 2260 4891 fragilitate
2285 4818 2603 4887 decipimur,
2631 4827 2685 4871 et
2718 4817 3096 4885 impugnantur
3122 4814 3358 4869 stimulis
3390 4814 3529 4882 ejus.

1964 4913 2042 4967 Tu
2077 4914 2174 4966 das
2202 4911 2451 4966 stimulos
2481 4909 2659 4964 carnis
2691 4916 2815 4975 tuae,
2845 4917 2898 4960 tu
2932 4922 3051 4961 eam
3081 4906 3342 4961 adversus
3367 4906 3533 4976 spiri-

1964 5012 2080 5057 tum
2116 5012 2264 5057 tuum
2304 5016 2510 5067 armas,
2540 5009 2595 5056 et
2619 5008 2891 5070 potentem
2919 4998 3085 5064 facis,
3105 5012 3227 5052 cum
3257 5011 3374 5051 eam
3407 5011 3533 5051 car-

1965 5096 2123 5152 nibus
2176 5096 2363 5159 satias,
2408 5094 2534 5148 vino
2591 5091 2756 5147 nimio
2806 5091 3072 5154 inundas,
3116 5089 3261 5143 omni
3307 5087 3532 5142 mollitie

2476 5188 2521 5222 ⁶⁹
2548 5186 2597 5244 ll
2622 5185 2748 5243 Cor.
2777 5204 2832 5251 v,
2869 5187 2950 5242 {0.
3062 5186 3108 5231 79
3136 5189 3296 5244 Prov.
3332 5205 3451 5256 χιιι,
3486 5190 3541 5247 8.

2035 5376 2711 5450 (ϐϐιῦοὰρςίὸηηεβι-ηιη
2759 5394 2778 5425 ‹
2814 5374 2906 5450 qui
2960 5344 3193 5442 aliquem
3242 5380 3530 5450 .metum.__s_

1966 5440 2054 5502 Et‘
2079 5440 2239 5512 infra,
2269 5465 2289 5499 ι
2326 5440 2571 5502 advocati
2617 5440 2848 5513 patroni'
2879 5440 3126 5507 munera,
3157 5461 3176 5493 ι
3211 5441 3395 5508 sicque
3442 5440 3533 5493 alii

1967 5520 2222 5583 mss.,ubi
2253 5517 2379 5574 libri
2407 5517 2540 5574 editi
2562 5516 2783 5598 habent,
2817 5530 2844 5565 ο
2866 5513 3139 5572 advocato
3167 5519 3393 5581 patrono
3414 5525 3535 5570 mu-

1969 5602 2121 5644 nera.
2159 5605 2182 5643 ι
