4024 6146
501 227 608 286 5|!)

1945 224 2264 282 ORIGENIS

3631 227 3745 282 52f!
3765 249 3768 252 ν

497 343 706 414 palpas,
737 350 794 396 et
821 339 888 394 ad
913 339 1196 396 illecebras
1227 339 1418 393 nutris.
1453 339 1533 392 An
1565 337 1784 392 nescitis
1815 337 1938 406 quia
1966 354 2070 392 non
2100 345 2144 398 Α
2178 336 2420 391 Pontifex
2456 337 2618 406 igitur
2647 345 2829 395 nostri-
2865 339 3126 393 Dominus
3168 348 3222 392 et
3270 337 3518 393 Salvator
3561 344 3750 412 aperit

499 442 680 501 potest
710 431 992 486 aadificium
1038 430 1178 484 istud
1225 428 1477 484 Ecclesiae
1506 445 1570 482 ex
1605 429 1833 497 lcprosis
1872 428 2069 498 lapidi-

500 524 604 577 bus
634 521 906 576 construi?
933 519 1069 574 Audi
1115 519 1242 588 quid
1279 521 1407 575 dicit
1440 519 1733 586 Apostolus
1762 519 1808 550 ⁷³
1841 536 1854 572 :
1897 537 1916 569 ι
1953 519 2068 572 Μο-

498 617 678 670 dicum
730 615 1050 668 fermentum
1104 622 1268 666 totam
1325 628 1559 666 massam
1600 613 1920 680 corrumpit.
1959 612 2067 665 Ex-

497 713 723 776 purgate
758 719 890 768 ergo
923 713 1075 756 vetus
1115 703 1461 767 fermentum,
1493 714 1551 757 ut
1594 704 1714 757 sitis
1750 719 1884 757 nova
1939 717 2069 758 con-

498 799 726 866 spersio.
765 816 782 848 ι
817 795 923 850 Sed
959 797 1022 849 ad
1063 797 1400 864 propositum
1435 796 1739 849 redeamus.

568 889 621 942 8.
661 907 678 938 ι
706 889 772 942 Ει
825 889 1076 957 accipiet,
1124 888 1296 956 inquit
1320 886 1384 949 ⁷⁵,
1418 887 1658 940 batillum
1703 885 1912 952 plenum
1952 901 2070 939 car-

500 978 752 1032 bonibus.
794 996 812 1028 ι
847 977 960 1029 Non
1011 991 1198 1029 omnes
1245 985 1542 1045 purgantur
1593 991 1656 1029 eo
1701 975 1820 1043 igne
1865 977 1954 1042 qui
2002 975 2069 1029 de

501 1071 658 1124 altari
689 1071 1007 1123 assumitur.
1029 1071 1204 1121 Aaron
1239 1067 1603 1136 purgaturillo
1637 1069 1779 1136 igne,
1810 1079 1862 1120 et
1885 1068 2066 1132 Isaias,

499 1169 554 1212 et
596 1161 641 1211 si
683 1159 775 1226 qui
819 1167 944 1212 sunt
983 1160 1187 1212 similes
1223 1158 1342 1210 illis.
1379 1157 1478 1210 Alii
1514 1173 1641 1209 vero
1681 1159 1770 1225 qui
1806 1173 1910 1210 non
1945 1167 2069 1212 sunt

506 1251 662 1312 tales,
693 1252 756 1303 de
788 1251 982 1318 quibus
1014 1251 1176 1302 etiam
1210 1249 1470 1317 tneipsutn
1504 1260 1773 1316 computo,
1807 1249 1912 1300 alio
1949 1249 2069 1319 igne

502 1343 878 1410 purgahuntur
923 1339 1057 1410 (67).
1104 1339 1289 1392 Timeo
1331 1353 1394 1390 ne
1437 1338 1526 1392 illo
1564 1341 1628 1392 de
1669 1355 1774 1408 quo
1808 1342 2067 1407 scriptum

497 1443 582 1484 est
608 1433 692 1482 7':
729 1450 746 1482 ‹
784 1431 1000 1498 Flavius
1028 1431 1168 1499 ignis
1213 1431 1463 1484 currebat
1522 1442 1644 1484 autc
1679 1433 1874 1499 ipsum.
1911 1450 1928 1482 ι
1965 1432 2068 1485 Iste

499 1524 638 1592 ignis
663 1540 767 1576 non
796 1533 882 1575 est
905 1525 968 1575 de
997 1523 1176 1574 altari.
1206 1522 1304 1587 Qui
1339 1523 1403 1574 de
1440 1523 1594 1574 altari
1634 1532 1716 1575 est
1748 1523 1904 1591 ignis,
1930 1523 2068 1591 ignis

497 1626 580 1668 est
614 1616 846 1679 Domini;
875 1614 963 1682 qui
994 1623 1172 1666 autem
1202 1624 1352 1666 extra
1383 1614 1551 1668 altare
1578 1631 1607 1667 e
1644 1623 1679 1674 t,
1716 1631 1820 1666 non
1849 1624 1931 1667 est
1964 1613 2063 1666 Do-

501 1709 654 1772 mini,
685 1707 778 1760 sed
825 1712 1073 1775 proprius
1111 1714 1195 1759 est
1237 1706 1658 1774 uniuscujusque
1699 1707 2062 1772 peccantium,

498 1799 564 1852 de
592 1813 696 1866 quo
728 1798 930 1851 dicitur
953 1797 999 1827 ⁷⁸
1029 1811 1044 1848 :
1085 1813 1106 1848 α
1142 1796 1354 1850 Vermis
1390 1812 1576 1850 eorum
1629 1813 1730 1849 non
1783 1798 2065 1862 morietur,

497 1900 553 1942 et
587 1890 728 1958 ignis
755 1903 939 1943 eorum
975 1903 1082 1942 non
1111 1889 1507 1957 exstinguetur.
1550 1907 1566 1939 ι
1606 1890 1708 1942 Iste
1737 1905 1865 1959 ergo
1906 1890 2064 1959 ignis,

498 1979 738 2050 ipsorum
781 1990 864 2034 est
910 1983 1002 2048 qui
1059 1995 1182 2034 eum
1233 1981 1614 2040 accenderunt.
1665 1981 1806 2035 sicut
1846 1992 1899 2034 et
1940 1982 2064 2035 alibi

497 2071 756 2139 scriptum
806 2081 888 2124 est
913 2070 955 2101 "
988 2087 1000 2123 :
1030 2086 1048 2119 ι
1079 2069 1364 2122 Ambulate
1410 2069 1462 2121 in
1515 2069 1638 2138 igne
1689 2079 1889 2131 vestro,
1923 2080 1976 2122 et
2011 2070 2062 2122 in

495 2161 709 2217 fmnma
739 2179 901 2232 quam
944 2162 1266 2216 accendistis
1299 2161 1468 2214 vobis.
1508 2181 1526 2212 ι
1563 2163 1712 2214 Isaia:
1740 2173 1918 2214 autem
1953 2176 2060 2215 non

495 2266 628 2309 auus
660 2253 797 2320 ignis
832 2255 1119 2322 apponitur
1149 2255 1214 2316 ⁷⁸,
1250 2258 1342 2306 sed
1396 2254 1536 2320 ignis
1567 2254 1776 2318 altaris,
1831 2253 1918 2320 qui
1957 2255 2064 2305 cir-

495 2347 889 2417 cumpurgabat
923 2348 1060 2401 labia
1101 2347 1233 2417 ejus,
1269 2355 1322 2400 et
1353 2348 1481 2401 huic
1515 2347 1580 2400 de
1603 2361 1709 2412 quo
1749 2346 1944 2399 dicitur
1971 2345 2014 2378 ⁷⁹
2048 2368 2058 2401 :

499 2457 519 2490 ο
561 2440 626 2493 Et
659 2449 837 2493 sumet
879 2439 1125 2495 batillum
1172 2439 1389 2507 plenum
1435 2438 1760 2491 carbonibus
1807 2437 1947 2507 ignis
1994 2438 2061 2492 de

494 2531 672 2597 altari,
715 2533 858 2601 quod
893 2541 972 2586 est
1000 2543 1186 2586 contra
1220 2532 1532 2595 Dominum,
1570 2539 1623 2584 et
1663 2530 1901 2598 implebit
1941 2545 2058 2583 rna-

494 2637 597 2676 nus
649 2638 777 2678 suas
830 2623 1052 2678 incenso
1112 2622 1525 2692 compositionis
1583 2621 1810 2675 minuto.
1851 2640 1869 2674 ι
1907 2620 2058 2688 Quod

492 2712 709 2780 quidem
761 2713 974 2782 plenius
1040 2713 1297 2766 Dominus
1358 2721 1542 2767 noster
1605 2713 1755 2767 fecit.
1817 2712 2058 2781 Implevit

489 2806 636 2858 enim
666 2819 854 2858 manus
884 2817 1010 2857 suas
1046 2802 1271 2856 incenso
1319 2803 1544 2865 minuto,
1571 2805 1638 2854 de
1663 2816 1769 2870 quo
1798 2803 2056 2870 scriptum

491 2905 574 2951 est.
600 2895 688 2949 ’σε
724 2913 743 2946 ι
782 2895 1053 2964 Dirigatur
1086 2895 1260 2946 oratio
1316 2909 1434 2946 mea
1486 2894 1624 2946 sicut
1668 2895 1945 2946 incensum
2004 2893 2055 2946 in

2170 445 2361 484 manus
2391 445 2540 494 suas,
2574 439 2628 482 et
2677 431 2952 500 suscipere
2989 431 3100 484 vult
3150 434 3217 485 ah
3269 447 3592 500 unoquoque
3637 449 3750 487 no-

2170 530 2337 576 strum
2389 522 2665 576 incensum
2713 522 3122 592 compositionis
3177 521 3462 585 minutum,
3520 537 3755 577 necesse

2168 622 2253 666 est
2299 626 2396 666 nos
2441 628 2686 682 quazrere
2737 614 2941 682 species
2993 613 3222 667 incensi.
3275 611 3536 666 Libanum
3582 614 3752 667 nobis

2169 705 2514 772 quaerendum
2546 713 2646 770 est,
2679 714 2733 757 et
2778 720 2879 758 non
2923 702 3298 773 qualecunque
3346 702 3608 766 libanum,
3645 706 3748 757 sed

2169 793 2486 848 dilucidum.
2515 793 2628 848 Non
2657 794 2769 847 vult
2799 809 2824 845 a
2859 803 2910 847 te
2953 793 3229 860 suscipere
3269 793 3509 861 pontifex
3537 793 3750 848 obscu-

2171 901 2287 938 rum
2318 885 2539 951 aliquid,
2573 895 2663 938 aut
2693 885 2990 947 sordidum,
3029 884 3322 937 dilucidum
3373 887 3585 952 quaerit.
3633 885 3750 938 Sed

2169 989 2222 1031 et
2254 978 2540 1047 galbanum
2573 992 2601 1030 a
2637 988 2688 1032 te
2716 978 2907 1046 poscit,
2952 978 3104 1046 cujus
3145 986 3340 1031 natura
3376 988 3457 1030 est
3491 988 3547 1046 ut
3577 978 3750 1030 vehe-

2169 1068 2367 1121 mentia
2405 1069 2588 1123 odoris
2633 1069 2715 1122 sui
2768 1077 3050 1137 serpentes
3099 1069 3290 1122 noxios
3328 1067 3490 1137 fuget.
3535 1067 3749 1134 Quaerit

2170 1166 2348 1212 autem
2381 1174 2407 1210 a
2453 1169 2502 1211 te
2527 1169 2580 1212 et
2612 1168 2839 1222 stacten,
2871 1159 3044 1214 colata
3090 1161 3231 1212 enim
3258 1169 3310 1212 et
3339 1161 3594 1213 defzecata
3629 1158 3752 1210 vult

2168 1262 2305 1313 esse,
2338 1249 2417 1302 vel
2453 1251 2610 1303 verba
2655 1261 2859 1316 nostra,
2905 1249 2988 1304 vel
3039 1265 3224 1317 opera.
3267 1250 3468 1314 Quaerit
3500 1261 3555 1304 et
3596 1264 3744 1320 ony-

2169 1339 2346 1403 chem,
2379 1355 2486 1406 quo
2523 1342 2668 1395 velut
2696 1353 2851 1395 scuto
2885 1344 3119 1411 quodam
3160 1343 3442 1411 obtegatur
3475 1343 3653 1394 anima
3689 1351 3749 1396 et

2169 1430 2327 1484 illa‘sa
2358 1445 2673 1501 permaneat
2700 1433 2834 1504 (70).
2871 1436 2940 1486 Ita
2983 1445 3036 1488 et
3071 1445 3121 1488 te
3151 1435 3262 1486 vult
3290 1444 3441 1488 scuto
3468 1435 3589 1487 fidei
3622 1450 3747 1487 esse

2168 1531 2494 1590 protectum,
2527 1539 2632 1591 quo
2661 1524 2840 1578 omnia
2870 1523 3050 1593 jacula
3085 1525 3299 1592 maligni
3343 1526 3507 1594 ignita
3543 1526 3747 1578 restin-

2168 1630 2321 1683 guas.
2353 1615 2475 1668 Harc
2503 1626 2679 1668 tamen
2721 1618 2900 1670 omnia
2935 1618 3047 1668 vult
3080 1633 3106 1670 a
3145 1627 3196 1670 te
3221 1632 3340 1671 esse
3391 1619 3688 1685 composita
3726 1633 3741 1668 :

2171 1706 2244 1758 nil
2280 1706 2660 1770 inordinatum,
2711 1707 2843 1759 nihil
2891 1708 3229 1775 inquietum,
3286 1707 3415 1762 nihil
3460 1708 3745 1768 indecens,

2169 1798 2262 1850 sed
2293 1796 2395 1850 hoc
2420 1797 2550 1860 vult,
2578 1805 2634 1850 ut
2663 1799 2843 1852 omnia
2887 1809 3065 1851 nostra
3111 1799 3406 1868 coinposite
3430 1807 3482 1851 et
3512 1798 3746 1851 honesto

2169 1889 2318 1942 fiant.
2351 1890 2468 1942 Stat
2501 1905 2630 1960 ergo
2682 1891 2842 1942 etiam
2899 1906 3040 1945 nunc
3087 1905 3245 1943 verus
3285 1891 3521 1958 pontifex
3554 1902 3745 1944 noster

2167 1981 2435 2045 Christus,
2465 1991 2520 2036 et
2567 1982 2757 2051 repleri
2800 1983 2915 2036 vult
2952 1999 3143 2038 manus
3183 2000 3308 2038 suas
3341 1985 3558 2038 indenso
3589 1999 3736 2037 com-

2168 2074 2339 2140 posito
2372 2073 2612 2137 minuto;
2647 2083 2700 2126 et
2745 2075 2812 2126 ab
2855 2089 3172 2144 unaquaque
3211 2074 3443 2128 Ecclesia
3481 2090 3600 2143 qua:
3632 2073 3742 2128 sub

2165 2165 2301 2216 cmlo
2358 2174 2474 2227 est,
2530 2166 2835 2218 considerat
2886 2167 3013 2233 quid
3053 2165 3322 2227 offeratur,
3381 2181 3542 2235 quam
3599 2168 3738 2218 inte-

2167 2269 2261 2323 gre
2295 2255 2569 2308 incensum
2619 2271 2772 2308 suum
2821 2255 3207 2324 diligenterque
3235 2267 3538 2326 componat,
3568 2272 3736 2326 quam

2165 2349 2430 2400 minutum
2485 2348 2534 2400 id
2573 2346 2756 2411 faciat,
2811 2347 2861 2402 id
2908 2359 3012 2412 est,
3057 2351 3327 2418 quomodo
3361 2353 3738 2419 unusquisque

2165 2448 2405 2492 nostrum
2439 2452 2603 2506 opera
2639 2455 2734 2492 sua
2765 2439 2998 2503 ordinet,
3035 2449 3090 2494 ct
3126 2443 3394 2509 quomodo
3425 2456 3640 2496 sensum
3669 2457 3736 2496 ac

2161 2529 2329 2582 verba
2362 2528 2766 2597 Scripturarum
2799 2529 3026 2598 spiritali
3055 2531 3434 2600 explanatione
3457 2533 3732 2587 discutiat.

2162 2617 2270 2672 Nec
2286 2619 2593 2687 angelorum
2622 2620 2920 2673 ministeria
2944 2622 3009 2674 ad
3036 2620 3400 2691 hujuscemodi
3426 2623 3596 2676 ofIicia
3617 2623 3732 2693 (7|)

2161 2709 2372 2762 desunt.
2418 2709 2600 2777 Angeli
2645 2711 2787 2764 enim
2842 2711 2932 2765 Dei
2984 2714 3279 2766 ascendunt
3313 2724 3368 2768 et
3399 2716 3734 2769 desvenduut

2161 2801 2226 2854 ad
2265 2800 2456 2854 Filium
2510 2802 2768 2864 hominis,
2813 2803 3152 2870 perquirunt,
3203 2815 3256 2860 et
3307 2807 3521 2861 curiose
3565 2815 3733 2877 agunt

2157 2892 2286 2960 quid
2338 2893 2390 2945 in
2436 2902 2662 2962 utroque
2706 2907 2947 2948 nostrum
2987 2893 3291 2958 inveniant,
3323 2899 3464 2966 quod
3504 2897 3732 2953 offerant

491 2996 781 3054 c0ttspectu
815 2996 926 3040 tuo.
967 3004 986 3036 ι
1035 2985 1278 3054 Implevit
1307 2999 1435 3053 ergo
1475 3000 1662 3038 manus
1701 2999 1826 3040 suas
1857 2987 2057 3039 sanctis
2082 3010 2124 3069 ε
2160 2984 2288 3040 Deo.
2323 2985 2512 3039 Vident
2537 2997 2590 3040 et
2615 2997 3019 3055 perscrutantur
3041 2990 3464 3060 uniuscujusque
3487 3001 3728 3044 nostrum

491 3082 766 3148 operibus,
817 3095 938 3148 quae
989 3094 1085 3148 pro
1134 3082 1370 3132 humano
1415 3092 1610 3145 genere
1657 3086 1909 3144 operatus
1954 3088 2053 3131 est.

492 3172 671 3240 Quare
697 3182 875 3224 autem
910 3171 1318 3239 compositionis
1347 3169 1626 3222 incensum
1666 3169 1903 3222 dicitur?
1932 3171 2056 3238 quia

489 3278 598 3320 non
637 3273 720 3318 est
757 3279 858 3315 una
889 3265 1097 3330 species
1143 3277 1389 3332 operum,
1421 3262 1516 3314 sed
1563 3276 1626 3314 ex
1652 3262 1881 3331 justitia,
1909 3274 1964 3316 et
1991 3279 2059 3318 ex

493 3354 712 3422 pietate,
754 3366 821 3408 ex
855 3353 1205 3414 continentia,
1245 3366 1313 3405 ex
1356 3353 1665 3420 prudentia,
1698 3361 1752 3405 et
1785 3367 1849 3405 ex
1880 3353 2058 3406 omni-

490 3449 588 3501 bus
629 3445 1000 3513 hujuscemodi
1036 3444 1329 3497 virtutibus
1359 3443 1701 3511 componitur
1767 3445 1867 3496 IIOC
1915 3445 2056 3512 quod

489 3540 663 3610 placet
697 3539 803 3592 Deo
830 3538 964 3608 (68).
997 3536 1162 3608 242
1195 3537 1298 3590 Sed
1333 3546 1389 3592 et
1423 3537 1682 3589 minutum
1715 3536 1857 3604 quod
1885 3537 2052 3605 addit,

487 3647 593 3686 non
628 3631 801 3686 Otiose
827 3629 1202 3698 intelligimus.
1239 3626 1353 3682 Non
1386 3626 1530 3681 enim
1567 3627 1683 3680 vult
1714 3641 1836 3680 eum
1867 3627 1956 3696 qui
1990 3628 2055 3680 ad

486 3716 873 3786 perfectionem
905 3718 1096 3783 tendit,
1141 3715 1365 3771 verbum
1399 3715 1493 3770 Dei
1521 3731 1709 3770 crasse
1741 3725 1798 3771 et
1827 3718 2092 3770 carnali)

487 3821 569 3864 ter
591 3810 911 3882 intelligere,
935 3809 1032 3864 sed
1054 3810 1320 3864 minutum
1347 3809 1398 3862 in
1431 3809 1514 3863 his
1535 3823 1749 3862 sensum
1773 3809 2054 3863 subtilem-

485 3914 591 3968 que
630 3902 963 3968 perquirere,
998 3910 1057 3953 ut
1081 3901 1125 3955 si
1152 3899 1291 3954 forte
1315 3900 1500 3953 audiat
1527 3899 1786 3966 scriptum
1817 3913 1939 3952 esse
1962 3898 2006 3928 ⁸¹
2037 3914 2050 3950 :

489 4007 510 4041 ι
543 3987 659 4043 Non
690 3989 972 4043 obturabis
1018 4005 1079 4043 os
1130 3990 1250 4042 bovi
1288 3988 1586 4052 trituranti,
1619 4005 1636 4038 ι
1674 3987 1762 4043 ille
1803 3987 1916 4042 haec
1947 4003 2051 4040 non

485 4080 551 4133 de
587 4078 760 4132 bobus
795 4080 1078 4147 intelligat,
1113 4096 1285 4148 neque
1313 4080 1456 4131 enim
1504 4081 1569 4132 de
1603 4077 1773 4132 bobus
1816 4093 1942 4132 cura
1969 4090 2054 4133 est

486 4170 618 4235 Deo,
644 4169 737 4222 sed
774 4169 842 4221 de
871 4169 1128 4236 apostolis
1159 4171 1282 4224 dici.
1315 4169 1420 4222 Sed
1443 4179 1498 4223 et
1527 4170 1571 4223 si
1613 4172 1732 4237 quis
1781 4170 1848 4224 de
1871 4172 2051 4239 provi-

482 4262 664 4316 dentia
698 4261 789 4314 Dei
827 4261 1113 4323 rationem,
1139 4276 1258 4328 quae
1298 4271 1380 4313 est
1413 4259 1768 4314 minutissima
1803 4270 1855 4315 et
1879 4261 2052 4316 subti-

2164 3086 2420 3140 tnentem,
2453 3077 2498 3130 si
2529 3078 2725 3132 haheat
2753 3080 2956 3148 aliquid
2987 3080 3112 3144 tale,
3144 3084 3186 3135 si
3221 3092 3326 3134 tam
3356 3093 3600 3136 sanctum
3630 3083 3727 3134 ali-

2159 3169 2287 3236 quid
2325 3149 2548 3238 cogitet,
2591 3171 2730 3238 quod
2763 3171 2871 3224 Deo
2898 3181 3167 3225 mereatur
3198 3171 3400 3225 oﬂcrri.
3432 3171 3726 3238 Intuentur,

2157 3270 2213 3314 et
2240 3262 2583 3314 considerant
2621 3262 2663 3315 si
2693 3263 2815 3331 quis
2848 3275 3089 3316 nostrum
3119 3279 3185 3317 ex
3214 3264 3296 3318 his
3323 3280 3448 3334 quae.
3475 3265 3728 3318 dicuntur

2161 3351 2212 3402 in
2263 3351 2493 3403 ecclesia
2523 3351 2687 3405 corde
2717 3353 3112 3421 compungitur,
3141 3363 3194 3407 et
3231 3356 3469 3407 animum
3505 3369 3729 3409 conver-

2159 3441 2223 3496 tit
2251 3443 2316 3495 ad
2357 3445 2749 3512 pmnitentiain,
2791 3445 2834 3498 si
2874 3445 2958 3499 his
2986 3447 3184 3500 auditis
3225 3449 3496 3516 corrigere
3529 3446 3728 3518 cogitat

2157 3534 2272 3586 vias
2301 3548 2447 3598 suas,
2473 3544 2530 3587 et
2552 3534 2797 3589 oblivisci
2830 3536 3121 3604 praeterita,
3141 3552 3204 3591 ac
3244 3551 3551 3606 praeparare
3577 3552 3634 3592 se
3663 3537 3726 3592 ad

2158 3621 2356 3686 futura,
2388 3623 2572 3678 saltem
2605 3628 2897 3679 secundum
2926 3626 3109 3678 Achab
3144 3626 3294 3681 illum
3325 3627 3724 3696 impiissimum,

2159 3715 2224 3767 de
2257 3729 2362 3783 quo
2410 3717 2537 3771 dicit
2586 3715 2845 3772 Dominus
2871 3717 2919 3749 "
2953 3735 2967 3770 :
3013 3733 3032 3767 ι
3065 3717 3252 3773 Vidisti
3289 3721 3555 3788 quomodo
3584 3735 3727 3773 com-

2158 3816 2414 3873 punctum
2440 3818 2523 3862 est
2551 3823 2644 3862 cor
2675 3808 2895 3863 Achab?
2934 3828 2953 3861 ›
2989 3807 3093 3864 Sed
3124 3811 3174 3864 in
3211 3811 3292 3864 bis
3315 3811 3567 3866 omnibus
3593 3812 3722 3883 quid

2157 3897 2224 3952 de
2261 3899 2364 3952 illis
2397 3901 2593 3964 dicam,
2624 3901 2714 3969 qui
2766 3915 2865 3955 nec
2915 3903 3142 3958 audiunt
3194 3903 3412 3958 auribus
3460 3905 3594 3970 hrce,
3625 3920 3722 3959 nec

2156 3991 2320 4046 corde
2359 3993 2662 4064 recipiunt?
2700 3994 2828 4060 Qua:
2869 3997 2918 4050 in
2958 3997 3064 4051 illis
3101 3998 3530 4065 compunctiouis
3565 3999 3724 4068 spes?

2155 4097 2275 4151 qua:
2319 4086 2690 4140 conversionis
2730 4087 3004 4156 suspicio;
3041 4103 3160 4157 qua:
3210 4089 3606 4145 emendationis
3638 4105 3725 4142 ex-

2156 4176 2423 4243 spectatio
2449 4175 2604 4247 (72)?
2655 4178 2712 4232 Si
2751 4179 2895 4232 enim
2943 4190 3102 4232 ettatn
3155 4181 3220 4234 de
3255 4180 3337 4234 his
3369 4181 3460 4249 qui
3499 4181 3725 4234 audiunt

2156 4266 2484 4332 dubitamus,
2514 4269 2643 4337 quid
2679 4285 2964 4338 speramus
3009 4273 3074 4325 de
3127 4273 3209 4326 his
3235 4273 3324 4340 qui
3365 4273 3586 4326 omnino
3618 4288 3718 4325 non

482 4351 710 4416 lissima,
744 4351 912 4419 possit
939 4366 1226 4419 exponere,
1267 4352 1364 4404 iste
1411 4352 1617 4405 minuto
1661 4353 1886 4406 incenso
1932 4368 2050 4406 ma-
2082 4359 2127 4415 ι)
2157 4360 2415 4414 multum?
2443 4361 2545 4415 sed
2577 4375 2793 4418 utamur
2819 4366 2999 4419 verbis
3030 4365 3237 4418 nomini
3269 4365 3335 4426 ea,
3363 4373 3417 4418 et
3438 4365 3716 4419 dicamus;

484 4459 611 4496 num
647 4457 799 4494 suam
854 4441 1060 4508 replere
1108 4441 1328 4494 dicitur.
1357 4442 1487 4508 Quis
1531 4458 1659 4512 ergo
1699 4453 1939 4497 nostrum
1976 4444 2047 4496 ita

482 4545 762 4604 promptus
791 4545 873 4587 est
897 4547 951 4588 et
979 4544 1222 4602 paratus,
1251 4544 1310 4587 ιιι
1335 4536 1642 4602 ingressuro
1670 4535 1905 4605 pontifici
1936 4535 2047 4607 ((59)

483 4627 534 4680 in
561 4626 759 4680 Sancta
802 4637 1128 4691 sanctorum,
1156 4628 1430 4681 incensum
1481 4629 1887 4696 compositionis
1911 4627 2046 4680 offe-

483 4728 566 4770 rat
597 4717 898 4770 minutum?
931 4716 1162 4770 Necesse
1184 4726 1264 4770 est
1287 4717 1430 4769 enim
1461 4732 1557 4771 nos
1585 4719 1823 4788 singulos
1846 4717 2046 4786 aliquid

477 4806 677 4861 offerre
713 4808 1060 4862 tabernacqu
1089 4808 1203 4871 Dei,
1233 4807 1433 4876 aliquid
1456 4809 1616 4862 etiam
1646 4809 2042 4876 pontificalibus

478 4899 828 4962 indumentis,
863 4899 1064 4968 aliquid
1095 4915 1221 4954 vero
1247 4899 1388 4968 quod
1425 4914 1522 4969 per
1551 4900 1821 4968 pontificis
1855 4915 2043 4952 manus

478 4989 546 5044 ad
589 4989 763 5058 ipsum
815 4991 980 5044 Deum
1026 5007 1118 5060 per
1164 4991 1386 5047 odorem
1429 4992 1712 5046 suavitatis
1759 4994 2040 5047 ascendat.

547 5173 592 5204 ’³
617 5172 635 5228 l
657 5171 780 5227 Cor.
803 5173 927 5235 v.6,
950 5174 1002 5227 7.

476 5257 592 5307 XVI,
643 5244 728 5298 I2.
805 5244 850 5274 ⁸⁰
881 5246 1018 5298 I’saI.
1047 5260 1170 5306 CXL,
1200 5244 1256 5300 ‘2.

1078 5176 1121 5204 ⁷⁸
1153 5173 1319 5227 Ls-vil.
1358 5190 1464 5236 λγι,
1495 5173 1573 5226 12.

1330 5245 1372 5275 ⁸⁸
1411 5245 1573 5297 ιυοικ
1612 5260 1686 5310 Ix,
1715 5245 1767 5299 9.

549 5360 660 5501 (67;
690 5361 867 5416 Codex
901 5362 1210 5433 Sangerun,
1247 5384 1262 5414 ε
1303 5363 1676 5432 purgabimur.
1715 5382 1733 5413 ι

552 5432 639 5501 (68
691 5430 845 5485 Libb.
908 5436 1057 5497 editi,
1099 5451 1117 5483 ι
1165 5445 1222 5486 ut
1284 5451 1348 5490 co
1398 5435 1641 5501 placetur
1687 5434 1733 5486 Di

552 5430 660 5501 (ϋὸ)
691 5430 845 5485 Libb.
908 5430 1057 5497 editi,
1099 5451 1117 5483 ι
1165 5445 1222 5486 ut
1284 5430 1348 5490 co
1398 5430 1641 5502 placetur
1687 5434 1846 5488 Deus.
1881 5452 1899 5486 ι
1931 5434 2037 5489 Sed

481 5516 612 5553 mss.
642 5511 692 5552 ut
733 5503 784 5554 in
813 5515 996 5557 nostro
1029 5515 1196 5557 textu.

550 5568 659 5638 (69)
683 5571 862 5650 .(‘iodex
917 5577 1224 5645 Sangerm.,
1271 5593 1290 5626 ί
1323 5574 1582 5644 pontiﬁci.
1615 5592 1635 5628 ι
1673 5573 1832 5631 Libb.
1875 5573 2036 5640 editi,

484 5654 505 5690 ι
546 5642 819 5708 pontifice.
862 5661 878 5693 ι

1651 5175 1695 5205 ⁷⁵
1734 5174 1859 5225 Dan.
1891 5191 1980 5240 ιιι,
2017 5181 2096 5232 l0.

2159 4451 2258 4516 Qui
2294 4453 2490 4506 habent
2531 4469 2688 4510 aures
2733 4457 2982 4510 audiendi
3022 4458 3259 4521 audiant,
3296 4467 3350 4510 et
3378 4457 3467 4524 qui
3502 4456 3722 4509 audiunt

2155 4542 2330 4596 sciant
2361 4545 2614 4612 scriptum
2647 4563 2788 4614 esse,
2819 4551 2940 4617 quia
2976 4563 3095 4602 cum
3127 4564 3418 4603 conversus
3450 4548 3722 4616 ingemue-

2156 4635 2253 4698 ris,
2286 4644 2409 4690 tunc
2429 4639 2607 4694 salvus
2640 4642 2769 4704 eris,
2797 4651 2850 4695 et
2879 4643 3018 4697 scies
3047 4643 3134 4696 ubi
3164 4641 3349 4696 fueris.
3383 4638 3466 4704 Et,
3499 4639 3543 4693 si
3568 4640 3721 4692 dixe-

2154 4726 2232 4779 ris
2264 4735 2317 4779 tu
2346 4740 2566 4796 peccata
2601 4742 2689 4784 tua
2722 4735 2890 4803 prior,
2923 4750 3021 4804 ego
3057 4734 3340 4788 exaudiam
3380 4742 3430 4785 te
3466 4741 3719 4799 tanquam

2123 4817 2405 4884 'populum
2443 4832 2708 4877 sanctum.
2737 4825 2944 4880 Audisti
2977 4825 3242 4894 quomodo
3271 4825 3432 4877 etiam
3463 4824 3506 4875 si
3532 4837 3724 4891 pecca-

2151 4915 2235 4958 tor
2273 4906 2440 4969 fuisti,
2487 4917 2690 4964 tantum
2740 4913 2785 4966 si
2827 4929 3118 4967 conversus
3160 4929 3238 4975 es,
3294 4921 3348 4966 et
3392 4911 3648 4966 destitisti
3691 4927 3720 4965 a

2153 5007 2390 5066 peccato,
2419 4999 2528 5066 jattt
2562 5016 2778 5058 sanctus
2823 5005 3144 5075 appellaris?
3176 4982 3316 5058 Nihil
3365 5019 3494 5072 ergo
3527 5003 3721 5071 despe-

3123 5185 3168 5218 ⁷⁸
3199 5185 3300 5240 Isa.
3327 5199 3401 5239 vt.
3464 5186 3508 5218 ⁷³
3542 5184 3717 5240 Levit.

2173 5180 2602 5239 ⁷⁶Ιδιι.1,λν1,24.
2679 5185 2722 5214 τ’
2748 5185 2847 5238 Isa.
2885 5202 2937 5252 L,
2963 5187 3047 5242 tt.

1843 5245 1968 5300 “Ill
1997 5251 2128 5318 Iteg.
2158 5253 2360 5315 “1,29
2385 5295 2400 5313 ,
2458 5254 2504 5284 ⁸³
2542 5255 2727 5308 Matth.
2771 5271 2842 5309 χι.

2217 5370 2327 5438 (70)
2364 5369 2520 5435 Mss.,
2563 5389 2581 5422 ‹
2627 5373 2894 5442 obtegitur
2933 5371 3130 5427 animal
3183 5386 3338 5427 suum
3383 5384 3439 5428 et
3488 5373 3716 5429 illaesum

2147 5453 2444 5507 pertttattel.
2483 5461 2500 5492 ι

2217 5510 2327 5578 (7t)
2357 5511 2504 5576 Mss.,
2547 5530 2566 5562 ε
2603 5511 2670 5563 ab
2699 5510 3062 5578 hujuscemodi
3086 5508 3296 5568 ofﬁciis.
3333 5528 3357 5564 ι

2219 5580 2329 5651 (72)
2361 5581 2512 5646 Mss.,
2547 5599 2565 5633 ι
2608 5583 2713 5636 via.
2751 5599 2769 5632 ι
2965 5607 2969 5614 -
