  <div class='ocr_page' id='page_1' title='image "/cluster/home/n/w/nwhite01/storage/ocr_20150623/12/mdp.39015028786690/270.png"; bbox 0 0 4024 6146; ppageno 0'>
   <div class='ocr_carea' id='block_1_1' title="bbox 293 259 394 314">
    <p class='ocr_par' dir='ltr' id='par_1_1' title="bbox 293 259 394 314">
     <span class='ocr_line' id='line_1_1' title="bbox 293 259 394 314; baseline -0.01 0"><span class='ocrx_word' id='word_1_1' title='bbox 293 259 394 314; x_wconf 63' lang='lat'><strong>52!</strong></span> 
     </span>
    </p>
   </div>
   <div class='ocr_carea' id='block_1_2' title="bbox 1459 260 2384 318">
    <p class='ocr_par' dir='ltr' id='par_1_2' title="bbox 1459 260 2384 318">
     <span class='ocr_line' id='line_1_2' title="bbox 1459 260 2384 318; baseline 0.003 -3"><span class='ocrx_word' id='word_1_2' title='bbox 1459 261 1526 315; x_wconf 87' lang='lat' dir='ltr'><strong>1N</strong></span> <span class='ocrx_word' id='word_1_3' title='bbox 1565 260 1937 317; x_wconf 70' lang='lat' dir='ltr'><strong>LEVlTlCUM</strong></span> <span class='ocrx_word' id='word_1_4' title='bbox 1973 261 2258 318; x_wconf 77' lang='lat' dir='ltr'><strong>HOMILIA</strong></span> <span class='ocrx_word' id='word_1_5' title='bbox 2297 261 2384 318; x_wconf 81' lang='lat' dir='ltr'><strong>1X.</strong></span> 
     </span>
    </p>
   </div>
   <div class='ocr_carea' id='block_1_3' title="bbox 3438 275 3542 330">
    <p class='ocr_par' dir='ltr' id='par_1_3' title="bbox 3438 275 3542 330">
     <span class='ocr_line' id='line_1_3' title="bbox 3438 275 3542 330; baseline 0.01 -1"><span class='ocrx_word' id='word_1_6' title='bbox 3438 275 3542 330; x_wconf 74' lang='lat'><strong>522</strong></span> 
     </span>
    </p>
   </div>
   <div class='ocr_carea' id='block_1_4' title="bbox 291 379 3542 458">
    <p class='ocr_par' dir='ltr' id='par_1_4' title="bbox 291 379 3542 458">
     <span class='ocr_line' id='line_1_4' title="bbox 291 379 3542 458; baseline 0.005 -26"><span class='ocrx_word' id='word_1_7' title='bbox 291 379 523 432; x_wconf 88' lang='lat' dir='ltr'><strong>randum</strong></span> <span class='ocrx_word' id='word_1_8' title='bbox 552 386 638 433; x_wconf 88' lang='lat' dir='ltr'><strong>cst</strong></span> <span class='ocrx_word' id='word_1_9' title='bbox 674 379 760 435; x_wconf 87' lang='lat' dir='ltr'><strong>his</strong></span> <span class='ocrx_word' id='word_1_10' title='bbox 804 380 897 450; x_wconf 91' lang='lat' dir='ltr'><strong>qui</strong></span> <span class='ocrx_word' id='word_1_11' title='bbox 931 389 1364 450; x_wconf 78' lang='lat' dir='ltr'><strong>compunguntur</strong></span> <span class='ocrx_word' id='word_1_12' title='bbox 1394 391 1447 436; x_wconf 90' lang='lat' dir='ltr'><strong>et</strong></span> <span class='ocrx_word' id='word_1_13' title='bbox 1487 393 1876 437; x_wconf 88' lang='lat' dir='ltr'><strong>convertuntur</strong></span> <span class='ocrx_word' id='word_1_14' title='bbox 1903 383 2148 444; x_wconf 76' lang='lat' dir='ltr'><strong>Aobtuli</strong></span> <span class='ocrx_word' id='word_1_15' title='bbox 2191 383 2256 438; x_wconf 93' lang='lat' dir='ltr'><strong>ad</strong></span> <span class='ocrx_word' id='word_1_16' title='bbox 2288 386 2462 438; x_wconf 85' lang='lat' dir='ltr'><strong>altare</strong></span> <span class='ocrx_word' id='word_1_17' title='bbox 2487 385 2603 441; x_wconf 97' lang='lat' dir='ltr'><strong>Dei.</strong></span> <span class='ocrx_word' id='word_1_18' title='bbox 2636 384 2692 439; x_wconf 91' lang='lat' dir='ltr'><strong>Si</strong></span> <span class='ocrx_word' id='word_1_19' title='bbox 2738 386 2956 456; x_wconf 79' lang='lat' dir='ltr'><strong>diligam</strong></span> <span class='ocrx_word' id='word_1_20' title='bbox 2986 388 3185 445; x_wconf 89' lang='lat' dir='ltr'><strong>fratres</strong></span> <span class='ocrx_word' id='word_1_21' title='bbox 3244 408 3390 447; x_wconf 83' lang='lat' dir='ltr'><strong>meos</strong></span> <span class='ocrx_word' id='word_1_22' title='bbox 3421 436 3436 458; x_wconf 91' lang='lat'><strong>,</strong></span> <span class='ocrx_word' id='word_1_23' title='bbox 3470 397 3542 451; x_wconf 90' lang='lat' dir='ltr'><strong>ita</strong></span> 
     </span>
    </p>
   </div>
   <div class='ocr_carea' id='block_1_5' title="bbox 290 470 1872 544">
    <p class='ocr_par' dir='ltr' id='par_1_5' title="bbox 290 470 1872 544">
     <span class='ocr_line' id='line_1_5' title="bbox 290 470 1872 544; baseline 0.006 -24"><span class='ocrx_word' id='word_1_24' title='bbox 290 470 358 522; x_wconf 82' lang='lat' dir='ltr'><strong>ad</strong></span> <span class='ocrx_word' id='word_1_25' title='bbox 391 470 697 526; x_wconf 92' lang='lat' dir='ltr'><strong>Dominum.</strong></span> <span class='ocrx_word' id='word_1_26' title='bbox 733 470 848 528; x_wconf 79' lang='lat' dir='ltr'><strong>Non</strong></span> <span class='ocrx_word' id='word_1_27' title='bbox 876 475 1017 526; x_wconf 89' lang='lat' dir='ltr'><strong>enim</strong></span> <span class='ocrx_word' id='word_1_28' title='bbox 1049 483 1265 544; x_wconf 90' lang='lat' dir='ltr'><strong>superat</strong></span> <span class='ocrx_word' id='word_1_29' title='bbox 1305 475 1598 528; x_wconf 89' lang='lat' dir='ltr'><strong>bonitatem</strong></span> <span class='ocrx_word' id='word_1_30' title='bbox 1633 476 1724 531; x_wconf 91' lang='lat' dir='ltr'><strong>Dei</strong></span> <span class='ocrx_word' id='word_1_31' title='bbox 1759 492 1872 530; x_wconf 89' lang='lat' dir='ltr'><strong>ma-</strong></span> 
     </span>
    </p>
   </div>
   <div class='ocr_carea' id='block_1_6' title="bbox 289 560 804 618">
    <p class='ocr_par' dir='ltr' id='par_1_6' title="bbox 289 560 804 618">
     <span class='ocr_line' id='line_1_6' title="bbox 289 560 804 618; baseline 0.008 -4"><span class='ocrx_word' id='word_1_32' title='bbox 289 560 412 614; x_wconf 88' lang='lat' dir='ltr'><strong>litia</strong></span> <span class='ocrx_word' id='word_1_33' title='bbox 453 561 804 618; x_wconf 76' lang='lat' dir='ltr'><strong>delictorum.</strong></span> 
     </span>
    </p>
   </div>
   <div class='ocr_carea' id='block_1_7' title="bbox 249 653 1874 726">
    <p class='ocr_par' dir='ltr' id='par_1_7' title="bbox 249 653 1874 726">
     <span class='ocr_line' id='line_1_7' title="bbox 249 653 1874 726; baseline 0.006 -21"><span class='ocrx_word' id='word_1_34' title='bbox 249 683 272 697; x_wconf 69' lang='grc' dir='ltr'><strong>-υ</strong></span> <span class='ocrx_word' id='word_1_35' title='bbox 361 653 422 706; x_wconf 90' lang='lat'><strong>9.</strong></span> <span class='ocrx_word' id='word_1_36' title='bbox 443 653 765 725; x_wconf 87' lang='lat' dir='ltr'><strong>Sumitergo</strong></span> <span class='ocrx_word' id='word_1_37' title='bbox 779 654 1014 725; x_wconf 80' lang='lat' dir='ltr'><strong>pontifex</strong></span> <span class='ocrx_word' id='word_1_38' title='bbox 1042 655 1281 711; x_wconf 91' lang='lat' dir='ltr'><strong>batillum</strong></span> <span class='ocrx_word' id='word_1_39' title='bbox 1308 657 1522 726; x_wconf 87' lang='lat' dir='ltr'><strong>plenum</strong></span> <span class='ocrx_word' id='word_1_40' title='bbox 1547 661 1874 715; x_wconf 78' lang='lat' dir='ltr'><strong>carbonibus</strong></span> 
     </span>
    </p>
   </div>
   <div class='ocr_carea' id='block_1_8' title="bbox 288 741 1871 821">
    <p class='ocr_par' dir='ltr' id='par_1_8' title="bbox 288 741 1871 821">
     <span class='ocr_line' id='line_1_8' title="bbox 288 741 1871 821; baseline 0.007 -26"><span class='ocrx_word' id='word_1_41' title='bbox 288 741 439 812; x_wconf 87' lang='lat' dir='ltr'><strong>ignis</strong></span> <span class='ocrx_word' id='word_1_42' title='bbox 469 745 536 798; x_wconf 91' lang='lat' dir='ltr'><strong>de</strong></span> <span class='ocrx_word' id='word_1_43' title='bbox 565 745 744 811; x_wconf 86' lang='lat' dir='ltr'><strong>altari,</strong></span> <span class='ocrx_word' id='word_1_44' title='bbox 773 748 914 816; x_wconf 89' lang='lat' dir='ltr'><strong>quod</strong></span> <span class='ocrx_word' id='word_1_45' title='bbox 941 760 1023 801; x_wconf 86' lang='lat' dir='ltr'><strong>est</strong></span> <span class='ocrx_word' id='word_1_46' title='bbox 1053 749 1573 815; x_wconf 86' lang='lat' dir='ltr'><strong>contra-Dominum,</strong></span> <span class='ocrx_word' id='word_1_47' title='bbox 1603 761 1657 804; x_wconf 92' lang='lat' dir='ltr'><strong>et</strong></span> <span class='ocrx_word' id='word_1_48' title='bbox 1688 753 1871 821; x_wconf 92' lang='lat' dir='ltr'><strong>implet</strong></span> 
     </span>
    </p>
   </div>
   <div class='ocr_carea' id='block_1_9' title="bbox 289 839 1874 909">
    <p class='ocr_par' dir='ltr' id='par_1_9' title="bbox 289 839 1874 909">
     <span class='ocr_line' id='line_1_9' title="bbox 289 839 1874 909; baseline 0.009 -24"><span class='ocrx_word' id='word_1_49' title='bbox 289 851 514 888; x_wconf 79' lang='lat' dir='ltr'><strong>inaimm</strong></span> <span class='ocrx_word' id='word_1_50' title='bbox 548 851 700 890; x_wconf 89' lang='lat' dir='ltr'><strong>suam</strong></span> <span class='ocrx_word' id='word_1_51' title='bbox 734 840 800 892; x_wconf 92' lang='lat' dir='ltr'><strong>de</strong></span> <span class='ocrx_word' id='word_1_52' title='bbox 835 839 1058 893; x_wconf 90' lang='lat' dir='ltr'><strong>incenso</strong></span> <span class='ocrx_word' id='word_1_53' title='bbox 1107 841 1511 909; x_wconf 75' lang='lat' dir='ltr'><strong>compositionis</strong></span> <span class='ocrx_word' id='word_1_54' title='bbox 1561 844 1786 906; x_wconf 88' lang='lat' dir='ltr'><strong>minuto,</strong></span> <span class='ocrx_word' id='word_1_55' title='bbox 1820 853 1874 899; x_wconf 90' lang='lat' dir='ltr'><strong>et</strong></span> 
     </span>
    </p>
   </div>
   <div class='ocr_carea' id='block_1_10' title="bbox 287 926 1871 1004">
    <p class='ocr_par' dir='ltr' id='par_1_10' title="bbox 287 926 1871 1004">
     <span class='ocr_line' id='line_1_10' title="bbox 287 926 1871 1004; baseline 0.006 -24"><span class='ocrx_word' id='word_1_56' title='bbox 287 926 458 981; x_wconf 77' lang='lat' dir='ltr'><strong>infert</strong></span> <span class='ocrx_word' id='word_1_57' title='bbox 510 928 564 981; x_wconf 92' lang='lat' dir='ltr'><strong>in</strong></span> <span class='ocrx_word' id='word_1_58' title='bbox 616 928 871 984; x_wconf 90' lang='lat' dir='ltr'><strong>interiora</strong></span> <span class='ocrx_word' id='word_1_59' title='bbox 918 931 1226 986; x_wconf 86' lang='lat' dir='ltr'><strong>velaminis.</strong></span> <span class='ocrx_word' id='word_1_60' title='bbox 1281 933 1646 1004; x_wconf 87' lang='lat' dir='ltr'><strong>lntelligamus</strong></span> <span class='ocrx_word' id='word_1_61' title='bbox 1697 937 1871 1004; x_wconf 92' lang='lat' dir='ltr'><strong>primo</strong></span> 
     </span>
    </p>
   </div>
   <div class='ocr_carea' id='block_1_11' title="bbox 284 1018 1872 1098">
    <p class='ocr_par' dir='ltr' id='par_1_11' title="bbox 284 1018 1872 1098">
     <span class='ocr_line' id='line_1_11' title="bbox 284 1018 1872 1098; baseline 0.01 -30"><span class='ocrx_word' id='word_1_62' title='bbox 284 1018 424 1085; x_wconf 84' lang='lat' dir='ltr'><strong>quid</strong></span> <span class='ocrx_word' id='word_1_63' title='bbox 450 1019 694 1090; x_wconf 83' lang='lat' dir='ltr'><strong>designet</strong></span> <span class='ocrx_word' id='word_1_64' title='bbox 721 1019 967 1086; x_wconf 79' lang='lat' dir='ltr'><strong>historia,</strong></span> <span class='ocrx_word' id='word_1_65' title='bbox 997 1032 1052 1076; x_wconf 91' lang='lat' dir='ltr'><strong>et</strong></span> <span class='ocrx_word' id='word_1_66' title='bbox 1081 1034 1205 1079; x_wconf 91' lang='lat' dir='ltr'><strong>tunc</strong></span> <span class='ocrx_word' id='word_1_67' title='bbox 1227 1024 1354 1094; x_wconf 92' lang='lat' dir='ltr'><strong>quid</strong></span> <span class='ocrx_word' id='word_1_68' title='bbox 1386 1040 1579 1081; x_wconf 89' lang='lat' dir='ltr'><strong>sensus</strong></span> <span class='ocrx_word' id='word_1_69' title='bbox 1613 1028 1872 1098; x_wconf 86' lang='lat' dir='ltr'><strong>spiritalis</strong></span> 
     </span>
    </p>
   </div>
   <div class='ocr_carea' id='block_1_12' title="bbox 283 1108 1872 1184">
    <p class='ocr_par' dir='ltr' id='par_1_12' title="bbox 283 1108 1872 1184">
     <span class='ocr_line' id='line_1_12' title="bbox 283 1108 1872 1184; baseline 0.008 -21"><span class='ocrx_word' id='word_1_70' title='bbox 283 1108 491 1166; x_wconf 87' lang='lat' dir='ltr'><strong>habeat</strong></span> <span class='ocrx_word' id='word_1_71' title='bbox 550 1113 904 1180; x_wconf 86' lang='lat' dir='ltr'><strong>requiremus.</strong></span> <span class='ocrx_word' id='word_1_72' title='bbox 964 1116 1162 1184; x_wconf 80' lang='lat' dir='ltr'><strong>Duplex</strong></span> <span class='ocrx_word' id='word_1_73' title='bbox 1209 1118 1350 1173; x_wconf 74' lang='lat' dir='ltr'><strong>:edes</strong></span> <span class='ocrx_word' id='word_1_74' title='bbox 1397 1127 1478 1174; x_wconf 89' lang='lat' dir='ltr'><strong>est</strong></span> <span class='ocrx_word' id='word_1_75' title='bbox 1539 1120 1872 1177; x_wconf 83' lang='lat' dir='ltr'><strong>tabernaculi</strong></span> 
     </span>
    </p>
   </div>
   <div class='ocr_carea' id='block_1_13' title="bbox 285 1200 1869 1278">
    <p class='ocr_par' dir='ltr' id='par_1_13' title="bbox 285 1200 1869 1278">
     <span class='ocr_line' id='line_1_13' title="bbox 285 1200 1869 1278; baseline 0.006 -26"><span class='ocrx_word' id='word_1_76' title='bbox 285 1200 607 1254; x_wconf 86' lang='lat' dir='ltr'><strong>testimonii.</strong></span> <span class='ocrx_word' id='word_1_77' title='bbox 640 1202 721 1255; x_wconf 88' lang='lat' dir='ltr'><strong>vel</strong></span> <span class='ocrx_word' id='word_1_78' title='bbox 776 1203 957 1272; x_wconf 89' lang='lat' dir='ltr'><strong>templi</strong></span> <span class='ocrx_word' id='word_1_79' title='bbox 1009 1204 1239 1260; x_wconf 88' lang='lat' dir='ltr'><strong>Domini.</strong></span> <span class='ocrx_word' id='word_1_80' title='bbox 1292 1205 1472 1261; x_wconf 89' lang='lat' dir='ltr'><strong>Prima</strong></span> <span class='ocrx_word' id='word_1_81' title='bbox 1519 1217 1621 1271; x_wconf 90' lang='lat' dir='ltr'><strong>est,</strong></span> <span class='ocrx_word' id='word_1_82' title='bbox 1666 1209 1720 1262; x_wconf 90' lang='lat' dir='ltr'><strong>in</strong></span> <span class='ocrx_word' id='word_1_83' title='bbox 1765 1223 1869 1278; x_wconf 91' lang='lat' dir='ltr'><strong>qua</strong></span> 
     </span>
    </p>
   </div>
   <div class='ocr_carea' id='block_1_14' title="bbox 281 1292 1870 1369">
    <p class='ocr_par' dir='ltr' id='par_1_14' title="bbox 281 1292 1870 1369">
     <span class='ocr_line' id='line_1_14' title="bbox 281 1292 1870 1369; baseline 0.004 -21"><span class='ocrx_word' id='word_1_84' title='bbox 281 1292 468 1349; x_wconf 84' lang='lat' dir='ltr'><strong>altare</strong></span> <span class='ocrx_word' id='word_1_85' title='bbox 502 1294 874 1350; x_wconf 87' lang='lat' dir='ltr'><strong>holocaustum</strong></span> <span class='ocrx_word' id='word_1_86' title='bbox 903 1304 986 1350; x_wconf 89' lang='lat' dir='ltr'><strong>est</strong></span> <span class='ocrx_word' id='word_1_87' title='bbox 1011 1295 1148 1366; x_wconf 80' lang='lat'><strong>(73),</strong></span> <span class='ocrx_word' id='word_1_88' title='bbox 1173 1297 1315 1366; x_wconf 89' lang='lat' dir='ltr'><strong>quod</strong></span> <span class='ocrx_word' id='word_1_89' title='bbox 1340 1300 1616 1369; x_wconf 88' lang='lat' dir='ltr'><strong>perpetuis</strong></span> <span class='ocrx_word' id='word_1_90' title='bbox 1654 1300 1870 1369; x_wconf 81' lang='lat' dir='ltr'><strong>ignibus</strong></span> 
     </span>
    </p>
   </div>
   <div class='ocr_carea' id='block_1_15' title="bbox 282 1386 1873 1455">
    <p class='ocr_par' dir='ltr' id='par_1_15' title="bbox 282 1386 1873 1455">
     <span class='ocr_line' id='line_1_15' title="bbox 282 1386 1873 1455; baseline 0.003 -16"><span class='ocrx_word' id='word_1_91' title='bbox 282 1387 586 1450; x_wconf 85' lang='lat' dir='ltr'><strong>excitatur,</strong></span> <span class='ocrx_word' id='word_1_92' title='bbox 611 1386 662 1440; x_wconf 92' lang='lat' dir='ltr'><strong>in</strong></span> <span class='ocrx_word' id='word_1_93' title='bbox 695 1401 798 1455; x_wconf 92' lang='lat' dir='ltr'><strong>qua</strong></span> <span class='ocrx_word' id='word_1_94' title='bbox 826 1389 939 1441; x_wconf 67' lang='lat' dir='ltr'><strong>aede</strong></span> <span class='ocrx_word' id='word_1_95' title='bbox 967 1389 1096 1442; x_wconf 90' lang='lat' dir='ltr'><strong>solis</strong></span> <span class='ocrx_word' id='word_1_96' title='bbox 1136 1388 1261 1443; x_wconf 88' lang='lat' dir='ltr'><strong>licet</strong></span> <span class='ocrx_word' id='word_1_97' title='bbox 1290 1389 1544 1444; x_wconf 86' lang='lat' dir='ltr'><strong>assistere</strong></span> <span class='ocrx_word' id='word_1_98' title='bbox 1573 1390 1873 1444; x_wconf 89' lang='lat' dir='ltr'><strong>sacerdoti-</strong></span> 
     </span>
    </p>
   </div>
   <div class='ocr_carea' id='block_1_16' title="bbox 283 1477 1870 1550">
    <p class='ocr_par' dir='ltr' id='par_1_16' title="bbox 283 1477 1870 1550">
     <span class='ocr_line' id='line_1_16' title="bbox 283 1477 1870 1550; baseline 0.004 -20"><span class='ocrx_word' id='word_1_99' title='bbox 283 1477 413 1542; x_wconf 88' lang='lat' dir='ltr'><strong>bus,</strong></span> <span class='ocrx_word' id='word_1_100' title='bbox 442 1487 498 1533; x_wconf 90' lang='lat' dir='ltr'><strong>et</strong></span> <span class='ocrx_word' id='word_1_101' title='bbox 523 1479 916 1534; x_wconf 89' lang='lat' dir='ltr'><strong>sacriﬁciorum</strong></span> <span class='ocrx_word' id='word_1_102' title='bbox 949 1480 1086 1535; x_wconf 92' lang='lat' dir='ltr'><strong>ritus</strong></span> <span class='ocrx_word' id='word_1_103' title='bbox 1127 1495 1190 1536; x_wconf 90' lang='lat' dir='ltr'><strong>ac</strong></span> <span class='ocrx_word' id='word_1_104' title='bbox 1227 1481 1524 1537; x_wconf 90' lang='lat' dir='ltr'><strong>ministeria</strong></span> <span class='ocrx_word' id='word_1_105' title='bbox 1573 1483 1870 1550; x_wconf 80' lang='lat' dir='ltr'><strong>celebrare,</strong></span> 
     </span>
    </p>
   </div>
   <div class='ocr_carea' id='block_1_17' title="bbox 282 1571 1868 1646">
    <p class='ocr_par' dir='ltr' id='par_1_17' title="bbox 282 1571 1868 1646">
     <span class='ocr_line' id='line_1_17' title="bbox 282 1571 1868 1646; baseline 0.004 -22"><span class='ocrx_word' id='word_1_106' title='bbox 282 1579 338 1624; x_wconf 87' lang='lat' dir='ltr'><strong>et</strong></span> <span class='ocrx_word' id='word_1_107' title='bbox 369 1587 548 1639; x_wconf 89' lang='lat' dir='ltr'><strong>neque</strong></span> <span class='ocrx_word' id='word_1_108' title='bbox 587 1571 809 1640; x_wconf 83' lang='lat' dir='ltr'><strong>Levitis,</strong></span> <span class='ocrx_word' id='word_1_109' title='bbox 835 1588 1010 1645; x_wconf 83' lang='lat' dir='ltr'><strong>neque</strong></span> <span class='ocrx_word' id='word_1_110' title='bbox 1047 1573 1139 1629; x_wconf 87' lang='lat' dir='ltr'><strong>alii</strong></span> <span class='ocrx_word' id='word_1_111' title='bbox 1173 1575 1425 1645; x_wconf 88' lang='lat' dir='ltr'><strong>cuiquam</strong></span> <span class='ocrx_word' id='word_1_112' title='bbox 1457 1575 1568 1646; x_wconf 72' lang='grc'>(74)</span> <span class='ocrx_word' id='word_1_113' title='bbox 1609 1586 1868 1646; x_wconf 72' lang='lat' dir='ltr'><strong>praeterea</strong></span> 
     </span>
    </p>
   </div>
   <div class='ocr_carea' id='block_1_18' title="bbox 283 1663 1871 1733">
    <p class='ocr_par' dir='ltr' id='par_1_18' title="bbox 283 1663 1871 1733">
     <span class='ocr_line' id='line_1_18' title="bbox 283 1663 1871 1733; baseline 0.003 -16"><span class='ocrx_word' id='word_1_114' title='bbox 283 1663 603 1733; x_wconf 82' lang='lat' dir='ltr'><strong>indulgetur</strong></span> <span class='ocrx_word' id='word_1_115' title='bbox 661 1681 930 1722; x_wconf 85' lang='lat' dir='ltr'><strong>accessus.</strong></span> <span class='ocrx_word' id='word_1_116' title='bbox 983 1667 1230 1722; x_wconf 88' lang='lat' dir='ltr'><strong>Secunda</strong></span> <span class='ocrx_word' id='word_1_117' title='bbox 1283 1681 1413 1723; x_wconf 89' lang='lat' dir='ltr'><strong>vero</strong></span> <span class='ocrx_word' id='word_1_118' title='bbox 1462 1669 1604 1723; x_wconf 67' lang='lat' dir='ltr'><strong>mdes</strong></span> <span class='ocrx_word' id='word_1_119' title='bbox 1651 1667 1871 1724; x_wconf 88' lang='lat' dir='ltr'><strong>interior</strong></span> 
     </span>
    </p>
   </div>
   <div class='ocr_carea' id='block_1_19' title="bbox 281 1749 1945 1832">
    <p class='ocr_par' dir='ltr' id='par_1_19' title="bbox 281 1749 1945 1832">
     <span class='ocr_line' id='line_1_19' title="bbox 281 1749 1945 1832; baseline 0.004 -22"><span class='ocrx_word' id='word_1_120' title='bbox 281 1765 396 1820; x_wconf 85' lang='lat' dir='ltr'><strong>est,</strong></span> <span class='ocrx_word' id='word_1_121' title='bbox 431 1756 546 1811; x_wconf 88' lang='lat' dir='ltr'><strong>solo</strong></span> <span class='ocrx_word' id='word_1_122' title='bbox 589 1757 655 1810; x_wconf 88' lang='lat' dir='ltr'><strong>ab</strong></span> <span class='ocrx_word' id='word_1_123' title='bbox 690 1758 791 1812; x_wconf 88' lang='lat' dir='ltr'><strong>hac</strong></span> <span class='ocrx_word' id='word_1_124' title='bbox 822 1759 1054 1814; x_wconf 83' lang='lat' dir='ltr'><strong>discreta</strong></span> <span class='ocrx_word' id='word_1_125' title='bbox 1087 1758 1371 1814; x_wconf 83' lang='lat' dir='ltr'><strong>velamine.</strong></span> <span class='ocrx_word' id='word_1_126' title='bbox 1416 1759 1562 1814; x_wconf 90' lang='lat' dir='ltr'><strong>lntra</strong></span> <span class='ocrx_word' id='word_1_127' title='bbox 1603 1761 1745 1832; x_wconf 89' lang='lat' dir='ltr'><strong>quod</strong></span> <span class='ocrx_word' id='word_1_128' title='bbox 1775 1777 1866 1816; x_wconf 34' lang='lat' dir='ltr'><strong>ves</strong></span> <span class='ocrx_word' id='word_1_129' title='bbox 1903 1749 1945 1804; x_wconf 84' lang='grc' dir='ltr'><strong>Β</strong></span> 
     </span>
    </p>
   </div>
   <div class='ocr_carea' id='block_1_20' title="bbox 284 1849 1866 1923">
    <p class='ocr_par' dir='ltr' id='par_1_20' title="bbox 284 1849 1866 1923">
     <span class='ocr_line' id='line_1_20' title="bbox 284 1849 1866 1923; baseline 0.004 -21"><span class='ocrx_word' id='word_1_130' title='bbox 284 1849 502 1915; x_wconf 88' lang='lat' dir='ltr'><strong>lamen,</strong></span> <span class='ocrx_word' id='word_1_131' title='bbox 555 1865 678 1906; x_wconf 86' lang='lat' dir='ltr'><strong>arca</strong></span> <span class='ocrx_word' id='word_1_132' title='bbox 729 1853 1040 1908; x_wconf 86' lang='lat' dir='ltr'><strong>testamenti</strong></span> <span class='ocrx_word' id='word_1_133' title='bbox 1089 1861 1144 1909; x_wconf 90' lang='lat' dir='ltr'><strong>et</strong></span> <span class='ocrx_word' id='word_1_134' title='bbox 1199 1853 1659 1922; x_wconf 89' lang='lat' dir='ltr'><strong>propitiatorium,</strong></span> <span class='ocrx_word' id='word_1_135' title='bbox 1708 1869 1866 1923; x_wconf 87' lang='lat' dir='ltr'><strong>super</strong></span> 
     </span>
    </p>
   </div>
   <div class='ocr_carea' id='block_1_21' title="bbox 283 1943 1865 2013">
    <p class='ocr_par' dir='ltr' id='par_1_21' title="bbox 283 1943 1865 2013">
     <span class='ocr_line' id='line_1_21' title="bbox 283 1943 1865 2013; baseline 0.004 -19"><span class='ocrx_word' id='word_1_136' title='bbox 283 1943 436 2011; x_wconf 84' lang='lat' dir='ltr'><strong>quod</strong></span> <span class='ocrx_word' id='word_1_137' title='bbox 485 1943 763 1999; x_wconf 88' lang='lat' dir='ltr'><strong>cherubim</strong></span> <span class='ocrx_word' id='word_1_138' title='bbox 811 1948 913 2001; x_wconf 92' lang='lat' dir='ltr'><strong>duo</strong></span> <span class='ocrx_word' id='word_1_139' title='bbox 978 1955 1183 2002; x_wconf 89' lang='lat' dir='ltr'><strong>statuta</strong></span> <span class='ocrx_word' id='word_1_140' title='bbox 1242 1955 1399 2013; x_wconf 84' lang='lat' dir='ltr'><strong>sunt,</strong></span> <span class='ocrx_word' id='word_1_141' title='bbox 1446 1956 1502 2002; x_wconf 90' lang='lat' dir='ltr'><strong>et</strong></span> <span class='ocrx_word' id='word_1_142' title='bbox 1554 1947 1724 2000; x_wconf 87' lang='lat' dir='ltr'><strong>altare</strong></span> <span class='ocrx_word' id='word_1_143' title='bbox 1779 1947 1865 2000; x_wconf 84' lang='lat' dir='ltr'><strong>in-</strong></span> 
     </span>
    </p>
   </div>
   <div class='ocr_carea' id='block_1_22' title="bbox 283 2037 1863 2107">
    <p class='ocr_par' dir='ltr' id='par_1_22' title="bbox 283 2037 1863 2107">
     <span class='ocr_line' id='line_1_22' title="bbox 283 2037 1863 2107; baseline 0.001 -17"><span class='ocrx_word' id='word_1_144' title='bbox 283 2038 438 2091; x_wconf 84' lang='lat' dir='ltr'><strong>censi</strong></span> <span class='ocrx_word' id='word_1_145' title='bbox 471 2037 582 2107; x_wconf 84' lang='lat'><strong>(75)</strong></span> <span class='ocrx_word' id='word_1_146' title='bbox 614 2038 935 2096; x_wconf 89' lang='lat' dir='ltr'><strong>collocatum</strong></span> <span class='ocrx_word' id='word_1_147' title='bbox 971 2049 1072 2094; x_wconf 89' lang='lat' dir='ltr'><strong>est.</strong></span> <span class='ocrx_word' id='word_1_148' title='bbox 1113 2037 1169 2093; x_wconf 88' lang='lat' dir='ltr'><strong>In</strong></span> <span class='ocrx_word' id='word_1_149' title='bbox 1215 2041 1357 2094; x_wconf 89' lang='lat' dir='ltr'><strong>hanc</strong></span> <span class='ocrx_word' id='word_1_150' title='bbox 1399 2041 1563 2095; x_wconf 66' lang='lat' dir='ltr'><strong>aedem</strong></span> <span class='ocrx_word' id='word_1_151' title='bbox 1596 2038 1762 2094; x_wconf 85' lang='lat' dir='ltr'><strong>semel</strong></span> <span class='ocrx_word' id='word_1_152' title='bbox 1808 2039 1863 2093; x_wconf 90' lang='lat' dir='ltr'><strong>in</strong></span> 
     </span>
    </p>
   </div>
   <div class='ocr_carea' id='block_1_23' title="bbox 287 2128 1866 2200">
    <p class='ocr_par' dir='ltr' id='par_1_23' title="bbox 287 2128 1866 2200">
     <span class='ocr_line' id='line_1_23' title="bbox 287 2128 1866 2200; baseline 0.005 -22"><span class='ocrx_word' id='word_1_153' title='bbox 287 2142 438 2181; x_wconf 89' lang='lat' dir='ltr'><strong>anno</strong></span> <span class='ocrx_word' id='word_1_154' title='bbox 467 2128 676 2196; x_wconf 90' lang='lat' dir='ltr'><strong>primus</strong></span> <span class='ocrx_word' id='word_1_155' title='bbox 707 2130 1014 2200; x_wconf 90' lang='lat' dir='ltr'><strong>quicunque</strong></span> <span class='ocrx_word' id='word_1_156' title='bbox 1047 2141 1166 2185; x_wconf 90' lang='lat' dir='ltr'><strong>erat</strong></span> <span class='ocrx_word' id='word_1_157' title='bbox 1203 2130 1464 2200; x_wconf 82' lang='lat' dir='ltr'><strong>pontifex,</strong></span> <span class='ocrx_word' id='word_1_158' title='bbox 1495 2131 1688 2186; x_wconf 89' lang='lat' dir='ltr'><strong>oblatis</strong></span> <span class='ocrx_word' id='word_1_159' title='bbox 1717 2131 1866 2198; x_wconf 89' lang='lat' dir='ltr'><strong>prius</strong></span> 
     </span>
    </p>
   </div>
   <div class='ocr_carea' id='block_1_24' title="bbox 288 2221 1861 2297">
    <p class='ocr_par' dir='ltr' id='par_1_24' title="bbox 288 2221 1861 2297">
     <span class='ocr_line' id='line_1_24' title="bbox 288 2221 1861 2297; baseline 0.006 -24"><span class='ocrx_word' id='word_1_160' title='bbox 288 2221 485 2276; x_wconf 86' lang='lat' dir='ltr'><strong>hostiis</strong></span> <span class='ocrx_word' id='word_1_161' title='bbox 517 2224 936 2294; x_wconf 89' lang='lat' dir='ltr'><strong>propitiationis,</strong></span> <span class='ocrx_word' id='word_1_162' title='bbox 969 2225 1035 2280; x_wconf 91' lang='lat' dir='ltr'><strong>de</strong></span> <span class='ocrx_word' id='word_1_163' title='bbox 1065 2226 1260 2294; x_wconf 90' lang='lat' dir='ltr'><strong>quibus</strong></span> <span class='ocrx_word' id='word_1_164' title='bbox 1294 2241 1454 2295; x_wconf 86' lang='lat' dir='ltr'><strong>supra</strong></span> <span class='ocrx_word' id='word_1_165' title='bbox 1489 2227 1861 2297; x_wconf 81' lang='lat' dir='ltr'><strong>exposuimus,</strong></span> 
     </span>
    </p>
   </div>
   <div class='ocr_carea' id='block_1_25' title="bbox 287 2312 1860 2390">
    <p class='ocr_par' dir='ltr' id='par_1_25' title="bbox 287 2312 1860 2390">
     <span class='ocr_line' id='line_1_25' title="bbox 287 2312 1860 2390; baseline 0.006 -26"><span class='ocrx_word' id='word_1_166' title='bbox 287 2312 724 2382; x_wconf 89' lang='lat' dir='ltr'><strong>ingrediebatur,</strong></span> <span class='ocrx_word' id='word_1_167' title='bbox 751 2317 954 2372; x_wconf 89' lang='lat' dir='ltr'><strong>habens</strong></span> <span class='ocrx_word' id='word_1_168' title='bbox 998 2325 1284 2387; x_wconf 85' lang='lat' dir='ltr'><strong>utramque</strong></span> <span class='ocrx_word' id='word_1_169' title='bbox 1317 2335 1532 2374; x_wconf 89' lang='lat' dir='ltr'><strong>manum</strong></span> <span class='ocrx_word' id='word_1_170' title='bbox 1583 2321 1860 2390; x_wconf 86' lang='lat' dir='ltr'><strong>repletam,</strong></span> 
     </span>
    </p>
   </div>
   <div class='ocr_carea' id='block_1_26' title="bbox 285 2407 1861 2482">
    <p class='ocr_par' dir='ltr' id='par_1_26' title="bbox 285 2407 1861 2482">
     <span class='ocr_line' id='line_1_26' title="bbox 285 2407 1861 2482; baseline 0.004 -22"><span class='ocrx_word' id='word_1_171' title='bbox 285 2420 454 2460; x_wconf 73' lang='lat' dir='ltr'><strong>Luam</strong></span> <span class='ocrx_word' id='word_1_172' title='bbox 490 2407 679 2463; x_wconf 90' lang='lat' dir='ltr'><strong>batillo</strong></span> <span class='ocrx_word' id='word_1_173' title='bbox 710 2409 1026 2474; x_wconf 88' lang='lat' dir='ltr'><strong>carbonum,</strong></span> <span class='ocrx_word' id='word_1_174' title='bbox 1057 2420 1114 2466; x_wconf 90' lang='lat' dir='ltr'><strong>et</strong></span> <span class='ocrx_word' id='word_1_175' title='bbox 1157 2411 1314 2464; x_wconf 89' lang='lat' dir='ltr'><strong>aliam</strong></span> <span class='ocrx_word' id='word_1_176' title='bbox 1345 2413 1746 2482; x_wconf 87' lang='lat' dir='ltr'><strong>compositionis</strong></span> <span class='ocrx_word' id='word_1_177' title='bbox 1777 2413 1861 2466; x_wconf 89' lang='lat' dir='ltr'><strong>in-</strong></span> 
     </span>
    </p>
   </div>
   <div class='ocr_carea' id='block_1_27' title="bbox 286 2499 1864 2573">
    <p class='ocr_par' dir='ltr' id='par_1_27' title="bbox 286 2499 1864 2573">
     <span class='ocr_line' id='line_1_27' title="bbox 286 2499 1864 2573; baseline 0.004 -21"><span class='ocrx_word' id='word_1_178' title='bbox 286 2511 475 2564; x_wconf 90' lang='lat' dir='ltr'><strong>censo,</strong></span> <span class='ocrx_word' id='word_1_179' title='bbox 502 2507 562 2554; x_wconf 91' lang='lat' dir='ltr'><strong>ut</strong></span> <span class='ocrx_word' id='word_1_180' title='bbox 590 2515 711 2554; x_wconf 91' lang='lat' dir='ltr'><strong>cum</strong></span> <span class='ocrx_word' id='word_1_181' title='bbox 741 2499 927 2555; x_wconf 80' lang='lat' dir='ltr'><strong>fuisset</strong></span> <span class='ocrx_word' id='word_1_182' title='bbox 950 2505 1241 2572; x_wconf 86' lang='lat' dir='ltr'><strong>ingressus,</strong></span> <span class='ocrx_word' id='word_1_183' title='bbox 1259 2503 1439 2557; x_wconf 91' lang='lat' dir='ltr'><strong>statim</strong></span> <span class='ocrx_word' id='word_1_184' title='bbox 1475 2503 1751 2573; x_wconf 91' lang='lat' dir='ltr'><strong>supposito</strong></span> <span class='ocrx_word' id='word_1_185' title='bbox 1782 2504 1864 2558; x_wconf 84' lang='lat' dir='ltr'><strong>in-</strong></span> 
     </span>
    </p>
   </div>
   <div class='ocr_carea' id='block_1_28' title="bbox 288 2591 1862 2665">
    <p class='ocr_par' dir='ltr' id='par_1_28' title="bbox 288 2591 1862 2665">
     <span class='ocr_line' id='line_1_28' title="bbox 288 2591 1862 2665; baseline 0.005 -23"><span class='ocrx_word' id='word_1_186' title='bbox 288 2604 457 2644; x_wconf 90' lang='lat' dir='ltr'><strong>censo</strong></span> <span class='ocrx_word' id='word_1_187' title='bbox 489 2591 812 2647; x_wconf 83' lang='lat' dir='ltr'><strong>carbonibus</strong></span> <span class='ocrx_word' id='word_1_188' title='bbox 833 2591 1011 2649; x_wconf 87' lang='lat' dir='ltr'><strong>fumus</strong></span> <span class='ocrx_word' id='word_1_189' title='bbox 1033 2595 1367 2659; x_wconf 88' lang='lat' dir='ltr'><strong>ascenderet,</strong></span> <span class='ocrx_word' id='word_1_190' title='bbox 1393 2603 1670 2665; x_wconf 89' lang='lat' dir='ltr'><strong>totamque</strong></span> <span class='ocrx_word' id='word_1_191' title='bbox 1689 2596 1862 2650; x_wconf 68' lang='lat' dir='ltr'><strong>aedem</strong></span> 
     </span>
    </p>
   </div>
   <div class='ocr_carea' id='block_1_29' title="bbox 289 2682 1863 2756">
    <p class='ocr_par' dir='ltr' id='par_1_29' title="bbox 289 2682 1863 2756">
     <span class='ocr_line' id='line_1_29' title="bbox 289 2682 1863 2756; baseline 0.003 -21"><span class='ocrx_word' id='word_1_192' title='bbox 289 2682 557 2752; x_wconf 87' lang='lat' dir='ltr'><strong>repleret,</strong></span> <span class='ocrx_word' id='word_1_193' title='bbox 607 2693 667 2738; x_wconf 92' lang='lat' dir='ltr'><strong>ut</strong></span> <span class='ocrx_word' id='word_1_194' title='bbox 715 2694 993 2754; x_wconf 91' lang='lat' dir='ltr'><strong>aspectum</strong></span> <span class='ocrx_word' id='word_1_195' title='bbox 1045 2693 1390 2749; x_wconf 91' lang='lat' dir='ltr'><strong>sanctorum,</strong></span> <span class='ocrx_word' id='word_1_196' title='bbox 1433 2698 1588 2754; x_wconf 87' lang='lat' dir='ltr'><strong>quem</strong></span> <span class='ocrx_word' id='word_1_197' title='bbox 1655 2686 1863 2756; x_wconf 83' lang='lat' dir='ltr'><strong>ingres-</strong></span> 
     </span>
    </p>
   </div>
   <div class='ocr_carea' id='block_1_30' title="bbox 289 2775 1864 2845">
    <p class='ocr_par' dir='ltr' id='par_1_30' title="bbox 289 2775 1864 2845">
     <span class='ocr_line' id='line_1_30' title="bbox 289 2775 1864 2845; baseline 0.003 -17"><span class='ocrx_word' id='word_1_198' title='bbox 289 2790 386 2828; x_wconf 88' lang='lat' dir='ltr'><strong>sus</strong></span> <span class='ocrx_word' id='word_1_199' title='bbox 416 2776 690 2845; x_wconf 90' lang='lat' dir='ltr'><strong>pontiﬁcis</strong></span> <span class='ocrx_word' id='word_1_200' title='bbox 724 2776 1078 2843; x_wconf 79' lang='lat' dir='ltr'><strong>revelaverat,</strong></span> <span class='ocrx_word' id='word_1_201' title='bbox 1111 2777 1282 2832; x_wconf 89' lang='lat' dir='ltr'><strong>nubes</strong></span> <span class='ocrx_word' id='word_1_202' title='bbox 1312 2777 1518 2832; x_wconf 85' lang='lat' dir='ltr'><strong>velaret</strong></span> <span class='ocrx_word' id='word_1_203' title='bbox 1548 2777 1770 2831; x_wconf 88' lang='lat' dir='ltr'><strong>incensi.</strong></span> <span class='ocrx_word' id='word_1_204' title='bbox 1803 2775 1864 2832; x_wconf 89' lang='lat' dir='ltr'><strong>Si</strong></span> 
     </span>
    </p>
   </div>
   <div class='ocr_carea' id='block_1_31' title="bbox 291 2868 1864 2940">
    <p class='ocr_par' dir='ltr' id='par_1_31' title="bbox 291 2868 1864 2940">
     <span class='ocr_line' id='line_1_31' title="bbox 291 2868 1864 2940; baseline 0.003 -20"><span class='ocrx_word' id='word_1_205' title='bbox 291 2868 388 2920; x_wconf 90' lang='lat' dir='ltr'><strong>tibi</strong></span> <span class='ocrx_word' id='word_1_206' title='bbox 439 2870 831 2924; x_wconf 88' lang='lat' dir='ltr'><strong>sacriﬁciorum</strong></span> <span class='ocrx_word' id='word_1_207' title='bbox 881 2886 998 2925; x_wconf 91' lang='lat' dir='ltr'><strong>mos</strong></span> <span class='ocrx_word' id='word_1_208' title='bbox 1045 2871 1220 2940; x_wconf 89' lang='lat' dir='ltr'><strong>patuit</strong></span> <span class='ocrx_word' id='word_1_209' title='bbox 1261 2873 1538 2939; x_wconf 89' lang='lat' dir='ltr'><strong>antiquus,</strong></span> <span class='ocrx_word' id='word_1_210' title='bbox 1574 2869 1701 2937; x_wconf 87' lang='lat' dir='ltr'><strong>quid</strong></span> <span class='ocrx_word' id='word_1_211' title='bbox 1751 2870 1864 2924; x_wconf 72' lang='lat' dir='ltr'><strong>hate</strong></span> 
     </span>
    </p>
   </div>
   <div class='ocr_carea' id='block_1_32' title="bbox 289 2961 1860 3032">
    <p class='ocr_par' dir='ltr' id='par_1_32' title="bbox 289 2961 1860 3032">
     <span class='ocr_line' id='line_1_32' title="bbox 289 2961 1860 3032; baseline -0.001 -18"><span class='ocrx_word' id='word_1_212' title='bbox 289 2962 456 3015; x_wconf 89' lang='lat' dir='ltr'><strong>etiam</strong></span> <span class='ocrx_word' id='word_1_213' title='bbox 507 2963 802 3017; x_wconf 90' lang='lat' dir='ltr'><strong>secundum</strong></span> <span class='ocrx_word' id='word_1_214' title='bbox 869 2963 1134 3018; x_wconf 89' lang='lat' dir='ltr'><strong>rationem</strong></span> <span class='ocrx_word' id='word_1_215' title='bbox 1193 2962 1476 3032; x_wconf 87' lang='lat' dir='ltr'><strong>mysticam</strong></span> <span class='ocrx_word' id='word_1_216' title='bbox 1531 2961 1860 3025; x_wconf 88' lang='lat' dir='ltr'><strong>contineant,</strong></span> 
     </span>
    </p>
   </div>
   <div class='ocr_carea' id='block_1_33' title="bbox 290 3053 1861 3126">
    <p class='ocr_par' dir='ltr' id='par_1_33' title="bbox 290 3053 1861 3126">
     <span class='ocr_line' id='line_1_33' title="bbox 290 3053 1861 3126; baseline 0 -19"><span class='ocrx_word' id='word_1_217' title='bbox 290 3053 455 3126; x_wconf 59' lang='lat'><strong>25,3</strong></span> <span class='ocrx_word' id='word_1_218' title='bbox 482 3055 790 3111; x_wconf 83' lang='lat' dir='ltr'><strong>videamus.</strong></span> <span class='ocrx_word' id='word_1_219' title='bbox 823 3055 966 3111; x_wconf 86' lang='lat' dir='ltr'><strong>Duas</strong></span> <span class='ocrx_word' id='word_1_220' title='bbox 1009 3055 1210 3111; x_wconf 89' lang='lat' dir='ltr'><strong>audisti</strong></span> <span class='ocrx_word' id='word_1_221' title='bbox 1256 3056 1438 3109; x_wconf 62' lang='lat' dir='ltr'><strong>ardes:</strong></span> <span class='ocrx_word' id='word_1_222' title='bbox 1490 3069 1653 3109; x_wconf 91' lang='lat' dir='ltr'><strong>unam</strong></span> <span class='ocrx_word' id='word_1_223' title='bbox 1707 3054 1861 3123; x_wconf 90' lang='lat' dir='ltr'><strong>quasi</strong></span> 
     </span>
    </p>
   </div>
   <div class='ocr_carea' id='block_1_34' title="bbox 290 3146 1862 3217">
    <p class='ocr_par' dir='ltr' id='par_1_34' title="bbox 290 3146 1862 3217">
     <span class='ocr_line' id='line_1_34' title="bbox 290 3146 1862 3217; baseline 0.001 -18"><span class='ocrx_word' id='word_1_224' title='bbox 290 3148 569 3202; x_wconf 86' lang='lat' dir='ltr'><strong>visibilem</strong></span> <span class='ocrx_word' id='word_1_225' title='bbox 595 3155 651 3202; x_wconf 92' lang='lat' dir='ltr'><strong>et</strong></span> <span class='ocrx_word' id='word_1_226' title='bbox 687 3158 960 3217; x_wconf 89' lang='lat' dir='ltr'><strong>patentem</strong></span> <span class='ocrx_word' id='word_1_227' title='bbox 993 3149 1393 3211; x_wconf 87' lang='lat' dir='ltr'><strong>sacerdotibus,</strong></span> <span class='ocrx_word' id='word_1_228' title='bbox 1422 3146 1581 3201; x_wconf 87' lang='lat' dir='ltr'><strong>aliam</strong></span> <span class='ocrx_word' id='word_1_229' title='bbox 1615 3162 1742 3201; x_wconf 90' lang='lat' dir='ltr'><strong>vero</strong></span> <span class='ocrx_word' id='word_1_230' title='bbox 1779 3147 1862 3201; x_wconf 85' lang='lat' dir='ltr'><strong>in-</strong></span> 
     </span>
    </p>
   </div>
   <div class='ocr_carea' id='block_1_35' title="bbox 291 3239 1862 3309">
    <p class='ocr_par' dir='ltr' id='par_1_35' title="bbox 291 3239 1862 3309">
     <span class='ocr_line' id='line_1_35' title="bbox 291 3239 1862 3309; baseline 0.001 -17"><span class='ocrx_word' id='word_1_231' title='bbox 291 3240 564 3295; x_wconf 82' lang='lat' dir='ltr'><strong>visibiletn</strong></span> <span class='ocrx_word' id='word_1_232' title='bbox 591 3279 608 3304; x_wconf 91' lang='lat'><strong>,</strong></span> <span class='ocrx_word' id='word_1_233' title='bbox 644 3251 699 3294; x_wconf 89' lang='lat' dir='ltr'><strong>et</strong></span> <span class='ocrx_word' id='word_1_234' title='bbox 731 3241 1062 3296; x_wconf 89' lang='lat' dir='ltr'><strong>inaccessam</strong></span> <span class='ocrx_word' id='word_1_235' title='bbox 1086 3281 1101 3304; x_wconf 96' lang='lat'><strong>,</strong></span> <span class='ocrx_word' id='word_1_236' title='bbox 1156 3250 1385 3309; x_wconf 87' lang='lat' dir='ltr'><strong>excepto</strong></span> <span class='ocrx_word' id='word_1_237' title='bbox 1424 3239 1540 3293; x_wconf 89' lang='lat' dir='ltr'><strong>solo</strong></span> <span class='ocrx_word' id='word_1_238' title='bbox 1586 3239 1862 3308; x_wconf 89' lang='lat' dir='ltr'><strong>pontiﬁce,</strong></span> 
     </span>
    </p>
   </div>
   <div class='ocr_carea' id='block_1_36' title="bbox 290 3330 1866 3402">
    <p class='ocr_par' dir='ltr' id='par_1_36' title="bbox 290 3330 1866 3402">
     <span class='ocr_line' id='line_1_36' title="bbox 290 3330 1866 3402; baseline -0.003 -15"><span class='ocrx_word' id='word_1_239' title='bbox 290 3334 470 3387; x_wconf 67' lang='lat' dir='ltr'><strong>caueri</strong></span> <span class='ocrx_word' id='word_1_240' title='bbox 506 3333 640 3387; x_wconf 90' lang='lat' dir='ltr'><strong>foris</strong></span> <span class='ocrx_word' id='word_1_241' title='bbox 669 3341 814 3387; x_wconf 90' lang='lat' dir='ltr'><strong>sunt.</strong></span> <span class='ocrx_word' id='word_1_242' title='bbox 846 3332 1026 3386; x_wconf 82' lang='lat' dir='ltr'><strong>Prima</strong></span> <span class='ocrx_word' id='word_1_243' title='bbox 1059 3331 1204 3387; x_wconf 69' lang='lat' dir='ltr'><strong>mdes</strong></span> <span class='ocrx_word' id='word_1_244' title='bbox 1233 3332 1334 3386; x_wconf 91' lang='lat' dir='ltr'><strong>ista</strong></span> <span class='ocrx_word' id='word_1_245' title='bbox 1364 3341 1496 3402; x_wconf 91' lang='lat' dir='ltr'><strong>puto</strong></span> <span class='ocrx_word' id='word_1_246' title='bbox 1528 3331 1674 3399; x_wconf 90' lang='lat' dir='ltr'><strong>quod</strong></span> <span class='ocrx_word' id='word_1_247' title='bbox 1711 3330 1866 3384; x_wconf 86' lang='lat' dir='ltr'><strong>intel-</strong></span> 
     </span>
    </p>
   </div>
   <div class='ocr_carea' id='block_1_37' title="bbox 294 3421 1864 3495">
    <p class='ocr_par' dir='ltr' id='par_1_37' title="bbox 294 3421 1864 3495">
     <span class='ocr_line' id='line_1_37' title="bbox 294 3421 1864 3495; baseline 0 -19"><span class='ocrx_word' id='word_1_248' title='bbox 294 3424 385 3495; x_wconf 89' lang='lat' dir='ltr'><strong>ligi</strong></span> <span class='ocrx_word' id='word_1_249' title='bbox 417 3426 588 3494; x_wconf 85' lang='lat' dir='ltr'><strong>possit</strong></span> <span class='ocrx_word' id='word_1_250' title='bbox 619 3427 734 3480; x_wconf 66' lang='lat' dir='ltr'><strong>haec</strong></span> <span class='ocrx_word' id='word_1_251' title='bbox 766 3426 820 3478; x_wconf 89' lang='lat' dir='ltr'><strong>in</strong></span> <span class='ocrx_word' id='word_1_252' title='bbox 858 3441 964 3495; x_wconf 88' lang='lat' dir='ltr'><strong>qua</strong></span> <span class='ocrx_word' id='word_1_253' title='bbox 1007 3439 1149 3478; x_wconf 92' lang='lat' dir='ltr'><strong>nunc</strong></span> <span class='ocrx_word' id='word_1_254' title='bbox 1179 3439 1364 3478; x_wconf 92' lang='lat' dir='ltr'><strong>sumus</strong></span> <span class='ocrx_word' id='word_1_255' title='bbox 1398 3423 1451 3476; x_wconf 94' lang='lat' dir='ltr'><strong>in</strong></span> <span class='ocrx_word' id='word_1_256' title='bbox 1488 3438 1654 3477; x_wconf 91' lang='lat' dir='ltr'><strong>carne</strong></span> <span class='ocrx_word' id='word_1_257' title='bbox 1705 3421 1864 3490; x_wconf 88' lang='lat' dir='ltr'><strong>positi</strong></span> 
     </span>
    </p>
   </div>
   <div class='ocr_carea' id='block_1_38' title="bbox 293 3513 1868 3585">
    <p class='ocr_par' dir='ltr' id='par_1_38' title="bbox 293 3513 1868 3585">
     <span class='ocr_line' id='line_1_38' title="bbox 293 3513 1868 3585; baseline -0.001 -15"><span class='ocrx_word' id='word_1_258' title='bbox 293 3515 535 3572; x_wconf 85' lang='lat' dir='ltr'><strong>Ecclesia</strong></span> <span class='ocrx_word' id='word_1_259' title='bbox 560 3557 575 3579; x_wconf 87' lang='lat'><strong>,</strong></span> <span class='ocrx_word' id='word_1_260' title='bbox 613 3517 666 3570; x_wconf 93' lang='lat' dir='ltr'><strong>in</strong></span> <span class='ocrx_word' id='word_1_261' title='bbox 699 3531 805 3585; x_wconf 90' lang='lat' dir='ltr'><strong>qua</strong></span> <span class='ocrx_word' id='word_1_262' title='bbox 851 3517 1168 3570; x_wconf 88' lang='lat' dir='ltr'><strong>sacerdotes</strong></span> <span class='ocrx_word' id='word_1_263' title='bbox 1225 3515 1544 3568; x_wconf 90' lang='lat' dir='ltr'><strong>ministrant</strong></span> <span class='ocrx_word' id='word_1_264' title='bbox 1596 3514 1662 3568; x_wconf 90' lang='lat' dir='ltr'><strong>ad</strong></span> <span class='ocrx_word' id='word_1_265' title='bbox 1697 3513 1868 3569; x_wconf 88' lang='lat' dir='ltr'><strong>altare</strong></span> 
     </span>
    </p>
   </div>
   <div class='ocr_carea' id='block_1_39' title="bbox 296 3603 1868 3675">
    <p class='ocr_par' dir='ltr' id='par_1_39' title="bbox 296 3603 1868 3675">
     <span class='ocr_line' id='line_1_39' title="bbox 296 3603 1868 3675; baseline -0.001 -15"><span class='ocrx_word' id='word_1_266' title='bbox 296 3606 760 3672; x_wconf 89' lang='lat' dir='ltr'><strong>bolocaustorum,</strong></span> <span class='ocrx_word' id='word_1_267' title='bbox 789 3619 1057 3660; x_wconf 90' lang='lat' dir='ltr'><strong>succenso</strong></span> <span class='ocrx_word' id='word_1_268' title='bbox 1087 3603 1178 3659; x_wconf 93' lang='lat' dir='ltr'><strong>illo</strong></span> <span class='ocrx_word' id='word_1_269' title='bbox 1205 3604 1352 3675; x_wconf 88' lang='lat' dir='ltr'><strong>igne,</strong></span> <span class='ocrx_word' id='word_1_270' title='bbox 1386 3603 1454 3658; x_wconf 93' lang='lat' dir='ltr'><strong>de</strong></span> <span class='ocrx_word' id='word_1_271' title='bbox 1487 3618 1592 3673; x_wconf 89' lang='lat' dir='ltr'><strong>quo</strong></span> <span class='ocrx_word' id='word_1_272' title='bbox 1620 3603 1756 3658; x_wconf 82' lang='lat' dir='ltr'><strong>dixit</strong></span> <span class='ocrx_word' id='word_1_273' title='bbox 1778 3603 1868 3658; x_wconf 82' lang='lat' dir='ltr'><strong>Je-</strong></span> 
     </span>
    </p>
   </div>
   <div class='ocr_carea' id='block_1_40' title="bbox 296 3698 1866 3771">
    <p class='ocr_par' dir='ltr' id='par_1_40' title="bbox 296 3698 1866 3771">
     <span class='ocr_line' id='line_1_40' title="bbox 296 3698 1866 3771; baseline -0.003 -16"><span class='ocrx_word' id='word_1_274' title='bbox 296 3716 388 3755; x_wconf 86' lang='lat' dir='ltr'><strong>sus</strong></span> <span class='ocrx_word' id='word_1_275' title='bbox 413 3701 501 3755; x_wconf 75' lang='lat' dir='ltr'><strong>“z</strong></span> <span class='ocrx_word' id='word_1_276' title='bbox 551 3719 568 3752; x_wconf 74' lang='grc' dir='ltr'><strong>ε</strong></span> <span class='ocrx_word' id='word_1_277' title='bbox 601 3699 791 3771; x_wconf 85' lang='lat' dir='ltr'><strong>Ignem</strong></span> <span class='ocrx_word' id='word_1_278' title='bbox 823 3700 944 3754; x_wconf 90' lang='lat' dir='ltr'><strong>veni</strong></span> <span class='ocrx_word' id='word_1_279' title='bbox 989 3699 1210 3754; x_wconf 89' lang='lat' dir='ltr'><strong>mittere</strong></span> <span class='ocrx_word' id='word_1_280' title='bbox 1258 3698 1311 3753; x_wconf 91' lang='lat' dir='ltr'><strong>in</strong></span> <span class='ocrx_word' id='word_1_281' title='bbox 1342 3707 1544 3754; x_wconf 88' lang='lat' dir='ltr'><strong>terram</strong></span> <span class='ocrx_word' id='word_1_282' title='bbox 1572 3738 1588 3762; x_wconf 89' lang='lat'><strong>,</strong></span> <span class='ocrx_word' id='word_1_283' title='bbox 1618 3709 1671 3752; x_wconf 90' lang='lat' dir='ltr'><strong>et</strong></span> <span class='ocrx_word' id='word_1_284' title='bbox 1704 3711 1866 3768; x_wconf 87' lang='lat' dir='ltr'><strong>quam</strong></span> 
     </span>
    </p>
   </div>
   <div class='ocr_carea' id='block_1_41' title="bbox 297 3791 1868 3860">
    <p class='ocr_par' dir='ltr' id='par_1_41' title="bbox 297 3791 1868 3860">
     <span class='ocr_line' id='line_1_41' title="bbox 297 3791 1868 3860; baseline 0.001 -16"><span class='ocrx_word' id='word_1_285' title='bbox 297 3792 420 3848; x_wconf 78' lang='lat' dir='ltr'><strong>volo</strong></span> <span class='ocrx_word' id='word_1_286' title='bbox 469 3801 529 3847; x_wconf 90' lang='lat' dir='ltr'><strong>ut</strong></span> <span class='ocrx_word' id='word_1_287' title='bbox 561 3793 904 3847; x_wconf 88' lang='lat' dir='ltr'><strong>accendatur.</strong></span> <span class='ocrx_word' id='word_1_288' title='bbox 943 3811 962 3843; x_wconf 70' lang='grc' dir='ltr'><strong><em>ι</em></strong></span> <span class='ocrx_word' id='word_1_289' title='bbox 1011 3791 1081 3846; x_wconf 90' lang='lat' dir='ltr'><strong>Et</strong></span> <span class='ocrx_word' id='word_1_290' title='bbox 1116 3791 1239 3846; x_wconf 92' lang='lat' dir='ltr'><strong>nolo</strong></span> <span class='ocrx_word' id='word_1_291' title='bbox 1289 3791 1505 3846; x_wconf 90' lang='lat' dir='ltr'><strong>mireris</strong></span> <span class='ocrx_word' id='word_1_292' title='bbox 1557 3791 1700 3860; x_wconf 92' lang='lat' dir='ltr'><strong>quod</strong></span> <span class='ocrx_word' id='word_1_293' title='bbox 1753 3793 1868 3845; x_wconf 73' lang='lat' dir='ltr'><strong>haec</strong></span> 
     </span>
    </p>
   </div>
   <div class='ocr_carea' id='block_1_42' title="bbox 302 3880 1869 3951">
    <p class='ocr_par' dir='ltr' id='par_1_42' title="bbox 302 3880 1869 3951">
     <span class='ocr_line' id='line_1_42' title="bbox 302 3880 1869 3951; baseline -0.001 -14"><span class='ocrx_word' id='word_1_294' title='bbox 302 3884 447 3938; x_wconf 68' lang='lat' dir='ltr'><strong>ardes</strong></span> <span class='ocrx_word' id='word_1_295' title='bbox 497 3881 628 3938; x_wconf 90' lang='lat' dir='ltr'><strong>solis</strong></span> <span class='ocrx_word' id='word_1_296' title='bbox 673 3883 1048 3938; x_wconf 85' lang='lat' dir='ltr'><strong>sacerdotibus</strong></span> <span class='ocrx_word' id='word_1_297' title='bbox 1082 3891 1288 3951; x_wconf 89' lang='lat' dir='ltr'><strong>pateat.</strong></span> <span class='ocrx_word' id='word_1_298' title='bbox 1317 3880 1520 3938; x_wconf 85' lang='lat' dir='ltr'><strong>Omnes</strong></span> <span class='ocrx_word' id='word_1_299' title='bbox 1549 3883 1692 3936; x_wconf 88' lang='lat' dir='ltr'><strong>enim</strong></span> <span class='ocrx_word' id='word_1_300' title='bbox 1750 3881 1869 3950; x_wconf 89' lang='lat' dir='ltr'><strong>qui-</strong></span> 
     </span>
    </p>
   </div>
   <div class='ocr_carea' id='block_1_43' title="bbox 297 3973 1868 4044">
    <p class='ocr_par' dir='ltr' id='par_1_43' title="bbox 297 3973 1868 4044">
     <span class='ocr_line' id='line_1_43' title="bbox 297 3973 1868 4044; baseline -0.002 -16"><span class='ocrx_word' id='word_1_301' title='bbox 297 3989 509 4043; x_wconf 88' lang='lat' dir='ltr'><strong>cunque</strong></span> <span class='ocrx_word' id='word_1_302' title='bbox 538 3985 810 4044; x_wconf 88' lang='lat' dir='ltr'><strong>ungnento</strong></span> <span class='ocrx_word' id='word_1_303' title='bbox 835 3974 975 4028; x_wconf 88' lang='lat' dir='ltr'><strong>sacri</strong></span> <span class='ocrx_word' id='word_1_304' title='bbox 1000 3973 1317 4028; x_wconf 87' lang='lat' dir='ltr'><strong>chrismatis</strong></span> <span class='ocrx_word' id='word_1_305' title='bbox 1343 3973 1563 4027; x_wconf 79' lang='lat' dir='ltr'><strong>delibuti</strong></span> <span class='ocrx_word' id='word_1_306' title='bbox 1599 3982 1746 4036; x_wconf 92' lang='lat' dir='ltr'><strong>sunt,</strong></span> <span class='ocrx_word' id='word_1_307' title='bbox 1780 3987 1868 4026; x_wconf 89' lang='lat' dir='ltr'><strong>sa-</strong></span> 
     </span>
    </p>
   </div>
   <div class='ocr_carea' id='block_1_44' title="bbox 296 4065 1865 4130">
    <p class='ocr_par' dir='ltr' id='par_1_44' title="bbox 296 4065 1865 4130">
     <span class='ocr_line' id='line_1_44' title="bbox 296 4065 1865 4130; baseline -0.002 -9"><span class='ocrx_word' id='word_1_308' title='bbox 296 4069 550 4122; x_wconf 85' lang='lat' dir='ltr'><strong>cerdotes</strong></span> <span class='ocrx_word' id='word_1_309' title='bbox 580 4067 756 4122; x_wconf 84' lang='lat' dir='ltr'><strong>effecti</strong></span> <span class='ocrx_word' id='word_1_310' title='bbox 799 4076 965 4130; x_wconf 90' lang='lat' dir='ltr'><strong>sunt,</strong></span> <span class='ocrx_word' id='word_1_311' title='bbox 995 4067 1136 4119; x_wconf 88' lang='lat' dir='ltr'><strong>sicut</strong></span> <span class='ocrx_word' id='word_1_312' title='bbox 1189 4075 1244 4120; x_wconf 90' lang='lat' dir='ltr'><strong>et</strong></span> <span class='ocrx_word' id='word_1_313' title='bbox 1289 4065 1482 4120; x_wconf 82' lang='lat' dir='ltr'><strong>Petrus</strong></span> <span class='ocrx_word' id='word_1_314' title='bbox 1533 4065 1599 4118; x_wconf 91' lang='lat' dir='ltr'><strong>ad</strong></span> <span class='ocrx_word' id='word_1_315' title='bbox 1651 4079 1865 4118; x_wconf 89' lang='lat' dir='ltr'><strong>omnem</strong></span> 
     </span>
    </p>
   </div>
   <div class='ocr_carea' id='block_1_45' title="bbox 296 4156 1868 4228">
    <p class='ocr_par' dir='ltr' id='par_1_45' title="bbox 296 4156 1868 4228">
     <span class='ocr_line' id='line_1_45' title="bbox 296 4156 1868 4228; baseline -0.002 -16"><span class='ocrx_word' id='word_1_316' title='bbox 296 4160 424 4213; x_wconf 90' lang='lat' dir='ltr'><strong>dicit</strong></span> <span class='ocrx_word' id='word_1_317' title='bbox 464 4159 763 4214; x_wconf 83' lang='lat' dir='ltr'><strong>Ecclesiam</strong></span> <span class='ocrx_word' id='word_1_318' title='bbox 797 4159 842 4193; x_wconf 78' lang='grc'><strong>⁸⁵</strong></span> <span class='ocrx_word' id='word_1_319' title='bbox 871 4176 885 4212; x_wconf 88' lang='lat'><strong>:</strong></span> <span class='ocrx_word' id='word_1_320' title='bbox 926 4175 944 4209; x_wconf 74' lang='grc' dir='ltr'>ι</span> <span class='ocrx_word' id='word_1_321' title='bbox 982 4156 1088 4214; x_wconf 83' lang='lat' dir='ltr'><strong>Vos</strong></span> <span class='ocrx_word' id='word_1_322' title='bbox 1120 4169 1301 4213; x_wconf 91' lang='lat' dir='ltr'><strong>autem</strong></span> <span class='ocrx_word' id='word_1_323' title='bbox 1333 4172 1502 4228; x_wconf 85' lang='lat' dir='ltr'><strong>genus</strong></span> <span class='ocrx_word' id='word_1_324' title='bbox 1525 4156 1780 4221; x_wconf 84' lang='lat' dir='ltr'><strong>electum,</strong></span> <span class='ocrx_word' id='word_1_325' title='bbox 1813 4166 1868 4209; x_wconf 91' lang='lat' dir='ltr'><strong>et</strong></span> 
     </span>
    </p>
   </div>
   <div class='ocr_carea' id='block_1_46' title="bbox 298 4250 1869 4322">
    <p class='ocr_par' dir='ltr' id='par_1_46' title="bbox 298 4250 1869 4322">
     <span class='ocr_line' id='line_1_46' title="bbox 298 4250 1869 4322; baseline -0.001 -18"><span class='ocrx_word' id='word_1_326' title='bbox 298 4251 479 4322; x_wconf 86' lang='lat' dir='ltr'><strong>regale</strong></span> <span class='ocrx_word' id='word_1_327' title='bbox 505 4252 888 4319; x_wconf 88' lang='lat' dir='ltr'><strong>sacerdotium,</strong></span> <span class='ocrx_word' id='word_1_328' title='bbox 918 4267 1051 4322; x_wconf 86' lang='lat' dir='ltr'><strong>gens</strong></span> <span class='ocrx_word' id='word_1_329' title='bbox 1075 4260 1286 4307; x_wconf 89' lang='lat' dir='ltr'><strong>sancta.</strong></span> <span class='ocrx_word' id='word_1_330' title='bbox 1318 4269 1338 4302; x_wconf 76' lang='grc' dir='ltr'><strong><em>ι</em></strong></span> <span class='ocrx_word' id='word_1_331' title='bbox 1373 4250 1515 4304; x_wconf 82' lang='lat' dir='ltr'><strong>Estis</strong></span> <span class='ocrx_word' id='word_1_332' title='bbox 1545 4264 1678 4317; x_wconf 85' lang='lat' dir='ltr'><strong>ergo</strong></span> <span class='ocrx_word' id='word_1_333' title='bbox 1700 4263 1869 4318; x_wconf 85' lang='lat' dir='ltr'><strong>genus</strong></span> 
     </span>
    </p>
   </div>
   <div class='ocr_carea' id='block_1_47' title="bbox 297 4341 1867 4410">
    <p class='ocr_par' dir='ltr' id='par_1_47' title="bbox 297 4341 1867 4410">
     <span class='ocr_line' id='line_1_47' title="bbox 297 4341 1867 4410; baseline -0.004 -12"><span class='ocrx_word' id='word_1_334' title='bbox 297 4343 678 4410; x_wconf 87' lang='lat' dir='ltr'><strong>sacerdotale,</strong></span> <span class='ocrx_word' id='word_1_335' title='bbox 737 4353 794 4398; x_wconf 91' lang='lat' dir='ltr'><strong>et</strong></span> <span class='ocrx_word' id='word_1_336' title='bbox 823 4345 944 4400; x_wconf 89' lang='lat' dir='ltr'><strong>ideo</strong></span> <span class='ocrx_word' id='word_1_337' title='bbox 1001 4343 1263 4400; x_wconf 89' lang='lat' dir='ltr'><strong>acceditis</strong></span> <span class='ocrx_word' id='word_1_338' title='bbox 1313 4343 1378 4396; x_wconf 84' lang='lat' dir='ltr'><strong>ad</strong></span> <span class='ocrx_word' id='word_1_339' title='bbox 1418 4351 1629 4400; x_wconf 84' lang='lat' dir='ltr'><strong>sancta.</strong></span> <span class='ocrx_word' id='word_1_340' title='bbox 1667 4341 1773 4394; x_wconf 87' lang='lat' dir='ltr'><strong>Sed</strong></span> <span class='ocrx_word' id='word_1_341' title='bbox 1811 4349 1867 4395; x_wconf 90' lang='lat' dir='ltr'><strong>et</strong></span> 
     </span>
    </p>
   </div>
   <div class='ocr_carea' id='block_1_48' title="bbox 1978 476 3544 556">
    <p class='ocr_par' dir='ltr' id='par_1_48' title="bbox 1978 476 3544 556">
     <span class='ocr_line' id='line_1_48' title="bbox 1978 476 3544 556; baseline 0.011 -30"><span class='ocrx_word' id='word_1_342' title='bbox 1978 484 2033 526; x_wconf 93' lang='lat' dir='ltr'><strong>ut</strong></span> <span class='ocrx_word' id='word_1_343' title='bbox 2063 476 2301 530; x_wconf 89' lang='lat' dir='ltr'><strong>animam</strong></span> <span class='ocrx_word' id='word_1_344' title='bbox 2341 492 2512 530; x_wconf 87' lang='lat' dir='ltr'><strong>meam</strong></span> <span class='ocrx_word' id='word_1_345' title='bbox 2546 493 2741 547; x_wconf 88' lang='lat' dir='ltr'><strong>ponam</strong></span> <span class='ocrx_word' id='word_1_346' title='bbox 2768 494 2866 548; x_wconf 92' lang='lat' dir='ltr'><strong>pro</strong></span> <span class='ocrx_word' id='word_1_347' title='bbox 2889 481 3150 537; x_wconf 80' lang='lat' dir='ltr'><strong>fratribus</strong></span> <span class='ocrx_word' id='word_1_348' title='bbox 3183 486 3338 551; x_wconf 87' lang='lat' dir='ltr'><strong>meis,</strong></span> <span class='ocrx_word' id='word_1_349' title='bbox 3371 488 3416 542; x_wconf 87' lang='lat' dir='ltr'><strong>si</strong></span> <span class='ocrx_word' id='word_1_350' title='bbox 3445 504 3544 556; x_wconf 91' lang='lat' dir='ltr'><strong>pro</strong></span> 
     </span>
    </p>
   </div>
   <div class='ocr_carea' id='block_1_49' title="bbox 1967 564 3542 648">
    <p class='ocr_par' dir='ltr' id='par_1_49' title="bbox 1967 564 3542 648">
     <span class='ocr_line' id='line_1_49' title="bbox 1967 564 3542 648; baseline 0.01 -31"><span class='ocrx_word' id='word_1_351' title='bbox 1967 564 2211 634; x_wconf 88' lang='lat' dir='ltr'><strong>justitia,</strong></span> <span class='ocrx_word' id='word_1_352' title='bbox 2248 581 2346 634; x_wconf 92' lang='lat' dir='ltr'><strong>pro</strong></span> <span class='ocrx_word' id='word_1_353' title='bbox 2380 569 2609 622; x_wconf 88' lang='lat' dir='ltr'><strong>veritate</strong></span> <span class='ocrx_word' id='word_1_354' title='bbox 2660 584 2828 637; x_wconf 90' lang='lat' dir='ltr'><strong>usque</strong></span> <span class='ocrx_word' id='word_1_355' title='bbox 2865 571 2930 624; x_wconf 91' lang='lat' dir='ltr'><strong>ad</strong></span> <span class='ocrx_word' id='word_1_356' title='bbox 2983 585 3208 628; x_wconf 88' lang='lat' dir='ltr'><strong>mortem</strong></span> <span class='ocrx_word' id='word_1_357' title='bbox 3241 588 3542 648; x_wconf 87' lang='lat' dir='ltr'><strong>certavero,</strong></span> 
     </span>
    </p>
   </div>
   <div class='ocr_carea' id='block_1_50' title="bbox 1977 658 3543 726">
    <p class='ocr_par' dir='ltr' id='par_1_50' title="bbox 1977 658 3543 726">
     <span class='ocr_line' id='line_1_50' title="bbox 1977 658 3543 726; baseline 0.009 -14"><span class='ocrx_word' id='word_1_358' title='bbox 1977 658 2354 714; x_wconf 89' lang='lat' dir='ltr'><strong>holocaustum</strong></span> <span class='ocrx_word' id='word_1_359' title='bbox 2404 661 2570 714; x_wconf 91' lang='lat' dir='ltr'><strong>obtuli</strong></span> <span class='ocrx_word' id='word_1_360' title='bbox 2601 660 2667 714; x_wconf 94' lang='lat' dir='ltr'><strong>ad</strong></span> <span class='ocrx_word' id='word_1_361' title='bbox 2699 661 2867 716; x_wconf 89' lang='lat' dir='ltr'><strong>altare</strong></span> <span class='ocrx_word' id='word_1_362' title='bbox 2897 664 3011 718; x_wconf 91' lang='lat' dir='ltr'><strong>Dei.</strong></span> <span class='ocrx_word' id='word_1_363' title='bbox 3041 665 3098 720; x_wconf 93' lang='lat' dir='ltr'><strong>Si</strong></span> <span class='ocrx_word' id='word_1_364' title='bbox 3133 671 3372 722; x_wconf 87' lang='lat' dir='ltr'><strong>membra</strong></span> <span class='ocrx_word' id='word_1_365' title='bbox 3423 688 3543 726; x_wconf 89' lang='lat' dir='ltr'><strong>mea</strong></span> 
     </span>
    </p>
   </div>
   <div class='ocr_carea' id='block_1_51' title="bbox 1975 753 3542 827">
    <p class='ocr_par' dir='ltr' id='par_1_51' title="bbox 1975 753 3542 827">
     <span class='ocr_line' id='line_1_51' title="bbox 1975 753 3542 827; baseline 0.008 -23"><span class='ocrx_word' id='word_1_366' title='bbox 1975 753 2045 806; x_wconf 90' lang='lat' dir='ltr'><strong>ab</strong></span> <span class='ocrx_word' id='word_1_367' title='bbox 2095 753 2241 805; x_wconf 92' lang='lat' dir='ltr'><strong>omni</strong></span> <span class='ocrx_word' id='word_1_368' title='bbox 2294 753 2739 820; x_wconf 88' lang='lat' dir='ltr'><strong>concupiscentia</strong></span> <span class='ocrx_word' id='word_1_369' title='bbox 2801 757 2985 812; x_wconf 84' lang='lat' dir='ltr'><strong>carnis</strong></span> <span class='ocrx_word' id='word_1_370' title='bbox 3035 759 3466 827; x_wconf 84' lang='lat' dir='ltr'><strong>mortiﬁcavcro,</strong></span> <span class='ocrx_word' id='word_1_371' title='bbox 3498 764 3542 816; x_wconf 93' lang='lat' dir='ltr'><strong>si</strong></span> 
     </span>
    </p>
   </div>
   <div class='ocr_carea' id='block_1_52' title="bbox 1976 844 3542 919">
    <p class='ocr_par' dir='ltr' id='par_1_52' title="bbox 1976 844 3542 919">
     <span class='ocr_line' id='line_1_52' title="bbox 1976 844 3542 919; baseline 0.008 -24"><span class='ocrx_word' id='word_1_372' title='bbox 1976 844 2207 897; x_wconf 85' lang='lat' dir='ltr'><strong>mundus</strong></span> <span class='ocrx_word' id='word_1_373' title='bbox 2238 844 2366 896; x_wconf 92' lang='lat' dir='ltr'><strong>mihi</strong></span> <span class='ocrx_word' id='word_1_374' title='bbox 2399 847 2696 898; x_wconf 80' lang='lat' dir='ltr'><strong>cruciﬁxus</strong></span> <span class='ocrx_word' id='word_1_375' title='bbox 2749 846 2837 909; x_wconf 86' lang='lat' dir='ltr'><strong>sit,</strong></span> <span class='ocrx_word' id='word_1_376' title='bbox 2874 859 2929 902; x_wconf 89' lang='lat' dir='ltr'><strong>et</strong></span> <span class='ocrx_word' id='word_1_377' title='bbox 2981 865 3080 919; x_wconf 85' lang='lat' dir='ltr'><strong>ego</strong></span> <span class='ocrx_word' id='word_1_378' title='bbox 3134 854 3353 918; x_wconf 85' lang='lat' dir='ltr'><strong>mundo,</strong></span> <span class='ocrx_word' id='word_1_379' title='bbox 3389 853 3542 908; x_wconf 87' lang='lat' dir='ltr'><strong>holo-</strong></span> 
     </span>
    </p>
   </div>
   <div class='ocr_carea' id='block_1_53' title="bbox 1975 935 3541 1008">
    <p class='ocr_par' dir='ltr' id='par_1_53' title="bbox 1975 935 3541 1008">
     <span class='ocr_line' id='line_1_53' title="bbox 1975 935 3541 1008; baseline 0.01 -21"><span class='ocrx_word' id='word_1_380' title='bbox 1975 943 2218 987; x_wconf 89' lang='lat' dir='ltr'><strong>caustum</strong></span> <span class='ocrx_word' id='word_1_381' title='bbox 2246 935 2414 987; x_wconf 90' lang='lat' dir='ltr'><strong>obtuli</strong></span> <span class='ocrx_word' id='word_1_382' title='bbox 2438 937 2503 989; x_wconf 86' lang='lat' dir='ltr'><strong>ad</strong></span> <span class='ocrx_word' id='word_1_383' title='bbox 2529 937 2698 992; x_wconf 88' lang='lat' dir='ltr'><strong>altare</strong></span> <span class='ocrx_word' id='word_1_384' title='bbox 2726 940 2840 1005; x_wconf 91' lang='lat' dir='ltr'><strong>Dei,</strong></span> <span class='ocrx_word' id='word_1_385' title='bbox 2869 947 2924 994; x_wconf 92' lang='lat' dir='ltr'><strong>et</strong></span> <span class='ocrx_word' id='word_1_386' title='bbox 2948 940 3059 1008; x_wconf 88' lang='lat' dir='ltr'><strong>ipse</strong></span> <span class='ocrx_word' id='word_1_387' title='bbox 3086 958 3218 995; x_wconf 82' lang='lat' dir='ltr'><strong>meae</strong></span> <span class='ocrx_word' id='word_1_388' title='bbox 3242 945 3428 998; x_wconf 83' lang='lat' dir='ltr'><strong>hostiae</strong></span> <span class='ocrx_word' id='word_1_389' title='bbox 3456 963 3541 1002; x_wconf 86' lang='lat' dir='ltr'><strong>sa-</strong></span> 
     </span>
    </p>
   </div>
   <div class='ocr_carea' id='block_1_54' title="bbox 1973 1026 3541 1105">
    <p class='ocr_par' dir='ltr' id='par_1_54' title="bbox 1973 1026 3541 1105">
     <span class='ocr_line' id='line_1_54' title="bbox 1973 1026 3541 1105; baseline 0.007 -24"><span class='ocrx_word' id='word_1_390' title='bbox 1973 1027 2164 1082; x_wconf 87' lang='lat' dir='ltr'><strong>cerdos</strong></span> <span class='ocrx_word' id='word_1_391' title='bbox 2190 1026 2412 1082; x_wconf 86' lang='lat' dir='ltr'><strong>eﬁicior.</strong></span> <span class='ocrx_word' id='word_1_392' title='bbox 2441 1027 2553 1082; x_wconf 82' lang='lat' dir='ltr'><strong>Hoc</strong></span> <span class='ocrx_word' id='word_1_393' title='bbox 2580 1044 2711 1099; x_wconf 89' lang='lat' dir='ltr'><strong>ergo</strong></span> <span class='ocrx_word' id='word_1_394' title='bbox 2736 1032 2893 1085; x_wconf 90' lang='lat' dir='ltr'><strong>modo</strong></span> <span class='ocrx_word' id='word_1_395' title='bbox 2921 1033 3282 1088; x_wconf 88' lang='lat' dir='ltr'><strong>sacerdotium</strong></span> <span class='ocrx_word' id='word_1_396' title='bbox 3312 1039 3541 1105; x_wconf 79' lang='lat' dir='ltr'><strong>geritur,</strong></span> 
     </span>
    </p>
   </div>
   <div class='ocr_carea' id='block_1_55' title="bbox 1974 1120 3545 1190">
    <p class='ocr_par' dir='ltr' id='par_1_55' title="bbox 1974 1120 3545 1190">
     <span class='ocr_line' id='line_1_55' title="bbox 1974 1120 3545 1190; baseline 0.008 -17"><span class='ocrx_word' id='word_1_397' title='bbox 1974 1120 2026 1174; x_wconf 92' lang='lat' dir='ltr'><strong>in</strong></span> <span class='ocrx_word' id='word_1_398' title='bbox 2061 1121 2233 1190; x_wconf 88' lang='lat' dir='ltr'><strong>prima</strong></span> <span class='ocrx_word' id='word_1_399' title='bbox 2265 1121 2398 1187; x_wconf 67' lang='lat' dir='ltr'><strong>aede,</strong></span> <span class='ocrx_word' id='word_1_400' title='bbox 2424 1131 2479 1175; x_wconf 89' lang='lat' dir='ltr'><strong>ct</strong></span> <span class='ocrx_word' id='word_1_401' title='bbox 2509 1122 2698 1176; x_wconf 64' lang='lat' dir='ltr'><strong>hostia:</strong></span> <span class='ocrx_word' id='word_1_402' title='bbox 2726 1121 3050 1190; x_wconf 71' lang='lat' dir='ltr'><strong>offeruntur,</strong></span> <span class='ocrx_word' id='word_1_403' title='bbox 3088 1135 3140 1179; x_wconf 88' lang='lat' dir='ltr'><strong>et</strong></span> <span class='ocrx_word' id='word_1_404' title='bbox 3168 1142 3232 1180; x_wconf 83' lang='lat' dir='ltr'><strong>ex</strong></span> <span class='ocrx_word' id='word_1_405' title='bbox 3282 1129 3382 1183; x_wconf 88' lang='lat' dir='ltr'><strong>hac</strong></span> <span class='ocrx_word' id='word_1_406' title='bbox 3428 1132 3545 1185; x_wconf 82' lang='lat' dir='ltr'><strong>aede</strong></span> 
     </span>
    </p>
   </div>
   <div class='ocr_carea' id='block_1_56' title="bbox 1972 1212 3545 1287">
    <p class='ocr_par' dir='ltr' id='par_1_56' title="bbox 1972 1212 3545 1287">
     <span class='ocr_line' id='line_1_56' title="bbox 1972 1212 3545 1287; baseline 0.006 -20"><span class='ocrx_word' id='word_1_407' title='bbox 1972 1212 2334 1268; x_wconf 89' lang='lat' dir='ltr'><strong>sanctiﬁcatis</strong></span> <span class='ocrx_word' id='word_1_408' title='bbox 2381 1213 2602 1268; x_wconf 90' lang='lat' dir='ltr'><strong>indutus</strong></span> <span class='ocrx_word' id='word_1_409' title='bbox 2657 1215 2997 1270; x_wconf 88' lang='lat' dir='ltr'><strong>vestimentis</strong></span> <span class='ocrx_word' id='word_1_410' title='bbox 3036 1219 3281 1286; x_wconf 78' lang='lat' dir='ltr'><strong>pontifex</strong></span> <span class='ocrx_word' id='word_1_411' title='bbox 3328 1222 3545 1287; x_wconf 90' lang='lat' dir='ltr'><strong>proﬁci-</strong></span> 
     </span>
    </p>
   </div>
   <div class='ocr_carea' id='block_1_57' title="bbox 1972 1303 3546 1375">
    <p class='ocr_par' dir='ltr' id='par_1_57' title="bbox 1972 1303 3546 1375">
     <span class='ocr_line' id='line_1_57' title="bbox 1972 1303 3546 1375; baseline 0.008 -19"><span class='ocrx_word' id='word_1_412' title='bbox 1972 1303 2163 1369; x_wconf 87' lang='lat' dir='ltr'><strong>scitur,</strong></span> <span class='ocrx_word' id='word_1_413' title='bbox 2192 1313 2246 1358; x_wconf 90' lang='lat' dir='ltr'><strong>et</strong></span> <span class='ocrx_word' id='word_1_414' title='bbox 2280 1304 2590 1375; x_wconf 87' lang='lat' dir='ltr'><strong>ingreditur</strong></span> <span class='ocrx_word' id='word_1_415' title='bbox 2625 1305 2678 1358; x_wconf 92' lang='lat' dir='ltr'><strong>in</strong></span> <span class='ocrx_word' id='word_1_416' title='bbox 2733 1306 2992 1361; x_wconf 90' lang='lat' dir='ltr'><strong>interiora</strong></span> <span class='ocrx_word' id='word_1_417' title='bbox 3026 1309 3312 1365; x_wconf 83' lang='lat' dir='ltr'><strong>velaminis</strong></span> <span class='ocrx_word' id='word_1_418' title='bbox 3340 1351 3357 1374; x_wconf 95' lang='lat'><strong>,</strong></span> <span class='ocrx_word' id='word_1_419' title='bbox 3401 1314 3546 1368; x_wconf 84' lang='lat' dir='ltr'><strong>sicut</strong></span> 
     </span>
    </p>
   </div>
   <div class='ocr_carea' id='block_1_58' title="bbox 1973 1395 3543 1466">
    <p class='ocr_par' dir='ltr' id='par_1_58' title="bbox 1973 1395 3543 1466">
     <span class='ocr_line' id='line_1_58' title="bbox 1973 1395 3543 1466; baseline 0.008 -19"><span class='ocrx_word' id='word_1_420' title='bbox 1973 1396 2225 1463; x_wconf 83' lang='lat' dir='ltr'><strong>superius</strong></span> <span class='ocrx_word' id='word_1_421' title='bbox 2265 1395 2418 1450; x_wconf 87' lang='lat' dir='ltr'><strong>Pauli</strong></span> <span class='ocrx_word' id='word_1_422' title='bbox 2453 1397 2619 1452; x_wconf 85' lang='lat' dir='ltr'><strong>verba</strong></span> <span class='ocrx_word' id='word_1_423' title='bbox 2643 1399 2957 1466; x_wconf 89' lang='lat' dir='ltr'><strong>posuimus,</strong></span> <span class='ocrx_word' id='word_1_424' title='bbox 2991 1400 3225 1456; x_wconf 88' lang='lat' dir='ltr'><strong>dicentis</strong></span> <span class='ocrx_word' id='word_1_425' title='bbox 3257 1402 3335 1456; x_wconf 68' lang='lat'><strong>8°:</strong></span> <span class='ocrx_word' id='word_1_426' title='bbox 3373 1422 3394 1457; x_wconf 84' lang='grc'><strong><em>‹</em></strong></span> <span class='ocrx_word' id='word_1_427' title='bbox 3428 1404 3543 1459; x_wconf 85' lang='grc' dir='ltr'><strong>Νοη</strong></span> 
     </span>
    </p>
   </div>
   <div class='ocr_carea' id='block_1_59' title="bbox 1974 1486 3541 1565">
    <p class='ocr_par' dir='ltr' id='par_1_59' title="bbox 1974 1486 3541 1565">
     <span class='ocr_line' id='line_1_59' title="bbox 1974 1486 3541 1565; baseline 0.007 -25"><span class='ocrx_word' id='word_1_428' title='bbox 1974 1486 2026 1540; x_wconf 89' lang='lat' dir='ltr'><strong>in</strong></span> <span class='ocrx_word' id='word_1_429' title='bbox 2062 1502 2221 1540; x_wconf 90' lang='lat' dir='ltr'><strong>manu</strong></span> <span class='ocrx_word' id='word_1_430' title='bbox 2248 1486 2391 1542; x_wconf 84' lang='lat' dir='ltr'><strong>facta</strong></span> <span class='ocrx_word' id='word_1_431' title='bbox 2415 1497 2622 1556; x_wconf 89' lang='lat' dir='ltr'><strong>sancta,</strong></span> <span class='ocrx_word' id='word_1_432' title='bbox 2650 1489 2743 1543; x_wconf 88' lang='lat' dir='ltr'><strong>sed</strong></span> <span class='ocrx_word' id='word_1_433' title='bbox 2777 1490 2832 1544; x_wconf 93' lang='lat' dir='ltr'><strong>in</strong></span> <span class='ocrx_word' id='word_1_434' title='bbox 2861 1491 3037 1560; x_wconf 89' lang='lat' dir='ltr'><strong>ipsum</strong></span> <span class='ocrx_word' id='word_1_435' title='bbox 3065 1493 3261 1548; x_wconf 71' lang='lat' dir='ltr'><strong>etelum</strong></span> <span class='ocrx_word' id='word_1_436' title='bbox 3291 1506 3541 1565; x_wconf 89' lang='lat' dir='ltr'><strong>penetra-</strong></span> 
     </span>
    </p>
   </div>
   <div class='ocr_carea' id='block_1_60' title="bbox 1973 1577 3538 1654">
    <p class='ocr_par' dir='ltr' id='par_1_60' title="bbox 1973 1577 3538 1654">
     <span class='ocr_line' id='line_1_60' title="bbox 1973 1577 3538 1654; baseline 0.008 -25"><span class='ocrx_word' id='word_1_437' title='bbox 1973 1578 2072 1640; x_wconf 90' lang='lat' dir='ltr'><strong>vit,</strong></span> <span class='ocrx_word' id='word_1_438' title='bbox 2105 1579 2298 1647; x_wconf 88' lang='lat' dir='ltr'><strong>inquit,</strong></span> <span class='ocrx_word' id='word_1_439' title='bbox 2324 1577 2501 1645; x_wconf 80' lang='lat' dir='ltr'><strong>Jesus,</strong></span> <span class='ocrx_word' id='word_1_440' title='bbox 2531 1589 2585 1634; x_wconf 90' lang='lat' dir='ltr'><strong>et</strong></span> <span class='ocrx_word' id='word_1_441' title='bbox 2617 1589 2840 1649; x_wconf 89' lang='lat' dir='ltr'><strong>apparet</strong></span> <span class='ocrx_word' id='word_1_442' title='bbox 2868 1582 3034 1637; x_wconf 89' lang='lat' dir='ltr'><strong>vultui</strong></span> <span class='ocrx_word' id='word_1_443' title='bbox 3073 1585 3162 1639; x_wconf 89' lang='lat' dir='ltr'><strong>Dei</strong></span> <span class='ocrx_word' id='word_1_444' title='bbox 3189 1602 3285 1654; x_wconf 91' lang='lat' dir='ltr'><strong>pro</strong></span> <span class='ocrx_word' id='word_1_445' title='bbox 3313 1588 3486 1642; x_wconf 86' lang='lat' dir='ltr'><strong>nobis.</strong></span> <span class='ocrx_word' id='word_1_446' title='bbox 3517 1607 3538 1642; x_wconf 73' lang='grc' dir='ltr'>ι</span> 
     </span>
    </p>
   </div>
   <div class='ocr_carea' id='block_1_61' title="bbox 1973 1671 3542 1746">
    <p class='ocr_par' dir='ltr' id='par_1_61' title="bbox 1973 1671 3542 1746">
     <span class='ocr_line' id='line_1_61' title="bbox 1973 1671 3542 1746; baseline 0.006 -22"><span class='ocrx_word' id='word_1_447' title='bbox 1973 1671 2106 1724; x_wconf 65' lang='grc' dir='ltr'><strong>(Σαδιί</strong></span> <span class='ocrx_word' id='word_1_448' title='bbox 2142 1686 2271 1738; x_wconf 76' lang='lat' dir='ltr'><strong>ergo</strong></span> <span class='ocrx_word' id='word_1_449' title='bbox 2307 1671 2478 1734; x_wconf 85' lang='lat' dir='ltr'><strong>locus,</strong></span> <span class='ocrx_word' id='word_1_450' title='bbox 2508 1681 2562 1726; x_wconf 90' lang='lat' dir='ltr'><strong>et</strong></span> <span class='ocrx_word' id='word_1_451' title='bbox 2592 1675 2707 1742; x_wconf 88' lang='lat' dir='ltr'><strong>ipsa</strong></span> <span class='ocrx_word' id='word_1_452' title='bbox 2741 1675 2833 1729; x_wconf 90' lang='lat' dir='ltr'><strong>Dei</strong></span> <span class='ocrx_word' id='word_1_453' title='bbox 2893 1676 3048 1730; x_wconf 87' lang='lat' dir='ltr'><strong>sedes</strong></span> <span class='ocrx_word' id='word_1_454' title='bbox 3075 1716 3089 1741; x_wconf 91' lang='lat'><strong>,</strong></span> <span class='ocrx_word' id='word_1_455' title='bbox 3145 1692 3238 1746; x_wconf 86' lang='lat' dir='ltr'><strong>per</strong></span> <span class='ocrx_word' id='word_1_456' title='bbox 3267 1679 3542 1734; x_wconf 83' lang='lat' dir='ltr'><strong>interioris</strong></span> 
     </span>
    </p>
   </div>
   <div class='ocr_carea' id='block_1_62' title="bbox 1971 1763 3606 1836">
    <p class='ocr_par' dir='ltr' id='par_1_62' title="bbox 1971 1763 3606 1836">
     <span class='ocr_line' id='line_1_62' title="bbox 1971 1763 3606 1836; baseline 0.006 -19"><span class='ocrx_word' id='word_1_457' title='bbox 1971 1763 2106 1818; x_wconf 71' lang='lat' dir='ltr'><strong>tedis</strong></span> <span class='ocrx_word' id='word_1_458' title='bbox 2134 1764 2359 1832; x_wconf 83' lang='lat' dir='ltr'><strong>ﬁguram</strong></span> <span class='ocrx_word' id='word_1_459' title='bbox 2411 1773 2576 1832; x_wconf 90' lang='lat' dir='ltr'><strong>atque</strong></span> <span class='ocrx_word' id='word_1_460' title='bbox 2611 1766 2899 1835; x_wconf 80' lang='lat' dir='ltr'><strong>imaginem</strong></span> <span class='ocrx_word' id='word_1_461' title='bbox 2934 1768 3271 1836; x_wconf 82' lang='lat' dir='ltr'><strong>designatur.</strong></span> <span class='ocrx_word' id='word_1_462' title='bbox 3304 1772 3407 1825; x_wconf 86' lang='lat' dir='ltr'><strong>Sed</strong></span> <span class='ocrx_word' id='word_1_463' title='bbox 3442 1773 3543 1826; x_wconf 92' lang='lat' dir='ltr'><strong>mi—</strong></span> <span class='ocrx_word' id='word_1_464' title='bbox 3599 1813 3606 1819; x_wconf 92' lang='lat'><strong>.</strong></span> 
     </span>
    </p>
   </div>
   <div class='ocr_carea' id='block_1_63' title="bbox 1974 1858 3542 1933">
    <p class='ocr_par' dir='ltr' id='par_1_63' title="bbox 1974 1858 3542 1933">
     <span class='ocr_line' id='line_1_63' title="bbox 1974 1858 3542 1933; baseline 0.004 -22"><span class='ocrx_word' id='word_1_465' title='bbox 1974 1873 2094 1911; x_wconf 90' lang='lat' dir='ltr'><strong>rum</strong></span> <span class='ocrx_word' id='word_1_466' title='bbox 2123 1866 2381 1912; x_wconf 88' lang='lat' dir='ltr'><strong>contuere</strong></span> <span class='ocrx_word' id='word_1_467' title='bbox 2409 1858 2653 1912; x_wconf 90' lang='lat' dir='ltr'><strong>ordinem</strong></span> <span class='ocrx_word' id='word_1_468' title='bbox 2701 1871 3190 1914; x_wconf 90' lang='lat' dir='ltr'><strong>sacramentorum.</strong></span> <span class='ocrx_word' id='word_1_469' title='bbox 3232 1862 3542 1933; x_wconf 83' lang='lat' dir='ltr'><strong>Ingrediens</strong></span> 
     </span>
    </p>
   </div>
   <div class='ocr_carea' id='block_1_64' title="bbox 1973 1950 3542 2019">
    <p class='ocr_par' dir='ltr' id='par_1_64' title="bbox 1973 1950 3542 2019">
     <span class='ocr_line' id='line_1_64' title="bbox 1973 1950 3542 2019; baseline 0.004 -13"><span class='ocrx_word' id='word_1_470' title='bbox 1973 1951 2215 2019; x_wconf 83' lang='lat' dir='ltr'><strong>pontifex</strong></span> <span class='ocrx_word' id='word_1_471' title='bbox 2276 1952 2330 2006; x_wconf 90' lang='lat' dir='ltr'><strong>in</strong></span> <span class='ocrx_word' id='word_1_472' title='bbox 2381 1950 2580 2006; x_wconf 89' lang='lat' dir='ltr'><strong>Sancta</strong></span> <span class='ocrx_word' id='word_1_473' title='bbox 2627 1959 2959 2019; x_wconf 90' lang='lat' dir='ltr'><strong>sanctorum,</strong></span> <span class='ocrx_word' id='word_1_474' title='bbox 3005 1955 3183 2019; x_wconf 79' lang='lat' dir='ltr'><strong>ignem</strong></span> <span class='ocrx_word' id='word_1_475' title='bbox 3245 1971 3430 2010; x_wconf 89' lang='lat' dir='ltr'><strong>secum</strong></span> <span class='ocrx_word' id='word_1_476' title='bbox 3473 1959 3542 2012; x_wconf 90' lang='lat' dir='ltr'><strong>de</strong></span> 
     </span>
    </p>
   </div>
   <div class='ocr_carea' id='block_1_65' title="bbox 1971 2042 3541 2111">
    <p class='ocr_par' dir='ltr' id='par_1_65' title="bbox 1971 2042 3541 2111">
     <span class='ocr_line' id='line_1_65' title="bbox 1971 2042 3541 2111; baseline 0.006 -15"><span class='ocrx_word' id='word_1_477' title='bbox 1971 2043 2074 2096; x_wconf 93' lang='lat' dir='ltr'><strong>hoc</strong></span> <span class='ocrx_word' id='word_1_478' title='bbox 2126 2042 2280 2096; x_wconf 90' lang='lat' dir='ltr'><strong>altari</strong></span> <span class='ocrx_word' id='word_1_479' title='bbox 2315 2051 2512 2111; x_wconf 88' lang='lat' dir='ltr'><strong>portat,</strong></span> <span class='ocrx_word' id='word_1_480' title='bbox 2568 2052 2622 2098; x_wconf 86' lang='lat' dir='ltr'><strong>et</strong></span> <span class='ocrx_word' id='word_1_481' title='bbox 2670 2043 2949 2100; x_wconf 89' lang='lat' dir='ltr'><strong>incensum</strong></span> <span class='ocrx_word' id='word_1_482' title='bbox 3003 2047 3054 2099; x_wconf 93' lang='lat' dir='ltr'><strong>in</strong></span> <span class='ocrx_word' id='word_1_483' title='bbox 3107 2048 3206 2100; x_wconf 90' lang='lat' dir='ltr'><strong>hac</strong></span> <span class='ocrx_word' id='word_1_484' title='bbox 3246 2049 3361 2102; x_wconf 70' lang='lat' dir='ltr'><strong>mde</strong></span> <span class='ocrx_word' id='word_1_485' title='bbox 3409 2065 3541 2105; x_wconf 80' lang='lat' dir='ltr'><strong>sus-</strong></span> 
     </span>
    </p>
   </div>
   <div class='ocr_carea' id='block_1_66' title="bbox 1971 2133 3542 2205">
    <p class='ocr_par' dir='ltr' id='par_1_66' title="bbox 1971 2133 3542 2205">
     <span class='ocr_line' id='line_1_66' title="bbox 1971 2133 3542 2205; baseline 0.005 -16"><span class='ocrx_word' id='word_1_486' title='bbox 1971 2137 2120 2205; x_wconf 91' lang='lat' dir='ltr'><strong>cipit.</strong></span> <span class='ocrx_word' id='word_1_487' title='bbox 2161 2133 2266 2190; x_wconf 87' lang='lat' dir='ltr'><strong>Sed</strong></span> <span class='ocrx_word' id='word_1_488' title='bbox 2295 2145 2350 2190; x_wconf 92' lang='lat' dir='ltr'><strong>et</strong></span> <span class='ocrx_word' id='word_1_489' title='bbox 2390 2136 2711 2190; x_wconf 88' lang='lat' dir='ltr'><strong>vestimenta</strong></span> <span class='ocrx_word' id='word_1_490' title='bbox 2750 2137 2942 2204; x_wconf 89' lang='lat' dir='ltr'><strong>quibus</strong></span> <span class='ocrx_word' id='word_1_491' title='bbox 2974 2137 3189 2192; x_wconf 86' lang='lat' dir='ltr'><strong>indutus</strong></span> <span class='ocrx_word' id='word_1_492' title='bbox 3216 2149 3318 2203; x_wconf 89' lang='lat' dir='ltr'><strong>est,</strong></span> <span class='ocrx_word' id='word_1_493' title='bbox 3351 2141 3416 2196; x_wconf 91' lang='lat' dir='ltr'><strong>de</strong></span> <span class='ocrx_word' id='word_1_494' title='bbox 3441 2143 3542 2197; x_wconf 92' lang='lat' dir='ltr'><strong>hoc</strong></span> 
     </span>
    </p>
   </div>
   <div class='ocr_carea' id='block_1_67' title="bbox 1972 2225 3542 2297">
    <p class='ocr_par' dir='ltr' id='par_1_67' title="bbox 1972 2225 3542 2297">
     <span class='ocr_line' id='line_1_67' title="bbox 1972 2225 3542 2297; baseline 0.006 -18"><span class='ocrx_word' id='word_1_495' title='bbox 1972 2226 2090 2282; x_wconf 92' lang='lat' dir='ltr'><strong>loco</strong></span> <span class='ocrx_word' id='word_1_496' title='bbox 2137 2228 2387 2297; x_wconf 89' lang='lat' dir='ltr'><strong>sumpsit.</strong></span> <span class='ocrx_word' id='word_1_497' title='bbox 2441 2225 2678 2281; x_wconf 79' lang='lat' dir='ltr'><strong>Putasne</strong></span> <span class='ocrx_word' id='word_1_498' title='bbox 2717 2228 3026 2297; x_wconf 87' lang='lat' dir='ltr'><strong>dignabitur</strong></span> <span class='ocrx_word' id='word_1_499' title='bbox 3069 2229 3328 2286; x_wconf 82' lang='lat' dir='ltr'><strong>Dominus</strong></span> <span class='ocrx_word' id='word_1_500' title='bbox 3388 2248 3542 2288; x_wconf 86' lang='lat' dir='ltr'><strong>meus</strong></span> 
     </span>
    </p>
   </div>
   <div class='ocr_carea' id='block_1_68' title="bbox 1970 2319 3538 2392">
    <p class='ocr_par' dir='ltr' id='par_1_68' title="bbox 1970 2319 3538 2392">
     <span class='ocr_line' id='line_1_68' title="bbox 1970 2319 3538 2392; baseline 0.006 -23"><span class='ocrx_word' id='word_1_501' title='bbox 1970 2333 2132 2373; x_wconf 86' lang='lat' dir='ltr'><strong>verus</strong></span> <span class='ocrx_word' id='word_1_502' title='bbox 2165 2319 2413 2388; x_wconf 84' lang='lat' dir='ltr'><strong>pontifex</strong></span> <span class='ocrx_word' id='word_1_503' title='bbox 2445 2331 2498 2376; x_wconf 92' lang='lat' dir='ltr'><strong>et</strong></span> <span class='ocrx_word' id='word_1_504' title='bbox 2537 2335 2564 2373; x_wconf 91' lang='lat' dir='ltr'><strong>a</strong></span> <span class='ocrx_word' id='word_1_505' title='bbox 2607 2333 2692 2374; x_wconf 91' lang='lat' dir='ltr'><strong>me</strong></span> <span class='ocrx_word' id='word_1_506' title='bbox 2725 2320 3002 2388; x_wconf 91' lang='lat' dir='ltr'><strong>suscipere</strong></span> <span class='ocrx_word' id='word_1_507' title='bbox 3040 2331 3249 2389; x_wconf 88' lang='lat' dir='ltr'><strong>partem</strong></span> <span class='ocrx_word' id='word_1_508' title='bbox 3303 2324 3538 2392; x_wconf 86' lang='lat' dir='ltr'><strong>aliquam</strong></span> 
     </span>
    </p>
   </div>
   <div class='ocr_carea' id='block_1_69' title="bbox 1973 2410 3543 2482">
    <p class='ocr_par' dir='ltr' id='par_1_69' title="bbox 1973 2410 3543 2482">
     <span class='ocr_line' id='line_1_69' title="bbox 1973 2410 3543 2482; baseline 0.003 -18"><span class='ocrx_word' id='word_1_509' title='bbox 1973 2410 2184 2465; x_wconf 91' lang='lat' dir='ltr'><strong>incensi</strong></span> <span class='ocrx_word' id='word_1_510' title='bbox 2231 2411 2644 2479; x_wconf 89' lang='lat' dir='ltr'><strong>compositionis</strong></span> <span class='ocrx_word' id='word_1_511' title='bbox 2677 2413 2872 2465; x_wconf 91' lang='lat' dir='ltr'><strong>minuti</strong></span> <span class='ocrx_word' id='word_1_512' title='bbox 2923 2413 3066 2482; x_wconf 89' lang='lat' dir='ltr'><strong>quod</strong></span> <span class='ocrx_word' id='word_1_513' title='bbox 3099 2429 3281 2468; x_wconf 87' lang='lat' dir='ltr'><strong>secum</strong></span> <span class='ocrx_word' id='word_1_514' title='bbox 3333 2414 3543 2470; x_wconf 86' lang='lat' dir='ltr'><strong>deferat</strong></span> 
     </span>
    </p>
   </div>
   <div class='ocr_carea' id='block_1_70' title="bbox 1970 2501 3539 2576">
    <p class='ocr_par' dir='ltr' id='par_1_70' title="bbox 1970 2501 3539 2576">
     <span class='ocr_line' id='line_1_70' title="bbox 1970 2501 3539 2576; baseline 0.001 -21"><span class='ocrx_word' id='word_1_515' title='bbox 1970 2503 2038 2556; x_wconf 91' lang='lat' dir='ltr'><strong>ad</strong></span> <span class='ocrx_word' id='word_1_516' title='bbox 2065 2501 2313 2558; x_wconf 85' lang='lat' dir='ltr'><strong>Patrem?</strong></span> <span class='ocrx_word' id='word_1_517' title='bbox 2341 2502 2578 2558; x_wconf 87' lang='lat' dir='ltr'><strong>Putasne</strong></span> <span class='ocrx_word' id='word_1_518' title='bbox 2607 2503 2847 2558; x_wconf 89' lang='lat' dir='ltr'><strong>inveniet</strong></span> <span class='ocrx_word' id='word_1_519' title='bbox 2876 2505 2928 2558; x_wconf 93' lang='lat' dir='ltr'><strong>in</strong></span> <span class='ocrx_word' id='word_1_520' title='bbox 2957 2519 3042 2558; x_wconf 88' lang='lat' dir='ltr'><strong>me</strong></span> <span class='ocrx_word' id='word_1_521' title='bbox 3067 2504 3268 2573; x_wconf 92' lang='lat' dir='ltr'><strong>aliquid</strong></span> <span class='ocrx_word' id='word_1_522' title='bbox 3298 2505 3539 2576; x_wconf 87' lang='lat' dir='ltr'><strong>igniculi,</strong></span> 
     </span>
    </p>
   </div>
   <div class='ocr_carea' id='block_1_71' title="bbox 1968 2591 3542 2662">
    <p class='ocr_par' dir='ltr' id='par_1_71' title="bbox 1968 2591 3542 2662">
     <span class='ocr_line' id='line_1_71' title="bbox 1968 2591 3542 2662; baseline 0.002 -17"><span class='ocrx_word' id='word_1_523' title='bbox 1968 2601 2026 2645; x_wconf 81' lang='lat' dir='ltr'><strong>et</strong></span> <span class='ocrx_word' id='word_1_524' title='bbox 2058 2591 2435 2646; x_wconf 80' lang='lat' dir='ltr'><strong>holocaustum</strong></span> <span class='ocrx_word' id='word_1_525' title='bbox 2490 2606 2668 2645; x_wconf 91' lang='lat' dir='ltr'><strong>meum</strong></span> <span class='ocrx_word' id='word_1_526' title='bbox 2705 2592 2927 2656; x_wconf 87' lang='lat' dir='ltr'><strong>ardens,</strong></span> <span class='ocrx_word' id='word_1_527' title='bbox 2965 2601 3024 2646; x_wconf 95' lang='lat' dir='ltr'><strong>ut</strong></span> <span class='ocrx_word' id='word_1_528' title='bbox 3075 2593 3327 2662; x_wconf 79' lang='lat' dir='ltr'><strong>dignetur</strong></span> <span class='ocrx_word' id='word_1_529' title='bbox 3374 2609 3439 2648; x_wconf 83' lang='lat' dir='ltr'><strong>ex</strong></span> <span class='ocrx_word' id='word_1_530' title='bbox 3475 2609 3542 2648; x_wconf 90' lang='lat' dir='ltr'><strong>eo</strong></span> 
     </span>
    </p>
   </div>
   <div class='ocr_carea' id='block_1_72' title="bbox 1970 2682 3542 2754">
    <p class='ocr_par' dir='ltr' id='par_1_72' title="bbox 1970 2682 3542 2754">
     <span class='ocr_line' id='line_1_72' title="bbox 1970 2682 3542 2754; baseline 0.003 -17"><span class='ocrx_word' id='word_1_531' title='bbox 1970 2682 2217 2737; x_wconf 90' lang='lat' dir='ltr'><strong>batillum</strong></span> <span class='ocrx_word' id='word_1_532' title='bbox 2247 2698 2405 2737; x_wconf 88' lang='lat' dir='ltr'><strong>suum</strong></span> <span class='ocrx_word' id='word_1_533' title='bbox 2443 2683 2668 2753; x_wconf 85' lang='lat' dir='ltr'><strong>implere</strong></span> <span class='ocrx_word' id='word_1_534' title='bbox 2705 2685 3058 2745; x_wconf 89' lang='lat' dir='ltr'><strong>carbonibus,</strong></span> <span class='ocrx_word' id='word_1_535' title='bbox 3092 2694 3144 2738; x_wconf 90' lang='lat' dir='ltr'><strong>et</strong></span> <span class='ocrx_word' id='word_1_536' title='bbox 3176 2685 3226 2737; x_wconf 91' lang='lat' dir='ltr'><strong>in</strong></span> <span class='ocrx_word' id='word_1_537' title='bbox 3261 2685 3391 2754; x_wconf 89' lang='lat' dir='ltr'><strong>ipsis</strong></span> <span class='ocrx_word' id='word_1_538' title='bbox 3429 2686 3542 2742; x_wconf 87' lang='lat' dir='ltr'><strong>Deo</strong></span> 
     </span>
    </p>
   </div>
   <div class='ocr_carea' id='block_1_73' title="bbox 1973 2774 3544 2849">
    <p class='ocr_par' dir='ltr' id='par_1_73' title="bbox 1973 2774 3544 2849">
     <span class='ocr_line' id='line_1_73' title="bbox 1973 2774 3544 2849; baseline 0.004 -21"><span class='ocrx_word' id='word_1_539' title='bbox 1973 2774 2118 2829; x_wconf 86' lang='lat' dir='ltr'><strong>Patri</strong></span> <span class='ocrx_word' id='word_1_540' title='bbox 2153 2775 2376 2830; x_wconf 92' lang='lat' dir='ltr'><strong>odorem</strong></span> <span class='ocrx_word' id='word_1_541' title='bbox 2409 2775 2696 2829; x_wconf 88' lang='lat' dir='ltr'><strong>suavitatis</strong></span> <span class='ocrx_word' id='word_1_542' title='bbox 2726 2775 2960 2830; x_wconf 72' lang='lat' dir='ltr'><strong>oﬂ‘erre?</strong></span> <span class='ocrx_word' id='word_1_543' title='bbox 3010 2775 3208 2831; x_wconf 87' lang='lat' dir='ltr'><strong>Beatus</strong></span> <span class='ocrx_word' id='word_1_544' title='bbox 3259 2788 3344 2833; x_wconf 92' lang='lat' dir='ltr'><strong>est</strong></span> <span class='ocrx_word' id='word_1_545' title='bbox 3389 2779 3544 2849; x_wconf 81' lang='lat' dir='ltr'><strong>cujus</strong></span> 
     </span>
    </p>
   </div>
   <div class='ocr_carea' id='block_1_74' title="bbox 1970 2869 3540 2939">
    <p class='ocr_par' dir='ltr' id='par_1_74' title="bbox 1970 2869 3540 2939">
     <span class='ocr_line' id='line_1_74' title="bbox 1970 2869 3540 2939; baseline 0.004 -18"><span class='ocrx_word' id='word_1_546' title='bbox 1970 2877 2080 2923; x_wconf 88' lang='lat' dir='ltr'><strong>tam</strong></span> <span class='ocrx_word' id='word_1_547' title='bbox 2132 2869 2306 2936; x_wconf 84' lang='lat' dir='ltr'><strong>vivos,</strong></span> <span class='ocrx_word' id='word_1_548' title='bbox 2336 2877 2554 2939; x_wconf 87' lang='lat' dir='ltr'><strong>tamque</strong></span> <span class='ocrx_word' id='word_1_549' title='bbox 2595 2869 3114 2939; x_wconf 87' lang='lat' dir='ltr'><strong>ignitosholocausti</strong></span> <span class='ocrx_word' id='word_1_550' title='bbox 3150 2872 3230 2926; x_wconf 91' lang='lat' dir='ltr'><strong>sui</strong></span> <span class='ocrx_word' id='word_1_551' title='bbox 3275 2873 3540 2928; x_wconf 84' lang='lat' dir='ltr'><strong>carbones</strong></span> 
     </span>
    </p>
   </div>
   <div class='ocr_carea' id='block_1_75' title="bbox 1971 2961 3540 3032">
    <p class='ocr_par' dir='ltr' id='par_1_75' title="bbox 1971 2961 3540 3032">
     <span class='ocr_line' id='line_1_75' title="bbox 1971 2961 3540 3032; baseline 0.004 -18"><span class='ocrx_word' id='word_1_552' title='bbox 1971 2961 2260 3028; x_wconf 87' lang='lat' dir='ltr'><strong>invenerit,</strong></span> <span class='ocrx_word' id='word_1_553' title='bbox 2291 2971 2354 3015; x_wconf 87' lang='lat' dir='ltr'><strong>ut</strong></span> <span class='ocrx_word' id='word_1_554' title='bbox 2381 2976 2475 3016; x_wconf 90' lang='lat' dir='ltr'><strong>eos</strong></span> <span class='ocrx_word' id='word_1_555' title='bbox 2504 2971 2657 3030; x_wconf 88' lang='lat' dir='ltr'><strong>aptos</strong></span> <span class='ocrx_word' id='word_1_556' title='bbox 2678 2963 2886 3031; x_wconf 86' lang='lat' dir='ltr'><strong>judicet</strong></span> <span class='ocrx_word' id='word_1_557' title='bbox 2913 2977 3049 3031; x_wconf 91' lang='lat' dir='ltr'><strong>quos</strong></span> <span class='ocrx_word' id='word_1_558' title='bbox 3082 2962 3240 3016; x_wconf 90' lang='lat' dir='ltr'><strong>altari</strong></span> <span class='ocrx_word' id='word_1_559' title='bbox 3279 2976 3540 3032; x_wconf 81' lang='lat' dir='ltr'><strong>superpo-</strong></span> 
     </span>
    </p>
   </div>
   <div class='ocr_carea' id='block_1_76' title="bbox 1972 3052 3538 3122">
    <p class='ocr_par' dir='ltr' id='par_1_76' title="bbox 1972 3052 3538 3122">
     <span class='ocr_line' id='line_1_76' title="bbox 1972 3052 3538 3122; baseline -0.001 -14"><span class='ocrx_word' id='word_1_560' title='bbox 1972 3061 2062 3108; x_wconf 89' lang='lat' dir='ltr'><strong>nat</strong></span> <span class='ocrx_word' id='word_1_561' title='bbox 2081 3054 2307 3108; x_wconf 89' lang='lat' dir='ltr'><strong>incensi.</strong></span> <span class='ocrx_word' id='word_1_562' title='bbox 2332 3052 2528 3108; x_wconf 86' lang='lat' dir='ltr'><strong>Beatus</strong></span> <span class='ocrx_word' id='word_1_563' title='bbox 2545 3054 2596 3107; x_wconf 89' lang='lat' dir='ltr'><strong>in</strong></span> <span class='ocrx_word' id='word_1_564' title='bbox 2623 3053 2778 3122; x_wconf 83' lang='lat' dir='ltr'><strong>cujus</strong></span> <span class='ocrx_word' id='word_1_565' title='bbox 2803 3055 2968 3109; x_wconf 90' lang='lat' dir='ltr'><strong>corde</strong></span> <span class='ocrx_word' id='word_1_566' title='bbox 2992 3055 3257 3109; x_wconf 91' lang='lat' dir='ltr'><strong>invenerit</strong></span> <span class='ocrx_word' id='word_1_567' title='bbox 3284 3066 3390 3108; x_wconf 90' lang='lat' dir='ltr'><strong>tam</strong></span> <span class='ocrx_word' id='word_1_568' title='bbox 3409 3056 3538 3110; x_wconf 85' lang='lat' dir='ltr'><strong>sub-</strong></span> 
     </span>
    </p>
   </div>
   <div class='ocr_carea' id='block_1_77' title="bbox 1971 3146 3538 3218">
    <p class='ocr_par' dir='ltr' id='par_1_77' title="bbox 1971 3146 3538 3218">
     <span class='ocr_line' id='line_1_77' title="bbox 1971 3146 3538 3218; baseline 0.003 -18"><span class='ocrx_word' id='word_1_569' title='bbox 1971 3146 2140 3210; x_wconf 88' lang='lat' dir='ltr'><strong>tilem,</strong></span> <span class='ocrx_word' id='word_1_570' title='bbox 2178 3155 2285 3201; x_wconf 92' lang='lat' dir='ltr'><strong>tam</strong></span> <span class='ocrx_word' id='word_1_571' title='bbox 2322 3147 2591 3200; x_wconf 91' lang='lat' dir='ltr'><strong>minutum</strong></span> <span class='ocrx_word' id='word_1_572' title='bbox 2623 3157 2842 3217; x_wconf 91' lang='lat' dir='ltr'><strong>tamque</strong></span> <span class='ocrx_word' id='word_1_573' title='bbox 2868 3147 3165 3218; x_wconf 87' lang='lat' dir='ltr'><strong>spiritalem</strong></span> <span class='ocrx_word' id='word_1_574' title='bbox 3206 3164 3447 3215; x_wconf 83' lang='lat' dir='ltr'><strong>sensum,</strong></span> <span class='ocrx_word' id='word_1_575' title='bbox 3483 3159 3538 3205; x_wconf 88' lang='lat' dir='ltr'><strong>et</strong></span> 
     </span>
    </p>
   </div>
   <div class='ocr_carea' id='block_1_78' title="bbox 1967 3238 3541 3310">
    <p class='ocr_par' dir='ltr' id='par_1_78' title="bbox 1967 3238 3541 3310">
     <span class='ocr_line' id='line_1_78' title="bbox 1967 3238 3541 3310; baseline 0.002 -17"><span class='ocrx_word' id='word_1_576' title='bbox 1967 3239 2041 3294; x_wconf 92' lang='lat' dir='ltr'><strong>ita</strong></span> <span class='ocrx_word' id='word_1_577' title='bbox 2065 3241 2280 3294; x_wconf 87' lang='lat' dir='ltr'><strong>diversa</strong></span> <span class='ocrx_word' id='word_1_578' title='bbox 2298 3238 2558 3294; x_wconf 89' lang='lat' dir='ltr'><strong>virtutum</strong></span> <span class='ocrx_word' id='word_1_579' title='bbox 2580 3240 2845 3294; x_wconf 89' lang='lat' dir='ltr'><strong>suavitate</strong></span> <span class='ocrx_word' id='word_1_580' title='bbox 2862 3241 3245 3309; x_wconf 87' lang='lat' dir='ltr'><strong>compositum,</strong></span> <span class='ocrx_word' id='word_1_581' title='bbox 3281 3252 3340 3294; x_wconf 91' lang='lat' dir='ltr'><strong>ut</strong></span> <span class='ocrx_word' id='word_1_582' title='bbox 3364 3241 3541 3310; x_wconf 78' lang='lat' dir='ltr'><strong>reple-</strong></span> 
     </span>
    </p>
   </div>
   <div class='ocr_carea' id='block_1_79' title="bbox 1969 3329 3539 3403">
    <p class='ocr_par' dir='ltr' id='par_1_79' title="bbox 1969 3329 3539 3403">
     <span class='ocr_line' id='line_1_79' title="bbox 1969 3329 3539 3403; baseline -0.001 -17"><span class='ocrx_word' id='word_1_583' title='bbox 1969 3347 2028 3388; x_wconf 92' lang='lat' dir='ltr'><strong>re</strong></span> <span class='ocrx_word' id='word_1_584' title='bbox 2056 3332 2308 3403; x_wconf 76' lang='lat' dir='ltr'><strong>dignetur</strong></span> <span class='ocrx_word' id='word_1_585' title='bbox 2333 3346 2482 3387; x_wconf 89' lang='lat' dir='ltr'><strong>exeo</strong></span> <span class='ocrx_word' id='word_1_586' title='bbox 2512 3347 2704 3386; x_wconf 89' lang='lat' dir='ltr'><strong>manus</strong></span> <span class='ocrx_word' id='word_1_587' title='bbox 2730 3331 3110 3400; x_wconf 90' lang='lat' dir='ltr'><strong>suas,Deoque</strong></span> <span class='ocrx_word' id='word_1_588' title='bbox 3137 3329 3286 3386; x_wconf 85' lang='lat' dir='ltr'><strong>Patri</strong></span> <span class='ocrx_word' id='word_1_589' title='bbox 3317 3346 3539 3386; x_wconf 90' lang='lat' dir='ltr'><strong>suavem</strong></span> 
     </span>
    </p>
   </div>
   <div class='ocr_carea' id='block_1_80' title="bbox 1968 3422 3540 3495">
    <p class='ocr_par' dir='ltr' id='par_1_80' title="bbox 1968 3422 3540 3495">
     <span class='ocr_line' id='line_1_80' title="bbox 1968 3422 3540 3495; baseline 0 -17"><span class='ocrx_word' id='word_1_590' title='bbox 1968 3427 2192 3480; x_wconf 88' lang='lat' dir='ltr'><strong>odorem</strong></span> <span class='ocrx_word' id='word_1_591' title='bbox 2225 3423 2598 3492; x_wconf 72' lang='lat' dir='ltr'><strong>intelligentiae</strong></span> <span class='ocrx_word' id='word_1_592' title='bbox 2630 3424 2748 3495; x_wconf 86' lang='lat' dir='ltr'><strong>ejus</strong></span> <span class='ocrx_word' id='word_1_593' title='bbox 2779 3424 2997 3479; x_wconf 76' lang='lat' dir='ltr'><strong>offerre.</strong></span> <span class='ocrx_word' id='word_1_594' title='bbox 3031 3424 3101 3477; x_wconf 88' lang='lat' dir='ltr'><strong>At</strong></span> <span class='ocrx_word' id='word_1_595' title='bbox 3131 3433 3319 3478; x_wconf 90' lang='lat' dir='ltr'><strong>contra</strong></span> <span class='ocrx_word' id='word_1_596' title='bbox 3355 3422 3540 3479; x_wconf 90' lang='lat' dir='ltr'><strong>infelix</strong></span> 
     </span>
    </p>
   </div>
   <div class='ocr_carea' id='block_1_81' title="bbox 1970 3514 3541 3586">
    <p class='ocr_par' dir='ltr' id='par_1_81' title="bbox 1970 3514 3541 3586">
     <span class='ocr_line' id='line_1_81' title="bbox 1970 3514 3541 3586; baseline 0.001 -18"><span class='ocrx_word' id='word_1_597' title='bbox 1970 3515 2337 3586; x_wconf 87' lang='lat' dir='ltr'><strong>anima,cujus</strong></span> <span class='ocrx_word' id='word_1_598' title='bbox 2371 3517 2492 3572; x_wconf 89' lang='lat' dir='ltr'><strong>ﬁdei</strong></span> <span class='ocrx_word' id='word_1_599' title='bbox 2526 3517 2667 3586; x_wconf 84' lang='lat' dir='ltr'><strong>ignis</strong></span> <span class='ocrx_word' id='word_1_600' title='bbox 2699 3515 3094 3586; x_wconf 83' lang='lat' dir='ltr'><strong>exstinguitur,</strong></span> <span class='ocrx_word' id='word_1_601' title='bbox 3146 3527 3201 3569; x_wconf 92' lang='lat' dir='ltr'><strong>et</strong></span> <span class='ocrx_word' id='word_1_602' title='bbox 3237 3514 3541 3584; x_wconf 82' lang='lat' dir='ltr'><strong>refrigescit</strong></span> 
     </span>
    </p>
   </div>
   <div class='ocr_carea' id='block_1_82' title="bbox 1969 3605 3540 3674">
    <p class='ocr_par' dir='ltr' id='par_1_82' title="bbox 1969 3605 3540 3674">
     <span class='ocr_line' id='line_1_82' title="bbox 1969 3605 3540 3674; baseline 0.002 -16"><span class='ocrx_word' id='word_1_603' title='bbox 1969 3606 2254 3660; x_wconf 87' lang='lat' dir='ltr'><strong>charitatis</strong></span> <span class='ocrx_word' id='word_1_604' title='bbox 2283 3605 2475 3661; x_wconf 86' lang='lat' dir='ltr'><strong>calor:</strong></span> <span class='ocrx_word' id='word_1_605' title='bbox 2534 3607 2600 3660; x_wconf 92' lang='lat' dir='ltr'><strong>ad</strong></span> <span class='ocrx_word' id='word_1_606' title='bbox 2631 3621 2794 3674; x_wconf 88' lang='lat' dir='ltr'><strong>quam</strong></span> <span class='ocrx_word' id='word_1_607' title='bbox 2851 3623 2974 3661; x_wconf 91' lang='lat' dir='ltr'><strong>cum</strong></span> <span class='ocrx_word' id='word_1_608' title='bbox 3034 3606 3243 3659; x_wconf 88' lang='lat' dir='ltr'><strong>venerit</strong></span> <span class='ocrx_word' id='word_1_609' title='bbox 3301 3607 3540 3661; x_wconf 82' lang='lat' dir='ltr'><strong>caelestis</strong></span> 
     </span>
    </p>
   </div>
   <div class='ocr_carea' id='block_1_83' title="bbox 1971 3695 3542 3766">
    <p class='ocr_par' dir='ltr' id='par_1_83' title="bbox 1971 3695 3542 3766">
     <span class='ocr_line' id='line_1_83' title="bbox 1971 3695 3542 3766; baseline -0.001 -14"><span class='ocrx_word' id='word_1_610' title='bbox 1971 3695 2216 3766; x_wconf 85' lang='lat' dir='ltr'><strong>pontifex</strong></span> <span class='ocrx_word' id='word_1_611' title='bbox 2247 3707 2458 3762; x_wconf 88' lang='lat' dir='ltr'><strong>noster,</strong></span> <span class='ocrx_word' id='word_1_612' title='bbox 2502 3712 2752 3766; x_wconf 65' lang='lat' dir='ltr'><strong>qumreus</strong></span> <span class='ocrx_word' id='word_1_613' title='bbox 2782 3697 2850 3750; x_wconf 88' lang='lat' dir='ltr'><strong>ab</strong></span> <span class='ocrx_word' id='word_1_614' title='bbox 2883 3713 2946 3750; x_wconf 91' lang='lat' dir='ltr'><strong>ea</strong></span> <span class='ocrx_word' id='word_1_615' title='bbox 2981 3697 3183 3765; x_wconf 86' lang='lat' dir='ltr'><strong>ignitos</strong></span> <span class='ocrx_word' id='word_1_616' title='bbox 3208 3704 3263 3750; x_wconf 90' lang='lat' dir='ltr'><strong>et</strong></span> <span class='ocrx_word' id='word_1_617' title='bbox 3291 3698 3542 3751; x_wconf 89' lang='lat' dir='ltr'><strong>ardentes</strong></span> 
     </span>
    </p>
   </div>
   <div class='ocr_carea' id='block_1_84' title="bbox 1969 3788 3531 3861">
    <p class='ocr_par' dir='ltr' id='par_1_84' title="bbox 1969 3788 3531 3861">
     <span class='ocr_line' id='line_1_84' title="bbox 1969 3788 3531 3861; baseline -0.002 -15"><span class='ocrx_word' id='word_1_618' title='bbox 1969 3792 2234 3847; x_wconf 89' lang='lat' dir='ltr'><strong>carbones</strong></span> <span class='ocrx_word' id='word_1_619' title='bbox 2279 3806 2439 3861; x_wconf 90' lang='lat' dir='ltr'><strong>super</strong></span> <span class='ocrx_word' id='word_1_620' title='bbox 2462 3805 2598 3860; x_wconf 87' lang='lat' dir='ltr'><strong>quos</strong></span> <span class='ocrx_word' id='word_1_621' title='bbox 2632 3791 2910 3845; x_wconf 89' lang='lat' dir='ltr'><strong>incensum</strong></span> <span class='ocrx_word' id='word_1_622' title='bbox 2951 3788 3142 3844; x_wconf 83' lang='lat' dir='ltr'><strong>oﬁ&#39;erat</strong></span> <span class='ocrx_word' id='word_1_623' title='bbox 3173 3789 3340 3853; x_wconf 89' lang='lat' dir='ltr'><strong>Patri,</strong></span> <span class='ocrx_word' id='word_1_624' title='bbox 3377 3789 3531 3843; x_wconf 81' lang='lat' dir='ltr'><strong>inve-</strong></span> 
     </span>
    </p>
   </div>
   <div class='ocr_carea' id='block_1_85' title="bbox 1971 3879 3538 3949">
    <p class='ocr_par' dir='ltr' id='par_1_85' title="bbox 1971 3879 3538 3949">
     <span class='ocr_line' id='line_1_85' title="bbox 1971 3879 3538 3949; baseline -0.003 -9"><span class='ocrx_word' id='word_1_625' title='bbox 1971 3887 2053 3942; x_wconf 88' lang='lat' dir='ltr'><strong>uit</strong></span> <span class='ocrx_word' id='word_1_626' title='bbox 2080 3885 2134 3940; x_wconf 94' lang='lat' dir='ltr'><strong>in</strong></span> <span class='ocrx_word' id='word_1_627' title='bbox 2166 3899 2228 3939; x_wconf 90' lang='lat' dir='ltr'><strong>ea</strong></span> <span class='ocrx_word' id='word_1_628' title='bbox 2277 3885 2459 3938; x_wconf 89' lang='lat' dir='ltr'><strong>aridos</strong></span> <span class='ocrx_word' id='word_1_629' title='bbox 2490 3882 2704 3938; x_wconf 90' lang='lat' dir='ltr'><strong>cineres</strong></span> <span class='ocrx_word' id='word_1_630' title='bbox 2733 3892 2788 3936; x_wconf 88' lang='lat' dir='ltr'><strong>et</strong></span> <span class='ocrx_word' id='word_1_631' title='bbox 2835 3881 3059 3949; x_wconf 89' lang='lat' dir='ltr'><strong>frigidas</strong></span> <span class='ocrx_word' id='word_1_632' title='bbox 3116 3879 3347 3935; x_wconf 86' lang='lat' dir='ltr'><strong>favillas.</strong></span> <span class='ocrx_word' id='word_1_633' title='bbox 3380 3880 3538 3935; x_wconf 88' lang='lat' dir='ltr'><strong>Tales</strong></span> 
     </span>
    </p>
   </div>
   <div class='ocr_carea' id='block_1_86' title="bbox 1973 3971 3534 4044">
    <p class='ocr_par' dir='ltr' id='par_1_86' title="bbox 1973 3971 3534 4044">
     <span class='ocr_line' id='line_1_86' title="bbox 1973 3971 3534 4044; baseline -0.005 -10"><span class='ocrx_word' id='word_1_634' title='bbox 1973 3985 2101 4035; x_wconf 88' lang='lat' dir='ltr'><strong>sunt</strong></span> <span class='ocrx_word' id='word_1_635' title='bbox 2129 3992 2323 4032; x_wconf 91' lang='lat' dir='ltr'><strong>omnes</strong></span> <span class='ocrx_word' id='word_1_636' title='bbox 2364 3976 2456 4044; x_wconf 90' lang='lat' dir='ltr'><strong>qui</strong></span> <span class='ocrx_word' id='word_1_637' title='bbox 2494 3974 2822 4029; x_wconf 86' lang='lat' dir='ltr'><strong>subtrahunt</strong></span> <span class='ocrx_word' id='word_1_638' title='bbox 2853 3985 2911 4027; x_wconf 91' lang='lat' dir='ltr'><strong>se</strong></span> <span class='ocrx_word' id='word_1_639' title='bbox 2944 3981 3000 4026; x_wconf 89' lang='lat' dir='ltr'><strong>et</strong></span> <span class='ocrx_word' id='word_1_640' title='bbox 3052 3972 3208 4042; x_wconf 84' lang='lat' dir='ltr'><strong>longe</strong></span> <span class='ocrx_word' id='word_1_641' title='bbox 3263 3971 3475 4026; x_wconf 89' lang='lat' dir='ltr'><strong>faciunt</strong></span> <span class='ocrx_word' id='word_1_642' title='bbox 3503 3987 3534 4025; x_wconf 89' lang='lat' dir='ltr'><strong>a</strong></span> 
     </span>
    </p>
   </div>
   <div class='ocr_carea' id='block_1_87' title="bbox 1967 4063 3538 4132">
    <p class='ocr_par' dir='ltr' id='par_1_87' title="bbox 1967 4063 3538 4132">
     <span class='ocr_line' id='line_1_87' title="bbox 1967 4063 3538 4132; baseline -0.004 -11"><span class='ocrx_word' id='word_1_643' title='bbox 1967 4071 2136 4124; x_wconf 81' lang='lat' dir='ltr'><strong>verbo</strong></span> <span class='ocrx_word' id='word_1_644' title='bbox 2165 4067 2301 4132; x_wconf 92' lang='lat' dir='ltr'><strong>Dei,</strong></span> <span class='ocrx_word' id='word_1_645' title='bbox 2337 4081 2405 4120; x_wconf 90' lang='lat' dir='ltr'><strong>ne</strong></span> <span class='ocrx_word' id='word_1_646' title='bbox 2452 4063 2731 4119; x_wconf 89' lang='lat' dir='ltr'><strong>audientes</strong></span> <span class='ocrx_word' id='word_1_647' title='bbox 2781 4079 3058 4118; x_wconf 88' lang='lat' dir='ltr'><strong>sermones</strong></span> <span class='ocrx_word' id='word_1_648' title='bbox 3086 4065 3296 4118; x_wconf 86' lang='lat' dir='ltr'><strong>divinos</strong></span> <span class='ocrx_word' id='word_1_649' title='bbox 3343 4079 3538 4118; x_wconf 85' lang='lat' dir='ltr'><strong>accen-</strong></span> 
     </span>
    </p>
   </div>
   <div class='ocr_carea' id='block_1_88' title="bbox 1970 4155 3539 4224">
    <p class='ocr_par' dir='ltr' id='par_1_88' title="bbox 1970 4155 3539 4224">
     <span class='ocr_line' id='line_1_88' title="bbox 1970 4155 3539 4224; baseline -0.004 -10"><span class='ocrx_word' id='word_1_650' title='bbox 1970 4162 2170 4214; x_wconf 86' lang='lat' dir='ltr'><strong>dantur</strong></span> <span class='ocrx_word' id='word_1_651' title='bbox 2193 4159 2258 4212; x_wconf 92' lang='lat' dir='ltr'><strong>ad</strong></span> <span class='ocrx_word' id='word_1_652' title='bbox 2290 4159 2472 4220; x_wconf 89' lang='lat' dir='ltr'><strong>ﬁdem,</strong></span> <span class='ocrx_word' id='word_1_653' title='bbox 2499 4155 2833 4210; x_wconf 89' lang='lat' dir='ltr'><strong>incalescant</strong></span> <span class='ocrx_word' id='word_1_654' title='bbox 2860 4155 2926 4209; x_wconf 85' lang='lat' dir='ltr'><strong>ad</strong></span> <span class='ocrx_word' id='word_1_655' title='bbox 2953 4157 3299 4220; x_wconf 87' lang='lat' dir='ltr'><strong>cbaritatem,</strong></span> <span class='ocrx_word' id='word_1_656' title='bbox 3328 4155 3539 4224; x_wconf 87' lang='lat' dir='ltr'><strong>ignian-</strong></span> 
     </span>
    </p>
   </div>
   <div class='ocr_carea' id='block_1_89' title="bbox 1972 4246 3539 4314">
    <p class='ocr_par' dir='ltr' id='par_1_89' title="bbox 1972 4246 3539 4314">
     <span class='ocr_line' id='line_1_89' title="bbox 1972 4246 3539 4314; baseline -0.004 -9"><span class='ocrx_word' id='word_1_657' title='bbox 1972 4261 2062 4305; x_wconf 93' lang='lat' dir='ltr'><strong>tur</strong></span> <span class='ocrx_word' id='word_1_658' title='bbox 2090 4251 2155 4304; x_wconf 93' lang='lat' dir='ltr'><strong>ad</strong></span> <span class='ocrx_word' id='word_1_659' title='bbox 2207 4249 2662 4303; x_wconf 87' lang='lat' dir='ltr'><strong>misericordiam.</strong></span> <span class='ocrx_word' id='word_1_660' title='bbox 2705 4246 2796 4300; x_wconf 84' lang='lat' dir='ltr'><strong>Vis</strong></span> <span class='ocrx_word' id='word_1_661' title='bbox 2827 4247 2921 4301; x_wconf 91' lang='lat' dir='ltr'><strong>tibi</strong></span> <span class='ocrx_word' id='word_1_662' title='bbox 2957 4248 3235 4301; x_wconf 88' lang='lat' dir='ltr'><strong>ostendam</strong></span> <span class='ocrx_word' id='word_1_663' title='bbox 3266 4247 3539 4314; x_wconf 87' lang='lat' dir='ltr'><strong>quomodo</strong></span> 
     </span>
    </p>
   </div>
   <div class='ocr_carea' id='block_1_90' title="bbox 1971 4336 3540 4408">
    <p class='ocr_par' dir='ltr' id='par_1_90' title="bbox 1971 4336 3540 4408">
     <span class='ocr_line' id='line_1_90' title="bbox 1971 4336 3540 4408; baseline -0.004 -13"><span class='ocrx_word' id='word_1_664' title='bbox 1971 4342 2038 4395; x_wconf 88' lang='lat' dir='ltr'><strong>de</strong></span> <span class='ocrx_word' id='word_1_665' title='bbox 2072 4338 2255 4393; x_wconf 82' lang='lat' dir='ltr'><strong>verbis</strong></span> <span class='ocrx_word' id='word_1_666' title='bbox 2300 4337 2535 4408; x_wconf 89' lang='lat' dir='ltr'><strong>Spiritus</strong></span> <span class='ocrx_word' id='word_1_667' title='bbox 2587 4336 2760 4391; x_wconf 90' lang='lat' dir='ltr'><strong>sancti</strong></span> <span class='ocrx_word' id='word_1_668' title='bbox 2798 4336 2938 4406; x_wconf 84' lang='lat' dir='ltr'><strong>ignis</strong></span> <span class='ocrx_word' id='word_1_669' title='bbox 2975 4344 3156 4400; x_wconf 89' lang='lat' dir='ltr'><strong>exeat,</strong></span> <span class='ocrx_word' id='word_1_670' title='bbox 3190 4345 3245 4390; x_wconf 92' lang='lat' dir='ltr'><strong>et</strong></span> <span class='ocrx_word' id='word_1_671' title='bbox 3277 4337 3540 4389; x_wconf 84' lang='lat' dir='ltr'><strong>accendat</strong></span> 
     </span>
    </p>
   </div>
   <div class='ocr_carea' id='block_1_91' title="bbox 300 4427 3540 4507">
    <p class='ocr_par' dir='ltr' id='par_1_91' title="bbox 300 4427 3540 4507">
     <span class='ocr_line' id='line_1_91' title="bbox 300 4427 3540 4507; baseline -0.001 -19"><span class='ocrx_word' id='word_1_672' title='bbox 300 4437 670 4506; x_wconf 86' lang='lat' dir='ltr'><strong>unusquisque</strong></span> <span class='ocrx_word' id='word_1_673' title='bbox 687 4445 929 4492; x_wconf 89' lang='lat' dir='ltr'><strong>nostrum</strong></span> <span class='ocrx_word' id='word_1_674' title='bbox 953 4438 1115 4491; x_wconf 91' lang='lat' dir='ltr'><strong>babet</strong></span> <span class='ocrx_word' id='word_1_675' title='bbox 1142 4437 1195 4488; x_wconf 92' lang='lat' dir='ltr'><strong>in</strong></span> <span class='ocrx_word' id='word_1_676' title='bbox 1217 4450 1276 4488; x_wconf 87' lang='lat' dir='ltr'><strong>se</strong></span> <span class='ocrx_word' id='word_1_677' title='bbox 1294 4434 1664 4489; x_wconf 87' lang='lat' dir='ltr'><strong>holocaustum</strong></span> <span class='ocrx_word' id='word_1_678' title='bbox 1684 4448 1862 4496; x_wconf 84' lang='lat' dir='ltr'><strong>suum,</strong></span> <span class='ocrx_word' id='word_1_679' title='bbox 1898 4453 1942 4507; x_wconf 79' lang='grc' dir='ltr'><strong>ι)</strong></span> <span class='ocrx_word' id='word_1_680' title='bbox 1972 4435 2133 4488; x_wconf 89' lang='lat' dir='ltr'><strong>corda</strong></span> <span class='ocrx_word' id='word_1_681' title='bbox 2163 4431 2542 4487; x_wconf 82' lang='lat' dir='ltr'><strong>credentium?</strong></span> <span class='ocrx_word' id='word_1_682' title='bbox 2587 4430 2722 4484; x_wconf 83' lang='lat' dir='ltr'><strong>Audi</strong></span> <span class='ocrx_word' id='word_1_683' title='bbox 2748 4430 3014 4485; x_wconf 88' lang='lat' dir='ltr'><strong>dicentem</strong></span> <span class='ocrx_word' id='word_1_684' title='bbox 3051 4429 3216 4483; x_wconf 90' lang='lat' dir='ltr'><strong>David</strong></span> <span class='ocrx_word' id='word_1_685' title='bbox 3249 4427 3302 4481; x_wconf 91' lang='lat' dir='ltr'><strong>in</strong></span> <span class='ocrx_word' id='word_1_686' title='bbox 3331 4427 3540 4496; x_wconf 86' lang='lat' dir='ltr'><strong>psalmo</strong></span> 
     </span>
    </p>
   </div>
   <div class='ocr_carea' id='block_1_92' title="bbox 299 4528 1865 4600">
    <p class='ocr_par' dir='ltr' id='par_1_92' title="bbox 299 4528 1865 4600">
     <span class='ocr_line' id='line_1_92' title="bbox 299 4528 1865 4600; baseline -0.004 -15"><span class='ocrx_word' id='word_1_687' title='bbox 299 4540 354 4585; x_wconf 89' lang='lat' dir='ltr'><strong>et</strong></span> <span class='ocrx_word' id='word_1_688' title='bbox 381 4531 682 4586; x_wconf 91' lang='lat' dir='ltr'><strong>bolocausti</strong></span> <span class='ocrx_word' id='word_1_689' title='bbox 719 4532 803 4586; x_wconf 89' lang='lat' dir='ltr'><strong>sui</strong></span> <span class='ocrx_word' id='word_1_690' title='bbox 836 4532 949 4600; x_wconf 90' lang='lat' dir='ltr'><strong>ipse</strong></span> <span class='ocrx_word' id='word_1_691' title='bbox 979 4531 1263 4585; x_wconf 91' lang='lat' dir='ltr'><strong>succendit</strong></span> <span class='ocrx_word' id='word_1_692' title='bbox 1311 4528 1506 4592; x_wconf 80' lang='lat' dir='ltr'><strong>altare,</strong></span> <span class='ocrx_word' id='word_1_693' title='bbox 1561 4536 1618 4579; x_wconf 92' lang='lat' dir='ltr'><strong>ut</strong></span> <span class='ocrx_word' id='word_1_694' title='bbox 1650 4541 1865 4594; x_wconf 87' lang='lat' dir='ltr'><strong>semper</strong></span> 
     </span>
    </p>
   </div>
   <div class='ocr_carea' id='block_1_93' title="bbox 300 4619 1860 4696">
    <p class='ocr_par' dir='ltr' id='par_1_93' title="bbox 300 4619 1860 4696">
     <span class='ocr_line' id='line_1_93' title="bbox 300 4619 1860 4696; baseline -0.001 -22"><span class='ocrx_word' id='word_1_695' title='bbox 300 4623 505 4677; x_wconf 87' lang='lat' dir='ltr'><strong>ardeat.</strong></span> <span class='ocrx_word' id='word_1_696' title='bbox 537 4622 651 4692; x_wconf 87' lang='lat' dir='ltr'><strong>Ego</strong></span> <span class='ocrx_word' id='word_1_697' title='bbox 686 4623 732 4678; x_wconf 92' lang='lat' dir='ltr'><strong>si</strong></span> <span class='ocrx_word' id='word_1_698' title='bbox 785 4623 1093 4696; x_wconf 85' lang='lat' dir='ltr'><strong>renuntiem</strong></span> <span class='ocrx_word' id='word_1_699' title='bbox 1141 4619 1398 4676; x_wconf 73' lang='lat' dir='ltr'><strong>omnibus</strong></span> <span class='ocrx_word' id='word_1_700' title='bbox 1425 4634 1545 4689; x_wconf 70' lang='lat' dir='ltr'><strong>qua:</strong></span> <span class='ocrx_word' id='word_1_701' title='bbox 1569 4619 1822 4688; x_wconf 90' lang='lat' dir='ltr'><strong>possideo</strong></span> <span class='ocrx_word' id='word_1_702' title='bbox 1846 4661 1860 4685; x_wconf 91' lang='lat'><strong>,</strong></span> 
     </span>
    </p>
   </div>
   <div class='ocr_carea' id='block_1_94' title="bbox 299 4697 1858 4786">
    <p class='ocr_par' dir='ltr' id='par_1_94' title="bbox 299 4697 1858 4786">
     <span class='ocr_line' id='line_1_94' title="bbox 299 4697 1858 4786; baseline -0.003 -14"><span class='ocrx_word' id='word_1_703' title='bbox 299 4727 351 4772; x_wconf 90' lang='lat' dir='ltr'><strong>et</strong></span> <span class='ocrx_word' id='word_1_704' title='bbox 384 4718 570 4771; x_wconf 88' lang='lat' dir='ltr'><strong>tollam</strong></span> <span class='ocrx_word' id='word_1_705' title='bbox 604 4733 819 4773; x_wconf 91' lang='lat' dir='ltr'><strong>crucem</strong></span> <span class='ocrx_word' id='word_1_706' title='bbox 846 4732 1043 4782; x_wconf 87' lang='lat' dir='ltr'><strong>meam,</strong></span> <span class='ocrx_word' id='word_1_707' title='bbox 1079 4726 1133 4771; x_wconf 88' lang='lat' dir='ltr'><strong>et</strong></span> <span class='ocrx_word' id='word_1_708' title='bbox 1157 4697 1676 4786; x_wconf 46' lang='lat' dir='ltr'><strong>sequar&#39;Cbristum,</strong></span> <span class='ocrx_word' id='word_1_709' title='bbox 1705 4713 1858 4769; x_wconf 82' lang='lat' dir='ltr'><strong>bolo-</strong></span> 
     </span>
    </p>
   </div>
   <div class='ocr_carea' id='block_1_95' title="bbox 299 4806 1867 4865">
    <p class='ocr_par' dir='ltr' id='par_1_95' title="bbox 299 4806 1867 4865">
     <span class='ocr_line' id='line_1_95' title="bbox 299 4806 1867 4865; baseline -0.003 -1"><span class='ocrx_word' id='word_1_710' title='bbox 299 4821 547 4865; x_wconf 90' lang='lat' dir='ltr'><strong>caustum</strong></span> <span class='ocrx_word' id='word_1_711' title='bbox 574 4810 742 4864; x_wconf 91' lang='lat' dir='ltr'><strong>obtuli</strong></span> <span class='ocrx_word' id='word_1_712' title='bbox 771 4811 836 4864; x_wconf 92' lang='lat' dir='ltr'><strong>ad</strong></span> <span class='ocrx_word' id='word_1_713' title='bbox 865 4809 1039 4864; x_wconf 89' lang='lat' dir='ltr'><strong>altare</strong></span> <span class='ocrx_word' id='word_1_714' title='bbox 1062 4808 1157 4864; x_wconf 89' lang='lat' dir='ltr'><strong>Dei</strong></span> <span class='ocrx_word' id='word_1_715' title='bbox 1186 4829 1197 4863; x_wconf 95' lang='lat'>:</span> <span class='ocrx_word' id='word_1_716' title='bbox 1231 4817 1324 4861; x_wconf 92' lang='lat' dir='ltr'><strong>aut</strong></span> <span class='ocrx_word' id='word_1_717' title='bbox 1353 4808 1397 4862; x_wconf 89' lang='lat' dir='ltr'><strong>si</strong></span> <span class='ocrx_word' id='word_1_718' title='bbox 1437 4806 1710 4861; x_wconf 89' lang='lat' dir='ltr'><strong>tradidero</strong></span> <span class='ocrx_word' id='word_1_719' title='bbox 1744 4820 1867 4860; x_wconf 86' lang='lat' dir='ltr'><strong>cor-</strong></span> 
     </span>
    </p>
   </div>
   <div class='ocr_carea' id='block_1_96' title="bbox 299 4895 1866 4972">
    <p class='ocr_par' dir='ltr' id='par_1_96' title="bbox 299 4895 1866 4972">
     <span class='ocr_line' id='line_1_96' title="bbox 299 4895 1866 4972; baseline -0.003 -17"><span class='ocrx_word' id='word_1_720' title='bbox 299 4917 399 4972; x_wconf 92' lang='lat' dir='ltr'><strong>pus</strong></span> <span class='ocrx_word' id='word_1_721' title='bbox 431 4918 608 4956; x_wconf 90' lang='lat' dir='ltr'><strong>meum</strong></span> <span class='ocrx_word' id='word_1_722' title='bbox 644 4913 702 4956; x_wconf 90' lang='lat' dir='ltr'><strong>ut</strong></span> <span class='ocrx_word' id='word_1_723' title='bbox 735 4903 954 4956; x_wconf 91' lang='lat' dir='ltr'><strong>ardeam</strong></span> <span class='ocrx_word' id='word_1_724' title='bbox 1009 4902 1214 4956; x_wconf 90' lang='lat' dir='ltr'><strong>habens</strong></span> <span class='ocrx_word' id='word_1_725' title='bbox 1247 4899 1568 4954; x_wconf 89' lang='lat' dir='ltr'><strong>cbaritatem</strong></span> <span class='ocrx_word' id='word_1_726' title='bbox 1597 4937 1612 4962; x_wconf 96' lang='lat'><strong>,</strong></span> <span class='ocrx_word' id='word_1_727' title='bbox 1663 4906 1719 4951; x_wconf 90' lang='lat' dir='ltr'><strong>et</strong></span> <span class='ocrx_word' id='word_1_728' title='bbox 1749 4895 1866 4963; x_wconf 83' lang='lat' dir='ltr'><strong>glo-</strong></span> 
     </span>
    </p>
   </div>
   <div class='ocr_carea' id='block_1_97' title="bbox 300 4989 1860 5065">
    <p class='ocr_par' dir='ltr' id='par_1_97' title="bbox 300 4989 1860 5065">
     <span class='ocr_line' id='line_1_97' title="bbox 300 4989 1860 5065; baseline -0.005 -17"><span class='ocrx_word' id='word_1_729' title='bbox 300 4995 436 5048; x_wconf 90' lang='lat' dir='ltr'><strong>riam</strong></span> <span class='ocrx_word' id='word_1_730' title='bbox 486 4995 733 5065; x_wconf 77' lang='lat' dir='ltr'><strong>martyrii</strong></span> <span class='ocrx_word' id='word_1_731' title='bbox 780 5010 1127 5064; x_wconf 85' lang='lat' dir='ltr'><strong>consequar,</strong></span> <span class='ocrx_word' id='word_1_732' title='bbox 1170 4992 1548 5047; x_wconf 88' lang='lat' dir='ltr'><strong>holocaustum</strong></span> <span class='ocrx_word' id='word_1_733' title='bbox 1595 4989 1860 5057; x_wconf 64' lang='lat' dir='ltr'><strong>tueipsu,m</strong></span> 
     </span>
    </p>
   </div>
   <div class='ocr_carea' id='block_1_98' title="bbox 366 5107 1402 5176">
    <p class='ocr_par' dir='ltr' id='par_1_98' title="bbox 366 5107 1402 5176">
     <span class='ocr_line' id='line_1_98' title="bbox 366 5107 1402 5176; baseline -0.005 -10"><span class='ocrx_word' id='word_1_734' title='bbox 366 5109 410 5144; x_wconf 77' lang='lat'><strong>“</strong></span> <span class='ocrx_word' id='word_1_735' title='bbox 444 5111 576 5166; x_wconf 87' lang='lat' dir='ltr'><strong>Luc.</strong></span> <span class='ocrx_word' id='word_1_736' title='bbox 627 5125 724 5176; x_wconf 87' lang='lat' dir='ltr'><strong>xu,</strong></span> <span class='ocrx_word' id='word_1_737' title='bbox 772 5110 859 5164; x_wconf 64' lang='lat'><strong>.59.</strong></span> <span class='ocrx_word' id='word_1_738' title='bbox 937 5107 1035 5162; x_wconf 80' lang='grc'><strong>⁸⁸1</strong></span> <span class='ocrx_word' id='word_1_739' title='bbox 1075 5107 1187 5164; x_wconf 86' lang='lat' dir='ltr'><strong>Pet.</strong></span> <span class='ocrx_word' id='word_1_740' title='bbox 1244 5124 1304 5173; x_wconf 86' lang='lat' dir='ltr'><strong>tt,</strong></span> <span class='ocrx_word' id='word_1_741' title='bbox 1350 5107 1402 5162; x_wconf 89' lang='lat'><strong>9.</strong></span> 
     </span>
    </p>
   </div>
   <div class='ocr_carea' id='block_1_99' title="bbox 369 5234 1854 5320">
    <p class='ocr_par' dir='ltr' id='par_1_99' title="bbox 369 5234 1854 5320">
     <span class='ocr_line' id='line_1_99' title="bbox 369 5234 1854 5320; baseline -0.011 -16"><span class='ocrx_word' id='word_1_742' title='bbox 369 5249 481 5319; x_wconf 78' lang='lat'><strong>(75)</strong></span> <span class='ocrx_word' id='word_1_743' title='bbox 511 5247 579 5303; x_wconf 83' lang='lat' dir='ltr'><strong>In</strong></span> <span class='ocrx_word' id='word_1_744' title='bbox 601 5266 703 5320; x_wconf 86' lang='lat' dir='ltr'><strong>qua</strong></span> <span class='ocrx_word' id='word_1_745' title='bbox 724 5247 892 5301; x_wconf 83' lang='lat' dir='ltr'><strong>altare</strong></span> <span class='ocrx_word' id='word_1_746' title='bbox 920 5247 1370 5320; x_wconf 32' lang='lat' dir='ltr'><strong>Italocaustoruptf</strong></span> <span class='ocrx_word' id='word_1_747' title='bbox 1400 5250 1503 5320; x_wconf 71' lang='lat' dir='ltr'><strong>etc.</strong></span> <span class='ocrx_word' id='word_1_748' title='bbox 1529 5235 1649 5293; x_wconf 85' lang='lat' dir='ltr'><strong>Jam</strong></span> <span class='ocrx_word' id='word_1_749' title='bbox 1671 5234 1854 5320; x_wconf 73' lang='lat' dir='ltr'><strong>monui</strong></span> 
     </span>
    </p>
   </div>
   <div class='ocr_carea' id='block_1_100' title="bbox 299 5306 1856 5382">
    <p class='ocr_par' dir='ltr' id='par_1_100' title="bbox 299 5306 1856 5382">
     <span class='ocr_line' id='line_1_100' title="bbox 299 5306 1856 5382; baseline -0.01 -6"><span class='ocrx_word' id='word_1_750' title='bbox 299 5306 486 5376; x_wconf 53' lang='lat' dir='ltr'><strong>boiuil&#39;.</strong></span> <span class='ocrx_word' id='word_1_751' title='bbox 513 5321 544 5374; x_wconf 83' lang='lat'><strong>9</strong></span> <span class='ocrx_word' id='word_1_752' title='bbox 572 5306 624 5374; x_wconf 75' lang='lat' dir='ltr'><strong>in</strong></span> <span class='ocrx_word' id='word_1_753' title='bbox 655 5320 846 5382; x_wconf 79' lang='lat' dir='ltr'><strong>Exod.,</strong></span> <span class='ocrx_word' id='word_1_754' title='bbox 879 5335 1023 5373; x_wconf 89' lang='lat' dir='ltr'><strong>num.</strong></span> <span class='ocrx_word' id='word_1_755' title='bbox 1062 5320 1116 5379; x_wconf 78' lang='lat'><strong>5,</strong></span> <span class='ocrx_word' id='word_1_756' title='bbox 1151 5331 1252 5370; x_wconf 91' lang='lat' dir='ltr'><strong>non</strong></span> <span class='ocrx_word' id='word_1_757' title='bbox 1280 5313 1447 5368; x_wconf 82' lang='lat' dir='ltr'><strong>fuisse</strong></span> <span class='ocrx_word' id='word_1_758' title='bbox 1484 5311 1534 5361; x_wconf 87' lang='lat' dir='ltr'><strong>in</strong></span> <span class='ocrx_word' id='word_1_759' title='bbox 1568 5317 1756 5382; x_wconf 76' lang='lat' dir='ltr'><strong>sancto</strong></span> <span class='ocrx_word' id='word_1_760' title='bbox 1779 5306 1856 5382; x_wconf 72' lang='lat' dir='ltr'><strong>al-</strong></span> 
     </span>
    </p>
   </div>
   <div class='ocr_carea' id='block_1_101' title="bbox 303 5376 1856 5455">
    <p class='ocr_par' dir='ltr' id='par_1_101' title="bbox 303 5376 1856 5455">
     <span class='ocr_line' id='line_1_101' title="bbox 303 5376 1856 5455; baseline -0.011 -11"><span class='ocrx_word' id='word_1_761' title='bbox 303 5403 416 5446; x_wconf 88' lang='lat' dir='ltr'><strong>tare</strong></span> <span class='ocrx_word' id='word_1_762' title='bbox 449 5376 906 5452; x_wconf 82' lang='lat' dir='ltr'><strong>bolocaustorum,</strong></span> <span class='ocrx_word' id='word_1_763' title='bbox 938 5399 996 5442; x_wconf 91' lang='lat' dir='ltr'><strong>ut</strong></span> <span class='ocrx_word' id='word_1_764' title='bbox 1029 5376 1116 5441; x_wconf 85' lang='lat' dir='ltr'><strong>hic</strong></span> <span class='ocrx_word' id='word_1_765' title='bbox 1159 5394 1310 5455; x_wconf 88' lang='lat' dir='ltr'><strong>putat</strong></span> <span class='ocrx_word' id='word_1_766' title='bbox 1352 5383 1632 5450; x_wconf 87' lang='lat' dir='ltr'><strong>Origenes,</strong></span> <span class='ocrx_word' id='word_1_767' title='bbox 1663 5378 1766 5455; x_wconf 39' lang='lat' dir='ltr'><strong>sed.</strong></span> <span class='ocrx_word' id='word_1_768' title='bbox 1805 5376 1856 5429; x_wconf 91' lang='lat' dir='ltr'><strong>in</strong></span> 
     </span>
    </p>
   </div>
   <div class='ocr_carea' id='block_1_102' title="bbox 300 5403 1859 5584">
    <p class='ocr_par' dir='ltr' id='par_1_102' title="bbox 300 5403 1859 5584">
     <span class='ocr_line' id='line_1_102' title="bbox 303 5403 1856 5455; baseline -0.011 -11"><span class='ocrx_word' id='word_1_769' title='bbox 303 5403 416 5446; x_wconf 87' lang='lat' dir='ltr'><strong>tare</strong></span> <span class='ocrx_word' id='word_1_770' title='bbox 449 5403 906 5452; x_wconf 87' lang='lat' dir='ltr'><strong>notocaustorum,</strong></span> <span class='ocrx_word' id='word_1_771' title='bbox 938 5403 996 5442; x_wconf 81' lang='lat' dir='ltr'><strong>Ill</strong></span> <span class='ocrx_word' id='word_1_772' title='bbox 1031 5403 1116 5441; x_wconf 82' lang='lat' dir='ltr'><strong>lilC</strong></span> <span class='ocrx_word' id='word_1_773' title='bbox 1196 5403 1310 5438; x_wconf 81' lang='lat' dir='ltr'><strong>lllal.</strong></span> <span class='ocrx_word' id='word_1_774' title='bbox 1352 5403 1632 5450; x_wconf 64' lang='lat' dir='ltr'><strong>ungunta,</strong></span> <span class='ocrx_word' id='word_1_775' title='bbox 1663 5403 1766 5455; x_wconf 45' lang='lat' dir='ltr'><strong>acu.</strong></span> <span class='ocrx_word' id='word_1_776' title='bbox 1805 5403 1856 5429; x_wconf 84' lang='grc' dir='ltr'>ιιι</span> 
     </span>
     <span class='ocr_line' id='line_1_103' title="bbox 300 5403 1859 5584; baseline -0.01 -70"><span class='ocrx_word' id='word_1_777' title='bbox 300 5463 437 5584; x_wconf 64' lang='grc' dir='ltr'><strong>ἱιτίρ</strong></span> <span class='ocrx_word' id='word_1_778' title='bbox 459 5460 804 5544; x_wconf 77' lang='lat' dir='ltr'><strong>sacerdotum</strong></span> <span class='ocrx_word' id='word_1_779' title='bbox 845 5459 946 5513; x_wconf 91' lang='lat' dir='ltr'><strong>sub</strong></span> <span class='ocrx_word' id='word_1_780' title='bbox 971 5459 1081 5522; x_wconf 88' lang='lat' dir='ltr'><strong>dio,</strong></span> <span class='ocrx_word' id='word_1_781' title='bbox 1107 5403 1191 5511; x_wconf 68' lang='lat' dir='ltr'><strong>air</strong></span> <span class='ocrx_word' id='word_1_782' title='bbox 1218 5456 1360 5525; x_wconf 92' lang='lat' dir='ltr'><strong>quod</strong></span> <span class='ocrx_word' id='word_1_783' title='bbox 1397 5463 1647 5507; x_wconf 80' lang='lat' dir='ltr'><strong>accessus</strong></span> <span class='ocrx_word' id='word_1_784' title='bbox 1697 5453 1859 5500; x_wconf 79' lang='lat' dir='ltr'><strong>etiam</strong></span> 
     </span>
     <span class='ocr_line' id='line_1_104' title="bbox 346 5542 526 5584; baseline 0 0"><span class='ocrx_word' id='word_1_785' title='bbox 346 5542 526 5584; x_wconf 73' lang='lat' dir='ltr'><strong>evrus.</strong></span> 
     </span>
    </p>
   </div>
   <div class='ocr_carea' id='block_1_103' title="bbox 346 5542 1862 5672">
    <p class='ocr_par' dir='ltr' id='par_1_103' title="bbox 346 5542 1862 5672">
     <span class='ocr_line' id='line_1_105' title="bbox 346 5542 1862 5672; baseline -0.015 -12"><span class='ocrx_word' id='word_1_786' title='bbox 346 5542 672 5672; x_wconf 38' lang='lat' dir='ltr'><strong>callslibb.</strong></span> <span class='ocrx_word' id='word_1_787' title='bbox 718 5599 876 5667; x_wconf 89' lang='lat' dir='ltr'><strong>editi,</strong></span> <span class='ocrx_word' id='word_1_788' title='bbox 913 5619 931 5652; x_wconf 74' lang='grc' dir='ltr'><strong><em>ι</em></strong></span> <span class='ocrx_word' id='word_1_789' title='bbox 977 5597 1136 5652; x_wconf 87' lang='lat' dir='ltr'><strong>alicui</strong></span> <span class='ocrx_word' id='word_1_790' title='bbox 1178 5609 1432 5665; x_wconf 87' lang='lat' dir='ltr'><strong>unquam.</strong></span> <span class='ocrx_word' id='word_1_791' title='bbox 1473 5610 1492 5644; x_wconf 73' lang='grc' dir='ltr'>ι</span> <span class='ocrx_word' id='word_1_792' title='bbox 1529 5589 1676 5654; x_wconf 83' lang='lat' dir='ltr'><strong>Mss.,</strong></span> <span class='ocrx_word' id='word_1_793' title='bbox 1719 5608 1736 5638; x_wconf 73' lang='grc' dir='ltr'>ι</span> <span class='ocrx_word' id='word_1_794' title='bbox 1771 5585 1862 5639; x_wconf 86' lang='lat' dir='ltr'><strong>alii</strong></span> 
     </span>
    </p>
   </div>
   <div class='ocr_carea' id='block_1_104' title="bbox 304 5675 626 5742">
    <p class='ocr_par' dir='ltr' id='par_1_104' title="bbox 304 5675 626 5742">
     <span class='ocr_line' id='line_1_106' title="bbox 304 5675 626 5742; baseline 0.006 -18"><span class='ocrx_word' id='word_1_795' title='bbox 304 5675 568 5742; x_wconf 73' lang='lat' dir='ltr'><strong>cuiquam.</strong></span> <span class='ocrx_word' id='word_1_796' title='bbox 607 5693 626 5726; x_wconf 73' lang='grc' dir='ltr'><strong><em>ι</em></strong></span> 
     </span>
    </p>
   </div>
   <div class='ocr_carea' id='block_1_105' title="bbox 616 5759 1208 5826">
    <p class='ocr_par' dir='ltr' id='par_1_105' title="bbox 616 5759 1208 5826">
     <span class='ocr_line' id='line_1_107' title="bbox 616 5759 1208 5826; baseline -0.01 0"><span class='ocrx_word' id='word_1_797' title='bbox 616 5767 891 5826; x_wconf 71' lang='grc' dir='ltr'><strong>ΡΑτιιοι.</strong></span> <span class='ocrx_word' id='word_1_798' title='bbox 916 5762 1033 5826; x_wconf 78' lang='lat' dir='ltr'><strong>Gn.</strong></span> <span class='ocrx_word' id='word_1_799' title='bbox 1067 5759 1208 5823; x_wconf 79' lang='grc' dir='ltr'><strong>ΧΠ.</strong></span> 
     </span>
    </p>
   </div>
   <div class='ocr_carea' id='block_1_106' title="bbox 1477 5099 1936 5164">
    <p class='ocr_par' dir='ltr' id='par_1_106' title="bbox 1477 5099 1936 5164">
     <span class='ocr_line' id='line_1_108' title="bbox 1477 5099 1936 5164; baseline -0.011 -6"><span class='ocrx_word' id='word_1_800' title='bbox 1477 5106 1522 5138; x_wconf 79' lang='grc'><strong><em>⁸⁸</em></strong></span> <span class='ocrx_word' id='word_1_801' title='bbox 1558 5104 1720 5158; x_wconf 90' lang='lat' dir='ltr'><strong>llcbr.</strong></span> <span class='ocrx_word' id='word_1_802' title='bbox 1745 5118 1822 5164; x_wconf 83' lang='lat' dir='ltr'><strong>Ix,</strong></span> <span class='ocrx_word' id='word_1_803' title='bbox 1846 5099 1936 5154; x_wconf 66' lang='lat' dir='ltr'><strong>Si.</strong></span> 
     </span>
    </p>
   </div>
   <div class='ocr_carea' id='block_1_107' title="bbox 1972 4521 3535 4596">
    <p class='ocr_par' dir='ltr' id='par_1_107' title="bbox 1972 4521 3535 4596">
     <span class='ocr_line' id='line_1_109' title="bbox 1972 4521 3535 4596; baseline -0.003 -16"><span class='ocrx_word' id='word_1_804' title='bbox 1972 4527 2084 4596; x_wconf 87' lang='lat'><strong>(76)</strong></span> <span class='ocrx_word' id='word_1_805' title='bbox 2118 4527 2161 4558; x_wconf 84' lang='grc'><strong>⁸⁷</strong></span> <span class='ocrx_word' id='word_1_806' title='bbox 2193 4543 2246 4579; x_wconf 74' lang='grc' dir='ltr'><strong>ε(</strong></span> <span class='ocrx_word' id='word_1_807' title='bbox 2273 4525 2550 4594; x_wconf 81' lang='lat' dir='ltr'><strong>Eloquium</strong></span> <span class='ocrx_word' id='word_1_808' title='bbox 2583 4523 2791 4579; x_wconf 89' lang='lat' dir='ltr'><strong>Domini</strong></span> <span class='ocrx_word' id='word_1_809' title='bbox 2816 4523 3165 4594; x_wconf 85' lang='lat' dir='ltr'><strong>igniviteum.</strong></span> <span class='ocrx_word' id='word_1_810' title='bbox 3205 4540 3224 4574; x_wconf 76' lang='grc' dir='ltr'><strong><em>ι</em></strong></span> <span class='ocrx_word' id='word_1_811' title='bbox 3254 4521 3320 4576; x_wconf 89' lang='grc' dir='ltr'><strong>Ει</strong></span> <span class='ocrx_word' id='word_1_812' title='bbox 3342 4522 3535 4576; x_wconf 91' lang='lat' dir='ltr'><strong>iterum</strong></span> 
     </span>
    </p>
   </div>
   <div class='ocr_carea' id='block_1_108' title="bbox 1974 4613 3540 4686">
    <p class='ocr_par' dir='ltr' id='par_1_108' title="bbox 1974 4613 3540 4686">
     <span class='ocr_line' id='line_1_110' title="bbox 1974 4613 3540 4686; baseline -0.003 -15"><span class='ocrx_word' id='word_1_813' title='bbox 1974 4620 2025 4671; x_wconf 92' lang='lat' dir='ltr'><strong>in</strong></span> <span class='ocrx_word' id='word_1_814' title='bbox 2057 4617 2353 4686; x_wconf 89' lang='lat' dir='ltr'><strong>Evangelio</strong></span> <span class='ocrx_word' id='word_1_815' title='bbox 2383 4617 2644 4684; x_wconf 91' lang='lat' dir='ltr'><strong>scriptum</strong></span> <span class='ocrx_word' id='word_1_816' title='bbox 2667 4625 2772 4675; x_wconf 90' lang='lat' dir='ltr'><strong>est.</strong></span> <span class='ocrx_word' id='word_1_817' title='bbox 2796 4625 3082 4684; x_wconf 89' lang='lat' dir='ltr'><strong>postquam</strong></span> <span class='ocrx_word' id='word_1_818' title='bbox 3114 4613 3374 4669; x_wconf 86' lang='lat' dir='ltr'><strong>Dominus</strong></span> <span class='ocrx_word' id='word_1_819' title='bbox 3396 4615 3540 4668; x_wconf 82' lang='lat' dir='ltr'><strong>locu-</strong></span> 
     </span>
    </p>
   </div>
   <div class='ocr_carea' id='block_1_109' title="bbox 1975 4703 3534 4776">
    <p class='ocr_par' dir='ltr' id='par_1_109' title="bbox 1975 4703 3534 4776">
     <span class='ocr_line' id='line_1_111' title="bbox 1975 4703 3534 4776; baseline -0.003 -15"><span class='ocrx_word' id='word_1_820' title='bbox 1975 4719 2060 4762; x_wconf 88' lang='lat' dir='ltr'><strong>tns</strong></span> <span class='ocrx_word' id='word_1_821' title='bbox 2099 4717 2182 4762; x_wconf 90' lang='lat' dir='ltr'><strong>est</strong></span> <span class='ocrx_word' id='word_1_822' title='bbox 2211 4707 2278 4760; x_wconf 91' lang='lat' dir='ltr'><strong>ad</strong></span> <span class='ocrx_word' id='word_1_823' title='bbox 2313 4706 2602 4776; x_wconf 81' lang='lat' dir='ltr'><strong>Gleopham</strong></span> <span class='ocrx_word' id='word_1_824' title='bbox 2634 4721 2648 4758; x_wconf 90' lang='lat'><strong>:</strong></span> <span class='ocrx_word' id='word_1_825' title='bbox 2691 4722 2710 4754; x_wconf 69' lang='grc' dir='ltr'>ι</span> <span class='ocrx_word' id='word_1_826' title='bbox 2746 4703 2942 4758; x_wconf 87' lang='lat' dir='ltr'><strong>Nonne</strong></span> <span class='ocrx_word' id='word_1_827' title='bbox 2970 4719 3065 4758; x_wconf 92' lang='lat' dir='ltr'><strong>cor</strong></span> <span class='ocrx_word' id='word_1_828' title='bbox 3099 4715 3344 4758; x_wconf 91' lang='lat' dir='ltr'><strong>nostrum</strong></span> <span class='ocrx_word' id='word_1_829' title='bbox 3373 4745 3389 4768; x_wconf 95' lang='lat'><strong>,</strong></span> <span class='ocrx_word' id='word_1_830' title='bbox 3449 4705 3534 4758; x_wconf 91' lang='lat' dir='ltr'><strong>in-</strong></span> 
     </span>
    </p>
   </div>
   <div class='ocr_carea' id='block_1_110' title="bbox 1970 4796 3537 4866">
    <p class='ocr_par' dir='ltr' id='par_1_110' title="bbox 1970 4796 3537 4866">
     <span class='ocr_line' id='line_1_112' title="bbox 1970 4796 3537 4866; baseline -0.003 -14"><span class='ocrx_word' id='word_1_831' title='bbox 1970 4799 2088 4866; x_wconf 87' lang='lat' dir='ltr'><strong>quit</strong></span> <span class='ocrx_word' id='word_1_832' title='bbox 2137 4799 2202 4864; x_wconf 80' lang='grc'><strong>⁸⁸,</strong></span> <span class='ocrx_word' id='word_1_833' title='bbox 2233 4807 2353 4853; x_wconf 90' lang='lat' dir='ltr'><strong>erat</strong></span> <span class='ocrx_word' id='word_1_834' title='bbox 2385 4796 2579 4852; x_wconf 90' lang='lat' dir='ltr'><strong>ardens</strong></span> <span class='ocrx_word' id='word_1_835' title='bbox 2606 4798 2748 4850; x_wconf 91' lang='lat' dir='ltr'><strong>intra</strong></span> <span class='ocrx_word' id='word_1_836' title='bbox 2784 4811 2904 4861; x_wconf 90' lang='lat' dir='ltr'><strong>nos,</strong></span> <span class='ocrx_word' id='word_1_837' title='bbox 2933 4811 3052 4848; x_wconf 91' lang='lat' dir='ltr'><strong>cum</strong></span> <span class='ocrx_word' id='word_1_838' title='bbox 3095 4797 3335 4863; x_wconf 89' lang='lat' dir='ltr'><strong>aperiret</strong></span> <span class='ocrx_word' id='word_1_839' title='bbox 3379 4796 3537 4850; x_wconf 88' lang='lat' dir='ltr'><strong>nobis</strong></span> 
     </span>
    </p>
   </div>
   <div class='ocr_carea' id='block_1_111' title="bbox 1972 4883 3537 4958">
    <p class='ocr_par' dir='ltr' id='par_1_111' title="bbox 1972 4883 3537 4958">
     <span class='ocr_line' id='line_1_113' title="bbox 1972 4883 3537 4958; baseline -0.003 -15"><span class='ocrx_word' id='word_1_840' title='bbox 1972 4888 2324 4958; x_wconf 86' lang='lat' dir='ltr'><strong>Scripturas?</strong></span> <span class='ocrx_word' id='word_1_841' title='bbox 2359 4906 2377 4940; x_wconf 72' lang='grc' dir='ltr'><strong>ι</strong></span> <span class='ocrx_word' id='word_1_842' title='bbox 2419 4885 2502 4939; x_wconf 84' lang='lat' dir='ltr'><strong>Tu</strong></span> <span class='ocrx_word' id='word_1_843' title='bbox 2535 4902 2664 4957; x_wconf 84' lang='lat' dir='ltr'><strong>ergo</strong></span> <span class='ocrx_word' id='word_1_844' title='bbox 2713 4887 2853 4938; x_wconf 89' lang='lat' dir='ltr'><strong>unde</strong></span> <span class='ocrx_word' id='word_1_845' title='bbox 2895 4885 3149 4939; x_wconf 85' lang='lat' dir='ltr'><strong>ardebis?</strong></span> <span class='ocrx_word' id='word_1_846' title='bbox 3197 4883 3348 4938; x_wconf 88' lang='lat' dir='ltr'><strong>Unde</strong></span> <span class='ocrx_word' id='word_1_847' title='bbox 3383 4886 3537 4938; x_wconf 90' lang='lat' dir='ltr'><strong>inve-</strong></span> 
     </span>
    </p>
   </div>
   <div class='ocr_carea' id='block_1_112' title="bbox 1967 4977 3536 5048">
    <p class='ocr_par' dir='ltr' id='par_1_112' title="bbox 1967 4977 3536 5048">
     <span class='ocr_line' id='line_1_114' title="bbox 1967 4977 3536 5048; baseline -0.005 -12"><span class='ocrx_word' id='word_1_848' title='bbox 1967 4983 2186 5036; x_wconf 90' lang='lat' dir='ltr'><strong>uieutur</strong></span> <span class='ocrx_word' id='word_1_849' title='bbox 2217 4981 2271 5034; x_wconf 92' lang='lat' dir='ltr'><strong>in</strong></span> <span class='ocrx_word' id='word_1_850' title='bbox 2305 4991 2356 5034; x_wconf 89' lang='lat' dir='ltr'><strong>te</strong></span> <span class='ocrx_word' id='word_1_851' title='bbox 2385 4982 2648 5036; x_wconf 87' lang='lat' dir='ltr'><strong>carbones</strong></span> <span class='ocrx_word' id='word_1_852' title='bbox 2681 4978 2840 5048; x_wconf 85' lang='lat' dir='ltr'><strong>ignis,</strong></span> <span class='ocrx_word' id='word_1_853' title='bbox 2871 4977 2959 5046; x_wconf 91' lang='lat' dir='ltr'><strong>qui</strong></span> <span class='ocrx_word' id='word_1_854' title='bbox 3012 4992 3290 5046; x_wconf 88' lang='lat' dir='ltr'><strong>nunquam</strong></span> <span class='ocrx_word' id='word_1_855' title='bbox 3323 4977 3536 5032; x_wconf 86' lang='lat' dir='ltr'><strong>Domini</strong></span> 
     </span>
    </p>
   </div>
   <div class='ocr_carea' id='block_1_113' title="bbox 2011 5093 3076 5159">
    <p class='ocr_par' dir='ltr' id='par_1_113' title="bbox 2011 5093 3076 5159">
     <span class='ocr_line' id='line_1_115' title="bbox 2011 5093 3076 5159; baseline -0.008 -5"><span class='ocrx_word' id='word_1_856' title='bbox 2011 5098 2055 5131; x_wconf 80' lang='grc'><strong>⁸⁷</strong></span> <span class='ocrx_word' id='word_1_857' title='bbox 2079 5097 2220 5152; x_wconf 90' lang='lat' dir='ltr'><strong>Psal.</strong></span> <span class='ocrx_word' id='word_1_858' title='bbox 2248 5112 2357 5159; x_wconf 72' lang='lat' dir='ltr'><strong>oux,</strong></span> <span class='ocrx_word' id='word_1_859' title='bbox 2395 5094 2483 5150; x_wconf 69' lang='grc' dir='ltr'><strong>ΔΟ.</strong></span> <span class='ocrx_word' id='word_1_860' title='bbox 2555 5096 2600 5128; x_wconf 77' lang='grc'><strong>⁸³</strong></span> <span class='ocrx_word' id='word_1_861' title='bbox 2635 5097 2766 5148; x_wconf 87' lang='lat' dir='ltr'><strong>Luc.</strong></span> <span class='ocrx_word' id='word_1_862' title='bbox 2804 5108 2948 5156; x_wconf 75' lang='lat' dir='ltr'><strong>xxrv,</strong></span> <span class='ocrx_word' id='word_1_863' title='bbox 2989 5093 3076 5146; x_wconf 80' lang='grc'><strong>51.</strong></span> 
     </span>
    </p>
   </div>
   <div class='ocr_carea' id='block_1_114' title="bbox 2033 5224 3534 5308">
    <p class='ocr_par' dir='ltr' id='par_1_114' title="bbox 2033 5224 3534 5308">
     <span class='ocr_line' id='line_1_116' title="bbox 2033 5224 3534 5308; baseline -0.003 -23"><span class='ocrx_word' id='word_1_864' title='bbox 2033 5234 2145 5308; x_wconf 80' lang='grc'><strong>(75)</strong></span> <span class='ocrx_word' id='word_1_865' title='bbox 2175 5233 2448 5308; x_wconf 53' lang='lat' dir='ltr'><strong>Elatiam</strong></span> <span class='ocrx_word' id='word_1_866' title='bbox 2470 5233 2691 5308; x_wconf 69' lang='lat' dir='ltr'><strong>incensi,</strong></span> <span class='ocrx_word' id='word_1_867' title='bbox 2713 5243 2820 5308; x_wconf 85' lang='lat' dir='ltr'><strong>_etc.</strong></span> <span class='ocrx_word' id='word_1_868' title='bbox 2856 5230 2985 5308; x_wconf 81' lang='lat' dir='ltr'><strong>Vide</strong></span> <span class='ocrx_word' id='word_1_869' title='bbox 3019 5238 3189 5308; x_wconf 35' lang='lat' dir='ltr'><strong>notas.</strong></span> <span class='ocrx_word' id='word_1_870' title='bbox 3215 5227 3281 5279; x_wconf 88' lang='lat' dir='ltr'><strong>ad</strong></span> <span class='ocrx_word' id='word_1_871' title='bbox 3319 5241 3464 5305; x_wconf 78' lang='lat' dir='ltr'><strong>num.</strong></span> <span class='ocrx_word' id='word_1_872' title='bbox 3499 5224 3534 5275; x_wconf 74' lang='grc' dir='ltr'>ὅ</span> 
     </span>
    </p>
   </div>
   <div class='ocr_carea' id='block_1_115' title="bbox 1967 5299 3532 5374">
    <p class='ocr_par' dir='ltr' id='par_1_115' title="bbox 1967 5299 3532 5374">
     <span class='ocr_line' id='line_1_117' title="bbox 1967 5299 3532 5374; baseline -0.011 -14"><span class='ocrx_word' id='word_1_873' title='bbox 1967 5299 2156 5360; x_wconf 75' lang='lat' dir='ltr'><strong>hoinil.</strong></span> <span class='ocrx_word' id='word_1_874' title='bbox 2192 5305 2224 5358; x_wconf 92' lang='lat'>9</span> <span class='ocrx_word' id='word_1_875' title='bbox 2259 5303 2310 5356; x_wconf 91' lang='lat' dir='ltr'><strong>in</strong></span> <span class='ocrx_word' id='word_1_876' title='bbox 2338 5303 2598 5367; x_wconf 79' lang='lat' dir='ltr'><strong>Exodum,</strong></span> <span class='ocrx_word' id='word_1_877' title='bbox 2637 5302 2724 5355; x_wconf 91' lang='lat' dir='ltr'><strong>ubi</strong></span> <span class='ocrx_word' id='word_1_878' title='bbox 2759 5303 2954 5374; x_wconf 70' lang='lat' dir='ltr'><strong>monui</strong></span> <span class='ocrx_word' id='word_1_879' title='bbox 2983 5304 3148 5374; x_wconf 78' lang='lat' dir='ltr'><strong>altare</strong></span> <span class='ocrx_word' id='word_1_880' title='bbox 3180 5299 3403 5374; x_wconf 32' lang='lat' dir='ltr'><strong>incen‘si.</strong></span> <span class='ocrx_word' id='word_1_881' title='bbox 3428 5310 3532 5374; x_wconf 78' lang='lat' dir='ltr'><strong>non</strong></span> 
     </span>
    </p>
   </div>
   <div class='ocr_carea' id='block_1_116' title="bbox 1968 5364 3535 5435">
    <p class='ocr_par' dir='ltr' id='par_1_116' title="bbox 1968 5364 3535 5435">
     <span class='ocr_line' id='line_1_118' title="bbox 1968 5364 3535 5435; baseline -0.008 -7"><span class='ocrx_word' id='word_1_882' title='bbox 1968 5377 2132 5430; x_wconf 89' lang='lat' dir='ltr'><strong>fuisse</strong></span> <span class='ocrx_word' id='word_1_883' title='bbox 2182 5375 2233 5428; x_wconf 89' lang='lat' dir='ltr'><strong>in</strong></span> <span class='ocrx_word' id='word_1_884' title='bbox 2274 5375 2470 5426; x_wconf 88' lang='lat' dir='ltr'><strong>Sancto</strong></span> <span class='ocrx_word' id='word_1_885' title='bbox 2502 5364 2831 5435; x_wconf 82' lang='lat' dir='ltr'><strong>sanctorum,</strong></span> <span class='ocrx_word' id='word_1_886' title='bbox 2863 5371 2955 5424; x_wconf 90' lang='lat' dir='ltr'><strong>sed</strong></span> <span class='ocrx_word' id='word_1_887' title='bbox 2990 5371 3038 5422; x_wconf 92' lang='lat' dir='ltr'><strong>in</strong></span> <span class='ocrx_word' id='word_1_888' title='bbox 3072 5377 3274 5421; x_wconf 89' lang='lat' dir='ltr'><strong>sancto.</strong></span> <span class='ocrx_word' id='word_1_889' title='bbox 3315 5364 3535 5435; x_wconf 80' lang='lat' dir='ltr'><strong>Origeni</strong></span> 
     </span>
    </p>
   </div>
   <div class='ocr_carea' id='block_1_117' title="bbox 1968 5433 3530 5500">
    <p class='ocr_par' dir='ltr' id='par_1_117' title="bbox 1968 5433 3530 5500">
     <span class='ocr_line' id='line_1_119' title="bbox 1968 5433 3530 5500; baseline -0.01 -1"><span class='ocrx_word' id='word_1_890' title='bbox 1968 5446 2147 5500; x_wconf 87' lang='lat' dir='ltr'><strong>fucum</strong></span> <span class='ocrx_word' id='word_1_891' title='bbox 2184 5445 2313 5498; x_wconf 85' lang='lat' dir='ltr'><strong>fecit</strong></span> <span class='ocrx_word' id='word_1_892' title='bbox 2340 5459 2370 5496; x_wconf 92' lang='lat' dir='ltr'><strong>a</strong></span> <span class='ocrx_word' id='word_1_893' title='bbox 2408 5457 2466 5495; x_wconf 92' lang='lat' dir='ltr'><strong>se</strong></span> <span class='ocrx_word' id='word_1_894' title='bbox 2503 5441 2642 5496; x_wconf 88' lang='lat' dir='ltr'><strong>male</strong></span> <span class='ocrx_word' id='word_1_895' title='bbox 2675 5433 2978 5496; x_wconf 87' lang='lat' dir='ltr'><strong>intellectus</strong></span> <span class='ocrx_word' id='word_1_896' title='bbox 3005 5440 3152 5493; x_wconf 88' lang='lat' dir='ltr'><strong>locus</strong></span> <span class='ocrx_word' id='word_1_897' title='bbox 3203 5435 3337 5490; x_wconf 88' lang='lat' dir='ltr'><strong>Heb.</strong></span> <span class='ocrx_word' id='word_1_898' title='bbox 3375 5433 3530 5499; x_wconf 65' lang='lat' dir='ltr'><strong>tx,4,</strong></span> 
     </span>
    </p>
   </div>
   <div class='ocr_carea' id='block_1_118' title="bbox 1969 5512 2878 5582">
    <p class='ocr_par' dir='ltr' id='par_1_118' title="bbox 1969 5512 2878 5582">
     <span class='ocr_line' id='line_1_120' title="bbox 1969 5512 2878 5582; baseline -0.009 -11"><span class='ocrx_word' id='word_1_899' title='bbox 1969 5517 2034 5571; x_wconf 91' lang='lat' dir='ltr'><strong>de</strong></span> <span class='ocrx_word' id='word_1_900' title='bbox 2063 5533 2171 5582; x_wconf 90' lang='lat' dir='ltr'><strong>quo</strong></span> <span class='ocrx_word' id='word_1_901' title='bbox 2201 5512 2510 5582; x_wconf 86' lang='lat' dir='ltr'><strong>consulendi</strong></span> <span class='ocrx_word' id='word_1_902' title='bbox 2542 5512 2878 5580; x_wconf 90' lang='lat' dir='ltr'><strong>interpretes.</strong></span> 
     </span>
    </p>
   </div>
   <div class='ocr_carea' id='block_1_119' title="bbox 2041 5577 3350 5659">
    <p class='ocr_par' dir='ltr' id='par_1_119' title="bbox 2041 5577 3350 5659">
     <span class='ocr_line' id='line_1_121' title="bbox 2041 5577 3350 5659; baseline -0.008 -19"><span class='ocrx_word' id='word_1_903' title='bbox 2041 5577 2152 5659; x_wconf 73' lang='lat'><strong>(76)</strong></span> <span class='ocrx_word' id='word_1_904' title='bbox 2181 5585 2306 5642; x_wconf 81' lang='lat' dir='ltr'><strong>Mss.</strong></span> <span class='ocrx_word' id='word_1_905' title='bbox 2342 5600 2360 5635; x_wconf 71' lang='grc' dir='ltr'><strong>ε</strong></span> <span class='ocrx_word' id='word_1_906' title='bbox 2392 5581 2618 5653; x_wconf 84' lang='lat' dir='ltr'><strong>psalmo.</strong></span> <span class='ocrx_word' id='word_1_907' title='bbox 2650 5577 2798 5639; x_wconf 73' lang='lat' dir='ltr'><strong>)le.</strong></span> <span class='ocrx_word' id='word_1_908' title='bbox 2832 5581 2962 5637; x_wconf 91' lang='lat' dir='ltr'><strong>editi</strong></span> <span class='ocrx_word' id='word_1_909' title='bbox 2991 5599 3008 5632; x_wconf 77' lang='grc' dir='ltr'><strong><em>ι</em></strong></span> <span class='ocrx_word' id='word_1_910' title='bbox 3049 5577 3296 5648; x_wconf 90' lang='lat' dir='ltr'><strong>psalmis.</strong></span> <span class='ocrx_word' id='word_1_911' title='bbox 3331 5589 3350 5622; x_wconf 70' lang='grc' dir='ltr'><strong><em>ι</em></strong></span> 
     </span>
    </p>
   </div>
   <div class='ocr_carea' id='block_1_120' title="bbox 3144 5740 3218 5802">
    <p class='ocr_par' dir='ltr' id='par_1_120' title="bbox 3144 5740 3218 5802">
     <span class='ocr_line' id='line_1_122' title="bbox 3144 5740 3218 5802; baseline -0.054 0"><span class='ocrx_word' id='word_1_912' title='bbox 3144 5740 3218 5802; x_wconf 85' lang='grc'><strong>17</strong></span> 
     </span>
    </p>
   </div>
  </div>
