4024 6146
511 197 630 252 $35

1989 188 2306 247 ORIGENIS

3659 216 3768 273 524

516 313 710 382 igniris
738 311 975 381 eloquio,
1009 325 1284 381 nunquam
1320 310 1501 366 verbis
1529 310 1767 381 Spiritus
1799 310 1971 366 sancti
2002 311 2084 363 in-
2111 316 2157 370 A
2190 312 2302 367 rius
2333 313 2742 369 tabernaculum
2769 353 2784 377 .
2835 321 2889 369 et
2940 314 3204 372 caelorum
3240 317 3456 374 excelsa
3489 322 3759 376 conscien-

511 400 853 457 ﬂammaris?
899 404 1037 458 Audi
1095 412 1147 458 et
1205 405 1379 472 ipsum
1440 404 1607 458 David
1662 404 1927 457 dicentem
1985 403 2076 457 tm:

517 512 539 547 ι
578 496 861 551 Concaluit
893 512 991 551 cor
1025 511 1204 550 meum
1233 497 1375 549 intra
1414 510 1522 560 me,
1546 506 1601 549 et
1640 496 1692 550 in
1722 496 2078 549 meditatione

511 602 630 641 mea
659 589 960 643 exardescit
994 588 1154 660 ignis.
1194 606 1214 641 ι
1248 588 1408 645 Unde
1434 597 1487 642 tu
1513 590 1892 646 concalescis?
1925 591 2077 647 Unde

511 678 650 746 ignis
680 680 1022 748 accenditur,
1051 681 1141 749 qui
1170 695 1447 750 nunquam
1482 681 1536 735 in
1570 682 1769 736 divinis
1798 683 2077 738 meditaris

508 773 775 843 eloquiis:
832 772 941 826 imo
992 772 1137 841 quod
1186 780 1272 826 est
1306 771 1599 837 infelicius,
1635 773 1967 829 concalescis
2022 776 2074 828 in

506 864 830 934 spectaculis
867 863 1024 927 circi,
1067 862 1401 918 concalescis
1453 863 1506 917 in
1540 879 1807 933 equorum
1841 876 2071 920 conten-

502 954 760 1017 tionibus,
789 954 841 1008 in
863 954 1164 1007 certamine
1191 952 1567 1007 athletarum?
1598 955 1761 1023 Atqui
1800 955 1897 1009 iste
1934 956 2073 1025 ignis

501 1061 608 1100 non
644 1053 729 1099 est
777 1046 843 1098 de
878 1044 1037 1097 altari
1077 1043 1317 1109 Domini,
1371 1044 1465 1098 sed
1502 1044 1685 1115 istest,
1722 1046 1815 1115 qui
1872 1046 2074 1101 dicitur

502 1139 646 1208 ignis
678 1138 933 1203 alienus;
968 1146 1022 1191 et
1052 1137 1248 1190 audisti
1282 1136 1442 1206 paulo
1473 1138 1723 1207 superius
1746 1177 1761 1203 ,
1797 1140 1925 1208 quia
1974 1142 2066 1209 qui

502 1231 820 1284 obtulerunt
847 1229 1080 1282 alienum
1108 1227 1285 1298 ignem
1314 1234 1439 1282 ante
1472 1227 1779 1295 Dominum,
1814 1231 2067 1287 exstincti

504 1334 652 1377 sunt.
683 1320 1028 1376 Concalescis
1065 1328 1120 1373 et
1150 1335 1272 1373 cum
1311 1329 1363 1373 te
1397 1319 1682 1389 repleverit
1733 1322 2017 1378 iracundia
2049 1365 2065 1390 ,

496 1423 553 1468 et
587 1428 707 1467 cum
746 1421 796 1466 te
822 1408 1238 1465 inllammaverit
1274 1407 1449 1473 furor,
1499 1409 1678 1465 ureris
1709 1411 1977 1467 interdum
2012 1422 2066 1466 et

497 1521 680 1560 amore
708 1505 939 1571 carnali,
966 1519 1029 1558 ac
1057 1503 1384 1573 turpissimae
1432 1503 1679 1558 libidinis
1700 1502 1928 1572 iactaris
1985 1505 2067 1559 in-

496 1598 724 1653 cendiis.
753 1594 858 1651 Sed
896 1596 1075 1651 omnis
1100 1595 1205 1650 iste
1234 1595 1376 1665 ignis
1409 1596 1618 1651 alienus
1649 1604 1734 1651 est
1763 1607 1820 1651 et
1846 1607 2065 1652 contra-

2182 403 2471 471 dere,jam
2518 420 2626 459 non
2684 406 2791 460 erit
2826 407 3008 470 homo,
3066 409 3160 462 sed
3195 411 3490 465 secundum
3529 413 3754 467 verbum

2183 498 2354 566 ipsius
2401 499 2505 552 erit
2538 507 2792 567 tanquam
2844 499 3066 569 angelus
3106 503 3221 555 Dei.
3260 502 3365 556 Aut
3417 502 3563 558 forte
3589 505 3755 558 etiam

2185 583 2275 638 ille
2326 599 2488 653 super
2521 600 2642 639 eum
2675 601 2857 641 sermo
2885 588 3245 657 complebitur
3291 605 3453 659 quem
3491 593 3606 661 ipse
3647 596 3755 649 Do-

2179 674 2357 729 minus
2385 675 2519 730 dixit
2550 676 2596 709 ”
2623 695 2636 732 :
2675 696 2694 729 ‹
2723 678 2836 749 Ego
2866 679 2978 732 dixi
3007 697 3019 733 :
3052 681 3133 734 Dii
3157 683 3313 749 estis,
3334 693 3390 738 et
3413 684 3507 738 lilii
3540 686 3755 742 Excelsi

2177 780 2387 821 omnes.
2422 787 2441 820 ι
2506 767 2634 823 Sive
2686 784 2815 839 ergo
2850 771 3111 839 spiritalis
3142 772 3402 843 effectus,
3457 791 3597 831 unus
3630 793 3754 832 cum

2179 856 2406 913 Domino
2459 860 2687 930 Spiritus
2746 860 2878 929 fiat;
2912 863 3027 918 sive
3059 880 3155 935 per
3196 867 3613 923 resurrectionis
3641 870 3758 938 glo-

2175 949 2313 1002 riam
2361 949 2414 1005 in
2463 952 2783 1021 angelorum
2831 953 3079 1010 ordinem
3127 965 3392 1026 transeat,
3442 968 3596 1014 recte
3637 966 3752 1028 jam

2174 1059 2280 1098 non
2307 1044 2413 1099 erit
2440 1043 2638 1110 homo;
2670 1046 2764 1101 sed
2795 1049 3161 1119 unusquisque
3197 1051 3312 1118 ipse
3359 1052 3459 1106 sibi
3487 1055 3588 1106 hoc
3612 1069 3757 1123 pra:-

2171 1146 2300 1201 stat,
2330 1145 2390 1191 ut
2408 1135 2494 1189 vel
2521 1138 2748 1193 excedat
2772 1138 3006 1194 hominis
3031 1141 3471 1210 appellationem,
3494 1144 3578 1198 vel
3608 1145 3752 1198 intra

2171 1227 2542 1282 conditionem
2572 1228 2730 1298 hujus
2771 1229 3015 1284 vocabuli
3041 1240 3350 1287 censeatur.
3388 1234 3445 1287 Si
3476 1235 3623 1288 enim
3668 1234 3755 1290 fa-

2170 1326 2289 1371 ctus
2336 1316 2499 1373 homo
2551 1317 2618 1372 ab
2650 1318 2804 1374 initio
2858 1330 3128 1375 servasset
3181 1322 3308 1377 illud
3342 1328 3489 1393 quod
3522 1326 3589 1379 ad
3623 1342 3750 1381 eum

2171 1404 2452 1476 Scriptura
2479 1406 2612 1462 dicit
2638 1407 2725 1461 “:
2788 1427 2808 1460 ε
2857 1407 2997 1464 Ecce
3037 1411 3192 1480 posui
3243 1420 3371 1465 ante
3403 1412 3591 1468 oculos
3627 1423 3750 1468 tuos

2169 1508 2397 1555 mortem
2419 1509 2475 1554 et
2499 1500 2686 1568 vitam,
2712 1501 2853 1573 elige
2882 1504 2979 1559 tibi
3005 1504 3203 1572 vitam;
3234 1524 3254 1559 ι
3292 1506 3338 1562 si
3365 1507 3469 1562 hoc
3496 1507 3746 1578 fecisset,

2167 1605 2440 1659 nunquam
2473 1591 2721 1661 profecto
2775 1593 3076 1649 humanum
3120 1610 3288 1666 genus
3318 1599 3562 1655 mortalis
3613 1616 3749 1656 con-

494 1690 610 1744 rius
638 1689 767 1752 Deo,
796 1703 955 1757 quem
989 1688 1078 1757 qui
1127 1688 1462 1754 accenderit,
1501 1690 1620 1744 sine
1673 1690 1837 1744 dubio
1869 1689 2059 1747 Nadab
2097 1666 2139 1724 Β
2167 1680 2301 1734 ditio
2332 1681 2613 1737 tenuisset.
2665 1682 2771 1737 Sed
2824 1686 3080 1754 quoniam
3133 1687 3515 1759 derelinquens
3548 1690 3745 1757 vitam,

493 1786 550 1832 et
572 1777 744 1831 Abiud
778 1776 1014 1845 perferet
1045 1787 1265 1831 sortem.

562 1868 655 1927 £0.
687 1870 780 1923 Ait
804 1882 935 1938 ergo
963 1868 1238 1938 eloquium
1271 1867 1512 1922 divinmn
1546 1869 1592 1901 ⁹⁰
1624 1884 1638 1922 :
1677 1887 1695 1920 ι
1730 1870 1796 1924 Et
1825 1871 2063 1941 imponet

490 1962 773 2018 incensum
827 1976 991 2031 super
1045 1963 1220 2032 ignem
1274 1961 1327 2015 in
1373 1972 1663 2032 conspectu
1717 1963 1956 2032 Domini,
2007 1977 2063 2019 et

495 2056 709 2125 operiet
751 2054 932 2109 fumus
969 2053 1175 2108 incensi
1206 2052 1320 2126 (77)
1352 2056 1787 2125 propitiatorium
1809 2058 1950 2124 quod
1979 2067 2061 2112 est

492 2163 655 2218 super
686 2146 1013 2210 testimonia,
1040 2156 1222 2201 etnon
1256 2150 1533 2211 morietur,
1551 2161 1604 2203 et
1632 2159 1808 2203 sumet
1834 2151 1900 2204 de
1934 2166 2060 2205 san-

487 2242 649 2311 guine
672 2240 845 2304 vituli,
871 2248 927 2295 et
960 2248 1235 2310 resperget
1266 2239 1434 2308 digito
1462 2256 1563 2296 suo
1594 2255 1758 2310 super
1790 2243 2053 2313 propitia-

484 2337 686 2391 torium
716 2342 907 2389 contra
941 2333 1225 2388 orientem.
1266 2351 1286 2385 »
1326 2331 1480 2387 Ritus
1514 2334 1744 2403 quidem
1793 2338 1932 2406 apud
1961 2353 2056 2392 ve-

485 2435 631 2481 teres
690 2424 1095 2495 propitiationis
1147 2439 1244 2493 pro
1314 2424 1645 2491 hominibus,
1720 2427 1811 2495 qui
1892 2428 2057 2484 fiebat

483 2518 551 2573 ad
582 2516 777 2580 Deum,
805 2516 1040 2586 qualiter
1061 2515 1435 2571 celebraretur
1461 2516 1721 2574 edocuit:
1752 2520 1846 2573 sed
1879 2529 1932 2574 tu
1962 2522 2055 2589 qui

481 2614 551 2664 ad
582 2608 857 2664 Christum
875 2607 1092 2672 venisti,
1112 2607 1421 2677 pontificem
1455 2624 1668 2675 verum,
1688 2610 1777 2678 qui
1795 2614 2056 2682 sanguine

479 2718 582 2757 suo
627 2700 794 2757 Deum
828 2700 922 2756 tibi
952 2700 1242 2771 propitium
1283 2699 1434 2767 fecit,
1484 2712 1540 2758 et
1596 2705 1971 2759 reconciliavit
2004 2717 2054 2759 te

478 2795 654 2860 Patri,
704 2810 810 2850 non
862 2796 1073 2849 hzereas
1124 2795 1175 2847 in
1208 2795 1473 2863 sanguine
1501 2797 1716 2862 carnis;
1779 2798 1874 2852 sed
1904 2798 2052 2852 disce

481 2888 664 2959 potius
687 2889 1003 2958 sanguinem
1043 2885 1226 2950 Verbi,
1255 2896 1311 2941 et
1344 2888 1470 2942 audi
1498 2888 1671 2958 ipsum
1722 2888 1816 2944 tibi
1865 2890 2049 2944 dicen-

480 2991 593 3035 tem
632 2981 700 3045 ",
735 2980 861 3050 quia
902 2996 923 3029 ι
953 2979 1040 3034 hic
1074 2978 1296 3049 sanguis
1329 2994 1480 3034 meus
1511 2989 1613 3044 est,
1642 2980 1734 3049 qui
1767 2995 1865 3048 pro
1894 2981 2047 3036 vobis
2075 3010 2116 3068 ο

478 3073 785 3128 eﬂ‘umletur
837 3076 891 3126 ln
949 3073 1327 3127 remissionem
1381 3085 1750 3142 peccatorum.
1809 3093 1828 3127 ι
1885 3073 2049 3131 Nevit

477 3165 641 3239 2M
671 3167 759 3235 qui
792 3165 1067 3236 mysteriis
1098 3165 1337 3220 imbutus
1371 3173 1453 3219 est
1482 3166 1618 3236 (78),
1650 3173 1706 3221 et
1739 3182 1962 3222 carnem
1993 3180 2049 3223 et

474 3259 793 3330 sanguinem
818 3257 982 3311 Verbi
1023 3256 1136 3313 Dei.
1171 3256 1285 3312 Non
1328 3273 1460 3328 ergo
1485 3260 1839 3314 immoremur
1871 3261 1922 3314 in
1961 3261 2046 3315 his

473 3368 596 3422 quze
623 3359 678 3406 et
707 3351 1005 3405 scientibus
1034 3360 1161 3405 nota
1191 3358 1338 3416 sunt,
1374 3360 1429 3403 et
1459 3350 1838 3420 ignorantibus
1863 3362 2046 3421 patere

470 3461 578 3500 non
614 3453 864 3517 possunt.
896 3442 1050 3509 Quod
1079 3452 1260 3495 autem
1302 3453 1496 3496 contra
1540 3443 1801 3498 orientem
1832 3460 2046 3513 resper-

469 3541 571 3612 git,
602 3555 707 3595 non
734 3538 911 3593 otiose
946 3535 1204 3606 accipias.
1255 3534 1336 3588 Ab
1366 3533 1581 3589 oriente
1605 3534 1701 3589 tibi
1731 3536 2044 3604 propitiatio

468 3631 641 3686 venit.
678 3629 803 3683 Inde
828 3636 913 3683 est
938 3628 1085 3682 enim
1116 3626 1221 3690 vir,
1249 3627 1337 3680 cui
1368 3624 1563 3681 Oriens
1588 3641 1784 3680 nomen
1812 3635 1918 3691 est,
1948 3628 2041 3696 qui

470 3723 740 3778 mediator
768 3721 859 3775 Dei
887 3729 942 3775 et
985 3720 1263 3775 hominum
1293 3716 1470 3773 factus
1499 3727 1602 3773 est.
1633 3716 1888 3773 lnvitaris
1909 3735 2041 3789 ergo

468 3832 567 3888 per
598 3818 720 3879 hoc,
748 3824 806 3867 ut
837 3814 902 3868 ad
929 3815 1195 3869 orientem
1220 3827 1436 3882 semper
1473 3811 1738 3880 aSpicias,
1766 3812 1909 3865 unde
1939 3812 2034 3865 tibi
2080 3862 2083 3866 Α

467 3911 644 3965 oritur
675 3906 1017 3978 soljustitiae,
1044 3904 1187 3959 unde
1239 3919 1455 3972 semper
1503 3904 1599 3958 tibi
1633 3902 1812 3957 lumen
1861 3903 2041 3957 nasci-

470 4015 592 4059 tur:
626 4011 682 4057 ut
716 4016 990 4069 nunquam
1030 4000 1081 4053 iu
1121 3998 1366 4052 tenebris
1398 3996 1664 4061 ambules,
1717 4010 1894 4065 neque
1923 3998 2039 4051 dies

466 4096 557 4152 ille
592 4093 922 4150 novissimus
977 4091 1117 4144 tein
1173 4088 1414 4145 tenebris
1472 4087 1934 4158 comprehendat:
1971 4102 2038 4141 ne

467 4190 562 4244 tibi
598 4185 916 4258 ignorantiae
945 4198 1052 4237 nox
1081 4192 1134 4238 et
1168 4183 1342 4252 caligo
1372 4183 1647 4250 subrepat,
1680 4180 1773 4234 sed
1808 4189 1866 4231 ut
1895 4194 2037 4233 sem-

465 4295 562 4350 per
596 4281 648 4333 in
684 4276 925 4331 scientia:
954 4274 1074 4329 luce
1098 4274 1358 4340 verseris,
1418 4287 1634 4340 semper
1663 4271 1868 4326 habeas
1891 4270 2032 4325 diem

2168 1781 2393 1826 mortem
2427 1782 2645 1829 secutus
2669 1785 2772 1842 est,
2802 1777 2966 1830 homo
2998 1778 3172 1833 factus
3194 1789 3312 1847 est;
3347 1790 3400 1835 et
3424 1797 3535 1837 non
3564 1783 3742 1838 solum

2164 1862 2358 1928 homo,
2393 1867 2484 1919 sed
2532 1874 2589 1919 et
2619 1875 2785 1931 terra,
2813 1879 3032 1938 propter
3064 1872 3205 1941 quod
3238 1882 3293 1927 et
3324 1874 3377 1927 in
3423 1883 3622 1929 terram
3656 1891 3747 1931 re-

2161 1956 2278 2011 dire
2311 1956 2511 2012 dicitur
2552 1958 2620 2013 ⁸⁵.
2654 1959 2895 2029 Requiro
2943 1971 3121 2016 tamen
3157 1978 3278 2033 qua:
3306 1969 3377 2021 sit
3412 1967 3515 2021 ista
3564 1984 3742 2035 mors,

2161 2063 2324 2116 quam
2347 2049 2481 2103 dicit
2507 2059 2631 2104 ante
2662 2069 2682 2102 ι
2709 2051 2894 2110 oculos
2929 2063 3047 2109 tuos
3072 2058 3246 2126 posui.
3277 2075 3297 2110 ο
3336 2058 3410 2113 De
3436 2061 3547 2114 vita
3585 2062 3741 2115 enim

2161 2153 2268 2193 non
2315 2140 2596 2194 dubitatur
2629 2143 2772 2211 quod
2812 2146 3159 2215 semetipsum
3212 2150 3415 2206 indicet
3442 2152 3610 2219 Deus,
3637 2155 3739 2225 qui

2158 2235 2292 2288 dicit
2321 2235 2405 2288 ἐξ
2445 2254 2464 2286 α
2497 2234 2610 2306 Ego
2634 2252 2752 2292 sum
2783 2240 2986 2295 veritas
3012 2252 3066 2295 et
3093 2242 3225 2300 vita.
3260 2261 3279 2296 ι
3329 2244 3459 2312 Quae
3488 2257 3572 2302 est
3599 2263 3741 2320 ergo

2157 2327 2258 2382 ista
2294 2343 2440 2383 mors
2479 2330 2601 2383 vitm
2631 2333 2902 2386 contraria
2931 2373 2945 2397 ,
2981 2350 3142 2404 quam
3185 2337 3365 2405 posuit
3406 2338 3550 2394 Deus
3604 2352 3738 2398 ante

2156 2420 2345 2475 oculos
2374 2422 2638 2475 nostros?
2688 2421 2765 2477 De
2794 2423 2889 2479 illo
2924 2426 3031 2481 dici
3071 2439 3202 2496 puto
3224 2471 3236 2490 ,
3270 2429 3336 2482 de
3376 2445 3483 2498 quo
3533 2431 3739 2488 Paulus

2154 2511 2289 2565 dicit
2313 2511 2398 2563 9":
2433 2529 2452 2562 ‹
2479 2510 2812 2570 Novissimus
2860 2516 3110 2571 inimicus
3152 2519 3462 2575 destruetur
3500 2540 3668 2577 mors.
3704 2543 3723 2577 ι

2154 2603 2261 2658 lste
2290 2613 2374 2658 est
2421 2619 2549 2673 ergo
2589 2603 2840 2662 inimicus
2882 2608 3146 2674 diabolus,
3175 2611 3265 2681 qui
3303 2613 3480 2682 primo
3507 2617 3725 2684 quidem

2153 2709 2278 2753 ante
2307 2699 2491 2754 oculos
2520 2703 2746 2772 positus.
2782 2701 2877 2756 sed
2919 2703 3249 2772 novissimus
3269 2704 3596 2762 destruetur.
3625 2708 3727 2762 Po-

2152 2792 2286 2847 situs
2320 2803 2499 2847 autem
2535 2794 2712 2848 fuerat
2745 2805 2867 2849 ante
2892 2795 3074 2849 oculos
3096 2835 3111 2859 ,
3144 2810 3249 2851 n0n
3277 2806 3332 2850 ut
3364 2813 3721 2868 sequeremur

2150 2899 2295 2950 euut,
2321 2885 2415 2939 sed
2445 2893 2502 2939 ut
2522 2885 2836 2939 vitaremus.
2883 2884 3033 2940 Unde
3073 2894 3128 2942 et
3166 2885 3405 2943 arbitror
3436 2890 3579 2958 quod
3608 2892 3720 2962 ipsa

2151 2989 2248 3044 per
2281 2989 2339 3029 se
2361 2975 2542 3029 anima
2578 2976 2836 3040 humana,
2886 2991 3061 3047 neque
3109 2976 3373 3045 mortalis,
3410 2996 3588 3050 neque
3623 2983 3721 3036 im-

2152 3069 2400 3123 mortalis
2428 3070 2531 3123 dici
2564 3077 2745 3138 potest
2776 3088 2790 3138 ;
2831 3070 2924 3124 sed
2976 3071 3020 3123 si
3068 3072 3359 3141 contigerit
3395 3074 3560 3127 vitam
3586 3114 3603 3140 ,
3647 3090 3713 3130 ex

2150 3163 2437 3232 participio
2470 3163 2590 3218 vita:
2614 3164 2719 3218 erit
2762 3163 3124 3231 immortalis;
3157 3165 3210 3219 in
3244 3167 3409 3219 vitam
3439 3167 3584 3221 enim
3612 3183 3715 3221 nou

2149 3255 2341 3309 incidit
2367 3272 2516 3311 mors
2552 3274 2567 3323 ;
2623 3258 2667 3311 si
2718 3272 2848 3312 vero
2888 3267 3144 3312 avertens
3182 3272 3241 3312 se
3267 3273 3295 3311 a
3335 3259 3442 3313 vita
3496 3261 3718 3329 partici-

2147 3350 2294 3418 pium
2323 3353 2546 3404 traxerit
2578 3353 2790 3416 mortis,
2825 3352 2941 3421 ipsa
2977 3366 3035 3406 se
3063 3350 3194 3405 facit
3241 3366 3361 3406 esse
3409 3354 3714 3410 mortalem.

2147 3441 2213 3495 Et
2238 3442 2358 3495 ideo
2383 3443 2643 3512 propheta
2669 3443 2800 3499 dicit
2827 3443 2872 3475 ’⁸
2899 3461 2912 3498 :
2951 3462 2968 3495 ε
3003 3444 3197 3499 Anima
3218 3459 3339 3514 qua:
3364 3448 3583 3514 peccat,
3600 3447 3712 3516 ipsa

2147 3535 2451 3600 morietur;
2496 3554 2526 3603 ι⁸
2553 3538 2796 3605 quamvis
2839 3547 3065 3591 mortem
3117 3538 3232 3604 ejus
3272 3554 3377 3592 non
3420 3538 3489 3593 ad
3543 3540 3714 3593 inter-

2147 3625 2276 3679 itum
2330 3630 2648 3683 substautiaa
2692 3632 3010 3694 sentiamus,
3069 3633 3162 3686 sed
3210 3631 3313 3685 hoc
3356 3632 3526 3698 ipsum
3572 3633 3713 3701 quod

2144 3711 2316 3772 aliena
2351 3728 2404 3773 et
2431 3720 2664 3775 extorris
2690 3722 2809 3775 sita
2841 3723 2970 3789 Deo,
2997 3725 3085 3792 qui
3118 3740 3240 3778 vera
3276 3725 3383 3777 vita
3429 3735 3534 3792 est,
3565 3741 3713 3779 mors

2128 3809 2190 3863 -εἰ
2245 3826 2369 3865 esse
2415 3812 2683 3866 credenda
2726 3823 2830 3868 est.
2881 3813 3035 3869 Nulla
3082 3830 3210 3884 ergo
3265 3816 3606 3885 partiripatio
3656 3818 3715 3870 lit

2136 3900 2361 3971 justiti-.12
2383 3917 2508 3958 eum
2535 3905 2840 3974 iniquitate,
2868 3906 3013 3961 nulla
3051 3908 3282 3961 societas
3312 3907 3445 3961 lucis
3474 3909 3539 3962 ad
3566 3919 3712 3962 tene-

2140 3995 2291 4059 bras,
2325 3994 2472 4049 nulla
2520 4000 2878 4053 consonantia
2919 3997 3138 4053 Christo
3173 4014 3293 4054 cum
3344 3999 3511 4054 Belial
3539 4001 3606 4054 ”.
3650 4002 3705 4055 Si

2139 4086 2396 4156 elegimus
2429 4088 2624 4155 vitam,
2661 4103 2876 4158 semper
2909 4090 3183 4154 vivemus,
3220 4106 3367 4145 mors
3411 4092 3569 4147 nobis
3601 4108 3708 4148 non

2139 4180 2529 4245 dominabitur,
2575 4192 2631 4235 et
2670 4180 3029 4250 complebitur
3076 4182 3128 4235 in
3173 4183 3331 4238 nobis
3372 4199 3554 4240 sermo
3607 4187 3710 4240 Do-

2139 4272 2296 4336 mini,
2329 4272 2420 4342 qui
2459 4273 2596 4327 dixit
2628 4274 2644 4303 ί
2674 4289 2688 4326 :
2730 4290 2748 4323 ι
2778 4273 2875 4339 Qui
2909 4274 3083 4328 credit
3116 4276 3167 4328 in
3205 4290 3308 4341 me,
3346 4277 3559 4332 etiamsi
3590 4294 3710 4335 mo-

465 4366 616 4435 ﬁdei,
648 4382 865 4438 semper
895 4367 1074 4420 lumen
1114 4365 1401 4420 cltaritatis
1436 4373 1492 4418 et
1524 4362 1673 4432 pacis
1722 4362 1993 4417 obtineas.
2062 4366 2109 4422 D
2140 4365 2348 4430 riatur,
2411 4364 2573 4420 vivet.
2626 4384 2647 4416 ι
2692 4365 2964 4433 Eligamus
3004 4382 3135 4436 ergo
3193 4367 3398 4433 vitam,
3444 4368 3707 4440 eligamus

535 4465 623 4518 11.
655 4462 817 4516 Addit
846 4469 967 4527 post
992 4458 1106 4511 haec
1136 4456 1421 4525 Scriptura
1453 4454 1498 4486 ⁹²
1527 4472 1541 4508 :
1582 4471 1602 4505 ‹
1642 4454 1711 4509 Ει
1741 4468 1846 4509 non
1899 4455 2028 4520 erit,

464 4560 662 4630 inquit,
701 4559 859 4612 homo
887 4570 1007 4610 cum
1035 4550 1370 4622 ingredietur
1397 4547 1636 4618 pontifex
1686 4549 1828 4602 intra
1880 4549 2028 4602 vela-

464 4669 586 4707 men
618 4650 845 4704 interius
876 4648 929 4702 in
985 4642 1396 4699 tabernaculum
1448 4640 1766 4695 testimonii.
1809 4657 1827 4691 ι
1880 4641 2028 4706 Quo.

466 4743 628 4798 modo
653 4757 758 4797 non
793 4741 898 4794 erit
942 4737 1145 4793 homo?
1172 4735 1284 4805 Ego
1312 4735 1394 4788 sic
1443 4731 1654 4800 accipio
1678 4771 1694 4798 ,
1752 4734 1895 4802 quod
1935 4735 2028 4803 qui

461 4832 696 4904 potuerit
719 4830 870 4901 sequi
904 4828 1206 4887 Christum,
1237 4835 1292 4878 et
1320 4829 1606 4893 penetrare
1635 4836 1756 4874 cum
1792 4835 1856 4875 eo
1893 4822 2027 4877 inte-

531 4976 578 5008 ⁸³
616 4973 760 5028 Psal.
824 4987 1013 5036 xxxix,
1074 4969 1129 5022 ὅ.
1205 4968 1251 5001 ⁸ο
1283 4967 1599 5028 Levit.xvr,
1663 4965 1746 5019 15.

460 5047 508 5079 ’⁸
550 5048 706 5099 Deut.
737 5058 871 5105 xxx,
902 5042 989 5097 l5.
1063 5041 1110 5072 "
1146 5040 1345 5094 ches.
1401 5052 1483 5099 Ill,
1534 5038 1617 5090 l9.

459 5132 538 5181 vi,
571 5115 660 5181 M,
696 5115 787 5168 15.
868 5111 1063 5165 l.Ioau.
1093 5126 1167 5174 χι,
1191 5107 1283 5163 25.

528 5227 641 5297 (Ἳῖ)
678 5226 834 5297 Libb.
871 5223 998 5280 editi
1021 5234 1141 5292 post
1180 5220 1678 5297 «propitiatorium
1728 5238 1746 5270 ι
1794 5218 2016 5281 addunt,

466 5317 483 5349 ι
513 5294 703 5352 contra
734 5296 1001 5350 orientem
1038 5313 1057 5346 ι
1093 5294 1232 5361 quod
1263 5294 1420 5345 abest
1449 5304 1558 5343 tum
1593 5306 1620 5342 a
1656 5305 1812 5354 mss.,
1836 5298 1946 5341 tum
1984 5306 2013 5344 a

458 5378 714 5422 contextu
740 5365 926 5419 Gl‘tBCO
958 5363 1308 5430 Septuaginta
1351 5363 1727 5429 interpretum.

529 5437 641 5508 (78)
680 5435 953 5508 Nomt_qui
993 5428 1503 5508 mysteriisimbums
1524 5441 1624 5508 est,
1667 5440 1771 5508 etc.
1799 5428 2015 5482 Eucha-

457 5501 632 5562 ris'lite
648 5505 958 5575 mysterium
992 5501 1095 5575 non
1117 5505 1369 5575 omnibus
1396 5501 1796 5575 patebat.___|deo
1845 5514 2010 5575 parce

457 5582 523 5630 de
549 5592 611 5630 eo
636 5570 887 5644 loquitur.
923 5573 1049 5644 Scio
1072 5573 1320 5644 equidem
1364 5588 1392 5644 a
1439 5571 1709 5644 nonnullis
1754 5570 2012 5644 vapulare

459 5641 719 5701 Rufinum
754 5647 908 5715 quasi
959 5643 1313 5715 plurimorum
1367 5643 1604 5698 locormn
1656 5641 2010 5711 interpolator
2061 5695 2068 5702 ,

1845 4965 1889 4996 ’ί
1924 4964 2116 5024 Matth.
2158 4983 2303 5031 xxvi,
2345 4967 2434 5020 28.

1693 5036 1740 5067 "
1767 5033 1922 5088 Joan.
1950 5051 2058 5104 xrv,
2104 5040 2157 5092 6.
2233 5038 2317 5090 οτι
2345 5039 2470 5092 Cur.
2506 5052 2596 5100 xv,
2623 5036 2713 5092 26.

2139 4454 2337 4519 lucem,
2382 4462 2443 4507 ut
2485 4455 2536 4507 in
2592 4454 2679 4507 die
2725 4456 2950 4509 honeste
2994 4456 3354 4522 ambulemus,
3407 4469 3465 4513 ut
3508 4470 3565 4514 et
3610 4477 3707 4517 nos

2138 4556 2423 4615 sequentes
2462 4545 2645 4601 Jesum
2686 4547 2825 4599 intra
2875 4548 3118 4602 velamen
3167 4553 3498 4607 tabernaculi
3554 4553 3697 4607 inte-

2138 4638 2325 4702 rioris,
2360 4638 2471 4706 jam
2522 4654 2626 4692 non
2677 4640 2849 4693 simus
2890 4648 2946 4692 ιιι
2983 4640 3235 4696 homines
3280 4644 3566 4709 mortales,
3609 4647 3703 4700 sed

2136 4741 2195 4784 ttt
2227 4730 2402 4801 angeli
2439 4731 2812 4803 immortales,
2855 4746 2975 4784 cum
3018 4733 3376 4787 novissimum
3420 4735 3701 4790 inimicum

2134 4823 2468 4879 destruxerit
2493 4834 2717 4877 mortem
2762 4824 2876 4892 ipse
2927 4823 3187 4878 Dominus
3237 4822 3395 4880 Jesus
3432 4826 3700 4889 Christus,

3163 4965 3209 4996 ”
3238 4962 3382 5019 Psal.
3414 4980 3618 5031 Lxxxtt,
3645 4967 3696 5021 6.

3163 5050 3255 5091 ιω.
3284 5036 3340 5088 4.
3415 5036 3459 5067 ⁸³
3498 5036 3541 5090 ιι
3573 5040 3696 5091 Cor.

3617 5054 3698 5093 01³.

2542 4966 2586 4998 ⁹¹
2632 4963 2801 5018 Levit.
2850 4980 2961 5029 xvt,
3000 4965 3087 5020 i7.

2789 5035 2834 5067 ⁸⁸
2860 5036 3057 5089 Ezerh.
3101 5050 3255 5099 xvm,
3284 5036 3340 5088 4.

2126 5220 2291 5275 fuerit
2319 5220 2406 5273 ttbi
2433 5225 2818 5286 mysteriorum
2853 5232 2958 5270 nou
2999 5215 3449 5285 publicandorum
3488 5216 3694 5286 mentio

2123 5294 2225 5354 fit;
2268 5291 2361 5343 sed
2386 5284 2567 5355 iniqua
2603 5289 2789 5342 istha‘c
2820 5286 3127 5339 criminatio
3173 5287 3387 5339 abunde
3432 5284 3701 5339 refellitur

2118 5363 2205 5416 vel
2266 5376 2330 5415 ex
2388 5359 2583 5413 celebri
2647 5358 2749 5411 hoc
2807 5357 3057 5425 Origenis
3122 5355 3285 5408 eﬂ‘ato
3329 5356 3432 5409 sub
3481 5356 3698 5408 initium

2124 5432 2218 5485 lib.
2265 5446 2282 5484 ι
2322 5439 2502 5483 contra
2530 5425 2758 5492 Celsum,
2788 5430 2924 5495 apud
2953 5427 3315 5488 Christianos,
3348 5434 3407 5478 ut
3448 5435 3505 5480 et
3555 5427 3695 5495 apud

2116 5503 2570 5570 pltilosophosiet
2629 5493 2856 5570 gentiles
2910 5498 3152 5570 quaedam
3197 5493 3698 5570 essexpticptapi]

2114 5566 2195 5635 si;
2227 5566 2351 5633 τοὺξ
2387 5569 2613 5632 πολλοὺς
2642 5566 2934 5636 φθάνοντα,
2968 5576 3017 5621 ει
3050 5566 3374 5637 ὲσωτερικὰ.
3408 5566 3415 5567 ί
3456 5582 3461 5587 ’
