4024 6146
340 268 442 324 525

1504 263 1573 318 IN
1613 259 1988 318 LEVITICUM
2029 258 2313 316 HOMILIA
2355 259 2420 313 X.

3480 255 3583 313 5‘16

337 393 426 459 qui
450 397 538 444 est
565 388 671 452 via,
699 399 754 444 et
780 388 1005 453 veritas,
1037 396 1090 443 et
1121 385 1228 441 vita
1263 408 1273 442 :
1307 387 1391 441 cui
1429 386 1601 458 gloria
1638 398 1691 441 et
1731 387 1897 454 itupe-
1939 394 1985 451 Α
2013 382 2349 450 dispensatio
2371 376 2706 449 procuravit,
2753 385 2812 431 ut
2857 385 2912 430 et
2956 374 3149 430 civitas
3193 374 3330 443 ipsa,
3359 380 3412 426 et
3443 383 3583 428 tem-

337 484 480 537 rium
506 483 556 536 in
590 482 791 537 smcula
827 483 1170 538 saeculorum.
1203 482 1395 536 Amen.

935 593 1209 648 HOMILIA
1251 593 1321 648 Χ.

333 684 412 739 De
432 685 644 755 jejunio
677 689 816 756 quod
843 689 894 740 in
916 690 997 740 die
1025 688 1410 755 propitiationis
1446 685 1524 754 ﬁt,
1579 697 1626 740 et
1654 688 1716 738 de
1762 686 1906 738 hirco

689 759 777 824 qui
812 760 864 811 in
894 775 1120 811 et'enmm
1157 759 1445 810 dimittitur
1475 760 1514 810 ².

403 851 456 904 1.
503 849 612 904 Nos
653 851 891 918 quidem,
943 851 1031 920 qui
1061 851 1126 903 de
1179 850 1420 904 Ecclesia
1459 865 1666 914 sumus,
1717 847 1908 900 merito

331 941 556 1012 Moysen
611 943 934 1010 recipimus,
982 951 1037 996 et
1081 943 1282 1010 scripta
1326 942 1444 1009 ejus
1481 943 1729 1012 legimus,
1784 956 1909 995 sen-

329 1037 535 1089 tientes
565 1035 632 1088 de
665 1051 752 1097 eu,
780 1036 918 1102 quod
949 1036 1205 1104 propheta
1238 1045 1286 1088 et
1342 1036 1449 1088 Deo
1481 1036 1582 1090 sibi
1612 1036 1902 1103 revelante,

329 1128 381 1180 in
412 1128 698 1198 symbolis,
736 1138 789 1180 et
820 1127 1027 1198 ﬁguris,
1078 1142 1141 1180 ac
1192 1127 1385 1182 formis
1434 1128 1740 1198 atlegoricis
1776 1145 1907 1184 con-

326 1220 617 1286 scripserit
668 1219 848 1272 futura
904 1220 1184 1290 mysteria,
1239 1235 1359 1288 quae
1413 1221 1467 1275 in
1520 1233 1764 1292 tempore
1807 1239 1906 1277 suo

328 1310 593 1365 docemus
633 1311 872 1379 impleta.
929 1312 1031 1378 Qui
1084 1327 1216 1366 vero
1271 1312 1533 1380 ejusmodi
1576 1315 1626 1368 in
1675 1331 1740 1370 eo
1801 1333 1904 1370 non

328 1402 532 1470 recipit
583 1417 822 1466 sensum,
881 1404 995 1458 sive
1042 1402 1350 1458 Judazorutn
1393 1405 1535 1473 quis,
1579 1406 1694 1459 sive
1741 1407 1904 1460 etiam

326 1506 646 1549 nostrorum
680 1505 782 1564 est,
830 1497 876 1552 is
908 1513 971 1551 ne
1001 1499 1315 1567 prophetam
1351 1499 1562 1568 quidem
1588 1515 1710 1554 eum
1741 1501 1906 1555 fuisse

325 1592 528 1646 docere
551 1599 764 1661 potest:
791 1591 1061 1660 quomodo
1090 1593 1235 1647 enim
1267 1594 1588 1663 prophetam
1626 1595 1900 1664 probabit,

323 1685 484 1754 cujus
506 1685 714 1741 litteras
739 1698 947 1740 asserat
978 1701 1098 1740 esse
1118 1702 1465 1752 communes,
1499 1687 1670 1741 futuri
1702 1689 1903 1742 nullius

2016 473 2181 542 plum,
2208 482 2262 527 et
2292 472 2470 526 omnia
2514 470 2602 523 illa
2644 470 2846 538 pariter
2879 468 3363 522 subverterentur:
3391 481 3458 520 ne
3486 467 3581 534 qui

2017 566 2158 618 forte
2191 565 2368 619 adhuc
2395 561 2655 633 parvulus
2705 569 2761 614 et
2799 560 3007 614 lactens
3057 558 3107 612 iu
3153 557 3256 612 ﬁde
3296 558 3340 611 si
3376 557 3586 613 videret

2016 658 2106 711 illa
2163 667 2436 718 constare,
2469 655 2594 708 dum
2625 652 3016 707 sacriﬁciorum
3048 651 3232 711 ritum,
3270 650 3394 703 dum
3427 647 3589 702 mini-

2015 751 2304 804 steriorum
2354 749 2601 802 ordinem
2645 746 2912 800 attonitus
2949 751 3206 812 stuperet,
3259 741 3375 810 ipso
3405 741 3584 794 diver-

2015 857 2200 897 sarum
2240 841 2535 894 formarum
2565 848 2846 906 raperetur
2892 836 3110 890 intuitu.
3147 834 3254 888 Sed
3294 833 3584 902 providens

2017 935 2156 988 Deus
2191 933 2494 987 inﬁrmitati
2531 942 2754 992 nostras.
2786 938 2840 985 et
2879 929 3065 982 volens
3101 926 3446 996 multiplicari
3484 925 3586 980 Ec-

2014 1025 2230 1078 clesiam
2267 1039 2416 1077 suam
2441 1063 2456 1087 ,
2486 1024 2666 1076 utunia
2715 1023 2803 1075 illa
2850 1021 3090 1076 subverti
3123 1019 3251 1074 fecit
3278 1029 3332 1073 et
3367 1020 3587 1089 penitus

2015 1117 2240 1179 auferri,
2257 1126 2314 1168 ut
2337 1116 2378 1168 si
2392 1131 2453 1167 ne
2485 1114 2591 1167 ulla
2625 1114 2968 1168 cunctatione
2994 1111 3098 1165 illis
3115 1112 3452 1165 cessantibus
3469 1111 3584 1165 haec

2015 1224 2140 1262 vera
2191 1223 2311 1263 esse
2339 1249 2354 1272 ,
2408 1223 2506 1278 pro
2542 1207 2737 1276 quibus
2779 1209 2830 1260 in
2865 1205 2972 1260 illis
3005 1217 3158 1275 typus
3211 1212 3583 1273 praecesserat,

2013 1302 2380 1357 crederemus.

2081 1391 2139 1448 2.
2174 1390 2328 1446 Unde
2360 1402 2414 1446 et
2440 1407 2584 1446 nunc
2609 1390 2834 1446 dicenda
2871 1389 3026 1444 nobis
3059 1397 3185 1444 sunt
3214 1389 3393 1459 aliqua
3423 1391 3583 1446 etiam

2014 1483 2082 1536 ad
2112 1497 2227 1544 eos,
2253 1482 2350 1552 'qui
2387 1491 2580 1551 putant
2611 1497 2712 1551 pro
2743 1483 2998 1534 mandato
3041 1479 3174 1548 legis
3224 1478 3326 1532 sibi
3367 1494 3585 1549 quoque

2011 1572 2318 1628 Iudaeorum
2341 1574 2604 1644 jejunium
2634 1572 3010 1642 jejuuandum,
3041 1579 3095 1625 et
3132 1570 3304 1640 primo
3343 1570 3582 1626 omnium

2015 1665 2360 1721 sermonibus
2394 1674 2518 1719 utar
2566 1663 2718 1719 Pauli
2752 1664 2986 1719 dicentis
3021 1681 3034 1718 :
3065 1663 3188 1732 quia
3224 1663 3268 1716 si
3317 1662 3438 1731 quis
3467 1660 3581 1717 vult

322 1753 604 1845 cohscias,
640 1795 738 1834 nec
759 1779 959 1834 οοευιιί
993 1780 1198 1849 aliquid
1228 1781 1473 1850 myswrii
1518 1780 1858 1835 continentes
1885 1783 1908 1834 ρ
1939 1758 1981 1812 Β
2012 1772 2176 1809 unum
2213 1757 2414 1826 aliquid
2444 1755 2722 1810 custodire
2772 1756 2838 1809 de
2888 1753 3358 1810 observationibus
3419 1754 3577 1823 legis,

274 1931 279 1938 ν
334 1869 496 1925 Hunc
545 1871 731 1940 itaque
771 1872 862 1942 qui
902 1871 975 1926 ita
1017 1871 1204 1937 sentit,
1250 1871 1514 1942 legentem
1567 1872 1683 1926 hzec
1727 1873 1909 1941 arguit

327 1975 516 2018 sermo
566 1963 804 2027 divinus,
855 1972 912 2018 et
959 1962 1142 2017 dicit‘|
1195 1979 1210 2016 :
1273 1981 1292 2016 ‹
1353 1961 1584 2017 Putasne
1638 1963 1896 2033 intelligis

325 2071 447 2123 quae
497 2054 676 2124 legis?
706 2075 723 2107 ι
761 2056 853 2110 Est
896 2071 1028 2125 ergo
1079 2055 1189 2121 lex,
1239 2066 1293 2110 et
1336 2056 1517 2110 omnia
1542 2071 1660 2126 qua:
1703 2057 1757 2111 in
1793 2058 1909 2127 lege

324 2161 478 2211 sunt,
526 2151 824 2202 secundum
877 2148 1116 2216 Apostoli
1171 2149 1492 2202 sententiam
1549 2149 1572 2180 ‘
1615 2164 1785 2219 usque
1840 2150 1906 2204 ad

326 2249 542 2309 tempus
596 2241 951 2295 correctionis
994 2241 1266 2310 imposita,
1319 2249 1375 2296 et
1416 2241 1557 2295 sicut
1604 2241 1657 2295 hi
1708 2242 1907 2311 quibus

325 2331 622 2387 artiﬁcium
639 2342 724 2386 est
745 2333 895 2402 signa
917 2349 983 2386 ex
1003 2348 1109 2386 agre
1131 2331 1331 2396 facere,
1353 2342 1406 2387 et
1425 2342 1630 2387 statuas
1661 2333 1904 2398 fundere,

327 2437 627 2494 antequam
690 2440 884 2479 verum
915 2440 1048 2493 opus
1071 2427 1195 2480 aeris
1215 2426 1526 2494 producant,
1554 2437 1646 2478 aut
1674 2427 1906 2496 argenti,

243 2521 249 2530 ‘
331 2518 415 2570 vel
469 2519 612 2580 auri,
664 2517 978 2587 figmentum
1037 2518 1186 2585 prius
1237 2517 1334 2571 luti
1376 2517 1442 2570 ad
1501 2518 1907 2574 similitudinem

326 2609 526 2664 futurae
576 2609 829 2677 imaginis
876 2608 1110 2662 formant
1154 2607 1269 2680 (79)
1321 2623 1336 2662 :
1383 2611 1526 2676 quod
1590 2608 1906 2679 ﬁgmentum

325 2701 700 2754 necessarium
734 2701 950 2770 quidem
997 2709 1100 2764 est,
1138 2699 1231 2752 sed
1286 2713 1566 2767 usquequo
1605 2713 1738 2769 opus
1760 2701 1907 2769 quod

325 2792 630 2862 principale
651 2801 752 2854 est,
778 2791 1061 2860 expleatur
1082 2810 1094 2842 :
1115 2807 1238 2845 cum
1261 2801 1442 2846 autem
1466 2791 1631 2845 fuerit
1651 2790 1903 2846 effectum

323 2905 464 2958 opus
491 2887 621 2942 ilhtd
657 2897 877 2957 propter
908 2889 1048 2956 quod
1106 2886 1416 2955 ﬁgmentum
1447 2885 1543 2939 luti
1584 2885 1759 2941 fuerat
1795 2886 1910 2940 for-

326 2989 565 3045 malum,
599 2993 726 3032 usus
748 2977 861 3045 ejus
885 2977 1023 3029 ultra
1061 2992 1166 3030 non
1205 2979 1464 3044 quzeritur
1500 2993 1512 3028 :
1557 2976 1661 3029 tale
1700 2975 1907 3044 aliquid

326 3073 572 3142 iateilige
598 3071 764 3125 etiam
800 3073 850 3124 in
887 3070 989 3135 his,
1020 3085 1140 3137 quae
1184 3070 1238 3123 in
1279 3079 1400 3140 typo
1438 3077 1492 3122 et
1530 3067 1700 3138 ﬁgura
1756 3066 1908 3120 futu-
1934 3098 1975 3156 ο

328 3181 520 3219 :‘orunt
561 3165 613 3218 in
647 3164 766 3234 lege
809 3173 862 3218 et
901 3161 1202 3231 prophetis,
1249 3161 1336 3216 vel
1372 3163 1595 3230 scripta,
1637 3159 1720 3214 vel
1757 3169 1903 3229 geSIa

325 3268 475 3316 sunt.
505 3257 670 3312 Venit
704 3256 848 3310 enim
885 3256 999 3324 ipse
1025 3255 1220 3310 artifex
1260 3265 1315 3309 et
1341 3263 1530 3307 auctor
1555 3254 1819 3316 omnium,
1849 3261 1904 3305 et

327 3353 500 3418 legem
533 3364 653 3419 quae
681 3349 928 3403 umbram
968 3346 1537 3403 habebatfuturorum
1566 3343 1829 3398 bonorum
1857 3343 1903 3408 ⁸,

330 3441 615 3494 transtulit
649 3442 716 3493 ad
750 3441 920 3508 ipsam
959 3440 1247 3510 imaginem
1286 3453 1487 3492 rerum.
1515 3436 1622 3490 Sed
1660 3451 1727 3490 ne
1764 3434 1904 3490 forte

329 3530 544 3586 diiﬁcile
577 3532 672 3585 tibi
707 3533 924 3601 probari
963 3546 1121 3601 posse
1163 3545 1284 3598 quae
1325 3529 1559 3582 dicimus
1597 3527 1900 3590 videantur,

331 3637 666 3692 recognosce
698 3637 794 3691 per
814 3621 1052 3690 singula.
1079 3620 1208 3674 Erat
1239 3619 1388 3686 prius
1430 3616 1730 3673 Jerusalem
1775 3619 1904 3670 urbs

331 3713 420 3766 illa
476 3728 670 3783 magna
732 3713 947 3782 regalis,
1024 3713 1112 3767 ubi
1165 3711 1422 3778 templum
1476 3708 1901 3763 famosissimum

328 3805 490 3878 245
521 3807 628 3860 Deo
661 3803 836 3860 fuerat
873 3813 1230 3860 exstructum.
1267 3802 1630 3871 Posteaquam
1652 3816 1782 3855 vero
1808 3815 1902 3855 ve-

330 3900 408 3952 nit
441 3897 548 3963 ille,
581 3898 669 3966 qui
717 3905 837 3951 erat
883 3911 1066 3950 verum
1113 3894 1368 3963 templum
1420 3892 1540 3961 Dei,
1591 3902 1645 3948 et
1693 3893 1904 3948 dicebat

331 3991 395 4044 de
426 3989 627 4058 templo
654 3989 900 4058 corporis
922 3988 1007 4043 sui
1044 4004 1058 4040 :
1092 4005 1110 4038 ι
1147 3985 1350 4040 Solvite
1375 3983 1631 4054 templum
1657 3984 1757 4038 hoc
1779 3984 1800 4014 °
1831 4025 1845 4048 ,
1879 4002 1897 4035 ι

330 4093 384 4137 et
428 4086 553 4151 quia
589 4083 826 4137 caelestis
870 4079 1170 4134 Jerusalem
1225 4079 1391 4149 cuspit
1431 4080 1646 4149 aperire
1689 4089 1902 4149 myste--

332 4175 409 4228 ria
442 4193 456 4228 :
493 4175 671 4228 deleta
707 4186 789 4228 est
823 4172 912 4226 illa
947 4182 1186 4236 terrena,
1222 4171 1314 4224 ubi
1347 4170 1588 4224 cteleStis
1609 4171 1856 4240 apparuit
1886 4187 1899 4223 :

331 4262 383 4316 in
412 4261 614 4332 templo
661 4260 751 4314 illo
799 4275 907 4314 non
946 4257 1206 4311 remansit
1255 4257 1392 4326 lapis
1437 4273 1602 4326 super
1649 4258 1900 4327 lapidem,

331 4377 395 4414 ex
424 4376 532 4430 quo
559 4374 745 4413 verum
783 4356 1041 4425 templum
1073 4356 1167 4410 Dei
1213 4355 1358 4409 facta
1407 4363 1488 4408 est
1518 4367 1648 4408 caro
1676 4352 1899 4407 Christi.

2017 1866 2036 1899 ι
2065 1849 2337 1903 obnoxius
2383 1857 2467 1903 est
2519 1848 2790 1902 universa!
2845 1847 2978 1916 legis
3027 1845 3291 1900 facienda:
3331 1845 3375 1901 ".
3414 1865 3434 1898 ›
3476 1845 3582 1914 Qui

2009 1955 2140 2011 ergo
2168 1940 2424 1996 observat
2456 1939 2560 1995 ista
2587 1937 2824 2007 jejunia,
2874 1937 3133 1992 ascendat
3159 1945 3213 1990 et
3242 1946 3324 1992 ter
3351 1938 3404 1992 in
3440 1951 3584 1994 anno

2010 2034 2066 2088 in
2108 2032 2450 2099 Jerusalem,
2502 2043 2561 2086 ut
2604 2037 2861 2101 appareat
2891 2040 3016 2084 ante
3046 2029 3300 2100 templum
3346 2031 3582 2099 Domini,

2008 2134 2070 2180 ut
2107 2125 2301 2181 offerat
2331 2140 2389 2180 se
2409 2125 2711 2189 sacerdoti;
2741 2123 2982 2192 requirat
3013 2122 3184 2177 altare
3209 2123 3352 2192 quod
3383 2124 3434 2178 in
3465 2109 3585 2195 pul-

2008 2231 2191 2270 verem
2240 2229 2453 2271 versum
2508 2223 2632 2281 est,
2688 2213 2882 2267 offerat
2931 2212 3135 2267 hostias
3184 2212 3330 2266 nullo
3367 2222 3582 2269 astante

2009 2309 2284 2378 pontiﬁce.
2332 2305 2608 2378 Scriptum
2639 2314 2720 2360 est
2757 2305 2900 2359 enim
2927 2304 2980 2371 ⁸,
3025 2312 3082 2358 ut
3109 2305 3244 2359 duos
3275 2305 3455 2360 hircos
3498 2307 3584 2374 je-

2005 2398 2208 2467 junans
2233 2398 2464 2468 populus
2495 2397 2689 2452 offerat
2726 2395 3077 2458 sacriﬁcium,
3114 2411 3277 2464 super
3301 2412 3437 2464 quos
3458 2413 3581 2452 sor-

2011 2502 2090 2546 tes
2115 2491 2255 2544 mitti
2291 2491 2544 2552 debeant,
2579 2498 2636 2543 ut
2663 2504 2800 2542 unus
2837 2503 2901 2542 ex
2934 2488 3018 2542 his
3059 2488 3149 2542 ﬁat
3194 2489 3406 2543 Domini
3439 2505 3582 2558 sors,

2009 2593 2062 2638 et
2087 2582 2267 2637 hostia
2299 2582 2524 2636 Domino
2553 2579 2845 2645 offeratur;
2891 2581 3117 2634 alterius
3148 2596 3276 2634 vero
3317 2597 3436 2637 sers
3464 2584 3582 2650 liat,

2011 2684 2071 2729 ut
2106 2675 2408 2728 dimittatur
2452 2674 2505 2727 in
2555 2688 2797 2728 ercmutn
2848 2672 3002 2726 vivus
3029 2715 3043 2738 ,
3082 2673 3170 2739 qui
3205 2683 3259 2725 et
3291 2673 3491 2728 habeat
3524 2675 3582 2730 in

2010 2783 2071 2823 se
2117 2778 2339 2836 peccata
2390 2765 2597 2836 populi.
2653 2764 2779 2819 Hatc
2823 2765 2919 2818 tibi
2966 2767 3146 2818 omnia
3183 2777 3584 2836 consequenter

2009 2860 2273 2929 explenda
2304 2868 2450 2924 sunt,
2485 2857 2576 2926 qui
2622 2856 2704 2910 vis
2733 2857 3029 2911 secundmn
3076 2869 3403 2924 praeceptum
3447 2859 3582 2927 legis

2009 2954 2300 3006 observare
2343 2949 2607 3018 jejunium
2658 2965 2672 3002 :
2719 2949 2786 3003 de
2817 2949 3014 3018 quibus
3062 2967 3090 3003 a
3129 2950 3281 3004 nobis
3320 2952 3536 3020 quidem
3565 2993 3581 3016 ,

2009 3053 2172 3114 prout
2213 3044 2514 3112 potuimus,
2567 3041 2835 3112 superiori
2885 3041 3252 3110 disputatione
3287 3043 3578 3098 dissertum

2009 3146 2111 3192 est.
2145 3135 2349 3189 Tamen
2389 3135 2645 3204 quoniam
2688 3135 2840 3189 dives
2870 3141 2951 3188 est
3006 3150 3187 3189 sermo
3233 3135 3352 3198 Dei,
3389 3144 3444 3189 et
3495 3150 3582 3190 se-

2007 3229 2241 3282 cundum
2294 3227 2620 3282 sententiam
2678 3223 2990 3278 Salomonis
3027 3225 3049 3257 ⁹
3088 3241 3193 3279 non
3241 3224 3581 3294 simpliciter,

2008 3322 2102 3377 sed
2127 3331 2181 3376 et
2212 3320 2495 3390 dupliciter
2517 3329 2568 3374 et
2601 3317 2889 3387 tripliciter
2912 3318 3302 3373 describendas
3330 3319 3382 3372 in
3415 3319 3582 3374 corde

2007 3426 2110 3482 est,
2148 3424 2420 3469 tentemus
2451 3413 2610 3467 etiam
2642 3427 2787 3466 nunc
2816 3411 3016 3464 addere
3048 3411 3228 3480 aliqua
3255 3412 3321 3465 ad
3347 3427 3430 3477 ea,
3459 3427 3580 3480 quae

2007 3510 2206 3562 dudutn
2240 3522 2337 3577 pro
2365 3506 2574 3561 viribus
2611 3506 2754 3561 dicta
2787 3513 2932 3574 sunt,
2972 3513 3031 3558 ut
3075 3507 3426 3560 ostendamus
3454 3520 3584 3573 quo-

2009 3603 2166 3655 modo
2193 3601 2244 3654 in
2278 3611 2403 3672 typo
2437 3598 2744 3654 futurorum
2771 3600 2933 3652 etiam
2959 3597 3048 3652 hic
3077 3614 3214 3652 unus
3244 3597 3428 3653 hircus
3471 3598 3580 3653 Do-

2008 3693 2154 3745 mino
2179 3691 2394 3744 oblatus
2421 3698 2504 3744 est
2553 3689 2748 3750 hostia,
2803 3697 2858 3743 et
2911 3688 3050 3743 alius
3091 3688 3248 3744 vivus
3296 3688 3579 3744 dimissus.

2005 3784 2144 3838 Audi
2177 3784 2226 3836 in
2271 3781 2582 3851 Evangeliis
2614 3780 2842 3835 Pilatum
2874 3781 3140 3836 dicentem
3172 3782 3237 3835 ad
3268 3784 3582 3838 sacerdotes

2005 3887 2060 3930 et
2087 3876 2344 3945 populum
2374 3874 2684 3929 Judworum
2723 3873 2765 3903 ιο
2793 3889 2806 3925 :
2845 3891 2863 3922 ι
2897 3871 3064 3938 Quem
3092 3872 3253 3927 vultis
3282 3874 3346 3927 de
3373 3875 3584 3929 duobus

2006 3970 2275 4024 dimittam
2327 3968 2524 4032 vobis,
2584 3966 2768 4021 Jesutn
2827 3967 2916 4034 qui
2972 3964 3171 4018 dicitur
3198 3966 3472 4032 Christus,
3513 3982 3582 4021 an

2005 4060 2351 4114 Barabbam?
2381 4079 2399 4112 ι
2435 4060 2590 4113 Tunc
2623 4058 2883 4112 clamavit
2907 4057 3085 4111 omnis
3115 4058 3365 4126 populus,
3396 4066 3454 4111 ut
3480 4057 3584 4110 Ba-

2006 4156 2228 4208 rabbam
2287 4153 2626 4214 dimitteret,
2676 4149 2861 4205 losum
2919 4164 3048 4204 vero
3099 4152 3258 4203 morti
3319 4151 3580 4205 traderet.

2006 4249 2144 4303 Ecce
2180 4246 2348 4301 habes
2385 4245 2596 4299 hircum
2640 4244 2731 4313 qui
2785 4244 3040 4298 dimissus
3069 4251 3156 4297 est
3185 4243 3339 4298 vivus
3371 4243 3422 4296 in
3456 4258 3582 4297 ere-

2007 4357 2189 4403 mum,
2221 4347 2444 4407 peccata
2485 4351 2666 4390 secum
2708 4333 2887 4403 populi
2939 4333 3156 4400 ferens,
3208 4332 3498 4387 clamantis
3526 4341 3581 4388 et

330 4453 464 4508 Erat
507 4453 656 4522 prius
697 4450 937 4520 pontifex
995 4449 1260 4520 sanguine
1311 4456 1588 4501 taurorum
1628 4455 1681 4500 et
1725 4445 1904 4499 hirco—

2009 4431 2240 4485 dicentis
2276 4429 2314 4458 ”
2346 4445 2359 4480 :
2398 4445 2417 4478 ‹
2449 4425 2753 4494 Crueiﬁge,
2789 4424 3071 4494 cruciﬁge.
3105 4443 3124 4476 ›
3178 4424 3281 4478 Iste
3332 4434 3417 4478 est
3451 4440 3581 4494 ergo

330 4563 448 4602 rum
503 4546 800 4611 puriﬁcaus
841 4543 1094 4611 populum
1134 4559 1147 4595 :
1180 4541 1273 4596 sed
1304 4556 1370 4594 ex
1406 4554 1514 4608 quo
1552 4538 1698 4592 venit
1743 4550 1902 4592 verus

330 4635 594 4710 pontifex,
630 4635 720 4705 qui
766 4635 1030 4704 sanguine
1057 4647 1156 4687 suo
1184 4631 1554 4686 sanctiﬁcaret
1590 4629 1896 4692 credentes,

329 4745 594 4800 nusquam
635 4738 718 4782 est
751 4727 838 4782 ille
872 4726 1114 4796 pontifex
1165 4725 1337 4794 prior,
1379 4739 1479 4778 nec
1515 4721 1657 4775 ullus
1684 4722 1733 4776 ei
1768 4720 1898 4775 reli-

327 4834 448 4881 ctus
478 4833 562 4878 est
595 4823 763 4876 locus.
796 4821 980 4874 Altare.
1021 4818 1123 4872 fuit
1162 4818 1338 4886 prius,
1371 4825 1423 4870 et
1454 4815 1720 4868 sacriﬁcia
1760 4812 1902 4867 cele-

327 4917 626 4973 brabantur
657 4931 670 4966 :
701 4913 793 4967 sed
829 4920 888 4964 ut
933 4910 1084 4964 venit
1121 4924 1281 4963 verus
1310 4910 1497 4976 Agnus
1532 4905 1621 4975 qui
1660 4905 1899 4973 seipsum

329 4987 564 5066 hostiam
601 5005 799 5060 obtulit
828 5003 964 5070 Deo,
1002 5013 1199 5058 cuncta
1236 5002 1323 5054 illa
1354 4999 1500 5053 velut
1531 5015 1627 5068 pro
1658 5007 1900 5065 tempore

327 5103 504 5173 posita
529 5105 902 5156 cessaverunt.
937 5096 1052 5152 Non
1089 5098 1184 5151 tibi
1221 5110 1351 5165 ergo
1380 5094 1593 5148 videtur
1619 5091 1762 5161 quod
1815 5105 1901 5144 se-

326 5199 564 5252 cundutn
597 5195 820 5264 ﬁguram
857 5207 1016 5261 quam
1050 5205 1210 5259 supra
1243 5188 1547 5258 posuimus,
1596 5185 1761 5238 veluti
1789 5182 1901 5236 for-

329 5305 428 5344 mae
462 5288 664 5341 fuerint
691 5284 934 5353 quaedam
965 5297 996 5337 e
1021 5280 1136 5334 luto
1165 5281 1325 5340 ﬁctae,
1371 5292 1468 5347 per
1493 5290 1629 5345 quas
1649 5272 1899 5328 veritatis

328 5381 770 5450 cxprimerentur
798 5371 1101 5442 imagines?
1137 5369 1427 5438 Propterea
1456 5365 1690 5433 denique
1719 5362 1900 5416 divina

398 5473 419 5504 '
454 5473 625 5526 Levit.
654 5484 765 5522 xw.
840 5467 860 5498 ³
884 5469 1006 5520 Act.
1033 5481 1152 5529 vui,
1185 5465 1274 5519 50.
1350 5467 1372 5494 ⁵
1405 5461 1539 5514 lleh.
1568 5474 1642 5514 ix.

328 5542 351 5576 ’
381 5543 539 5598 Prov.
574 5557 656 5596 tu.
739 5539 781 5570 ¹⁰
810 5537 997 5592 Matth.
1029 5528 1196 5602 xxvii,
1231 5536 1320 5588 17.
1397 5533 1437 5562 “
1469 5531 1600 5586 Luc.
1637 5545 1770 5590 xm,
1794 5528 1883 5581 21.

399 5640 513 5710 (79)
548 5636 706 5692 Libb.
730 5635 881 5710 editi.
921 5653 943 5710 ε
975 5634 1238 5687 formant:
1271 5647 1374 5686 non
1405 5628 1548 5710 quq}!
1582 5628 1897 5710 figmentum

333 5697 703 5768 necessarium
732 5708 822 5774 sit,
853 5706 945 5761 sed
975 5719 1276 5775 usquequo,
1309 5721 1328 5754 ι
1357 5697 1463 5757 etc.
1497 5697 1601 5755 Sed
1632 5697 1798 5752 ’mss.
1842 5704 1902 5748 ut

1717 5457 1740 5489 ⁸
1773 5455 1903 5511 lleb.
1935 5471 1990 5521 Χ,
2025 5454 2073 5508 Ι.

2009 4523 2196 4576 hircus
2227 4521 2380 4574 vivus
2412 4519 2668 4573 dimissus
2699 4519 2750 4571 in
2783 4533 3026 4572 eremqu
3077 4534 3092 4572 :
3134 4527 3187 4573 et
3218 4517 3307 4572 ille
3341 4527 3423 4572 est
3473 4518 3580 4572 hir-

2007 4632 2126 4682 cus,
2152 4614 2242 4683 qui
2279 4613 2504 4666 Domino
2529 4611 2744 4666 oblatus
2767 4619 2852 4664 est
2881 4609 3055 4664 hostia
3079 4611 3144 4664 ad
3172 4610 3576 4680 repropitianda

2007 4716 2254 4777 peccata,
2288 4715 2343 4761 et
2375 4719 2557 4758 veram
2587 4699 3025 4772 propitiationem
3062 4701 3113 4754 in
3142 4716 3201 4755 se
3232 4701 3580 4756 credentibus

2005 4800 2216 4870 populis
2252 4798 2400 4854 fecit.
2435 4795 2586 4864 Quod
2615 4795 2659 4849 si
2692 4793 2880 4847 ethoc
2913 4794 3178 4862 requiras,
3216 4795 3338 4864 quis
3381 4795 3451 4849 sit
3485 4792 3580 4864 qui

2007 4895 2148 4948 hunc
2181 4892 2392 4946 hircum
2437 4888 2690 4958 perduxit
2721 4885 2831 4957 (80)
2866 4886 2916 4940 in
2945 4899 3209 4949 eremum,
3235 4894 3292 4938 ut
3321 4885 3580 4952 probetur

2008 4985 2060 5040 in
2097 4999 2162 5038 eo
2202 4985 2363 5037 etiam
2406 4985 2548 5050 quod
2605 4979 2744 5033 lotus
2788 4978 2860 5032 sit
2922 4984 2979 5031 et
3028 4977 3259 5029 mundus
3311 4975 3533 5029 effectus
3561 5013 3577 5038 ,

2003 5089 2184 5155 potest
2240 5076 2450 5130 Pilatus
2505 5073 2620 5141 ipse
2672 5072 2844 5140 accipi
2891 5069 3052 5123 homo
3111 5079 3351 5138 paratus.
3401 5064 3578 5120 Judex

2003 5178 2200 5246 quippe
2233 5172 2409 5243 gentis
2443 5171 2609 5239 ipsius
2650 5176 2798 5229 erat,
2845 5164 2936 5233 qui
2974 5178 3096 5216 eum
3128 5176 3224 5232 per
3249 5159 3577 5225 sententiam

2003 5282 2156 5323 suam
2190 5263 2373 5318 emisit
2405 5263 2458 5314 in
2493 5272 2760 5313 eremum.
2807 5254 2942 5308 Audi
2978 5262 3156 5306 autem
3193 5250 3464 5321 quomodo
3497 5247 3579 5302 lo-

2004 5367 2091 5412 tus
2121 5355 2188 5410 sit
2229 5364 2283 5408 et
2313 5350 2545 5406 mundus
2587 5347 2835 5402 effectus.
2879 5345 3013 5399 Cum
3047 5345 3112 5398 ad
3144 5339 3395 5410 populum
3424 5339 3575 5393 dice-

2151 5451 2171 5482 ⁶
2194 5448 2352 5503 Joan.
2389 5461 2453 5510 ll,
2488 5443 2575 5499 i9.
2674 5441 2695 5473 '
2725 5439 2845 5495 Gal.
2871 5455 2922 5504 ν,
2951 5441 3006 5495 5.
3107 5436 3129 5468 ⁸
3155 5433 3332 5489 Levit.
3372 5447 3486 5498 xvi,
3519 5431 3572 5485 5.

2009 5621 2060 5674 in
2086 5625 2269 5671 nostro
2299 5622 2469 5666 textu.
2816 5673 2831 5674 ί
2923 5673 2932 5674 ί
3082 5669 3138 5674 __
3364 5665 3377 5674 _
3462 5661 3472 5671 ,

2082 5665 2385 5759 (ﬁmi-$55.,
2408 5701 2426 5732 ι
2461 5676 2730 5749 perduxit.
2761 5693 2779 5727 ι
2814 5673 2974 5730 Libb.
3009 5669 3166 5734 editi,
3201 5685 3219 5718 t
3246 5665 3522 5733 produxit.
3551 5677 3568 5708 ι
