  <div class='ocr_page' id='page_1' title='image "/cluster/home/n/w/nwhite01/storage/ocr_20150623/12/mdp.39015028786690/273.png"; bbox 0 0 4024 6146; ppageno 0'>
   <div class='ocr_carea' id='block_1_1' title="bbox 481 277 584 334">
    <p class='ocr_par' dir='ltr' id='par_1_1' title="bbox 481 277 584 334">
     <span class='ocr_line' id='line_1_1' title="bbox 481 277 584 334; baseline -0.019 0"><span class='ocrx_word' id='word_1_1' title='bbox 481 277 584 334; x_wconf 72' lang='lat'><strong>527</strong></span> 
     </span>
    </p>
   </div>
   <div class='ocr_carea' id='block_1_2' title="bbox 1913 273 2233 332">
    <p class='ocr_par' dir='ltr' id='par_1_2' title="bbox 1913 273 2233 332">
     <span class='ocr_line' id='line_1_2' title="bbox 1913 273 2233 332; baseline 0.006 -2"><span class='ocrx_word' id='word_1_2' title='bbox 1913 273 2072 330; x_wconf 80' lang='lat' dir='ltr'><strong>ORIG</strong></span> <span class='ocrx_word' id='word_1_3' title='bbox 2082 275 2233 332; x_wconf 80' lang='lat' dir='ltr'><strong>ENIS</strong></span> 
     </span>
    </p>
   </div>
   <div class='ocr_carea' id='block_1_3' title="bbox 3611 278 3723 332">
    <p class='ocr_par' dir='ltr' id='par_1_3' title="bbox 3611 278 3723 332">
     <span class='ocr_line' id='line_1_3' title="bbox 3611 278 3723 332; baseline -0.027 -1"><span class='ocrx_word' id='word_1_4' title='bbox 3611 278 3723 332; x_wconf 64' lang='lat'><strong>528</strong></span> 
     </span>
    </p>
   </div>
   <div class='ocr_carea' id='block_1_4' title="bbox 478 390 3719 469">
    <p class='ocr_par' dir='ltr' id='par_1_4' title="bbox 478 390 3719 469">
     <span class='ocr_line' id='line_1_4' title="bbox 478 390 3719 469; baseline 0.002 -23"><span class='ocrx_word' id='word_1_5' title='bbox 478 406 562 452; x_wconf 75' lang='lat' dir='ltr'><strong>ret</strong></span> <span class='ocrx_word' id='word_1_6' title='bbox 583 396 667 449; x_wconf 69' lang='grc' dir='ltr'><strong>ηε</strong></span> <span class='ocrx_word' id='word_1_7' title='bbox 710 412 730 446; x_wconf 75' lang='grc' dir='ltr'><strong>ι</strong></span> <span class='ocrx_word' id='word_1_8' title='bbox 768 391 942 449; x_wconf 74' lang='lat' dir='ltr'><strong>Vultis</strong></span> <span class='ocrx_word' id='word_1_9' title='bbox 977 390 1248 445; x_wconf 76' lang='lat' dir='ltr'><strong>dimittam</strong></span> <span class='ocrx_word' id='word_1_10' title='bbox 1279 392 1434 448; x_wconf 83' lang='lat' dir='ltr'><strong>vobis</strong></span> <span class='ocrx_word' id='word_1_11' title='bbox 1477 392 1684 459; x_wconf 81' lang='lat' dir='ltr'><strong>Jesum,</strong></span> <span class='ocrx_word' id='word_1_12' title='bbox 1714 396 1806 466; x_wconf 87' lang='lat' dir='ltr'><strong>qui</strong></span> <span class='ocrx_word' id='word_1_13' title='bbox 1844 398 2041 453; x_wconf 87' lang='lat' dir='ltr'><strong>dicitur</strong></span> <span class='ocrx_word' id='word_1_14' title='bbox 2069 402 2116 459; x_wconf 81' lang='grc' dir='ltr'><strong>Α</strong></span> <span class='ocrx_word' id='word_1_15' title='bbox 2146 399 2297 452; x_wconf 89' lang='lat' dir='ltr'><strong>adire</strong></span> <span class='ocrx_word' id='word_1_16' title='bbox 2328 399 2635 469; x_wconf 84' lang='lat' dir='ltr'><strong>pontiﬁcem</strong></span> <span class='ocrx_word' id='word_1_17' title='bbox 2668 406 2820 452; x_wconf 91' lang='lat' dir='ltr'><strong>tuum</strong></span> <span class='ocrx_word' id='word_1_18' title='bbox 2862 397 3160 463; x_wconf 89' lang='lat' dir='ltr'><strong>Christum,</strong></span> <span class='ocrx_word' id='word_1_19' title='bbox 3192 397 3285 469; x_wconf 89' lang='lat' dir='ltr'><strong>qui</strong></span> <span class='ocrx_word' id='word_1_20' title='bbox 3308 398 3493 467; x_wconf 83' lang='lat' dir='ltr'><strong>utique</strong></span> <span class='ocrx_word' id='word_1_21' title='bbox 3526 413 3626 451; x_wconf 91' lang='lat' dir='ltr'><strong>uou</strong></span> <span class='ocrx_word' id='word_1_22' title='bbox 3663 400 3719 454; x_wconf 91' lang='lat' dir='ltr'><strong>iu</strong></span> 
     </span>
    </p>
   </div>
   <div class='ocr_carea' id='block_1_5' title="bbox 478 485 2040 555">
    <p class='ocr_par' dir='ltr' id='par_1_5' title="bbox 478 485 2040 555">
     <span class='ocr_line' id='line_1_5' title="bbox 478 485 2040 555; baseline -0.003 -8"><span class='ocrx_word' id='word_1_23' title='bbox 478 488 773 546; x_wconf 70' lang='lat' dir='ltr'><strong>Christus?</strong></span> <span class='ocrx_word' id='word_1_24' title='bbox 798 506 818 541; x_wconf 73' lang='grc' dir='ltr'><strong>ι</strong></span> <span class='ocrx_word' id='word_1_25' title='bbox 845 496 903 543; x_wconf 88' lang='lat' dir='ltr'><strong>et</strong></span> <span class='ocrx_word' id='word_1_26' title='bbox 922 486 1281 543; x_wconf 79' lang='lat' dir='ltr'><strong>acclamasset</strong></span> <span class='ocrx_word' id='word_1_27' title='bbox 1307 485 1482 540; x_wconf 91' lang='lat' dir='ltr'><strong>omnis</strong></span> <span class='ocrx_word' id='word_1_28' title='bbox 1505 487 1750 555; x_wconf 90' lang='lat' dir='ltr'><strong>populus,</strong></span> <span class='ocrx_word' id='word_1_29' title='bbox 1769 488 1956 546; x_wconf 89' lang='lat' dir='ltr'><strong>dicens</strong></span> <span class='ocrx_word' id='word_1_30' title='bbox 1976 491 2040 546; x_wconf 85' lang='grc'><strong>¹³;</strong></span> 
     </span>
    </p>
   </div>
   <div class='ocr_carea' id='block_1_6' title="bbox 479 579 2047 647">
    <p class='ocr_par' dir='ltr' id='par_1_6' title="bbox 479 579 2047 647">
     <span class='ocr_line' id='line_1_6' title="bbox 479 579 2047 647; baseline 0.001 -9"><span class='ocrx_word' id='word_1_31' title='bbox 479 604 501 638; x_wconf 73' lang='grc' dir='ltr'><strong>ι</strong></span> <span class='ocrx_word' id='word_1_32' title='bbox 539 585 595 640; x_wconf 87' lang='lat' dir='ltr'><strong>Si</strong></span> <span class='ocrx_word' id='word_1_33' title='bbox 623 584 768 638; x_wconf 89' lang='lat' dir='ltr'><strong>hunc</strong></span> <span class='ocrx_word' id='word_1_34' title='bbox 797 580 1047 645; x_wconf 74' lang='lat' dir='ltr'><strong>dimittis,</strong></span> <span class='ocrx_word' id='word_1_35' title='bbox 1080 593 1187 634; x_wconf 91' lang='lat' dir='ltr'><strong>non</strong></span> <span class='ocrx_word' id='word_1_36' title='bbox 1230 594 1291 634; x_wconf 90' lang='lat' dir='ltr'><strong>es</strong></span> <span class='ocrx_word' id='word_1_37' title='bbox 1315 580 1525 635; x_wconf 90' lang='lat' dir='ltr'><strong>amicus</strong></span> <span class='ocrx_word' id='word_1_38' title='bbox 1549 579 1823 647; x_wconf 64' lang='lat' dir='ltr'><strong>Caesaris;</strong></span> <span class='ocrx_word' id='word_1_39' title='bbox 1860 601 1879 634; x_wconf 73' lang='grc' dir='ltr'><strong>ι</strong></span> <span class='ocrx_word' id='word_1_40' title='bbox 1918 592 2047 639; x_wconf 90' lang='lat' dir='ltr'><strong>tunc</strong></span> 
     </span>
    </p>
   </div>
   <div class='ocr_carea' id='block_1_7' title="bbox 396 662 2046 749">
    <p class='ocr_par' dir='ltr' id='par_1_7' title="bbox 396 662 2046 749">
     <span class='ocr_line' id='line_1_7' title="bbox 396 662 2046 749; baseline 0.002 -21"><span class='ocrx_word' id='word_1_41' title='bbox 472 675 757 749; x_wconf 88' lang='lat' dir='ltr'><strong>poposcit,</strong></span> <span class='ocrx_word' id='word_1_42' title='bbox 800 674 993 744; x_wconf 88' lang='lat' dir='ltr'><strong>inquit,</strong></span> <span class='ocrx_word' id='word_1_43' title='bbox 1038 672 1263 737; x_wconf 80' lang='lat' dir='ltr'><strong>Pilatus,</strong></span> <span class='ocrx_word' id='word_1_44' title='bbox 1314 688 1532 744; x_wconf 90' lang='lat' dir='ltr'><strong>aquam,</strong></span> <span class='ocrx_word' id='word_1_45' title='bbox 1566 682 1623 729; x_wconf 91' lang='lat' dir='ltr'><strong>et</strong></span> <span class='ocrx_word' id='word_1_46' title='bbox 1666 674 1799 730; x_wconf 83' lang='lat' dir='ltr'><strong>lavit</strong></span> <span class='ocrx_word' id='word_1_47' title='bbox 1853 691 2046 731; x_wconf 89' lang='lat' dir='ltr'><strong>manus</strong></span> 
     </span>
    </p>
   </div>
   <div class='ocr_carea' id='block_1_8' title="bbox 406 764 2044 843">
    <p class='ocr_par' dir='ltr' id='par_1_8' title="bbox 406 764 2044 843">
     <span class='ocr_line' id='line_1_8' title="bbox 406 764 2044 843; baseline -0.002 -16"><span class='ocrx_word' id='word_1_48' title='bbox 474 787 600 827; x_wconf 89' lang='lat' dir='ltr'><strong>suas</strong></span> <span class='ocrx_word' id='word_1_49' title='bbox 625 784 810 826; x_wconf 84' lang='lat' dir='ltr'><strong>coram</strong></span> <span class='ocrx_word' id='word_1_50' title='bbox 843 768 1062 837; x_wconf 88' lang='lat' dir='ltr'><strong>populo.</strong></span> <span class='ocrx_word' id='word_1_51' title='bbox 1086 765 1336 822; x_wconf 75' lang='lat' dir='ltr'><strong>dicens“</strong></span> <span class='ocrx_word' id='word_1_52' title='bbox 1373 784 1388 821; x_wconf 87' lang='lat'><strong>:</strong></span> <span class='ocrx_word' id='word_1_53' title='bbox 1426 785 1444 819; x_wconf 76' lang='grc' dir='ltr'><strong>ι</strong></span> <span class='ocrx_word' id='word_1_54' title='bbox 1481 766 1709 823; x_wconf 85' lang='lat' dir='ltr'><strong>Mundus</strong></span> <span class='ocrx_word' id='word_1_55' title='bbox 1738 784 1840 839; x_wconf 90' lang='lat' dir='ltr'><strong>ego</strong></span> <span class='ocrx_word' id='word_1_56' title='bbox 1867 784 1985 825; x_wconf 89' lang='lat' dir='ltr'><strong>sum</strong></span> <span class='ocrx_word' id='word_1_57' title='bbox 2015 786 2044 823; x_wconf 91' lang='lat' dir='ltr'><strong>a</strong></span> 
     </span>
    </p>
   </div>
   <div class='ocr_carea' id='block_1_9' title="bbox 408 852 2046 934">
    <p class='ocr_par' dir='ltr' id='par_1_9' title="bbox 408 852 2046 934">
     <span class='ocr_line' id='line_1_9' title="bbox 408 852 2046 934; baseline -0.003 -15"><span class='ocrx_word' id='word_1_58' title='bbox 408 852 441 934; x_wconf 55' lang='grc' dir='ltr'><em>ξ</em></span> <span class='ocrx_word' id='word_1_59' title='bbox 473 862 740 934; x_wconf 76' lang='lat' dir='ltr'><strong>sanguine</strong></span> <span class='ocrx_word' id='word_1_60' title='bbox 767 862 885 930; x_wconf 91' lang='lat' dir='ltr'><strong>ejus</strong></span> <span class='ocrx_word' id='word_1_61' title='bbox 910 901 926 922; x_wconf 86' lang='lat'><em>.</em></span> <span class='ocrx_word' id='word_1_62' title='bbox 972 875 1069 914; x_wconf 90' lang='lat' dir='ltr'><strong>vos</strong></span> <span class='ocrx_word' id='word_1_63' title='bbox 1110 860 1381 915; x_wconf 90' lang='lat' dir='ltr'><strong>videritis.</strong></span> <span class='ocrx_word' id='word_1_64' title='bbox 1422 879 1441 911; x_wconf 76' lang='grc' dir='ltr'><strong>ι</strong></span> <span class='ocrx_word' id='word_1_65' title='bbox 1476 861 1569 915; x_wconf 85' lang='lat' dir='ltr'><strong>Sic</strong></span> <span class='ocrx_word' id='word_1_66' title='bbox 1607 873 1740 930; x_wconf 90' lang='lat' dir='ltr'><strong>ergo</strong></span> <span class='ocrx_word' id='word_1_67' title='bbox 1777 859 2046 915; x_wconf 81' lang='lat' dir='ltr'><strong>videbitur</strong></span> 
     </span>
    </p>
   </div>
   <div class='ocr_carea' id='block_1_10' title="bbox 400 932 2043 1023">
    <p class='ocr_par' dir='ltr' id='par_1_10' title="bbox 400 932 2043 1023">
     <span class='ocr_line' id='line_1_10' title="bbox 400 932 2043 1023; baseline -0.001 -17"><span class='ocrx_word' id='word_1_68' title='bbox 400 1016 403 1019; x_wconf 95' lang='lat'><em>_</em></span> <span class='ocrx_word' id='word_1_69' title='bbox 432 932 441 1001; x_wconf 73' lang='grc' dir='ltr'><em>ἶ</em></span> <span class='ocrx_word' id='word_1_70' title='bbox 474 932 601 1009; x_wconf 82' lang='lat' dir='ltr'><strong>lotis</strong></span> <span class='ocrx_word' id='word_1_71' title='bbox 642 954 898 1008; x_wconf 89' lang='lat' dir='ltr'><strong>manibus</strong></span> <span class='ocrx_word' id='word_1_72' title='bbox 942 953 1056 1008; x_wconf 88' lang='lat' dir='ltr'><strong>suis</strong></span> <span class='ocrx_word' id='word_1_73' title='bbox 1090 952 1323 1007; x_wconf 92' lang='lat' dir='ltr'><strong>mundus</strong></span> <span class='ocrx_word' id='word_1_74' title='bbox 1357 948 1600 1007; x_wconf 76' lang='lat' dir='ltr'><strong>eﬂectus.</strong></span> <span class='ocrx_word' id='word_1_75' title='bbox 1631 951 1824 1006; x_wconf 88' lang='lat' dir='ltr'><strong>Nostra</strong></span> <span class='ocrx_word' id='word_1_76' title='bbox 1858 952 2043 1023; x_wconf 87' lang='lat' dir='ltr'><strong>igitur,</strong></span> 
     </span>
    </p>
   </div>
   <div class='ocr_carea' id='block_1_11' title="bbox 471 1043 2044 1116">
    <p class='ocr_par' dir='ltr' id='par_1_11' title="bbox 471 1043 2044 1116">
     <span class='ocr_line' id='line_1_11' title="bbox 471 1043 2044 1116; baseline -0.004 -12"><span class='ocrx_word' id='word_1_77' title='bbox 471 1049 526 1104; x_wconf 89' lang='lat' dir='ltr'><strong>id</strong></span> <span class='ocrx_word' id='word_1_78' title='bbox 562 1054 648 1103; x_wconf 89' lang='lat' dir='ltr'><strong>est</strong></span> <span class='ocrx_word' id='word_1_79' title='bbox 699 1045 789 1116; x_wconf 85' lang='lat' dir='ltr'><strong>qui</strong></span> <span class='ocrx_word' id='word_1_80' title='bbox 822 1060 929 1101; x_wconf 91' lang='lat' dir='ltr'><strong>non</strong></span> <span class='ocrx_word' id='word_1_81' title='bbox 959 1045 1166 1099; x_wconf 71' lang='lat' dir='ltr'><strong>umbra:</strong></span> <span class='ocrx_word' id='word_1_82' title='bbox 1214 1053 1269 1098; x_wconf 92' lang='lat' dir='ltr'><strong>et</strong></span> <span class='ocrx_word' id='word_1_83' title='bbox 1312 1043 1605 1113; x_wconf 84' lang='lat' dir='ltr'><strong>exemplari</strong></span> <span class='ocrx_word' id='word_1_84' title='bbox 1638 1044 1927 1111; x_wconf 82' lang='lat' dir='ltr'><strong>servimus,</strong></span> <span class='ocrx_word' id='word_1_85' title='bbox 1952 1045 2044 1098; x_wconf 90' lang='lat' dir='ltr'><strong>sed</strong></span> 
     </span>
    </p>
   </div>
   <div class='ocr_carea' id='block_1_12' title="bbox 471 1135 2043 1205">
    <p class='ocr_par' dir='ltr' id='par_1_12' title="bbox 471 1135 2043 1205">
     <span class='ocr_line' id='line_1_12' title="bbox 471 1135 2043 1205; baseline -0.001 -15"><span class='ocrx_word' id='word_1_86' title='bbox 471 1138 715 1202; x_wconf 80' lang='lat' dir='ltr'><strong>veritati,</strong></span> <span class='ocrx_word' id='word_1_87' title='bbox 748 1138 864 1192; x_wconf 53' lang='lat' dir='ltr'><strong>ha’c</strong></span> <span class='ocrx_word' id='word_1_88' title='bbox 899 1149 983 1192; x_wconf 88' lang='lat' dir='ltr'><strong>est</strong></span> <span class='ocrx_word' id='word_1_89' title='bbox 1033 1136 1435 1205; x_wconf 82' lang='lat' dir='ltr'><strong>propitiationis</strong></span> <span class='ocrx_word' id='word_1_90' title='bbox 1489 1137 1628 1200; x_wconf 89' lang='lat' dir='ltr'><strong>dies,</strong></span> <span class='ocrx_word' id='word_1_91' title='bbox 1677 1135 1732 1189; x_wconf 91' lang='lat' dir='ltr'><strong>in</strong></span> <span class='ocrx_word' id='word_1_92' title='bbox 1782 1151 1888 1205; x_wconf 87' lang='lat' dir='ltr'><strong>qua</strong></span> <span class='ocrx_word' id='word_1_93' title='bbox 1919 1136 2043 1191; x_wconf 86' lang='lat' dir='ltr'><strong>data</strong></span> 
     </span>
    </p>
   </div>
   <div class='ocr_carea' id='block_1_13' title="bbox 473 1226 2043 1295">
    <p class='ocr_par' dir='ltr' id='par_1_13' title="bbox 473 1226 2043 1295">
     <span class='ocr_line' id='line_1_13' title="bbox 473 1226 2043 1295; baseline -0.004 -9"><span class='ocrx_word' id='word_1_94' title='bbox 473 1242 558 1287; x_wconf 88' lang='lat' dir='ltr'><strong>est</strong></span> <span class='ocrx_word' id='word_1_95' title='bbox 611 1230 769 1284; x_wconf 86' lang='lat' dir='ltr'><strong>nobis</strong></span> <span class='ocrx_word' id='word_1_96' title='bbox 824 1228 1074 1283; x_wconf 86' lang='lat' dir='ltr'><strong>remissio</strong></span> <span class='ocrx_word' id='word_1_97' title='bbox 1120 1235 1460 1295; x_wconf 84' lang='lat' dir='ltr'><strong>peccatorum</strong></span> <span class='ocrx_word' id='word_1_98' title='bbox 1487 1266 1501 1291; x_wconf 94' lang='lat'><strong>,</strong></span> <span class='ocrx_word' id='word_1_99' title='bbox 1541 1241 1665 1279; x_wconf 91' lang='lat' dir='ltr'><strong>cum</strong></span> <span class='ocrx_word' id='word_1_100' title='bbox 1709 1226 1907 1295; x_wconf 85' lang='lat' dir='ltr'><strong>pascha</strong></span> <span class='ocrx_word' id='word_1_101' title='bbox 1944 1241 2043 1280; x_wconf 86' lang='lat' dir='ltr'><strong>no-</strong></span> 
     </span>
    </p>
   </div>
   <div class='ocr_carea' id='block_1_14' title="bbox 472 1319 2048 1389">
    <p class='ocr_par' dir='ltr' id='par_1_14' title="bbox 472 1319 2048 1389">
     <span class='ocr_line' id='line_1_14' title="bbox 472 1319 2048 1389; baseline -0.004 -10"><span class='ocrx_word' id='word_1_102' title='bbox 472 1336 648 1380; x_wconf 91' lang='lat' dir='ltr'><strong>strum</strong></span> <span class='ocrx_word' id='word_1_103' title='bbox 679 1321 989 1378; x_wconf 86' lang='lat' dir='ltr'><strong>immolatus</strong></span> <span class='ocrx_word' id='word_1_104' title='bbox 1010 1327 1095 1375; x_wconf 89' lang='lat' dir='ltr'><strong>est</strong></span> <span class='ocrx_word' id='word_1_105' title='bbox 1123 1321 1371 1376; x_wconf 86' lang='lat' dir='ltr'><strong>Christus</strong></span> <span class='ocrx_word' id='word_1_106' title='bbox 1397 1320 1462 1374; x_wconf 77' lang='grc'><strong>¹⁶.</strong></span> <span class='ocrx_word' id='word_1_107' title='bbox 1495 1319 1775 1387; x_wconf 82' lang='lat' dir='ltr'><strong>Quomodo</strong></span> <span class='ocrx_word' id='word_1_108' title='bbox 1805 1334 1932 1389; x_wconf 87' lang='lat' dir='ltr'><strong>ergo</strong></span> <span class='ocrx_word' id='word_1_109' title='bbox 1955 1334 2048 1373; x_wconf 90' lang='lat' dir='ltr'><strong>co-</strong></span> 
     </span>
    </p>
   </div>
   <div class='ocr_carea' id='block_1_15' title="bbox 472 1409 2047 1482">
    <p class='ocr_par' dir='ltr' id='par_1_15' title="bbox 472 1409 2047 1482">
     <span class='ocr_line' id='line_1_15' title="bbox 472 1409 2047 1482; baseline -0.003 -15"><span class='ocrx_word' id='word_1_110' title='bbox 472 1412 620 1482; x_wconf 82' lang='lat' dir='ltr'><strong>gnita</strong></span> <span class='ocrx_word' id='word_1_111' title='bbox 671 1410 907 1465; x_wconf 78' lang='lat' dir='ltr'><strong>veritate</strong></span> <span class='ocrx_word' id='word_1_112' title='bbox 947 1409 1319 1464; x_wconf 87' lang='lat' dir='ltr'><strong>convertimur</strong></span> <span class='ocrx_word' id='word_1_113' title='bbox 1368 1409 1563 1464; x_wconf 78' lang='lat' dir='ltr'><strong>iterum</strong></span> <span class='ocrx_word' id='word_1_114' title='bbox 1614 1409 1681 1463; x_wconf 90' lang='lat' dir='ltr'><strong>ad</strong></span> <span class='ocrx_word' id='word_1_115' title='bbox 1732 1409 1946 1463; x_wconf 89' lang='lat' dir='ltr'><strong>inﬁrma</strong></span> <span class='ocrx_word' id='word_1_116' title='bbox 1993 1417 2047 1463; x_wconf 90' lang='lat' dir='ltr'><strong>et</strong></span> 
     </span>
    </p>
   </div>
   <div class='ocr_carea' id='block_1_16' title="bbox 470 1485 2045 1575">
    <p class='ocr_par' dir='ltr' id='par_1_16' title="bbox 470 1485 2045 1575">
     <span class='ocr_line' id='line_1_16' title="bbox 470 1485 2045 1575; baseline -0.004 -17"><span class='ocrx_word' id='word_1_117' title='bbox 470 1518 642 1575; x_wconf 86' lang='lat' dir='ltr'><strong>egena</strong></span> <span class='ocrx_word' id='word_1_118' title='bbox 669 1501 937 1558; x_wconf 89' lang='lat' dir='ltr'><strong>elementa</strong></span> <span class='ocrx_word' id='word_1_119' title='bbox 977 1501 1138 1572; x_wconf 87' lang='lat' dir='ltr'><strong>hujus</strong></span> <span class='ocrx_word' id='word_1_120' title='bbox 1186 1485 1397 1566; x_wconf 82' lang='lat' dir='ltr'><strong>mundi,</strong></span> <span class='ocrx_word' id='word_1_121' title='bbox 1446 1500 1642 1570; x_wconf 88' lang='lat' dir='ltr'><strong>quibus</strong></span> <span class='ocrx_word' id='word_1_122' title='bbox 1670 1514 1861 1554; x_wconf 90' lang='lat' dir='ltr'><strong>rursus</strong></span> <span class='ocrx_word' id='word_1_123' title='bbox 1888 1516 1918 1554; x_wconf 87' lang='lat' dir='ltr'><strong>a</strong></span> <span class='ocrx_word' id='word_1_124' title='bbox 1949 1513 2045 1554; x_wconf 89' lang='lat' dir='ltr'><strong>ca-</strong></span> 
     </span>
    </p>
   </div>
   <div class='ocr_carea' id='block_1_17' title="bbox 470 1592 2045 1666">
    <p class='ocr_par' dir='ltr' id='par_1_17' title="bbox 470 1592 2045 1666">
     <span class='ocr_line' id='line_1_17' title="bbox 470 1592 2045 1666; baseline -0.004 -15"><span class='ocrx_word' id='word_1_125' title='bbox 470 1600 582 1666; x_wconf 86' lang='lat' dir='ltr'><strong>pite</strong></span> <span class='ocrx_word' id='word_1_126' title='bbox 610 1595 818 1652; x_wconf 86' lang='lat' dir='ltr'><strong>servire</strong></span> <span class='ocrx_word' id='word_1_127' title='bbox 850 1594 1036 1660; x_wconf 84' lang='lat' dir='ltr'><strong>vultis,</strong></span> <span class='ocrx_word' id='word_1_128' title='bbox 1071 1594 1189 1651; x_wconf 88' lang='lat' dir='ltr'><strong>dies</strong></span> <span class='ocrx_word' id='word_1_129' title='bbox 1216 1592 1592 1657; x_wconf 86' lang='lat' dir='ltr'><strong>observantes,</strong></span> <span class='ocrx_word' id='word_1_130' title='bbox 1631 1601 1688 1647; x_wconf 89' lang='lat' dir='ltr'><strong>et</strong></span> <span class='ocrx_word' id='word_1_131' title='bbox 1721 1607 1954 1657; x_wconf 90' lang='lat' dir='ltr'><strong>menses,</strong></span> <span class='ocrx_word' id='word_1_132' title='bbox 1990 1600 2045 1647; x_wconf 88' lang='lat' dir='ltr'><strong>et</strong></span> 
     </span>
    </p>
   </div>
   <div class='ocr_carea' id='block_1_18' title="bbox 472 1685 2041 1760">
    <p class='ocr_par' dir='ltr' id='par_1_18' title="bbox 472 1685 2041 1760">
     <span class='ocr_line' id='line_1_18' title="bbox 472 1685 2041 1760; baseline -0.004 -15"><span class='ocrx_word' id='word_1_133' title='bbox 472 1700 740 1760; x_wconf 85' lang='lat' dir='ltr'><strong>tempora,</strong></span> <span class='ocrx_word' id='word_1_134' title='bbox 787 1698 842 1742; x_wconf 91' lang='lat' dir='ltr'><strong>et</strong></span> <span class='ocrx_word' id='word_1_135' title='bbox 873 1686 1088 1741; x_wconf 77' lang='lat' dir='ltr'><strong>annos?</strong></span> <span class='ocrx_word' id='word_1_136' title='bbox 1112 1685 1253 1741; x_wconf 90' lang='lat' dir='ltr'><strong>Audi</strong></span> <span class='ocrx_word' id='word_1_137' title='bbox 1277 1685 1550 1756; x_wconf 91' lang='lat' dir='ltr'><strong>quomodo</strong></span> <span class='ocrx_word' id='word_1_138' title='bbox 1580 1687 1740 1738; x_wconf 90' lang='lat' dir='ltr'><strong>etiam</strong></span> <span class='ocrx_word' id='word_1_139' title='bbox 1780 1687 2041 1753; x_wconf 87' lang='lat' dir='ltr'><strong>propheta</strong></span> 
     </span>
    </p>
   </div>
   <div class='ocr_carea' id='block_1_19' title="bbox 471 1776 2044 1852">
    <p class='ocr_par' dir='ltr' id='par_1_19' title="bbox 471 1776 2044 1852">
     <span class='ocr_line' id='line_1_19' title="bbox 471 1776 2044 1852; baseline -0.004 -13"><span class='ocrx_word' id='word_1_140' title='bbox 471 1782 782 1852; x_wconf 72' lang='lat' dir='ltr'><strong>huiusmodi</strong></span> <span class='ocrx_word' id='word_1_141' title='bbox 808 1780 1075 1851; x_wconf 87' lang='lat' dir='ltr'><strong>jejunium</strong></span> <span class='ocrx_word' id='word_1_142' title='bbox 1108 1779 1357 1849; x_wconf 90' lang='lat' dir='ltr'><strong>respuit,</strong></span> <span class='ocrx_word' id='word_1_143' title='bbox 1390 1786 1446 1833; x_wconf 89' lang='lat' dir='ltr'><strong>et</strong></span> <span class='ocrx_word' id='word_1_144' title='bbox 1479 1777 1612 1833; x_wconf 88' lang='lat' dir='ltr'><strong>dicit</strong></span> <span class='ocrx_word' id='word_1_145' title='bbox 1633 1777 1679 1809; x_wconf 75' lang='lat'>&quot;</span> <span class='ocrx_word' id='word_1_146' title='bbox 1704 1794 1718 1830; x_wconf 90' lang='lat'><strong>:</strong></span> <span class='ocrx_word' id='word_1_147' title='bbox 1748 1795 1766 1828; x_wconf 77' lang='grc' dir='ltr'><strong>ι</strong></span> <span class='ocrx_word' id='word_1_148' title='bbox 1797 1776 1911 1831; x_wconf 86' lang='lat' dir='ltr'><strong>Non</strong></span> <span class='ocrx_word' id='word_1_149' title='bbox 1940 1778 2044 1832; x_wconf 91' lang='lat' dir='ltr'><strong>hoc</strong></span> 
     </span>
    </p>
   </div>
   <div class='ocr_carea' id='block_1_20' title="bbox 463 1867 2044 1947">
    <p class='ocr_par' dir='ltr' id='par_1_20' title="bbox 463 1867 2044 1947">
     <span class='ocr_line' id='line_1_20' title="bbox 463 1867 2044 1947; baseline -0.006 -17"><span class='ocrx_word' id='word_1_150' title='bbox 463 1874 732 1947; x_wconf 86' lang='lat' dir='ltr'><strong>jejunium</strong></span> <span class='ocrx_word' id='word_1_151' title='bbox 766 1872 928 1943; x_wconf 85' lang='lat' dir='ltr'><strong>elegi,</strong></span> <span class='ocrx_word' id='word_1_152' title='bbox 962 1869 1096 1927; x_wconf 87' lang='lat' dir='ltr'><strong>dicit</strong></span> <span class='ocrx_word' id='word_1_153' title='bbox 1133 1870 1394 1924; x_wconf 87' lang='lat' dir='ltr'><strong>Dominus</strong></span> <span class='ocrx_word' id='word_1_154' title='bbox 1416 1909 1432 1935; x_wconf 99' lang='lat'><strong>,</strong></span> <span class='ocrx_word' id='word_1_155' title='bbox 1481 1882 1658 1938; x_wconf 85' lang='lat' dir='ltr'><strong>neque</strong></span> <span class='ocrx_word' id='word_1_156' title='bbox 1689 1867 1829 1922; x_wconf 91' lang='lat' dir='ltr'><strong>diem</strong></span> <span class='ocrx_word' id='word_1_157' title='bbox 1860 1876 1920 1922; x_wconf 92' lang='lat' dir='ltr'><strong>ut</strong></span> <span class='ocrx_word' id='word_1_158' title='bbox 1950 1869 2044 1922; x_wconf 92' lang='lat' dir='ltr'><strong>hu-</strong></span> 
     </span>
    </p>
   </div>
   <div class='ocr_carea' id='block_1_21' title="bbox 468 1958 2042 2027">
    <p class='ocr_par' dir='ltr' id='par_1_21' title="bbox 468 1958 2042 2027">
     <span class='ocr_line' id='line_1_21' title="bbox 468 1958 2042 2027; baseline -0.006 -3"><span class='ocrx_word' id='word_1_159' title='bbox 468 1967 647 2024; x_wconf 90' lang='lat' dir='ltr'><strong>miliet</strong></span> <span class='ocrx_word' id='word_1_160' title='bbox 685 1967 850 2021; x_wconf 90' lang='lat' dir='ltr'><strong>homo</strong></span> <span class='ocrx_word' id='word_1_161' title='bbox 894 1963 1130 2019; x_wconf 88' lang='lat' dir='ltr'><strong>animam</strong></span> <span class='ocrx_word' id='word_1_162' title='bbox 1167 1976 1342 2017; x_wconf 90' lang='lat' dir='ltr'><strong>suam.</strong></span> <span class='ocrx_word' id='word_1_163' title='bbox 1370 1979 1388 2013; x_wconf 76' lang='grc' dir='ltr'><strong>ι</strong></span> <span class='ocrx_word' id='word_1_164' title='bbox 1451 1958 1530 2014; x_wconf 91' lang='lat' dir='ltr'><strong>Tu</strong></span> <span class='ocrx_word' id='word_1_165' title='bbox 1585 1960 1630 2015; x_wconf 88' lang='lat' dir='ltr'><strong>si</strong></span> <span class='ocrx_word' id='word_1_166' title='bbox 1673 1960 1755 2013; x_wconf 91' lang='lat' dir='ltr'><strong>vis</strong></span> <span class='ocrx_word' id='word_1_167' title='bbox 1794 1959 2042 2027; x_wconf 87' lang='lat' dir='ltr'><strong>jejunare</strong></span> 
     </span>
    </p>
   </div>
   <div class='ocr_carea' id='block_1_22' title="bbox 469 2052 2037 2119">
    <p class='ocr_par' dir='ltr' id='par_1_22' title="bbox 469 2052 2037 2119">
     <span class='ocr_line' id='line_1_22' title="bbox 469 2052 2037 2119; baseline -0.009 -1"><span class='ocrx_word' id='word_1_168' title='bbox 469 2060 768 2119; x_wconf 89' lang='lat' dir='ltr'><strong>secundum</strong></span> <span class='ocrx_word' id='word_1_169' title='bbox 810 2056 1086 2113; x_wconf 82' lang='lat' dir='ltr'><strong>Christum</strong></span> <span class='ocrx_word' id='word_1_170' title='bbox 1126 2062 1182 2110; x_wconf 89' lang='lat' dir='ltr'><strong>et</strong></span> <span class='ocrx_word' id='word_1_171' title='bbox 1227 2052 1515 2107; x_wconf 86' lang='lat' dir='ltr'><strong>humiliare</strong></span> <span class='ocrx_word' id='word_1_172' title='bbox 1565 2053 1801 2105; x_wconf 88' lang='lat' dir='ltr'><strong>animam</strong></span> <span class='ocrx_word' id='word_1_173' title='bbox 1854 2063 2037 2119; x_wconf 90' lang='lat' dir='ltr'><strong>tuam,</strong></span> 
     </span>
    </p>
   </div>
   <div class='ocr_carea' id='block_1_23' title="bbox 467 2140 2041 2216">
    <p class='ocr_par' dir='ltr' id='par_1_23' title="bbox 467 2140 2041 2216">
     <span class='ocr_line' id='line_1_23' title="bbox 467 2140 2041 2216; baseline -0.008 -9"><span class='ocrx_word' id='word_1_174' title='bbox 467 2166 632 2207; x_wconf 91' lang='lat' dir='ltr'><strong>omne</strong></span> <span class='ocrx_word' id='word_1_175' title='bbox 661 2149 755 2205; x_wconf 91' lang='lat' dir='ltr'><strong>tibi</strong></span> <span class='ocrx_word' id='word_1_176' title='bbox 795 2157 1006 2216; x_wconf 90' lang='lat' dir='ltr'><strong>tempus</strong></span> <span class='ocrx_word' id='word_1_177' title='bbox 1032 2152 1214 2215; x_wconf 87' lang='lat' dir='ltr'><strong>aptum</strong></span> <span class='ocrx_word' id='word_1_178' title='bbox 1249 2153 1333 2199; x_wconf 90' lang='lat' dir='ltr'><strong>est</strong></span> <span class='ocrx_word' id='word_1_179' title='bbox 1359 2140 1470 2214; x_wconf 83' lang='lat'><strong>(8|)</strong></span> <span class='ocrx_word' id='word_1_180' title='bbox 1505 2143 1673 2196; x_wconf 85' lang='lat' dir='ltr'><strong>totius</strong></span> <span class='ocrx_word' id='word_1_181' title='bbox 1734 2142 1894 2207; x_wconf 90' lang='lat' dir='ltr'><strong>anui;</strong></span> <span class='ocrx_word' id='word_1_182' title='bbox 1931 2142 2041 2195; x_wconf 90' lang='lat' dir='ltr'><strong>imo</strong></span> 
     </span>
    </p>
   </div>
   <div class='ocr_carea' id='block_1_24' title="bbox 469 2234 2039 2299">
    <p class='ocr_par' dir='ltr' id='par_1_24' title="bbox 469 2234 2039 2299">
     <span class='ocr_line' id='line_1_24' title="bbox 469 2234 2039 2299; baseline -0.006 -2"><span class='ocrx_word' id='word_1_183' title='bbox 469 2243 641 2299; x_wconf 87' lang='lat' dir='ltr'><strong>totius</strong></span> <span class='ocrx_word' id='word_1_184' title='bbox 677 2241 802 2295; x_wconf 75' lang='lat' dir='ltr'><strong>vita:</strong></span> <span class='ocrx_word' id='word_1_185' title='bbox 846 2250 949 2295; x_wconf 72' lang='lat' dir='ltr'><strong>tute</strong></span> <span class='ocrx_word' id='word_1_186' title='bbox 982 2239 1098 2292; x_wconf 91' lang='lat' dir='ltr'><strong>dies</strong></span> <span class='ocrx_word' id='word_1_187' title='bbox 1144 2237 1342 2292; x_wconf 88' lang='lat' dir='ltr'><strong>habeto</strong></span> <span class='ocrx_word' id='word_1_188' title='bbox 1383 2237 1448 2289; x_wconf 90' lang='lat' dir='ltr'><strong>ad</strong></span> <span class='ocrx_word' id='word_1_189' title='bbox 1487 2234 1874 2290; x_wconf 85' lang='lat' dir='ltr'><strong>humiliaudam</strong></span> <span class='ocrx_word' id='word_1_190' title='bbox 1912 2235 2039 2289; x_wconf 89' lang='lat' dir='ltr'><strong>aui-</strong></span> 
     </span>
    </p>
   </div>
   <div class='ocr_carea' id='block_1_25' title="bbox 465 2327 2042 2400">
    <p class='ocr_par' dir='ltr' id='par_1_25' title="bbox 465 2327 2042 2400">
     <span class='ocr_line' id='line_1_25' title="bbox 465 2327 2042 2400; baseline -0.007 -7"><span class='ocrx_word' id='word_1_191' title='bbox 465 2351 612 2393; x_wconf 87' lang='lat' dir='ltr'><strong>mam</strong></span> <span class='ocrx_word' id='word_1_192' title='bbox 646 2344 814 2400; x_wconf 91' lang='lat' dir='ltr'><strong>tuam,</strong></span> <span class='ocrx_word' id='word_1_193' title='bbox 850 2333 893 2388; x_wconf 92' lang='lat' dir='ltr'><strong>si</strong></span> <span class='ocrx_word' id='word_1_194' title='bbox 930 2342 1108 2387; x_wconf 88' lang='lat' dir='ltr'><strong>tamen</strong></span> <span class='ocrx_word' id='word_1_195' title='bbox 1144 2330 1380 2385; x_wconf 88' lang='lat' dir='ltr'><strong>didicisti</strong></span> <span class='ocrx_word' id='word_1_196' title='bbox 1424 2345 1453 2383; x_wconf 93' lang='lat' dir='ltr'><strong>a</strong></span> <span class='ocrx_word' id='word_1_197' title='bbox 1490 2329 1717 2384; x_wconf 89' lang='lat' dir='ltr'><strong>Domino</strong></span> <span class='ocrx_word' id='word_1_198' title='bbox 1754 2327 2042 2384; x_wconf 87' lang='lat' dir='ltr'><strong>Salvatore</strong></span> 
     </span>
    </p>
   </div>
   <div class='ocr_carea' id='block_1_26' title="bbox 465 2422 2038 2498">
    <p class='ocr_par' dir='ltr' id='par_1_26' title="bbox 465 2422 2038 2498">
     <span class='ocr_line' id='line_1_26' title="bbox 465 2422 2038 2498; baseline -0.008 -12"><span class='ocrx_word' id='word_1_199' title='bbox 465 2439 677 2496; x_wconf 87' lang='lat' dir='ltr'><strong>nostro,</strong></span> <span class='ocrx_word' id='word_1_200' title='bbox 719 2427 843 2498; x_wconf 91' lang='lat' dir='ltr'><strong>quia</strong></span> <span class='ocrx_word' id='word_1_201' title='bbox 877 2426 1025 2481; x_wconf 92' lang='lat' dir='ltr'><strong>mitis</strong></span> <span class='ocrx_word' id='word_1_202' title='bbox 1052 2434 1137 2481; x_wconf 85' lang='lat' dir='ltr'><strong>est</strong></span> <span class='ocrx_word' id='word_1_203' title='bbox 1166 2435 1220 2479; x_wconf 90' lang='lat' dir='ltr'><strong>et</strong></span> <span class='ocrx_word' id='word_1_204' title='bbox 1245 2423 1465 2480; x_wconf 86' lang='lat' dir='ltr'><strong>humilis</strong></span> <span class='ocrx_word' id='word_1_205' title='bbox 1495 2424 1663 2478; x_wconf 90' lang='lat' dir='ltr'><strong>corde</strong></span> <span class='ocrx_word' id='word_1_206' title='bbox 1708 2423 1773 2476; x_wconf 88' lang='grc'><strong>¹⁷.</strong></span> <span class='ocrx_word' id='word_1_207' title='bbox 1812 2422 2038 2489; x_wconf 85' lang='lat' dir='ltr'><strong>Quando</strong></span> 
     </span>
    </p>
   </div>
   <div class='ocr_carea' id='block_1_27' title="bbox 466 2514 2038 2592">
    <p class='ocr_par' dir='ltr' id='par_1_27' title="bbox 466 2514 2038 2592">
     <span class='ocr_line' id='line_1_27' title="bbox 466 2514 2038 2592; baseline -0.007 -14"><span class='ocrx_word' id='word_1_208' title='bbox 466 2535 599 2592; x_wconf 89' lang='lat' dir='ltr'><strong>ergo</strong></span> <span class='ocrx_word' id='word_1_209' title='bbox 624 2535 734 2577; x_wconf 91' lang='lat' dir='ltr'><strong>non</strong></span> <span class='ocrx_word' id='word_1_210' title='bbox 764 2526 849 2574; x_wconf 89' lang='lat' dir='ltr'><strong>est</strong></span> <span class='ocrx_word' id='word_1_211' title='bbox 885 2519 985 2574; x_wconf 90' lang='lat' dir='ltr'><strong>tibi</strong></span> <span class='ocrx_word' id='word_1_212' title='bbox 1015 2517 1412 2573; x_wconf 88' lang='lat' dir='ltr'><strong>humiliationis</strong></span> <span class='ocrx_word' id='word_1_213' title='bbox 1451 2515 1592 2582; x_wconf 88' lang='lat' dir='ltr'><strong>dies,</strong></span> <span class='ocrx_word' id='word_1_214' title='bbox 1638 2515 1730 2585; x_wconf 90' lang='lat' dir='ltr'><strong>qui</strong></span> <span class='ocrx_word' id='word_1_215' title='bbox 1759 2514 2038 2570; x_wconf 76' lang='lat' dir='ltr'><strong>Christum</strong></span> 
     </span>
    </p>
   </div>
   <div class='ocr_carea' id='block_1_28' title="bbox 466 2607 2044 2685">
    <p class='ocr_par' dir='ltr' id='par_1_28' title="bbox 466 2607 2044 2685">
     <span class='ocr_line' id='line_1_28' title="bbox 466 2607 2044 2685; baseline -0.007 -14"><span class='ocrx_word' id='word_1_216' title='bbox 466 2615 737 2685; x_wconf 88' lang='lat' dir='ltr'><strong>sequeris,</strong></span> <span class='ocrx_word' id='word_1_217' title='bbox 774 2614 867 2684; x_wconf 89' lang='lat' dir='ltr'><strong>qui</strong></span> <span class='ocrx_word' id='word_1_218' title='bbox 894 2620 978 2667; x_wconf 91' lang='lat' dir='ltr'><strong>est</strong></span> <span class='ocrx_word' id='word_1_219' title='bbox 1008 2611 1230 2666; x_wconf 91' lang='lat' dir='ltr'><strong>humilis</strong></span> <span class='ocrx_word' id='word_1_220' title='bbox 1253 2610 1422 2666; x_wconf 86' lang='lat' dir='ltr'><strong>corde</strong></span> <span class='ocrx_word' id='word_1_221' title='bbox 1441 2651 1456 2678; x_wconf 96' lang='lat'><strong>,</strong></span> <span class='ocrx_word' id='word_1_222' title='bbox 1486 2618 1541 2663; x_wconf 87' lang='lat' dir='ltr'><strong>et</strong></span> <span class='ocrx_word' id='word_1_223' title='bbox 1575 2607 1897 2664; x_wconf 87' lang='lat' dir='ltr'><strong>humilitatis</strong></span> <span class='ocrx_word' id='word_1_224' title='bbox 1926 2622 2044 2661; x_wconf 90' lang='lat' dir='ltr'><strong>ma-</strong></span> 
     </span>
    </p>
   </div>
   <div class='ocr_carea' id='block_1_29' title="bbox 467 2701 2038 2777">
    <p class='ocr_par' dir='ltr' id='par_1_29' title="bbox 467 2701 2038 2777">
     <span class='ocr_line' id='line_1_29' title="bbox 467 2701 2038 2777; baseline -0.004 -16"><span class='ocrx_word' id='word_1_225' title='bbox 467 2706 680 2777; x_wconf 82' lang='lat' dir='ltr'><strong>gister?</strong></span> <span class='ocrx_word' id='word_1_226' title='bbox 711 2705 789 2760; x_wconf 87' lang='lat' dir='ltr'><strong>Tu</strong></span> <span class='ocrx_word' id='word_1_227' title='bbox 825 2705 1011 2774; x_wconf 89' lang='lat' dir='ltr'><strong>itaque</strong></span> <span class='ocrx_word' id='word_1_228' title='bbox 1034 2704 1078 2758; x_wconf 89' lang='lat' dir='ltr'><strong>si</strong></span> <span class='ocrx_word' id='word_1_229' title='bbox 1108 2703 1189 2757; x_wconf 88' lang='lat' dir='ltr'><strong>vis</strong></span> <span class='ocrx_word' id='word_1_230' title='bbox 1222 2701 1493 2772; x_wconf 88' lang='lat' dir='ltr'><strong>jejunare,</strong></span> <span class='ocrx_word' id='word_1_231' title='bbox 1520 2701 1706 2774; x_wconf 91' lang='lat' dir='ltr'><strong>jejuna</strong></span> <span class='ocrx_word' id='word_1_232' title='bbox 1740 2702 2038 2757; x_wconf 87' lang='lat' dir='ltr'><strong>secundum</strong></span> 
     </span>
    </p>
   </div>
   <div class='ocr_carea' id='block_1_30' title="bbox 465 2792 2040 2871">
    <p class='ocr_par' dir='ltr' id='par_1_30' title="bbox 465 2792 2040 2871">
     <span class='ocr_line' id='line_1_30' title="bbox 465 2792 2040 2871; baseline -0.005 -16"><span class='ocrx_word' id='word_1_233' title='bbox 465 2808 792 2871; x_wconf 65' lang='lat' dir='ltr'><strong>pmceptum</strong></span> <span class='ocrx_word' id='word_1_234' title='bbox 837 2796 1141 2868; x_wconf 81' lang='lat' dir='ltr'><strong>Evangelii,</strong></span> <span class='ocrx_word' id='word_1_235' title='bbox 1173 2802 1228 2850; x_wconf 81' lang='lat' dir='ltr'><strong>et</strong></span> <span class='ocrx_word' id='word_1_236' title='bbox 1253 2796 1483 2851; x_wconf 87' lang='lat' dir='ltr'><strong>observa</strong></span> <span class='ocrx_word' id='word_1_237' title='bbox 1521 2797 1571 2848; x_wconf 92' lang='lat' dir='ltr'><strong>in</strong></span> <span class='ocrx_word' id='word_1_238' title='bbox 1601 2792 1823 2865; x_wconf 79' lang='lat' dir='ltr'><strong>jejuniis</strong></span> <span class='ocrx_word' id='word_1_239' title='bbox 1867 2810 2040 2850; x_wconf 85' lang='lat' dir='ltr'><strong>evan-</strong></span> 
     </span>
    </p>
   </div>
   <div class='ocr_carea' id='block_1_31' title="bbox 460 2887 2038 2964">
    <p class='ocr_par' dir='ltr' id='par_1_31' title="bbox 460 2887 2038 2964">
     <span class='ocr_line' id='line_1_31' title="bbox 460 2887 2038 2964; baseline -0.003 -17"><span class='ocrx_word' id='word_1_240' title='bbox 460 2891 667 2964; x_wconf 83' lang='lat' dir='ltr'><strong>gelicas</strong></span> <span class='ocrx_word' id='word_1_241' title='bbox 695 2891 861 2962; x_wconf 90' lang='lat' dir='ltr'><strong>leges,</strong></span> <span class='ocrx_word' id='word_1_242' title='bbox 889 2889 944 2943; x_wconf 94' lang='lat' dir='ltr'><strong>in</strong></span> <span class='ocrx_word' id='word_1_243' title='bbox 972 2890 1172 2960; x_wconf 89' lang='lat' dir='ltr'><strong>quibus</strong></span> <span class='ocrx_word' id='word_1_244' title='bbox 1217 2890 1321 2945; x_wconf 92' lang='lat' dir='ltr'><strong>hoc</strong></span> <span class='ocrx_word' id='word_1_245' title='bbox 1363 2887 1523 2943; x_wconf 92' lang='lat' dir='ltr'><strong>modo</strong></span> <span class='ocrx_word' id='word_1_246' title='bbox 1566 2887 1820 2944; x_wconf 86' lang='lat' dir='ltr'><strong>Salvator</strong></span> <span class='ocrx_word' id='word_1_247' title='bbox 1861 2889 1930 2944; x_wconf 92' lang='lat' dir='ltr'><strong>de</strong></span> <span class='ocrx_word' id='word_1_248' title='bbox 1958 2887 2038 2958; x_wconf 85' lang='lat' dir='ltr'><strong>je-</strong></span> 
     </span>
    </p>
   </div>
   <div class='ocr_carea' id='block_1_32' title="bbox 466 2979 2036 3051">
    <p class='ocr_par' dir='ltr' id='par_1_32' title="bbox 466 2979 2036 3051">
     <span class='ocr_line' id='line_1_32' title="bbox 466 2979 2036 3051; baseline -0.003 -15"><span class='ocrx_word' id='word_1_249' title='bbox 466 2984 631 3050; x_wconf 77' lang='lat' dir='ltr'><strong>juniis</strong></span> <span class='ocrx_word' id='word_1_250' title='bbox 657 2981 879 3037; x_wconf 89' lang='lat' dir='ltr'><strong>mandat</strong></span> <span class='ocrx_word' id='word_1_251' title='bbox 906 2980 950 3013; x_wconf 73' lang='lat'><strong>“</strong></span> <span class='ocrx_word' id='word_1_252' title='bbox 984 2998 999 3034; x_wconf 90' lang='lat'><strong>:</strong></span> <span class='ocrx_word' id='word_1_253' title='bbox 1032 2998 1051 3032; x_wconf 81' lang='grc' dir='ltr'><strong>ι</strong></span> <span class='ocrx_word' id='word_1_254' title='bbox 1091 2979 1168 3035; x_wconf 88' lang='lat' dir='ltr'><strong>Tu</strong></span> <span class='ocrx_word' id='word_1_255' title='bbox 1201 2990 1379 3037; x_wconf 88' lang='lat' dir='ltr'><strong>autem</strong></span> <span class='ocrx_word' id='word_1_256' title='bbox 1424 2980 1468 3036; x_wconf 91' lang='lat' dir='ltr'><strong>si</strong></span> <span class='ocrx_word' id='word_1_257' title='bbox 1497 2980 1734 3048; x_wconf 78' lang='lat' dir='ltr'><strong>jejunas,</strong></span> <span class='ocrx_word' id='word_1_258' title='bbox 1770 2995 1912 3051; x_wconf 87' lang='lat' dir='ltr'><strong>unge</strong></span> <span class='ocrx_word' id='word_1_259' title='bbox 1943 2994 2036 3035; x_wconf 87' lang='lat' dir='ltr'><strong>ca-</strong></span> 
     </span>
    </p>
   </div>
   <div class='ocr_carea' id='block_1_33' title="bbox 2150 488 3718 560">
    <p class='ocr_par' dir='ltr' id='par_1_33' title="bbox 2150 488 3718 560">
     <span class='ocr_line' id='line_1_33' title="bbox 2150 488 3718 560; baseline 0 -17"><span class='ocrx_word' id='word_1_260' title='bbox 2150 491 2311 545; x_wconf 68' lang='lat' dir='ltr'><strong>terris</strong></span> <span class='ocrx_word' id='word_1_261' title='bbox 2346 491 2706 560; x_wconf 84' lang='lat' dir='ltr'><strong>requirendus</strong></span> <span class='ocrx_word' id='word_1_262' title='bbox 2744 500 2848 553; x_wconf 88' lang='lat' dir='ltr'><strong>est,</strong></span> <span class='ocrx_word' id='word_1_263' title='bbox 2891 491 2982 546; x_wconf 89' lang='lat' dir='ltr'><strong>sed</strong></span> <span class='ocrx_word' id='word_1_264' title='bbox 3014 493 3065 543; x_wconf 91' lang='lat' dir='ltr'><strong>in</strong></span> <span class='ocrx_word' id='word_1_265' title='bbox 3098 490 3285 555; x_wconf 64' lang='lat' dir='ltr'><strong>caelis,</strong></span> <span class='ocrx_word' id='word_1_266' title='bbox 3330 499 3386 542; x_wconf 87' lang='lat' dir='ltr'><strong>et</strong></span> <span class='ocrx_word' id='word_1_267' title='bbox 3413 504 3511 559; x_wconf 88' lang='lat' dir='ltr'><strong>per</strong></span> <span class='ocrx_word' id='word_1_268' title='bbox 3544 488 3718 558; x_wconf 89' lang='lat' dir='ltr'><strong>ipsum</strong></span> 
     </span>
    </p>
   </div>
   <div class='ocr_carea' id='block_1_34' title="bbox 2147 574 3716 639">
    <p class='ocr_par' dir='ltr' id='par_1_34' title="bbox 2147 574 3716 639">
     <span class='ocr_line' id='line_1_34' title="bbox 2147 574 3716 639; baseline -0.001 -2"><span class='ocrx_word' id='word_1_269' title='bbox 2147 584 2308 638; x_wconf 85' lang='lat' dir='ltr'><strong>debes</strong></span> <span class='ocrx_word' id='word_1_270' title='bbox 2339 582 2537 638; x_wconf 76' lang='lat' dir='ltr'><strong>oﬁ‘errc</strong></span> <span class='ocrx_word' id='word_1_271' title='bbox 2560 574 2791 639; x_wconf 83' lang='lat' dir='ltr'><strong>hostiam</strong></span> <span class='ocrx_word' id='word_1_272' title='bbox 2822 585 2949 637; x_wconf 89' lang='lat' dir='ltr'><strong>Deo.</strong></span> <span class='ocrx_word' id='word_1_273' title='bbox 2977 581 3070 636; x_wconf 80' lang='lat' dir='ltr'><strong>Vis</strong></span> <span class='ocrx_word' id='word_1_274' title='bbox 3098 581 3194 635; x_wconf 87' lang='lat' dir='ltr'><strong>tibi</strong></span> <span class='ocrx_word' id='word_1_275' title='bbox 3225 581 3400 635; x_wconf 90' lang='lat' dir='ltr'><strong>adhuc</strong></span> <span class='ocrx_word' id='word_1_276' title='bbox 3436 584 3716 635; x_wconf 90' lang='lat' dir='ltr'><strong>ostendam</strong></span> 
     </span>
    </p>
   </div>
   <div class='ocr_carea' id='block_1_35' title="bbox 2146 668 3719 744">
    <p class='ocr_par' dir='ltr' id='par_1_35' title="bbox 2146 668 3719 744">
     <span class='ocr_line' id='line_1_35' title="bbox 2146 668 3719 744; baseline -0.002 -17"><span class='ocrx_word' id='word_1_277' title='bbox 2146 675 2305 743; x_wconf 86' lang='lat' dir='ltr'><strong>quale</strong></span> <span class='ocrx_word' id='word_1_278' title='bbox 2353 683 2404 729; x_wconf 90' lang='lat' dir='ltr'><strong>te</strong></span> <span class='ocrx_word' id='word_1_279' title='bbox 2467 685 2682 744; x_wconf 87' lang='lat' dir='ltr'><strong>oportet</strong></span> <span class='ocrx_word' id='word_1_280' title='bbox 2749 673 2998 744; x_wconf 81' lang='lat' dir='ltr'><strong>jejunare</strong></span> <span class='ocrx_word' id='word_1_281' title='bbox 3050 669 3363 740; x_wconf 79' lang='lat' dir='ltr'><strong>jejunium?</strong></span> <span class='ocrx_word' id='word_1_282' title='bbox 3408 668 3597 737; x_wconf 79' lang='lat' dir='ltr'><strong>Jejuna</strong></span> <span class='ocrx_word' id='word_1_283' title='bbox 3648 671 3719 724; x_wconf 88' lang='lat' dir='ltr'><strong>ab</strong></span> 
     </span>
    </p>
   </div>
   <div class='ocr_carea' id='block_1_36' title="bbox 2146 762 3721 836">
    <p class='ocr_par' dir='ltr' id='par_1_36' title="bbox 2146 762 3721 836">
     <span class='ocr_line' id='line_1_36' title="bbox 2146 762 3721 836; baseline -0.004 -13"><span class='ocrx_word' id='word_1_284' title='bbox 2146 769 2289 823; x_wconf 91' lang='lat' dir='ltr'><strong>omni</strong></span> <span class='ocrx_word' id='word_1_285' title='bbox 2326 777 2568 836; x_wconf 87' lang='lat' dir='ltr'><strong>peccato,</strong></span> <span class='ocrx_word' id='word_1_286' title='bbox 2616 769 2822 823; x_wconf 88' lang='lat' dir='ltr'><strong>nullmu</strong></span> <span class='ocrx_word' id='word_1_287' title='bbox 2853 767 3031 822; x_wconf 86' lang='lat' dir='ltr'><strong>cibum</strong></span> <span class='ocrx_word' id='word_1_288' title='bbox 3061 781 3244 820; x_wconf 90' lang='lat' dir='ltr'><strong>sumas</strong></span> <span class='ocrx_word' id='word_1_289' title='bbox 3272 762 3511 830; x_wconf 54' lang='lat' dir='ltr'><strong>malitias,</strong></span> <span class='ocrx_word' id='word_1_290' title='bbox 3541 762 3721 816; x_wconf 88' lang='lat' dir='ltr'><strong>nullas</strong></span> 
     </span>
    </p>
   </div>
   <div class='ocr_carea' id='block_1_37' title="bbox 2146 856 3720 930">
    <p class='ocr_par' dir='ltr' id='par_1_37' title="bbox 2146 856 3720 930">
     <span class='ocr_line' id='line_1_37' title="bbox 2146 856 3720 930; baseline -0.004 -16"><span class='ocrx_word' id='word_1_291' title='bbox 2146 860 2331 928; x_wconf 87' lang='lat' dir='ltr'><strong>capias</strong></span> <span class='ocrx_word' id='word_1_292' title='bbox 2385 860 2570 928; x_wconf 75' lang='lat' dir='ltr'><strong>epulas</strong></span> <span class='ocrx_word' id='word_1_293' title='bbox 2616 860 2931 930; x_wconf 85' lang='lat' dir='ltr'><strong>voluptatis,</strong></span> <span class='ocrx_word' id='word_1_294' title='bbox 2980 858 3126 915; x_wconf 90' lang='lat' dir='ltr'><strong>nullo</strong></span> <span class='ocrx_word' id='word_1_295' title='bbox 3155 859 3283 913; x_wconf 91' lang='lat' dir='ltr'><strong>vino</strong></span> <span class='ocrx_word' id='word_1_296' title='bbox 3318 856 3547 911; x_wconf 70' lang='lat' dir='ltr'><strong>luxuriae</strong></span> <span class='ocrx_word' id='word_1_297' title='bbox 3586 870 3720 909; x_wconf 92' lang='lat' dir='ltr'><strong>con—</strong></span> 
     </span>
    </p>
   </div>
   <div class='ocr_carea' id='block_1_38' title="bbox 2147 949 3721 1025">
    <p class='ocr_par' dir='ltr' id='par_1_38' title="bbox 2147 949 3721 1025">
     <span class='ocr_line' id='line_1_38' title="bbox 2147 949 3721 1025; baseline -0.001 -19"><span class='ocrx_word' id='word_1_298' title='bbox 2147 953 2404 1008; x_wconf 81' lang='lat' dir='ltr'><strong>calescas.</strong></span> <span class='ocrx_word' id='word_1_299' title='bbox 2438 952 2628 1025; x_wconf 85' lang='lat' dir='ltr'><strong>Jejuna</strong></span> <span class='ocrx_word' id='word_1_300' title='bbox 2673 970 2700 1008; x_wconf 93' lang='lat' dir='ltr'><strong>a</strong></span> <span class='ocrx_word' id='word_1_301' title='bbox 2757 954 2913 1010; x_wconf 90' lang='lat' dir='ltr'><strong>malis</strong></span> <span class='ocrx_word' id='word_1_302' title='bbox 2964 955 3201 1021; x_wconf 87' lang='lat' dir='ltr'><strong>actibus,</strong></span> <span class='ocrx_word' id='word_1_303' title='bbox 3248 951 3458 1007; x_wconf 90' lang='lat' dir='ltr'><strong>abstine</strong></span> <span class='ocrx_word' id='word_1_304' title='bbox 3498 965 3527 1003; x_wconf 91' lang='lat' dir='ltr'><strong>a</strong></span> <span class='ocrx_word' id='word_1_305' title='bbox 3560 949 3721 1005; x_wconf 77' lang='lat' dir='ltr'><strong>malis</strong></span> 
     </span>
    </p>
   </div>
   <div class='ocr_carea' id='block_1_39' title="bbox 2147 1028 3720 1114">
    <p class='ocr_par' dir='ltr' id='par_1_39' title="bbox 2147 1028 3720 1114">
     <span class='ocr_line' id='line_1_39' title="bbox 2147 1028 3720 1114; baseline 0.001 -19"><span class='ocrx_word' id='word_1_306' title='bbox 2147 1044 2510 1109; x_wconf 84' lang='lat' dir='ltr'><strong>sermonibus,</strong></span> <span class='ocrx_word' id='word_1_307' title='bbox 2564 1045 2781 1099; x_wconf 88' lang='lat' dir='ltr'><strong>contine</strong></span> <span class='ocrx_word' id='word_1_308' title='bbox 2821 1056 2872 1099; x_wconf 92' lang='lat' dir='ltr'><strong>te</strong></span> <span class='ocrx_word' id='word_1_309' title='bbox 2911 1057 2941 1098; x_wconf 86' lang='lat' dir='ltr'><strong>a</strong></span> <span class='ocrx_word' id='word_1_310' title='bbox 2990 1042 3411 1114; x_wconf 77' lang='lat' dir='ltr'><strong>cogitationibus</strong></span> <span class='ocrx_word' id='word_1_311' title='bbox 3439 1028 3720 1112; x_wconf 83' lang='lat' dir='ltr'><strong>pessimis.</strong></span> 
     </span>
    </p>
   </div>
   <div class='ocr_carea' id='block_1_40' title="bbox 2149 1132 3718 1206">
    <p class='ocr_par' dir='ltr' id='par_1_40' title="bbox 2149 1132 3718 1206">
     <span class='ocr_line' id='line_1_40' title="bbox 2149 1132 3718 1206; baseline 0.001 -20"><span class='ocrx_word' id='word_1_312' title='bbox 2149 1132 2264 1188; x_wconf 78' lang='lat' dir='ltr'><strong>Noli</strong></span> <span class='ocrx_word' id='word_1_313' title='bbox 2302 1136 2616 1206; x_wconf 86' lang='lat' dir='ltr'><strong>contingere</strong></span> <span class='ocrx_word' id='word_1_314' title='bbox 2655 1151 2822 1206; x_wconf 89' lang='lat' dir='ltr'><strong>panes</strong></span> <span class='ocrx_word' id='word_1_315' title='bbox 2869 1133 3099 1191; x_wconf 75' lang='lat' dir='ltr'><strong>furtivos</strong></span> <span class='ocrx_word' id='word_1_316' title='bbox 3131 1148 3400 1206; x_wconf 77' lang='lat' dir='ltr'><strong>perversae</strong></span> <span class='ocrx_word' id='word_1_317' title='bbox 3431 1134 3718 1189; x_wconf 62' lang='lat' dir='ltr'><strong>doctrinm.</strong></span> 
     </span>
    </p>
   </div>
   <div class='ocr_carea' id='block_1_41' title="bbox 2147 1224 3718 1298">
    <p class='ocr_par' dir='ltr' id='par_1_41' title="bbox 2147 1224 3718 1298">
     <span class='ocr_line' id='line_1_41' title="bbox 2147 1224 3718 1298; baseline 0 -19"><span class='ocrx_word' id='word_1_318' title='bbox 2147 1224 2262 1280; x_wconf 85' lang='lat' dir='ltr'><strong>Non</strong></span> <span class='ocrx_word' id='word_1_319' title='bbox 2301 1229 2655 1297; x_wconf 85' lang='lat' dir='ltr'><strong>concupiscas</strong></span> <span class='ocrx_word' id='word_1_320' title='bbox 2706 1227 2929 1283; x_wconf 81' lang='lat' dir='ltr'><strong>fallaces</strong></span> <span class='ocrx_word' id='word_1_321' title='bbox 2971 1227 3325 1298; x_wconf 68' lang='lat' dir='ltr'><strong>philosophiae</strong></span> <span class='ocrx_word' id='word_1_322' title='bbox 3377 1226 3569 1291; x_wconf 89' lang='lat' dir='ltr'><strong>cibos,</strong></span> <span class='ocrx_word' id='word_1_323' title='bbox 3622 1229 3718 1295; x_wconf 90' lang='lat' dir='ltr'><strong>qui</strong></span> 
     </span>
    </p>
   </div>
   <div class='ocr_carea' id='block_1_42' title="bbox 2149 1319 3715 1391">
    <p class='ocr_par' dir='ltr' id='par_1_42' title="bbox 2149 1319 3715 1391">
     <span class='ocr_line' id='line_1_42' title="bbox 2149 1319 3715 1391; baseline 0.001 -20"><span class='ocrx_word' id='word_1_324' title='bbox 2149 1328 2199 1372; x_wconf 88' lang='lat' dir='ltr'><strong>te</strong></span> <span class='ocrx_word' id='word_1_325' title='bbox 2227 1334 2255 1372; x_wconf 90' lang='lat' dir='ltr'><strong>a</strong></span> <span class='ocrx_word' id='word_1_326' title='bbox 2290 1320 2519 1375; x_wconf 87' lang='lat' dir='ltr'><strong>veritate</strong></span> <span class='ocrx_word' id='word_1_327' title='bbox 2549 1321 2833 1376; x_wconf 91' lang='lat' dir='ltr'><strong>seducant.</strong></span> <span class='ocrx_word' id='word_1_328' title='bbox 2883 1320 3015 1377; x_wconf 86' lang='lat' dir='ltr'><strong>Tale</strong></span> <span class='ocrx_word' id='word_1_329' title='bbox 3062 1319 3328 1391; x_wconf 75' lang='lat' dir='ltr'><strong>jejunium</strong></span> <span class='ocrx_word' id='word_1_330' title='bbox 3369 1320 3481 1375; x_wconf 86' lang='lat' dir='ltr'><strong>Deo</strong></span> <span class='ocrx_word' id='word_1_331' title='bbox 3516 1320 3715 1389; x_wconf 84' lang='lat' dir='ltr'><strong>placet.</strong></span> 
     </span>
    </p>
   </div>
   <div class='ocr_carea' id='block_1_43' title="bbox 2146 1410 3719 1482">
    <p class='ocr_par' dir='ltr' id='par_1_43' title="bbox 2146 1410 3719 1482">
     <span class='ocr_line' id='line_1_43' title="bbox 2146 1410 3719 1482; baseline 0.001 -19"><span class='ocrx_word' id='word_1_332' title='bbox 2146 1410 2435 1465; x_wconf 85' lang='lat' dir='ltr'><strong>Abstinere</strong></span> <span class='ocrx_word' id='word_1_333' title='bbox 2462 1426 2591 1467; x_wconf 91' lang='lat' dir='ltr'><strong>vero</strong></span> <span class='ocrx_word' id='word_1_334' title='bbox 2614 1426 2644 1465; x_wconf 92' lang='lat' dir='ltr'><strong>a</strong></span> <span class='ocrx_word' id='word_1_335' title='bbox 2670 1413 2833 1476; x_wconf 91' lang='lat' dir='ltr'><strong>cibis,</strong></span> <span class='ocrx_word' id='word_1_336' title='bbox 2868 1426 3004 1482; x_wconf 91' lang='lat' dir='ltr'><strong>quos</strong></span> <span class='ocrx_word' id='word_1_337' title='bbox 3047 1413 3190 1468; x_wconf 85' lang='lat' dir='ltr'><strong>Deus</strong></span> <span class='ocrx_word' id='word_1_338' title='bbox 3221 1414 3468 1477; x_wconf 86' lang='lat' dir='ltr'><strong>creavit,</strong></span> <span class='ocrx_word' id='word_1_339' title='bbox 3498 1412 3564 1466; x_wconf 90' lang='lat' dir='ltr'><strong>ad</strong></span> <span class='ocrx_word' id='word_1_340' title='bbox 3592 1427 3719 1480; x_wconf 85' lang='lat' dir='ltr'><strong>per—</strong></span> 
     </span>
    </p>
   </div>
   <div class='ocr_carea' id='block_1_44' title="bbox 2145 1501 3719 1573">
    <p class='ocr_par' dir='ltr' id='par_1_44' title="bbox 2145 1501 3719 1573">
     <span class='ocr_line' id='line_1_44' title="bbox 2145 1501 3719 1573; baseline 0 -17"><span class='ocrx_word' id='word_1_341' title='bbox 2145 1501 2460 1571; x_wconf 89' lang='lat' dir='ltr'><strong>cipiendum</strong></span> <span class='ocrx_word' id='word_1_342' title='bbox 2499 1516 2626 1557; x_wconf 90' lang='lat' dir='ltr'><strong>cum</strong></span> <span class='ocrx_word' id='word_1_343' title='bbox 2669 1503 2967 1573; x_wconf 79' lang='lat' dir='ltr'><strong>gratiarum</strong></span> <span class='ocrx_word' id='word_1_344' title='bbox 2994 1503 3205 1559; x_wconf 89' lang='lat' dir='ltr'><strong>actione</strong></span> <span class='ocrx_word' id='word_1_345' title='bbox 3232 1502 3500 1569; x_wconf 86' lang='lat' dir='ltr'><strong>ﬁdelibus,</strong></span> <span class='ocrx_word' id='word_1_346' title='bbox 3529 1513 3583 1558; x_wconf 90' lang='lat' dir='ltr'><strong>et</strong></span> <span class='ocrx_word' id='word_1_347' title='bbox 3614 1504 3719 1557; x_wconf 90' lang='lat' dir='ltr'><strong>hoc</strong></span> 
     </span>
    </p>
   </div>
   <div class='ocr_carea' id='block_1_45' title="bbox 2146 1593 3716 1665">
    <p class='ocr_par' dir='ltr' id='par_1_45' title="bbox 2146 1593 3716 1665">
     <span class='ocr_line' id='line_1_45' title="bbox 2146 1593 3716 1665; baseline 0.003 -17"><span class='ocrx_word' id='word_1_348' title='bbox 2146 1594 2329 1648; x_wconf 79' lang='lat' dir='ltr'><strong>facere</strong></span> <span class='ocrx_word' id='word_1_349' title='bbox 2363 1608 2487 1648; x_wconf 93' lang='lat' dir='ltr'><strong>cum</strong></span> <span class='ocrx_word' id='word_1_350' title='bbox 2524 1594 2611 1650; x_wconf 91' lang='lat' dir='ltr'><strong>his</strong></span> <span class='ocrx_word' id='word_1_351' title='bbox 2656 1596 2749 1664; x_wconf 93' lang='lat' dir='ltr'><strong>qui</strong></span> <span class='ocrx_word' id='word_1_352' title='bbox 2781 1593 3060 1651; x_wconf 90' lang='lat' dir='ltr'><strong>Christum</strong></span> <span class='ocrx_word' id='word_1_353' title='bbox 3094 1596 3507 1665; x_wconf 84' lang='lat' dir='ltr'><strong>cruciﬁxerunt,</strong></span> <span class='ocrx_word' id='word_1_354' title='bbox 3551 1612 3716 1653; x_wconf 90' lang='lat' dir='ltr'><strong>acce-</strong></span> 
     </span>
    </p>
   </div>
   <div class='ocr_carea' id='block_1_46' title="bbox 2146 1686 3719 1760">
    <p class='ocr_par' dir='ltr' id='par_1_46' title="bbox 2146 1686 3719 1760">
     <span class='ocr_line' id='line_1_46' title="bbox 2146 1686 3719 1760; baseline 0.003 -22"><span class='ocrx_word' id='word_1_355' title='bbox 2146 1694 2294 1754; x_wconf 92' lang='lat' dir='ltr'><strong>ptum</strong></span> <span class='ocrx_word' id='word_1_356' title='bbox 2332 1699 2451 1739; x_wconf 90' lang='lat' dir='ltr'><strong>esse</strong></span> <span class='ocrx_word' id='word_1_357' title='bbox 2477 1700 2584 1739; x_wconf 91' lang='lat' dir='ltr'><strong>non</strong></span> <span class='ocrx_word' id='word_1_358' title='bbox 2609 1695 2788 1754; x_wconf 89' lang='lat' dir='ltr'><strong>potest</strong></span> <span class='ocrx_word' id='word_1_359' title='bbox 2814 1686 2947 1743; x_wconf 88' lang='lat' dir='ltr'><strong>Deo.</strong></span> <span class='ocrx_word' id='word_1_360' title='bbox 2975 1687 3241 1760; x_wconf 87' lang='lat' dir='ltr'><strong>lndignati</strong></span> <span class='ocrx_word' id='word_1_361' title='bbox 3271 1697 3397 1745; x_wconf 91' lang='lat' dir='ltr'><strong>sunt</strong></span> <span class='ocrx_word' id='word_1_362' title='bbox 3426 1689 3719 1759; x_wconf 79' lang='lat' dir='ltr'><strong>aliquando</strong></span> 
     </span>
    </p>
   </div>
   <div class='ocr_carea' id='block_1_47' title="bbox 2143 1776 3820 1852">
    <p class='ocr_par' dir='ltr' id='par_1_47' title="bbox 2143 1776 3820 1852">
     <span class='ocr_line' id='line_1_47' title="bbox 2143 1776 3820 1852; baseline 0.002 -22"><span class='ocrx_word' id='word_1_363' title='bbox 2143 1785 2196 1830; x_wconf 92' lang='lat' dir='ltr'><strong>et</strong></span> <span class='ocrx_word' id='word_1_364' title='bbox 2220 1776 2476 1832; x_wconf 71' lang='lat' dir='ltr'><strong>Pharisaai</strong></span> <span class='ocrx_word' id='word_1_365' title='bbox 2523 1778 2773 1843; x_wconf 87' lang='lat' dir='ltr'><strong>Domino,</strong></span> <span class='ocrx_word' id='word_1_366' title='bbox 2821 1795 2923 1835; x_wconf 84' lang='lat' dir='ltr'><strong>cur</strong></span> <span class='ocrx_word' id='word_1_367' title='bbox 2969 1796 3079 1837; x_wconf 93' lang='lat' dir='ltr'><strong>non</strong></span> <span class='ocrx_word' id='word_1_368' title='bbox 3121 1780 3428 1852; x_wconf 89' lang='lat' dir='ltr'><strong>jejunarent</strong></span> <span class='ocrx_word' id='word_1_369' title='bbox 3454 1780 3716 1850; x_wconf 87' lang='lat' dir='ltr'><strong>discipuli</strong></span> <span class='ocrx_word' id='word_1_370' title='bbox 3815 1838 3820 1847; x_wconf 52' lang='grc'><strong>,</strong></span> 
     </span>
    </p>
   </div>
   <div class='ocr_carea' id='block_1_48' title="bbox 2142 1869 3717 1945">
    <p class='ocr_par' dir='ltr' id='par_1_48' title="bbox 2142 1869 3717 1945">
     <span class='ocr_line' id='line_1_48' title="bbox 2142 1869 3717 1945; baseline 0.004 -21"><span class='ocrx_word' id='word_1_371' title='bbox 2142 1870 2280 1940; x_wconf 88' lang='lat' dir='ltr'><strong>ejus.</strong></span> <span class='ocrx_word' id='word_1_372' title='bbox 2311 1869 2520 1936; x_wconf 86' lang='lat' dir='ltr'><strong>Quibus</strong></span> <span class='ocrx_word' id='word_1_373' title='bbox 2567 1872 2655 1926; x_wconf 84' lang='lat' dir='ltr'><strong>ille</strong></span> <span class='ocrx_word' id='word_1_374' title='bbox 2690 1874 2999 1944; x_wconf 85' lang='lat' dir='ltr'><strong>respondit,</strong></span> <span class='ocrx_word' id='word_1_375' title='bbox 3042 1876 3170 1944; x_wconf 90' lang='lat' dir='ltr'><strong>quia</strong></span> <span class='ocrx_word' id='word_1_376' title='bbox 3219 1890 3326 1929; x_wconf 92' lang='lat' dir='ltr'><strong>non</strong></span> <span class='ocrx_word' id='word_1_377' title='bbox 3365 1887 3589 1945; x_wconf 82' lang='lat' dir='ltr'><strong>possunt</strong></span> <span class='ocrx_word' id='word_1_378' title='bbox 3616 1876 3717 1930; x_wconf 84' lang='lat' dir='ltr'><strong>lilii</strong></span> 
     </span>
    </p>
   </div>
   <div class='ocr_carea' id='block_1_49' title="bbox 2141 1963 3706 2038">
    <p class='ocr_par' dir='ltr' id='par_1_49' title="bbox 2141 1963 3706 2038">
     <span class='ocr_line' id='line_1_49' title="bbox 2141 1963 3706 2038; baseline 0.003 -20"><span class='ocrx_word' id='word_1_379' title='bbox 2141 1966 2323 2031; x_wconf 90' lang='lat' dir='ltr'><strong>sponsi</strong></span> <span class='ocrx_word' id='word_1_380' title='bbox 2354 1963 2607 2032; x_wconf 87' lang='lat' dir='ltr'><strong>jejuuare</strong></span> <span class='ocrx_word' id='word_1_381' title='bbox 2647 1969 2887 2035; x_wconf 64' lang='lat' dir='ltr'><strong>quand-iu</strong></span> <span class='ocrx_word' id='word_1_382' title='bbox 2930 1981 3052 2022; x_wconf 92' lang='lat' dir='ltr'><strong>cum</strong></span> <span class='ocrx_word' id='word_1_383' title='bbox 3086 1969 3218 2037; x_wconf 89' lang='lat' dir='ltr'><strong>ipsis</strong></span> <span class='ocrx_word' id='word_1_384' title='bbox 3256 1981 3341 2023; x_wconf 73' lang='grc' dir='ltr'><strong>εει</strong></span> <span class='ocrx_word' id='word_1_385' title='bbox 3386 1984 3618 2038; x_wconf 81' lang='lat' dir='ltr'><strong>sponsus</strong></span> <span class='ocrx_word' id='word_1_386' title='bbox 3641 1969 3706 2022; x_wconf 75' lang='lat'><strong>&quot;.</strong></span> 
     </span>
    </p>
   </div>
   <div class='ocr_carea' id='block_1_50' title="bbox 2143 2056 3717 2130">
    <p class='ocr_par' dir='ltr' id='par_1_50' title="bbox 2143 2056 3717 2130">
     <span class='ocr_line' id='line_1_50' title="bbox 2143 2056 3717 2130; baseline 0.003 -20"><span class='ocrx_word' id='word_1_387' title='bbox 2143 2056 2222 2110; x_wconf 91' lang='lat' dir='ltr'><strong>llli</strong></span> <span class='ocrx_word' id='word_1_388' title='bbox 2274 2070 2406 2125; x_wconf 85' lang='lat' dir='ltr'><strong>ergo</strong></span> <span class='ocrx_word' id='word_1_389' title='bbox 2445 2056 2692 2127; x_wconf 89' lang='lat' dir='ltr'><strong>jejunent</strong></span> <span class='ocrx_word' id='word_1_390' title='bbox 2726 2062 2820 2127; x_wconf 91' lang='lat' dir='ltr'><strong>qui</strong></span> <span class='ocrx_word' id='word_1_391' title='bbox 2869 2060 3219 2129; x_wconf 89' lang='lat' dir='ltr'><strong>perdiderunt</strong></span> <span class='ocrx_word' id='word_1_392' title='bbox 3261 2074 3557 2130; x_wconf 82' lang='lat' dir='ltr'><strong>sponsum,</strong></span> <span class='ocrx_word' id='word_1_393' title='bbox 3611 2075 3717 2115; x_wconf 88' lang='lat' dir='ltr'><strong>nos</strong></span> 
     </span>
    </p>
   </div>
   <div class='ocr_carea' id='block_1_51' title="bbox 2143 2149 3708 2222">
    <p class='ocr_par' dir='ltr' id='par_1_51' title="bbox 2143 2149 3708 2222">
     <span class='ocr_line' id='line_1_51' title="bbox 2143 2149 3708 2222; baseline 0.003 -19"><span class='ocrx_word' id='word_1_394' title='bbox 2143 2149 2403 2205; x_wconf 88' lang='lat' dir='ltr'><strong>habentes</strong></span> <span class='ocrx_word' id='word_1_395' title='bbox 2424 2150 2704 2206; x_wconf 90' lang='lat' dir='ltr'><strong>nobiscum</strong></span> <span class='ocrx_word' id='word_1_396' title='bbox 2728 2165 2983 2222; x_wconf 89' lang='lat' dir='ltr'><strong>sponsum</strong></span> <span class='ocrx_word' id='word_1_397' title='bbox 3003 2149 3251 2221; x_wconf 86' lang='lat' dir='ltr'><strong>jejunare</strong></span> <span class='ocrx_word' id='word_1_398' title='bbox 3272 2168 3377 2208; x_wconf 89' lang='lat' dir='ltr'><strong>non</strong></span> <span class='ocrx_word' id='word_1_399' title='bbox 3400 2167 3708 2222; x_wconf 83' lang='lat' dir='ltr'><strong>possumus.</strong></span> 
     </span>
    </p>
   </div>
   <div class='ocr_carea' id='block_1_52' title="bbox 2141 2223 3713 2312">
    <p class='ocr_par' dir='ltr' id='par_1_52' title="bbox 2141 2223 3713 2312">
     <span class='ocr_line' id='line_1_52' title="bbox 2141 2223 3713 2312; baseline 0.004 -17"><span class='ocrx_word' id='word_1_400' title='bbox 2141 2241 2253 2296; x_wconf 78' lang='lat' dir='ltr'><strong>Nec</strong></span> <span class='ocrx_word' id='word_1_401' title='bbox 2279 2242 2383 2297; x_wconf 92' lang='lat' dir='ltr'><strong>hoc</strong></span> <span class='ocrx_word' id='word_1_402' title='bbox 2415 2251 2598 2298; x_wconf 92' lang='lat' dir='ltr'><strong>tamen</strong></span> <span class='ocrx_word' id='word_1_403' title='bbox 2631 2243 2755 2299; x_wconf 88' lang='lat' dir='ltr'><strong>ideo</strong></span> <span class='ocrx_word' id='word_1_404' title='bbox 2781 2223 3032 2312; x_wconf 80' lang='lat' dir='ltr'><strong>dicimus,</strong></span> <span class='ocrx_word' id='word_1_405' title='bbox 3070 2253 3132 2299; x_wconf 92' lang='lat' dir='ltr'><strong>ut</strong></span> <span class='ocrx_word' id='word_1_406' title='bbox 3183 2246 3524 2300; x_wconf 70' lang='lat' dir='ltr'><strong>abstinentia:</strong></span> <span class='ocrx_word' id='word_1_407' title='bbox 3551 2246 3713 2301; x_wconf 83' lang='lat' dir='ltr'><strong>Chri-</strong></span> 
     </span>
    </p>
   </div>
   <div class='ocr_carea' id='block_1_53' title="bbox 2142 2333 3716 2417">
    <p class='ocr_par' dir='ltr' id='par_1_53' title="bbox 2142 2333 3716 2417">
     <span class='ocr_line' id='line_1_53' title="bbox 2142 2333 3716 2417; baseline 0.003 -29"><span class='ocrx_word' id='word_1_408' title='bbox 2142 2334 2339 2389; x_wconf 73' lang='lat' dir='ltr'><strong>Stianm</strong></span> <span class='ocrx_word' id='word_1_409' title='bbox 2372 2334 2528 2390; x_wconf 84' lang='lat' dir='ltr'><strong>frena</strong></span> <span class='ocrx_word' id='word_1_410' title='bbox 2560 2334 2827 2417; x_wconf 77' lang='lat' dir='ltr'><strong>laxemus.</strong></span> <span class='ocrx_word' id='word_1_411' title='bbox 2882 2333 3156 2390; x_wconf 85' lang='lat' dir='ltr'><strong>Habemus</strong></span> <span class='ocrx_word' id='word_1_412' title='bbox 3189 2336 3330 2390; x_wconf 91' lang='lat' dir='ltr'><strong>enim</strong></span> <span class='ocrx_word' id='word_1_413' title='bbox 3362 2337 3716 2408; x_wconf 82' lang='lat' dir='ltr'><strong>quadragesi-</strong></span> 
     </span>
    </p>
   </div>
   <div class='ocr_carea' id='block_1_54' title="bbox 2141 2426 3708 2500">
    <p class='ocr_par' dir='ltr' id='par_1_54' title="bbox 2141 2426 3708 2500">
     <span class='ocr_line' id='line_1_54' title="bbox 2141 2426 3708 2500; baseline 0 -16"><span class='ocrx_word' id='word_1_414' title='bbox 2141 2444 2244 2485; x_wconf 68' lang='lat' dir='ltr'><strong>ma:</strong></span> <span class='ocrx_word' id='word_1_415' title='bbox 2287 2429 2404 2485; x_wconf 90' lang='lat' dir='ltr'><strong>dies</strong></span> <span class='ocrx_word' id='word_1_416' title='bbox 2447 2427 2673 2500; x_wconf 90' lang='lat' dir='ltr'><strong>jejuniis</strong></span> <span class='ocrx_word' id='word_1_417' title='bbox 2730 2438 3099 2484; x_wconf 88' lang='lat' dir='ltr'><strong>consecratos.</strong></span> <span class='ocrx_word' id='word_1_418' title='bbox 3141 2426 3415 2484; x_wconf 86' lang='lat' dir='ltr'><strong>Habemus</strong></span> <span class='ocrx_word' id='word_1_419' title='bbox 3459 2441 3708 2499; x_wconf 89' lang='lat' dir='ltr'><strong>quartam</strong></span> 
     </span>
    </p>
   </div>
   <div class='ocr_carea' id='block_1_55' title="bbox 2140 2519 3709 2593">
    <p class='ocr_par' dir='ltr' id='par_1_55' title="bbox 2140 2519 3709 2593">
     <span class='ocr_line' id='line_1_55' title="bbox 2140 2519 3709 2593; baseline 0 -16"><span class='ocrx_word' id='word_1_420' title='bbox 2140 2531 2196 2577; x_wconf 90' lang='lat' dir='ltr'><strong>et</strong></span> <span class='ocrx_word' id='word_1_421' title='bbox 2216 2530 2425 2577; x_wconf 76' lang='lat' dir='ltr'><strong>sextam</strong></span> <span class='ocrx_word' id='word_1_422' title='bbox 2454 2521 2768 2589; x_wconf 68' lang='lat' dir='ltr'><strong>septimanae</strong></span> <span class='ocrx_word' id='word_1_423' title='bbox 2815 2523 2950 2586; x_wconf 91' lang='lat' dir='ltr'><strong>dies,</strong></span> <span class='ocrx_word' id='word_1_424' title='bbox 3002 2519 3203 2592; x_wconf 89' lang='lat' dir='ltr'><strong>quibus</strong></span> <span class='ocrx_word' id='word_1_425' title='bbox 3229 2521 3544 2579; x_wconf 85' lang='lat' dir='ltr'><strong>solemuiter</strong></span> <span class='ocrx_word' id='word_1_426' title='bbox 3568 2523 3709 2593; x_wconf 87' lang='lat' dir='ltr'><strong>jeju-</strong></span> 
     </span>
    </p>
   </div>
   <div class='ocr_carea' id='block_1_56' title="bbox 2142 2607 3708 2689">
    <p class='ocr_par' dir='ltr' id='par_1_56' title="bbox 2142 2607 3708 2689">
     <span class='ocr_line' id='line_1_56' title="bbox 2142 2607 3708 2689; baseline 0.004 -22"><span class='ocrx_word' id='word_1_427' title='bbox 2142 2627 2338 2667; x_wconf 90' lang='lat' dir='ltr'><strong>namus</strong></span> <span class='ocrx_word' id='word_1_428' title='bbox 2362 2610 2496 2685; x_wconf 77' lang='grc'><strong>(85).</strong></span> <span class='ocrx_word' id='word_1_429' title='bbox 2530 2612 2625 2669; x_wconf 78' lang='lat' dir='ltr'><strong>Est</strong></span> <span class='ocrx_word' id='word_1_430' title='bbox 2647 2624 2796 2670; x_wconf 88' lang='lat' dir='ltr'><strong>certe</strong></span> <span class='ocrx_word' id='word_1_431' title='bbox 2823 2607 3049 2671; x_wconf 87' lang='lat' dir='ltr'><strong>libertas</strong></span> <span class='ocrx_word' id='word_1_432' title='bbox 3076 2616 3390 2674; x_wconf 85' lang='lat' dir='ltr'><strong>Christiano</strong></span> <span class='ocrx_word' id='word_1_433' title='bbox 3419 2633 3519 2689; x_wconf 92' lang='lat' dir='ltr'><strong>per</strong></span> <span class='ocrx_word' id='word_1_434' title='bbox 3547 2635 3708 2674; x_wconf 82' lang='lat' dir='ltr'><strong>omne</strong></span> 
     </span>
    </p>
   </div>
   <div class='ocr_carea' id='block_1_57' title="bbox 2143 2703 3707 2780">
    <p class='ocr_par' dir='ltr' id='par_1_57' title="bbox 2143 2703 3707 2780">
     <span class='ocr_line' id='line_1_57' title="bbox 2143 2703 3707 2780; baseline 0.006 -24"><span class='ocrx_word' id='word_1_435' title='bbox 2143 2710 2356 2771; x_wconf 88' lang='lat' dir='ltr'><strong>tempus</strong></span> <span class='ocrx_word' id='word_1_436' title='bbox 2385 2703 2691 2773; x_wconf 90' lang='lat' dir='ltr'><strong>jejunandi,</strong></span> <span class='ocrx_word' id='word_1_437' title='bbox 2744 2720 2853 2761; x_wconf 92' lang='lat' dir='ltr'><strong>non</strong></span> <span class='ocrx_word' id='word_1_438' title='bbox 2888 2706 3253 2764; x_wconf 79' lang='lat' dir='ltr'><strong>observantiae</strong></span> <span class='ocrx_word' id='word_1_439' title='bbox 3298 2712 3707 2780; x_wconf 90' lang='lat' dir='ltr'><strong>superstitione,</strong></span> 
     </span>
    </p>
   </div>
   <div class='ocr_carea' id='block_1_58' title="bbox 2140 2793 3709 2872">
    <p class='ocr_par' dir='ltr' id='par_1_58' title="bbox 2140 2793 3709 2872">
     <span class='ocr_line' id='line_1_58' title="bbox 2140 2793 3709 2872; baseline 0.007 -24"><span class='ocrx_word' id='word_1_440' title='bbox 2140 2793 2236 2849; x_wconf 89' lang='lat' dir='ltr'><strong>sed</strong></span> <span class='ocrx_word' id='word_1_441' title='bbox 2280 2795 2484 2849; x_wconf 90' lang='lat' dir='ltr'><strong>virtute</strong></span> <span class='ocrx_word' id='word_1_442' title='bbox 2522 2797 2895 2852; x_wconf 72' lang='lat' dir='ltr'><strong>continentiae.</strong></span> <span class='ocrx_word' id='word_1_443' title='bbox 2934 2797 3068 2853; x_wconf 88' lang='lat' dir='ltr'><strong>Nam</strong></span> <span class='ocrx_word' id='word_1_444' title='bbox 3117 2805 3388 2870; x_wconf 90' lang='lat' dir='ltr'><strong>quomodo</strong></span> <span class='ocrx_word' id='word_1_445' title='bbox 3434 2804 3575 2872; x_wconf 90' lang='lat' dir='ltr'><strong>apud</strong></span> <span class='ocrx_word' id='word_1_446' title='bbox 3614 2819 3709 2859; x_wconf 91' lang='lat' dir='ltr'><strong>eos</strong></span> 
     </span>
    </p>
   </div>
   <div class='ocr_carea' id='block_1_59' title="bbox 2139 2886 3711 2958">
    <p class='ocr_par' dir='ltr' id='par_1_59' title="bbox 2139 2886 3711 2958">
     <span class='ocr_line' id='line_1_59' title="bbox 2139 2886 3711 2958; baseline 0.005 -17"><span class='ocrx_word' id='word_1_447' title='bbox 2139 2886 2362 2942; x_wconf 89' lang='lat' dir='ltr'><strong>castitas</strong></span> <span class='ocrx_word' id='word_1_448' title='bbox 2411 2887 2720 2958; x_wconf 85' lang='lat' dir='ltr'><strong>incorrupta</strong></span> <span class='ocrx_word' id='word_1_449' title='bbox 2745 2901 3013 2957; x_wconf 89' lang='lat' dir='ltr'><strong>servatur,</strong></span> <span class='ocrx_word' id='word_1_450' title='bbox 3045 2892 3149 2947; x_wconf 91' lang='lat' dir='ltr'><strong>nisi</strong></span> <span class='ocrx_word' id='word_1_451' title='bbox 3181 2895 3506 2950; x_wconf 90' lang='lat' dir='ltr'><strong>arctioribus</strong></span> <span class='ocrx_word' id='word_1_452' title='bbox 3533 2896 3711 2951; x_wconf 85' lang='lat' dir='ltr'><strong>conti-</strong></span> 
     </span>
    </p>
   </div>
   <div class='ocr_carea' id='block_1_60' title="bbox 2142 2978 3706 3058">
    <p class='ocr_par' dir='ltr' id='par_1_60' title="bbox 2142 2978 3706 3058">
     <span class='ocr_line' id='line_1_60' title="bbox 2142 2978 3706 3058; baseline 0.006 -26"><span class='ocrx_word' id='word_1_453' title='bbox 2142 2979 2346 3035; x_wconf 70' lang='lat' dir='ltr'><strong>nentite</strong></span> <span class='ocrx_word' id='word_1_454' title='bbox 2383 2978 2516 3035; x_wconf 83' lang='lat' dir='ltr'><strong>fulta</strong></span> <span class='ocrx_word' id='word_1_455' title='bbox 2564 2980 2863 3039; x_wconf 73' lang='lat' dir='ltr'><strong>subsidiis?</strong></span> <span class='ocrx_word' id='word_1_456' title='bbox 2901 2981 3181 3050; x_wconf 87' lang='lat' dir='ltr'><strong>Quomodo</strong></span> <span class='ocrx_word' id='word_1_457' title='bbox 3229 2984 3528 3056; x_wconf 90' lang='lat' dir='ltr'><strong>Scripturis</strong></span> <span class='ocrx_word' id='word_1_458' title='bbox 3580 3002 3706 3058; x_wconf 88' lang='lat' dir='ltr'><strong>ope-</strong></span> 
     </span>
    </p>
   </div>
   <div class='ocr_carea' id='block_1_61' title="bbox 468 3070 3709 3148">
    <p class='ocr_par' dir='ltr' id='par_1_61' title="bbox 468 3070 3709 3148">
     <span class='ocr_line' id='line_1_61' title="bbox 468 3070 3709 3148; baseline 0.002 -20"><span class='ocrx_word' id='word_1_459' title='bbox 468 3084 563 3145; x_wconf 88' lang='lat' dir='ltr'><strong>put</strong></span> <span class='ocrx_word' id='word_1_460' title='bbox 591 3083 761 3142; x_wconf 88' lang='lat' dir='ltr'><strong>tuum,</strong></span> <span class='ocrx_word' id='word_1_461' title='bbox 786 3071 1056 3127; x_wconf 83' lang='lat' dir='ltr'><strong>etfaciem</strong></span> <span class='ocrx_word' id='word_1_462' title='bbox 1103 3080 1253 3128; x_wconf 90' lang='lat' dir='ltr'><strong>tuam</strong></span> <span class='ocrx_word' id='word_1_463' title='bbox 1295 3073 1434 3127; x_wconf 90' lang='lat' dir='ltr'><strong>lava.</strong></span> <span class='ocrx_word' id='word_1_464' title='bbox 1465 3092 1483 3125; x_wconf 74' lang='grc' dir='ltr'><strong>ι</strong></span> <span class='ocrx_word' id='word_1_465' title='bbox 1530 3072 1685 3138; x_wconf 88' lang='lat' dir='ltr'><strong>Quod</strong></span> <span class='ocrx_word' id='word_1_466' title='bbox 1716 3073 1762 3129; x_wconf 91' lang='lat' dir='ltr'><strong>si</strong></span> <span class='ocrx_word' id='word_1_467' title='bbox 1806 3073 2038 3143; x_wconf 88' lang='lat' dir='ltr'><strong>requiris</strong></span> <span class='ocrx_word' id='word_1_468' title='bbox 2066 3080 2109 3139; x_wconf 73' lang='grc' dir='ltr'>α</span> <span class='ocrx_word' id='word_1_469' title='bbox 2143 3084 2259 3125; x_wconf 89' lang='lat' dir='ltr'><strong>ram</strong></span> <span class='ocrx_word' id='word_1_470' title='bbox 2306 3070 2555 3127; x_wconf 86' lang='lat' dir='ltr'><strong>dabunt?</strong></span> <span class='ocrx_word' id='word_1_471' title='bbox 2592 3072 2871 3140; x_wconf 90' lang='lat' dir='ltr'><strong>Quomodo</strong></span> <span class='ocrx_word' id='word_1_472' title='bbox 2911 3075 3152 3132; x_wconf 66' lang='lat' dir='ltr'><strong>scientiae</strong></span> <span class='ocrx_word' id='word_1_473' title='bbox 3191 3086 3247 3133; x_wconf 88' lang='lat' dir='ltr'><strong>et</strong></span> <span class='ocrx_word' id='word_1_474' title='bbox 3274 3079 3557 3148; x_wconf 63' lang='lat' dir='ltr'><strong>sapientia;</strong></span> <span class='ocrx_word' id='word_1_475' title='bbox 3594 3090 3709 3135; x_wconf 89' lang='lat' dir='ltr'><strong>stu-</strong></span> 
     </span>
    </p>
   </div>
   <div class='ocr_carea' id='block_1_62' title="bbox 467 3164 2039 3236">
    <p class='ocr_par' dir='ltr' id='par_1_62' title="bbox 467 3164 2039 3236">
     <span class='ocr_line' id='line_1_62' title="bbox 467 3164 2039 3236; baseline 0.001 -17"><span class='ocrx_word' id='word_1_476' title='bbox 467 3165 738 3236; x_wconf 90' lang='lat' dir='ltr'><strong>quomodo</strong></span> <span class='ocrx_word' id='word_1_477' title='bbox 766 3164 916 3220; x_wconf 84' lang='lat' dir='ltr'><strong>laves</strong></span> <span class='ocrx_word' id='word_1_478' title='bbox 957 3165 1149 3219; x_wconf 85' lang='lat' dir='ltr'><strong>laciem</strong></span> <span class='ocrx_word' id='word_1_479' title='bbox 1183 3173 1331 3219; x_wconf 92' lang='lat' dir='ltr'><strong>tuam</strong></span> <span class='ocrx_word' id='word_1_480' title='bbox 1357 3204 1373 3230; x_wconf 93' lang='lat'><strong>,</strong></span> <span class='ocrx_word' id='word_1_481' title='bbox 1407 3164 1608 3219; x_wconf 85' lang='lat' dir='ltr'><strong>Paulus</strong></span> <span class='ocrx_word' id='word_1_482' title='bbox 1641 3165 1918 3235; x_wconf 88' lang='lat' dir='ltr'><strong>apostolus</strong></span> <span class='ocrx_word' id='word_1_483' title='bbox 1946 3167 2039 3220; x_wconf 85' lang='lat' dir='ltr'><strong>do-</strong></span> 
     </span>
    </p>
   </div>
   <div class='ocr_carea' id='block_1_63' title="bbox 473 3256 2038 3329">
    <p class='ocr_par' dir='ltr' id='par_1_63' title="bbox 473 3256 2038 3329">
     <span class='ocr_line' id='line_1_63' title="bbox 473 3256 2038 3329; baseline -0.001 -15"><span class='ocrx_word' id='word_1_484' title='bbox 473 3268 563 3314; x_wconf 90' lang='lat' dir='ltr'><strong>cet</strong></span> <span class='ocrx_word' id='word_1_485' title='bbox 596 3260 638 3292; x_wconf 79' lang='lat'>“</span> <span class='ocrx_word' id='word_1_486' title='bbox 663 3258 1117 3329; x_wconf 77' lang='lat' dir='ltr'><strong>quemadmodum</strong></span> <span class='ocrx_word' id='word_1_487' title='bbox 1166 3276 1184 3309; x_wconf 79' lang='grc' dir='ltr'><strong>ι</strong></span> <span class='ocrx_word' id='word_1_488' title='bbox 1220 3256 1456 3311; x_wconf 85' lang='lat' dir='ltr'><strong>revelata</strong></span> <span class='ocrx_word' id='word_1_489' title='bbox 1503 3257 1639 3312; x_wconf 81' lang='lat' dir='ltr'><strong>facie</strong></span> <span class='ocrx_word' id='word_1_490' title='bbox 1669 3258 1893 3328; x_wconf 80' lang='lat' dir='ltr'><strong>gloriam</strong></span> <span class='ocrx_word' id='word_1_491' title='bbox 1926 3257 2038 3312; x_wconf 86' lang='lat' dir='ltr'><strong>Do-</strong></span> 
     </span>
    </p>
   </div>
   <div class='ocr_carea' id='block_1_64' title="bbox 467 3348 2040 3420">
    <p class='ocr_par' dir='ltr' id='par_1_64' title="bbox 467 3348 2040 3420">
     <span class='ocr_line' id='line_1_64' title="bbox 467 3348 2040 3420; baseline -0.003 -12"><span class='ocrx_word' id='word_1_492' title='bbox 467 3351 601 3408; x_wconf 89' lang='lat' dir='ltr'><strong>mini</strong></span> <span class='ocrx_word' id='word_1_493' title='bbox 637 3348 1045 3419; x_wconf 87' lang='lat' dir='ltr'><strong>contempleris,</strong></span> <span class='ocrx_word' id='word_1_494' title='bbox 1074 3350 1139 3403; x_wconf 90' lang='lat' dir='ltr'><strong>ad</strong></span> <span class='ocrx_word' id='word_1_495' title='bbox 1171 3349 1413 3403; x_wconf 88' lang='lat' dir='ltr'><strong>eamdem</strong></span> <span class='ocrx_word' id='word_1_496' title='bbox 1457 3349 1745 3420; x_wconf 83' lang='lat' dir='ltr'><strong>imaginem</strong></span> <span class='ocrx_word' id='word_1_497' title='bbox 1774 3349 2040 3405; x_wconf 80' lang='lat' dir='ltr'><strong>formatus</strong></span> 
     </span>
    </p>
   </div>
   <div class='ocr_carea' id='block_1_65' title="bbox 466 3440 2032 3514">
    <p class='ocr_par' dir='ltr' id='par_1_65' title="bbox 466 3440 2032 3514">
     <span class='ocr_line' id='line_1_65' title="bbox 466 3440 2032 3514; baseline -0.003 -15"><span class='ocrx_word' id='word_1_498' title='bbox 466 3460 497 3499; x_wconf 90' lang='lat' dir='ltr'><strong>a</strong></span> <span class='ocrx_word' id='word_1_499' title='bbox 526 3443 698 3514; x_wconf 89' lang='lat' dir='ltr'><strong>gloria</strong></span> <span class='ocrx_word' id='word_1_500' title='bbox 743 3442 798 3497; x_wconf 94' lang='lat' dir='ltr'><strong>in</strong></span> <span class='ocrx_word' id='word_1_501' title='bbox 829 3440 1080 3513; x_wconf 85' lang='lat' dir='ltr'><strong>gloriam,</strong></span> <span class='ocrx_word' id='word_1_502' title='bbox 1125 3450 1383 3511; x_wconf 89' lang='lat' dir='ltr'><strong>tanquam</strong></span> <span class='ocrx_word' id='word_1_503' title='bbox 1423 3457 1453 3496; x_wconf 93' lang='lat' dir='ltr'><strong>a</strong></span> <span class='ocrx_word' id='word_1_504' title='bbox 1491 3442 1706 3497; x_wconf 91' lang='lat' dir='ltr'><strong>Domini</strong></span> <span class='ocrx_word' id='word_1_505' title='bbox 1747 3443 1973 3510; x_wconf 91' lang='lat' dir='ltr'><strong>spiritu.</strong></span> <span class='ocrx_word' id='word_1_506' title='bbox 2014 3463 2032 3495; x_wconf 73' lang='grc' dir='ltr'><strong>ι</strong></span> 
     </span>
    </p>
   </div>
   <div class='ocr_carea' id='block_1_66' title="bbox 468 3534 2040 3606">
    <p class='ocr_par' dir='ltr' id='par_1_66' title="bbox 468 3534 2040 3606">
     <span class='ocr_line' id='line_1_66' title="bbox 468 3534 2040 3606; baseline -0.001 -14"><span class='ocrx_word' id='word_1_507' title='bbox 468 3535 620 3606; x_wconf 84' lang='lat' dir='ltr'><strong>nge</strong></span> <span class='ocrx_word' id='word_1_508' title='bbox 646 3537 807 3590; x_wconf 87' lang='lat' dir='ltr'><strong>etiam</strong></span> <span class='ocrx_word' id='word_1_509' title='bbox 839 3543 1003 3605; x_wconf 86' lang='lat' dir='ltr'><strong>caput</strong></span> <span class='ocrx_word' id='word_1_510' title='bbox 1036 3545 1207 3599; x_wconf 82' lang='lat' dir='ltr'><strong>ttmm,</strong></span> <span class='ocrx_word' id='word_1_511' title='bbox 1257 3534 1350 3589; x_wconf 89' lang='lat' dir='ltr'><strong>sed</strong></span> <span class='ocrx_word' id='word_1_512' title='bbox 1379 3535 1607 3589; x_wconf 90' lang='lat' dir='ltr'><strong>observa</strong></span> <span class='ocrx_word' id='word_1_513' title='bbox 1649 3550 1715 3590; x_wconf 91' lang='lat' dir='ltr'><strong>ne</strong></span> <span class='ocrx_word' id='word_1_514' title='bbox 1745 3535 1864 3590; x_wconf 90' lang='lat' dir='ltr'><strong>oleo</strong></span> <span class='ocrx_word' id='word_1_515' title='bbox 1913 3551 2040 3606; x_wconf 89' lang='lat' dir='ltr'><strong>pec-</strong></span> 
     </span>
    </p>
   </div>
   <div class='ocr_carea' id='block_1_67' title="bbox 466 3626 2038 3701">
    <p class='ocr_par' dir='ltr' id='par_1_67' title="bbox 466 3626 2038 3701">
     <span class='ocr_line' id='line_1_67' title="bbox 466 3626 2038 3701; baseline -0.001 -17"><span class='ocrx_word' id='word_1_516' title='bbox 466 3630 573 3684; x_wconf 90' lang='lat' dir='ltr'><strong>cati</strong></span> <span class='ocrx_word' id='word_1_517' title='bbox 608 3647 622 3684; x_wconf 88' lang='lat'><strong>:</strong></span> <span class='ocrx_word' id='word_1_518' title='bbox 655 3627 818 3701; x_wconf 61' lang='lat'><strong>246</strong></span> <span class='ocrx_word' id='word_1_519' title='bbox 841 3646 861 3680; x_wconf 78' lang='grc' dir='ltr'><strong>ι</strong></span> <span class='ocrx_word' id='word_1_520' title='bbox 889 3626 1076 3682; x_wconf 91' lang='lat' dir='ltr'><strong>Oleum</strong></span> <span class='ocrx_word' id='word_1_521' title='bbox 1105 3627 1248 3681; x_wconf 91' lang='lat' dir='ltr'><strong>enim</strong></span> <span class='ocrx_word' id='word_1_522' title='bbox 1279 3627 1581 3697; x_wconf 86' lang='lat' dir='ltr'><strong>peccatoris</strong></span> <span class='ocrx_word' id='word_1_523' title='bbox 1607 3642 1713 3681; x_wconf 91' lang='lat' dir='ltr'><strong>non</strong></span> <span class='ocrx_word' id='word_1_524' title='bbox 1744 3629 2038 3699; x_wconf 89' lang='lat' dir='ltr'><strong>impinguet</strong></span> 
     </span>
    </p>
   </div>
   <div class='ocr_carea' id='block_1_68' title="bbox 468 3719 2038 3794">
    <p class='ocr_par' dir='ltr' id='par_1_68' title="bbox 468 3719 2038 3794">
     <span class='ocr_line' id='line_1_68' title="bbox 468 3719 2038 3794; baseline -0.001 -17"><span class='ocrx_word' id='word_1_525' title='bbox 468 3732 628 3792; x_wconf 86' lang='lat' dir='ltr'><strong>caput</strong></span> <span class='ocrx_word' id='word_1_526' title='bbox 659 3733 806 3776; x_wconf 90' lang='lat' dir='ltr'><strong>tuum</strong></span> <span class='ocrx_word' id='word_1_527' title='bbox 828 3722 874 3755; x_wconf 79' lang='grc' dir='ltr'><strong>ὀ</strong></span> <span class='ocrx_word' id='word_1_528' title='bbox 902 3719 1038 3794; x_wconf 71' lang='grc'><strong>(82).</strong></span> <span class='ocrx_word' id='word_1_529' title='bbox 1077 3741 1098 3773; x_wconf 75' lang='grc' dir='ltr'><strong>ι</strong></span> <span class='ocrx_word' id='word_1_530' title='bbox 1145 3721 1249 3777; x_wconf 85' lang='lat' dir='ltr'><strong>Sed</strong></span> <span class='ocrx_word' id='word_1_531' title='bbox 1286 3736 1427 3792; x_wconf 88' lang='lat' dir='ltr'><strong>ttnge</strong></span> <span class='ocrx_word' id='word_1_532' title='bbox 1464 3729 1630 3792; x_wconf 86' lang='lat' dir='ltr'><strong>caput</strong></span> <span class='ocrx_word' id='word_1_533' title='bbox 1654 3721 1771 3777; x_wconf 89' lang='lat' dir='ltr'><strong>oleo</strong></span> <span class='ocrx_word' id='word_1_534' title='bbox 1798 3721 2038 3778; x_wconf 70' lang='lat' dir='ltr'><strong>exsulta~</strong></span> 
     </span>
    </p>
   </div>
   <div class='ocr_carea' id='block_1_69' title="bbox 447 3812 2037 3880">
    <p class='ocr_par' dir='ltr' id='par_1_69' title="bbox 447 3812 2037 3880">
     <span class='ocr_line' id='line_1_69' title="bbox 447 3812 2037 3880; baseline 0.004 -17"><span class='ocrx_word' id='word_1_535' title='bbox 447 3815 652 3880; x_wconf 91' lang='lat' dir='ltr'><strong>.tiouis,</strong></span> <span class='ocrx_word' id='word_1_536' title='bbox 697 3814 817 3870; x_wconf 87' lang='lat' dir='ltr'><strong>oleo</strong></span> <span class='ocrx_word' id='word_1_537' title='bbox 844 3813 1069 3876; x_wconf 71' lang='lat' dir='ltr'><strong>laetitiae.</strong></span> <span class='ocrx_word' id='word_1_538' title='bbox 1106 3813 1228 3870; x_wconf 90' lang='lat' dir='ltr'><strong>oleo</strong></span> <span class='ocrx_word' id='word_1_539' title='bbox 1259 3812 1647 3869; x_wconf 61' lang='lat' dir='ltr'><strong>misericordiae</strong></span> <span class='ocrx_word' id='word_1_540' title='bbox 1672 3854 1686 3879; x_wconf 95' lang='lat'><strong>,</strong></span> <span class='ocrx_word' id='word_1_541' title='bbox 1737 3813 1811 3868; x_wconf 87' lang='lat' dir='ltr'><strong>ita</strong></span> <span class='ocrx_word' id='word_1_542' title='bbox 1849 3824 1907 3867; x_wconf 92' lang='lat' dir='ltr'><strong>ut</strong></span> <span class='ocrx_word' id='word_1_543' title='bbox 1953 3828 2037 3869; x_wconf 90' lang='lat' dir='ltr'><strong>se-</strong></span> 
     </span>
    </p>
   </div>
   <div class='ocr_carea' id='block_1_70' title="bbox 465 3906 2035 3977">
    <p class='ocr_par' dir='ltr' id='par_1_70' title="bbox 465 3906 2035 3977">
     <span class='ocr_line' id='line_1_70' title="bbox 465 3906 2035 3977; baseline 0 -15"><span class='ocrx_word' id='word_1_544' title='bbox 465 3910 704 3962; x_wconf 89' lang='lat' dir='ltr'><strong>cundum</strong></span> <span class='ocrx_word' id='word_1_545' title='bbox 732 3907 1042 3961; x_wconf 82' lang='lat' dir='ltr'><strong>mandatum</strong></span> <span class='ocrx_word' id='word_1_546' title='bbox 1070 3906 1347 3977; x_wconf 81' lang='lat' dir='ltr'><strong>sapientia:</strong></span> <span class='ocrx_word' id='word_1_547' title='bbox 1375 3945 1392 3971; x_wconf 90' lang='lat'><strong>,</strong></span> <span class='ocrx_word' id='word_1_548' title='bbox 1425 3906 1796 3961; x_wconf 88' lang='lat' dir='ltr'><strong>misericordia</strong></span> <span class='ocrx_word' id='word_1_549' title='bbox 1822 3916 1877 3961; x_wconf 90' lang='lat' dir='ltr'><strong>et</strong></span> <span class='ocrx_word' id='word_1_550' title='bbox 1903 3906 2035 3962; x_wconf 89' lang='lat' dir='ltr'><strong>ﬁdes</strong></span> 
     </span>
    </p>
   </div>
   <div class='ocr_carea' id='block_1_71' title="bbox 467 3997 2038 4068">
    <p class='ocr_par' dir='ltr' id='par_1_71' title="bbox 467 3997 2038 4068">
     <span class='ocr_line' id='line_1_71' title="bbox 467 3997 2038 4068; baseline -0.003 -12"><span class='ocrx_word' id='word_1_551' title='bbox 467 4014 573 4056; x_wconf 86' lang='lat' dir='ltr'><strong>non</strong></span> <span class='ocrx_word' id='word_1_552' title='bbox 605 4000 857 4054; x_wconf 86' lang='lat' dir='ltr'><strong>deserant</strong></span> <span class='ocrx_word' id='word_1_553' title='bbox 886 4008 957 4053; x_wconf 91' lang='lat' dir='ltr'><strong>te.</strong></span> <span class='ocrx_word' id='word_1_554' title='bbox 988 3997 1280 4068; x_wconf 87' lang='lat' dir='ltr'><strong>Propterea</strong></span> <span class='ocrx_word' id='word_1_555' title='bbox 1309 3997 1457 4051; x_wconf 91' lang='lat' dir='ltr'><strong>enim</strong></span> <span class='ocrx_word' id='word_1_556' title='bbox 1502 4007 1555 4051; x_wconf 91' lang='lat' dir='ltr'><strong>et</strong></span> <span class='ocrx_word' id='word_1_557' title='bbox 1583 3997 1874 4066; x_wconf 80' lang='lat' dir='ltr'><strong>Apostolus</strong></span> <span class='ocrx_word' id='word_1_558' title='bbox 1896 4038 1912 4064; x_wconf 91' lang='lat'><strong>,</strong></span> <span class='ocrx_word' id='word_1_559' title='bbox 1942 4013 2038 4052; x_wconf 91' lang='lat' dir='ltr'><strong>vo-</strong></span> 
     </span>
    </p>
   </div>
   <div class='ocr_carea' id='block_1_72' title="bbox 464 4071 2032 4157">
    <p class='ocr_par' dir='ltr' id='par_1_72' title="bbox 464 4071 2032 4157">
     <span class='ocr_line' id='line_1_72' title="bbox 464 4071 2032 4157; baseline -0.003 -7"><span class='ocrx_word' id='word_1_560' title='bbox 464 4071 584 4150; x_wconf 71' lang='lat' dir='ltr'><strong>lens</strong></span> <span class='ocrx_word' id='word_1_561' title='bbox 629 4092 950 4147; x_wconf 85' lang='lat' dir='ltr'><strong>abstrahere</strong></span> <span class='ocrx_word' id='word_1_562' title='bbox 987 4107 1086 4146; x_wconf 88' lang='lat' dir='ltr'><strong>nos</strong></span> <span class='ocrx_word' id='word_1_563' title='bbox 1126 4094 1192 4146; x_wconf 92' lang='lat' dir='ltr'><strong>ab</strong></span> <span class='ocrx_word' id='word_1_564' title='bbox 1223 4093 1308 4147; x_wconf 90' lang='lat' dir='ltr'><strong>his</strong></span> <span class='ocrx_word' id='word_1_565' title='bbox 1337 4090 1643 4147; x_wconf 88' lang='lat' dir='ltr'><strong>visibilibus</strong></span> <span class='ocrx_word' id='word_1_566' title='bbox 1669 4101 1723 4146; x_wconf 89' lang='lat' dir='ltr'><strong>et</strong></span> <span class='ocrx_word' id='word_1_567' title='bbox 1762 4092 1993 4146; x_wconf 90' lang='lat' dir='ltr'><strong>terrenis</strong></span> <span class='ocrx_word' id='word_1_568' title='bbox 2017 4131 2032 4157; x_wconf 93' lang='lat'><strong>,</strong></span> 
     </span>
    </p>
   </div>
   <div class='ocr_carea' id='block_1_73' title="bbox 463 4184 2034 4256">
    <p class='ocr_par' dir='ltr' id='par_1_73' title="bbox 463 4184 2034 4256">
     <span class='ocr_line' id='line_1_73' title="bbox 463 4184 2034 4256; baseline -0.002 -13"><span class='ocrx_word' id='word_1_569' title='bbox 463 4197 522 4243; x_wconf 89' lang='lat' dir='ltr'><strong>et</strong></span> <span class='ocrx_word' id='word_1_570' title='bbox 550 4187 761 4256; x_wconf 81' lang='lat' dir='ltr'><strong>erigere</strong></span> <span class='ocrx_word' id='word_1_571' title='bbox 790 4184 1005 4239; x_wconf 89' lang='lat' dir='ltr'><strong>animos</strong></span> <span class='ocrx_word' id='word_1_572' title='bbox 1052 4200 1349 4254; x_wconf 87' lang='lat' dir='ltr'><strong>sensusque</strong></span> <span class='ocrx_word' id='word_1_573' title='bbox 1387 4195 1602 4239; x_wconf 90' lang='lat' dir='ltr'><strong>nostros</strong></span> <span class='ocrx_word' id='word_1_574' title='bbox 1632 4185 1701 4238; x_wconf 89' lang='lat' dir='ltr'><strong>ad</strong></span> <span class='ocrx_word' id='word_1_575' title='bbox 1745 4185 1987 4241; x_wconf 73' lang='lat' dir='ltr'><strong>cmlestia</strong></span> <span class='ocrx_word' id='word_1_576' title='bbox 2018 4227 2034 4252; x_wconf 91' lang='lat'><strong>,</strong></span> 
     </span>
    </p>
   </div>
   <div class='ocr_carea' id='block_1_74' title="bbox 461 4276 2031 4344">
    <p class='ocr_par' dir='ltr' id='par_1_74' title="bbox 461 4276 2031 4344">
     <span class='ocr_line' id='line_1_74' title="bbox 461 4276 2031 4344; baseline -0.001 -9"><span class='ocrx_word' id='word_1_577' title='bbox 461 4282 664 4337; x_wconf 87' lang='lat' dir='ltr'><strong>clamat</strong></span> <span class='ocrx_word' id='word_1_578' title='bbox 692 4290 748 4334; x_wconf 87' lang='lat' dir='ltr'><strong>et</strong></span> <span class='ocrx_word' id='word_1_579' title='bbox 779 4277 912 4332; x_wconf 88' lang='lat' dir='ltr'><strong>dicit</strong></span> <span class='ocrx_word' id='word_1_580' title='bbox 938 4278 982 4309; x_wconf 81' lang='grc'><strong>²¹</strong></span> <span class='ocrx_word' id='word_1_581' title='bbox 1011 4293 1024 4330; x_wconf 90' lang='lat'><strong>:</strong></span> <span class='ocrx_word' id='word_1_582' title='bbox 1052 4295 1071 4329; x_wconf 76' lang='grc' dir='ltr'><strong>ι</strong></span> <span class='ocrx_word' id='word_1_583' title='bbox 1112 4276 1168 4332; x_wconf 88' lang='lat' dir='ltr'><strong>Si</strong></span> <span class='ocrx_word' id='word_1_584' title='bbox 1209 4278 1588 4333; x_wconf 84' lang='lat' dir='ltr'><strong>resurrexistis</strong></span> <span class='ocrx_word' id='word_1_585' title='bbox 1618 4295 1740 4332; x_wconf 87' lang='lat' dir='ltr'><strong>cum</strong></span> <span class='ocrx_word' id='word_1_586' title='bbox 1789 4279 2031 4344; x_wconf 88' lang='lat' dir='ltr'><strong>Christo,</strong></span> 
     </span>
    </p>
   </div>
   <div class='ocr_carea' id='block_1_75' title="bbox 463 4371 2027 4444">
    <p class='ocr_par' dir='ltr' id='par_1_75' title="bbox 463 4371 2027 4444">
     <span class='ocr_line' id='line_1_75' title="bbox 463 4371 2027 4444; baseline -0.003 -13"><span class='ocrx_word' id='word_1_587' title='bbox 463 4390 586 4444; x_wconf 63' lang='lat' dir='ltr'><strong>quae</strong></span> <span class='ocrx_word' id='word_1_588' title='bbox 611 4387 827 4428; x_wconf 89' lang='lat' dir='ltr'><strong>sursum</strong></span> <span class='ocrx_word' id='word_1_589' title='bbox 859 4379 987 4425; x_wconf 90' lang='lat' dir='ltr'><strong>sunt</strong></span> <span class='ocrx_word' id='word_1_590' title='bbox 1013 4371 1261 4439; x_wconf 63' lang='lat' dir='ltr'><strong>qumrite,</strong></span> <span class='ocrx_word' id='word_1_591' title='bbox 1296 4388 1403 4426; x_wconf 90' lang='lat' dir='ltr'><strong>non</strong></span> <span class='ocrx_word' id='word_1_592' title='bbox 1431 4387 1550 4440; x_wconf 80' lang='lat' dir='ltr'><strong>quae</strong></span> <span class='ocrx_word' id='word_1_593' title='bbox 1577 4388 1741 4442; x_wconf 91' lang='lat' dir='ltr'><strong>super</strong></span> <span class='ocrx_word' id='word_1_594' title='bbox 1770 4383 2027 4429; x_wconf 67' lang='lat' dir='ltr'><strong>terram.»</strong></span> 
     </span>
    </p>
   </div>
   <div class='ocr_carea' id='block_1_76' title="bbox 467 4463 2034 4536">
    <p class='ocr_par' dir='ltr' id='par_1_76' title="bbox 467 4463 2034 4536">
     <span class='ocr_line' id='line_1_76' title="bbox 467 4463 2034 4536; baseline 0.001 -14"><span class='ocrx_word' id='word_1_595' title='bbox 467 4467 658 4522; x_wconf 85' lang='lat' dir='ltr'><strong>Nonne</strong></span> <span class='ocrx_word' id='word_1_596' title='bbox 688 4472 875 4533; x_wconf 82' lang='lat' dir='ltr'><strong>aperte</strong></span> <span class='ocrx_word' id='word_1_597' title='bbox 912 4463 1006 4518; x_wconf 92' lang='lat' dir='ltr'><strong>tibi</strong></span> <span class='ocrx_word' id='word_1_598' title='bbox 1040 4463 1213 4521; x_wconf 86' lang='lat' dir='ltr'><strong>dicit:</strong></span> <span class='ocrx_word' id='word_1_599' title='bbox 1244 4463 1364 4519; x_wconf 89' lang='lat' dir='ltr'><strong>Noli</strong></span> <span class='ocrx_word' id='word_1_600' title='bbox 1396 4481 1640 4536; x_wconf 68' lang='lat' dir='ltr'><strong>quaerere</strong></span> <span class='ocrx_word' id='word_1_601' title='bbox 1670 4469 1722 4521; x_wconf 94' lang='lat' dir='ltr'><strong>in</strong></span> <span class='ocrx_word' id='word_1_602' title='bbox 1749 4468 1911 4523; x_wconf 89' lang='lat' dir='ltr'><strong>terris</strong></span> <span class='ocrx_word' id='word_1_603' title='bbox 1939 4467 2034 4524; x_wconf 86' lang='lat' dir='ltr'><strong>Je-</strong></span> 
     </span>
    </p>
   </div>
   <div class='ocr_carea' id='block_1_77' title="bbox 469 4556 2033 4630">
    <p class='ocr_par' dir='ltr' id='par_1_77' title="bbox 469 4556 2033 4630">
     <span class='ocr_line' id='line_1_77' title="bbox 469 4556 2033 4630; baseline 0.003 -18"><span class='ocrx_word' id='word_1_604' title='bbox 469 4559 717 4621; x_wconf 86' lang='lat' dir='ltr'><strong>rusalem,</strong></span> <span class='ocrx_word' id='word_1_605' title='bbox 750 4572 847 4613; x_wconf 89' lang='lat' dir='ltr'><strong>nec</strong></span> <span class='ocrx_word' id='word_1_606' title='bbox 873 4556 1244 4612; x_wconf 71' lang='lat' dir='ltr'><strong>observantiae</strong></span> <span class='ocrx_word' id='word_1_607' title='bbox 1291 4557 1447 4626; x_wconf 84' lang='lat' dir='ltr'><strong>legis,</strong></span> <span class='ocrx_word' id='word_1_608' title='bbox 1495 4574 1594 4615; x_wconf 92' lang='lat' dir='ltr'><strong>nec</strong></span> <span class='ocrx_word' id='word_1_609' title='bbox 1634 4560 1898 4630; x_wconf 88' lang='lat' dir='ltr'><strong>jejunium</strong></span> <span class='ocrx_word' id='word_1_610' title='bbox 1937 4559 2033 4616; x_wconf 78' lang='lat' dir='ltr'><strong>Ju-</strong></span> 
     </span>
    </p>
   </div>
   <div class='ocr_carea' id='block_1_78' title="bbox 464 4646 2028 4718">
    <p class='ocr_par' dir='ltr' id='par_1_78' title="bbox 464 4646 2028 4718">
     <span class='ocr_line' id='line_1_78' title="bbox 464 4646 2028 4718; baseline 0.003 -16"><span class='ocrx_word' id='word_1_611' title='bbox 464 4651 727 4717; x_wconf 70' lang='lat' dir='ltr'><strong>dzcorum,</strong></span> <span class='ocrx_word' id='word_1_612' title='bbox 751 4648 843 4703; x_wconf 88' lang='lat' dir='ltr'><strong>sed</strong></span> <span class='ocrx_word' id='word_1_613' title='bbox 868 4646 1132 4718; x_wconf 89' lang='lat' dir='ltr'><strong>jejunium</strong></span> <span class='ocrx_word' id='word_1_614' title='bbox 1155 4646 1398 4702; x_wconf 77' lang='lat' dir='ltr'><strong>Christi?</strong></span> <span class='ocrx_word' id='word_1_615' title='bbox 1417 4647 1678 4717; x_wconf 86' lang='lat' dir='ltr'><strong>Jejunans</strong></span> <span class='ocrx_word' id='word_1_616' title='bbox 1694 4652 1839 4705; x_wconf 91' lang='lat' dir='ltr'><strong>enim</strong></span> <span class='ocrx_word' id='word_1_617' title='bbox 1866 4652 2028 4708; x_wconf 89' lang='lat' dir='ltr'><strong>debes</strong></span> 
     </span>
    </p>
   </div>
   <div class='ocr_carea' id='block_1_79' title="bbox 539 4743 1552 4811">
    <p class='ocr_par' dir='ltr' id='par_1_79' title="bbox 539 4743 1552 4811">
     <span class='ocr_line' id='line_1_79' title="bbox 539 4743 1552 4811; baseline -0.001 -11"><span class='ocrx_word' id='word_1_618' title='bbox 539 4749 581 4779; x_wconf 83' lang='grc'><strong>¹³</strong></span> <span class='ocrx_word' id='word_1_619' title='bbox 618 4745 912 4811; x_wconf 67' lang='lat' dir='ltr'><strong>Mam-xv,</strong></span> <span class='ocrx_word' id='word_1_620' title='bbox 936 4743 990 4798; x_wconf 89' lang='lat'><strong>9.</strong></span> <span class='ocrx_word' id='word_1_621' title='bbox 1071 4743 1112 4775; x_wconf 80' lang='grc'><strong>¹³</strong></span> <span class='ocrx_word' id='word_1_622' title='bbox 1134 4743 1291 4798; x_wconf 85' lang='lat' dir='ltr'><strong>Joau.</strong></span> <span class='ocrx_word' id='word_1_623' title='bbox 1316 4759 1434 4809; x_wconf 68' lang='lat' dir='ltr'><strong>stat,</strong></span> <span class='ocrx_word' id='word_1_624' title='bbox 1464 4746 1552 4799; x_wconf 70' lang='grc'><strong>12.</strong></span> 
     </span>
    </p>
   </div>
   <div class='ocr_carea' id='block_1_80' title="bbox 463 4887 805 4951">
    <p class='ocr_par' dir='ltr' id='par_1_80' title="bbox 463 4887 805 4951">
     <span class='ocr_line' id='line_1_80' title="bbox 463 4887 805 4951; baseline -0.015 -6"><span class='ocrx_word' id='word_1_625' title='bbox 463 4888 572 4945; x_wconf 77' lang='lat' dir='ltr'><strong>Cur</strong></span> <span class='ocrx_word' id='word_1_626' title='bbox 633 4904 685 4951; x_wconf 91' lang='lat' dir='ltr'><strong>v,</strong></span> <span class='ocrx_word' id='word_1_627' title='bbox 719 4887 805 4941; x_wconf 82' lang='grc'><strong>17.</strong></span> 
     </span>
    </p>
   </div>
   <div class='ocr_carea' id='block_1_81' title="bbox 562 4983 1726 5052">
    <p class='ocr_par' dir='ltr' id='par_1_81' title="bbox 562 4983 1726 5052">
     <span class='ocr_line' id='line_1_81' title="bbox 562 4983 1726 5052; baseline -0.007 -12"><span class='ocrx_word' id='word_1_628' title='bbox 562 4986 651 5052; x_wconf 88' lang='grc'><strong>81)</strong></span> <span class='ocrx_word' id='word_1_629' title='bbox 685 4985 865 5039; x_wconf 85' lang='lat' dir='ltr'><strong>Codex</strong></span> <span class='ocrx_word' id='word_1_630' title='bbox 895 4983 1202 5052; x_wconf 87' lang='lat' dir='ltr'><strong>Sangerm.,</strong></span> <span class='ocrx_word' id='word_1_631' title='bbox 1241 5002 1260 5036; x_wconf 75' lang='grc' dir='ltr'><strong>ι</strong></span> <span class='ocrx_word' id='word_1_632' title='bbox 1289 4990 1538 5052; x_wconf 77' lang='lat' dir='ltr'><strong>apertum</strong></span> <span class='ocrx_word' id='word_1_633' title='bbox 1571 4988 1674 5035; x_wconf 77' lang='lat' dir='ltr'><strong>est.</strong></span> <span class='ocrx_word' id='word_1_634' title='bbox 1707 4998 1726 5032; x_wconf 76' lang='grc' dir='ltr'><strong>ι</strong></span> 
     </span>
    </p>
   </div>
   <div class='ocr_carea' id='block_1_82' title="bbox 522 5052 2028 5124">
    <p class='ocr_par' dir='ltr' id='par_1_82' title="bbox 522 5052 2028 5124">
     <span class='ocr_line' id='line_1_82' title="bbox 522 5052 2028 5124; baseline -0.004 -14"><span class='ocrx_word' id='word_1_635' title='bbox 522 5052 847 5124; x_wconf 46' lang='lat'><strong>{89)5185.“</strong></span> <span class='ocrx_word' id='word_1_636' title='bbox 867 5066 1028 5124; x_wconf 91' lang='lat' dir='ltr'><strong>caput</strong></span> <span class='ocrx_word' id='word_1_637' title='bbox 1046 5064 1215 5108; x_wconf 92' lang='lat' dir='ltr'><strong>tuum.</strong></span> <span class='ocrx_word' id='word_1_638' title='bbox 1230 5052 1553 5109; x_wconf 70' lang='lat' dir='ltr'><strong>tl.ibb.editi</strong></span> <span class='ocrx_word' id='word_1_639' title='bbox 1569 5060 1787 5119; x_wconf 65' lang='lat' dir='ltr'><strong>,acaput</strong></span> <span class='ocrx_word' id='word_1_640' title='bbox 1802 5064 2028 5106; x_wconf 65' lang='lat' dir='ltr'><strong>meum.»</strong></span> 
     </span>
    </p>
   </div>
   <div class='ocr_carea' id='block_1_83' title="bbox 535 5124 2033 5199">
    <p class='ocr_par' dir='ltr' id='par_1_83' title="bbox 535 5124 2033 5199">
     <span class='ocr_line' id='line_1_83' title="bbox 535 5124 2033 5199; baseline -0.003 -17"><span class='ocrx_word' id='word_1_641' title='bbox 535 5124 651 5199; x_wconf 80' lang='grc'><strong>(85)</strong></span> <span class='ocrx_word' id='word_1_642' title='bbox 707 5124 976 5199; x_wconf 70' lang='lat' dir='ltr'><strong>Habemus</strong></span> <span class='ocrx_word' id='word_1_643' title='bbox 1001 5134 1247 5199; x_wconf 62' lang='lat' dir='ltr'><strong>quartam</strong></span> <span class='ocrx_word' id='word_1_644' title='bbox 1277 5135 1324 5179; x_wconf 82' lang='lat' dir='ltr'><strong>et</strong></span> <span class='ocrx_word' id='word_1_645' title='bbox 1357 5124 1890 5199; x_wconf 70' lang='lat' dir='ltr'><strong>sexl_am_septimanw</strong></span> <span class='ocrx_word' id='word_1_646' title='bbox 1920 5124 2033 5177; x_wconf 77' lang='lat' dir='ltr'><strong>dies</strong></span> 
     </span>
    </p>
   </div>
   <div class='ocr_carea' id='block_1_84' title="bbox 1632 4746 2208 4812">
    <p class='ocr_par' dir='ltr' id='par_1_84' title="bbox 1632 4746 2208 4812">
     <span class='ocr_line' id='line_1_84' title="bbox 1632 4746 2208 4812; baseline 0.005 -11"><span class='ocrx_word' id='word_1_647' title='bbox 1632 4746 1677 4778; x_wconf 75' lang='lat'><strong>“’</strong></span> <span class='ocrx_word' id='word_1_648' title='bbox 1702 4748 1889 4802; x_wconf 78' lang='lat' dir='ltr'><strong>Matth.</strong></span> <span class='ocrx_word' id='word_1_649' title='bbox 1923 4764 2093 4812; x_wconf 78' lang='lat' dir='ltr'><strong>xxvii,</strong></span> <span class='ocrx_word' id='word_1_650' title='bbox 2116 4749 2208 4803; x_wconf 65' lang='lat'><strong>24.</strong></span> 
     </span>
    </p>
   </div>
   <div class='ocr_carea' id='block_1_85' title="bbox 463 4814 2038 4882">
    <p class='ocr_par' dir='ltr' id='par_1_85' title="bbox 463 4814 2026 4882">
     <span class='ocr_line' id='line_1_85' title="bbox 463 4814 2026 4882; baseline 0.002 -11"><span class='ocrx_word' id='word_1_651' title='bbox 463 4817 552 4872; x_wconf 68' lang='lat'><strong>29.</strong></span> <span class='ocrx_word' id='word_1_652' title='bbox 632 4818 674 4849; x_wconf 70' lang='grc'><strong>³⁸</strong></span> <span class='ocrx_word' id='word_1_653' title='bbox 700 4815 891 4870; x_wconf 82' lang='lat' dir='ltr'><strong>Matth.</strong></span> <span class='ocrx_word' id='word_1_654' title='bbox 934 4815 1127 4879; x_wconf 81' lang='grc' dir='ltr'><strong>νι,17.</strong></span> <span class='ocrx_word' id='word_1_655' title='bbox 1204 4814 1247 4845; x_wconf 80' lang='grc'><strong>¹⁹</strong></span> <span class='ocrx_word' id='word_1_656' title='bbox 1278 4816 1318 4869; x_wconf 91' lang='lat' dir='ltr'><strong>ll</strong></span> <span class='ocrx_word' id='word_1_657' title='bbox 1347 4816 1472 4870; x_wconf 82' lang='lat' dir='ltr'><strong>Cor.</strong></span> <span class='ocrx_word' id='word_1_658' title='bbox 1520 4831 1604 4882; x_wconf 78' lang='lat' dir='ltr'><strong>In.</strong></span> <span class='ocrx_word' id='word_1_659' title='bbox 1645 4818 1732 4873; x_wconf 69' lang='lat'><strong>£8.</strong></span> <span class='ocrx_word' id='word_1_660' title='bbox 1807 4819 1854 4851; x_wconf 78' lang='lat'><strong>’°</strong></span> <span class='ocrx_word' id='word_1_661' title='bbox 1888 4818 2026 4874; x_wconf 84' lang='lat' dir='ltr'><strong>Psal.</strong></span> 
     </span>
    </p>
   </div>
   <div class='ocr_carea' id='block_1_86' title="bbox 2141 4814 2285 4882">
    <p class='ocr_par' dir='ltr' id='par_1_86' title="bbox 2141 4819 2285 4880">
     <span class='ocr_line' id='line_1_86' title="bbox 2141 4819 2285 4880; baseline -0.021 -6"><span class='ocrx_word' id='word_1_662' title='bbox 2141 4837 2206 4880; x_wconf 79' lang='lat' dir='ltr'><strong>LI,</strong></span> <span class='ocrx_word' id='word_1_663' title='bbox 2232 4819 2285 4871; x_wconf 80' lang='grc'><strong>5.</strong></span> 
     </span>
    </p>
   </div>
   <div class='ocr_carea' id='block_1_87' title="bbox 2140 3162 3707 3242">
    <p class='ocr_par' dir='ltr' id='par_1_87' title="bbox 2140 3162 3707 3242">
     <span class='ocr_line' id='line_1_87' title="bbox 2140 3162 3707 3242; baseline 0.005 -24"><span class='ocrx_word' id='word_1_664' title='bbox 2140 3163 2388 3218; x_wconf 83' lang='lat' dir='ltr'><strong>debunt?</strong></span> <span class='ocrx_word' id='word_1_665' title='bbox 2413 3162 2603 3221; x_wconf 81' lang='lat' dir='ltr'><strong>Nonne</strong></span> <span class='ocrx_word' id='word_1_666' title='bbox 2633 3181 2730 3235; x_wconf 87' lang='lat' dir='ltr'><strong>per</strong></span> <span class='ocrx_word' id='word_1_667' title='bbox 2771 3168 3169 3223; x_wconf 89' lang='lat' dir='ltr'><strong>continentiam</strong></span> <span class='ocrx_word' id='word_1_668' title='bbox 3207 3171 3415 3226; x_wconf 88' lang='lat' dir='ltr'><strong>ventris</strong></span> <span class='ocrx_word' id='word_1_669' title='bbox 3438 3180 3495 3226; x_wconf 89' lang='lat' dir='ltr'><strong>et</strong></span> <span class='ocrx_word' id='word_1_670' title='bbox 3526 3182 3707 3242; x_wconf 83' lang='lat' dir='ltr'><strong>guttu-</strong></span> 
     </span>
    </p>
   </div>
   <div class='ocr_carea' id='block_1_88' title="bbox 2140 3256 3709 3332">
    <p class='ocr_par' dir='ltr' id='par_1_88' title="bbox 2140 3256 3709 3332">
     <span class='ocr_line' id='line_1_88' title="bbox 2140 3256 3709 3332; baseline 0.004 -23"><span class='ocrx_word' id='word_1_671' title='bbox 2140 3257 2254 3312; x_wconf 86' lang='lat' dir='ltr'><strong>ris?</strong></span> <span class='ocrx_word' id='word_1_672' title='bbox 2277 3256 2559 3325; x_wconf 89' lang='lat' dir='ltr'><strong>Quomodo</strong></span> <span class='ocrx_word' id='word_1_673' title='bbox 2587 3259 2709 3329; x_wconf 92' lang='lat' dir='ltr'><strong>quis</strong></span> <span class='ocrx_word' id='word_1_674' title='bbox 2736 3260 2971 3329; x_wconf 90' lang='lat' dir='ltr'><strong>seipsum</strong></span> <span class='ocrx_word' id='word_1_675' title='bbox 2999 3269 3209 3316; x_wconf 89' lang='lat' dir='ltr'><strong>castrat</strong></span> <span class='ocrx_word' id='word_1_676' title='bbox 3237 3270 3460 3332; x_wconf 88' lang='lat' dir='ltr'><strong>propter</strong></span> <span class='ocrx_word' id='word_1_677' title='bbox 3483 3278 3709 3332; x_wconf 83' lang='lat' dir='ltr'><strong>regnum</strong></span> 
     </span>
    </p>
   </div>
   <div class='ocr_carea' id='block_1_89' title="bbox 2138 3349 3706 3420">
    <p class='ocr_par' dir='ltr' id='par_1_89' title="bbox 2138 3349 3706 3420">
     <span class='ocr_line' id='line_1_89' title="bbox 2138 3349 3706 3420; baseline 0.006 -18"><span class='ocrx_word' id='word_1_678' title='bbox 2138 3349 2424 3414; x_wconf 76' lang='lat' dir='ltr'><strong>ctelorum,</strong></span> <span class='ocrx_word' id='word_1_679' title='bbox 2465 3350 2570 3404; x_wconf 91' lang='lat' dir='ltr'><strong>nisi</strong></span> <span class='ocrx_word' id='word_1_680' title='bbox 2621 3349 2873 3405; x_wconf 90' lang='lat' dir='ltr'><strong>ciborum</strong></span> <span class='ocrx_word' id='word_1_681' title='bbox 2924 3350 3257 3408; x_wconf 78' lang='lat' dir='ltr'><strong>alﬁuentiam</strong></span> <span class='ocrx_word' id='word_1_682' title='bbox 3302 3365 3559 3420; x_wconf 89' lang='lat' dir='ltr'><strong>resecet,</strong></span> <span class='ocrx_word' id='word_1_683' title='bbox 3602 3356 3706 3411; x_wconf 86' lang='lat' dir='ltr'><strong>nisi</strong></span> 
     </span>
    </p>
   </div>
   <div class='ocr_carea' id='block_1_90' title="bbox 2139 3438 3708 3518">
    <p class='ocr_par' dir='ltr' id='par_1_90' title="bbox 2139 3438 3708 3518">
     <span class='ocr_line' id='line_1_90' title="bbox 2139 3438 3708 3518; baseline 0.005 -23"><span class='ocrx_word' id='word_1_684' title='bbox 2139 3443 2473 3499; x_wconf 87' lang='lat' dir='ltr'><strong>abstinentia</strong></span> <span class='ocrx_word' id='word_1_685' title='bbox 2526 3438 2711 3498; x_wconf 83' lang='lat' dir='ltr'><strong>utatur</strong></span> <span class='ocrx_word' id='word_1_686' title='bbox 2745 3444 3188 3502; x_wconf 75' lang='lat' dir='ltr'><strong>ministraHlaec</strong></span> <span class='ocrx_word' id='word_1_687' title='bbox 3223 3461 3352 3518; x_wconf 84' lang='lat' dir='ltr'><strong>ergo</strong></span> <span class='ocrx_word' id='word_1_688' title='bbox 3389 3446 3708 3503; x_wconf 88' lang='lat' dir='ltr'><strong>Christianis</strong></span> 
     </span>
    </p>
   </div>
   <div class='ocr_carea' id='block_1_91' title="bbox 2135 3536 3706 3610">
    <p class='ocr_par' dir='ltr' id='par_1_91' title="bbox 2135 3536 3706 3610">
     <span class='ocr_line' id='line_1_91' title="bbox 2135 3536 3706 3610; baseline 0.001 -18"><span class='ocrx_word' id='word_1_689' title='bbox 2135 3536 2413 3609; x_wconf 89' lang='lat' dir='ltr'><strong>jejunandi</strong></span> <span class='ocrx_word' id='word_1_690' title='bbox 2439 3537 2617 3591; x_wconf 91' lang='lat' dir='ltr'><strong>oratio</strong></span> <span class='ocrx_word' id='word_1_691' title='bbox 2647 3546 2752 3593; x_wconf 88' lang='lat' dir='ltr'><strong>est.</strong></span> <span class='ocrx_word' id='word_1_692' title='bbox 2782 3537 2887 3593; x_wconf 90' lang='lat' dir='ltr'><strong>Sed</strong></span> <span class='ocrx_word' id='word_1_693' title='bbox 2914 3549 2999 3594; x_wconf 89' lang='lat' dir='ltr'><strong>est</strong></span> <span class='ocrx_word' id='word_1_694' title='bbox 3029 3549 3083 3594; x_wconf 91' lang='lat' dir='ltr'><strong>et</strong></span> <span class='ocrx_word' id='word_1_695' title='bbox 3105 3541 3207 3594; x_wconf 82' lang='lat' dir='ltr'><strong>alia</strong></span> <span class='ocrx_word' id='word_1_696' title='bbox 3228 3540 3405 3596; x_wconf 86' lang='lat' dir='ltr'><strong>adhuc</strong></span> <span class='ocrx_word' id='word_1_697' title='bbox 3432 3540 3706 3610; x_wconf 84' lang='lat' dir='ltr'><strong>religiosa,</strong></span> 
     </span>
    </p>
   </div>
   <div class='ocr_carea' id='block_1_92' title="bbox 2137 3628 3708 3700">
    <p class='ocr_par' dir='ltr' id='par_1_92' title="bbox 2137 3628 3708 3700">
     <span class='ocr_line' id='line_1_92' title="bbox 2137 3628 3708 3700; baseline -0.001 -15"><span class='ocrx_word' id='word_1_698' title='bbox 2137 3628 2292 3699; x_wconf 90' lang='lat' dir='ltr'><strong>cujus</strong></span> <span class='ocrx_word' id='word_1_699' title='bbox 2324 3628 2445 3683; x_wconf 89' lang='lat' dir='ltr'><strong>laus</strong></span> <span class='ocrx_word' id='word_1_700' title='bbox 2474 3628 2836 3698; x_wconf 88' lang='lat' dir='ltr'><strong>quorumdam</strong></span> <span class='ocrx_word' id='word_1_701' title='bbox 2871 3628 3236 3700; x_wconf 86' lang='lat' dir='ltr'><strong>apostolorum</strong></span> <span class='ocrx_word' id='word_1_702' title='bbox 3288 3630 3485 3686; x_wconf 88' lang='lat' dir='ltr'><strong>litteris</strong></span> <span class='ocrx_word' id='word_1_703' title='bbox 3514 3633 3708 3700; x_wconf 64' lang='lat' dir='ltr'><strong>praedio</strong></span> 
     </span>
    </p>
   </div>
   <div class='ocr_carea' id='block_1_93' title="bbox 2141 3722 3704 3795">
    <p class='ocr_par' dir='ltr' id='par_1_93' title="bbox 2141 3722 3704 3795">
     <span class='ocr_line' id='line_1_93' title="bbox 2141 3722 3704 3795; baseline 0.003 -19"><span class='ocrx_word' id='word_1_704' title='bbox 2141 3732 2316 3777; x_wconf 90' lang='lat' dir='ltr'><strong>catur.</strong></span> <span class='ocrx_word' id='word_1_705' title='bbox 2332 3722 2793 3778; x_wconf 89' lang='lat' dir='ltr'><strong>lnvenimusenim</strong></span> <span class='ocrx_word' id='word_1_706' title='bbox 2812 3724 2867 3777; x_wconf 92' lang='lat' dir='ltr'><strong>in</strong></span> <span class='ocrx_word' id='word_1_707' title='bbox 2888 3724 3116 3792; x_wconf 86' lang='lat' dir='ltr'><strong>quodam</strong></span> <span class='ocrx_word' id='word_1_708' title='bbox 3135 3723 3315 3778; x_wconf 90' lang='lat' dir='ltr'><strong>libello</strong></span> <span class='ocrx_word' id='word_1_709' title='bbox 3333 3722 3470 3794; x_wconf 73' lang='lat'><strong>(83‘)</strong></span> <span class='ocrx_word' id='word_1_710' title='bbox 3490 3725 3556 3779; x_wconf 91' lang='lat' dir='ltr'><strong>ab</strong></span> <span class='ocrx_word' id='word_1_711' title='bbox 3580 3740 3704 3795; x_wconf 85' lang='lat' dir='ltr'><strong>apo-</strong></span> 
     </span>
    </p>
   </div>
   <div class='ocr_carea' id='block_1_94' title="bbox 2142 3814 3709 3886">
    <p class='ocr_par' dir='ltr' id='par_1_94' title="bbox 2142 3814 3709 3886">
     <span class='ocr_line' id='line_1_94' title="bbox 2142 3814 3709 3886; baseline 0 -15"><span class='ocrx_word' id='word_1_712' title='bbox 2142 3814 2296 3871; x_wconf 77' lang='lat' dir='ltr'><strong>3tolis</strong></span> <span class='ocrx_word' id='word_1_713' title='bbox 2324 3815 2527 3870; x_wconf 88' lang='lat' dir='ltr'><strong>dictum</strong></span> <span class='ocrx_word' id='word_1_714' title='bbox 2555 3833 2571 3870; x_wconf 85' lang='lat'><strong>:</strong></span> <span class='ocrx_word' id='word_1_715' title='bbox 2601 3834 2620 3867; x_wconf 76' lang='grc' dir='ltr'><strong>ι</strong></span> <span class='ocrx_word' id='word_1_716' title='bbox 2654 3815 2850 3870; x_wconf 83' lang='lat' dir='ltr'><strong>Beatus</strong></span> <span class='ocrx_word' id='word_1_717' title='bbox 2881 3824 2966 3870; x_wconf 89' lang='lat' dir='ltr'><strong>est</strong></span> <span class='ocrx_word' id='word_1_718' title='bbox 2993 3816 3083 3885; x_wconf 86' lang='lat' dir='ltr'><strong>qui</strong></span> <span class='ocrx_word' id='word_1_719' title='bbox 3114 3815 3276 3871; x_wconf 83' lang='lat' dir='ltr'><strong>etiam</strong></span> <span class='ocrx_word' id='word_1_720' title='bbox 3292 3817 3499 3886; x_wconf 87' lang='lat' dir='ltr'><strong>jejunat</strong></span> <span class='ocrx_word' id='word_1_721' title='bbox 3522 3831 3621 3886; x_wconf 89' lang='lat' dir='ltr'><strong>pro</strong></span> <span class='ocrx_word' id='word_1_722' title='bbox 3641 3833 3709 3871; x_wconf 89' lang='lat' dir='ltr'><strong>eo</strong></span> 
     </span>
    </p>
   </div>
   <div class='ocr_carea' id='block_1_95' title="bbox 2144 3906 3702 3980">
    <p class='ocr_par' dir='ltr' id='par_1_95' title="bbox 2144 3906 3702 3980">
     <span class='ocr_line' id='line_1_95' title="bbox 2144 3906 3702 3980; baseline 0 -17"><span class='ocrx_word' id='word_1_723' title='bbox 2144 3919 2201 3963; x_wconf 93' lang='grc' dir='ltr'><strong>ιιι</strong></span> <span class='ocrx_word' id='word_1_724' title='bbox 2227 3908 2341 3965; x_wconf 86' lang='lat' dir='ltr'><strong>alat</strong></span> <span class='ocrx_word' id='word_1_725' title='bbox 2370 3923 2722 3979; x_wconf 68' lang='lat' dir='ltr'><strong>pauperem.)</strong></span> <span class='ocrx_word' id='word_1_726' title='bbox 2760 3908 2927 3980; x_wconf 83' lang='lat' dir='ltr'><strong>Hujus</strong></span> <span class='ocrx_word' id='word_1_727' title='bbox 2952 3906 3218 3980; x_wconf 88' lang='lat' dir='ltr'><strong>jejunium</strong></span> <span class='ocrx_word' id='word_1_728' title='bbox 3249 3909 3402 3964; x_wconf 87' lang='lat' dir='ltr'><strong>valde</strong></span> <span class='ocrx_word' id='word_1_729' title='bbox 3425 3921 3702 3979; x_wconf 87' lang='lat' dir='ltr'><strong>acceptum</strong></span> 
     </span>
    </p>
   </div>
   <div class='ocr_carea' id='block_1_96' title="bbox 2137 4000 3704 4072">
    <p class='ocr_par' dir='ltr' id='par_1_96' title="bbox 2137 4000 3704 4072">
     <span class='ocr_line' id='line_1_96' title="bbox 2137 4000 3704 4072; baseline -0.001 -16"><span class='ocrx_word' id='word_1_730' title='bbox 2137 4009 2221 4056; x_wconf 89' lang='lat' dir='ltr'><strong>est</strong></span> <span class='ocrx_word' id='word_1_731' title='bbox 2256 4003 2399 4072; x_wconf 92' lang='lat' dir='ltr'><strong>apud</strong></span> <span class='ocrx_word' id='word_1_732' title='bbox 2444 4000 2654 4067; x_wconf 91' lang='lat' dir='ltr'><strong>Deum,</strong></span> <span class='ocrx_word' id='word_1_733' title='bbox 2711 4012 2768 4056; x_wconf 92' lang='lat' dir='ltr'><strong>et</strong></span> <span class='ocrx_word' id='word_1_734' title='bbox 2815 4015 3005 4056; x_wconf 86' lang='lat' dir='ltr'><strong>revera</strong></span> <span class='ocrx_word' id='word_1_735' title='bbox 3062 4000 3224 4070; x_wconf 85' lang='lat' dir='ltr'><strong>digne</strong></span> <span class='ocrx_word' id='word_1_736' title='bbox 3270 4003 3423 4059; x_wconf 89' lang='lat' dir='ltr'><strong>satis.</strong></span> <span class='ocrx_word' id='word_1_737' title='bbox 3457 4000 3704 4058; x_wconf 85' lang='lat' dir='ltr'><strong>Imitatur</strong></span> 
     </span>
    </p>
   </div>
   <div class='ocr_carea' id='block_1_97' title="bbox 2137 4092 3705 4171">
    <p class='ocr_par' dir='ltr' id='par_1_97' title="bbox 2137 4092 3705 4171">
     <span class='ocr_line' id='line_1_97' title="bbox 2137 4092 3705 4171; baseline 0.001 -23"><span class='ocrx_word' id='word_1_738' title='bbox 2137 4094 2281 4148; x_wconf 89' lang='lat' dir='ltr'><strong>enim</strong></span> <span class='ocrx_word' id='word_1_739' title='bbox 2318 4093 2487 4158; x_wconf 92' lang='lat' dir='ltr'><strong>illum,</strong></span> <span class='ocrx_word' id='word_1_740' title='bbox 2506 4093 2607 4171; x_wconf 79' lang='lat' dir='ltr'><strong>qui</strong></span> <span class='ocrx_word' id='word_1_741' title='bbox 2637 4092 2872 4146; x_wconf 89' lang='lat' dir='ltr'><strong>animam</strong></span> <span class='ocrx_word' id='word_1_742' title='bbox 2907 4107 3060 4146; x_wconf 88' lang='lat' dir='ltr'><strong>suam</strong></span> <span class='ocrx_word' id='word_1_743' title='bbox 3102 4093 3284 4162; x_wconf 86' lang='lat' dir='ltr'><strong>posuit</strong></span> <span class='ocrx_word' id='word_1_744' title='bbox 3310 4107 3409 4162; x_wconf 93' lang='lat' dir='ltr'><strong>pro</strong></span> <span class='ocrx_word' id='word_1_745' title='bbox 3441 4092 3705 4149; x_wconf 75' lang='lat' dir='ltr'><strong>fratribus</strong></span> 
     </span>
    </p>
   </div>
   <div class='ocr_carea' id='block_1_98' title="bbox 2140 4182 3700 4253">
    <p class='ocr_par' dir='ltr' id='par_1_98' title="bbox 2140 4182 3700 4253">
     <span class='ocr_line' id='line_1_98' title="bbox 2140 4182 3700 4253; baseline -0.003 -13"><span class='ocrx_word' id='word_1_746' title='bbox 2140 4185 2273 4241; x_wconf 90' lang='lat' dir='ltr'><strong>suis.</strong></span> <span class='ocrx_word' id='word_1_747' title='bbox 2315 4182 2455 4251; x_wconf 87' lang='lat' dir='ltr'><strong>Quid</strong></span> <span class='ocrx_word' id='word_1_748' title='bbox 2504 4198 2636 4253; x_wconf 88' lang='lat' dir='ltr'><strong>ergo</strong></span> <span class='ocrx_word' id='word_1_749' title='bbox 2683 4183 2959 4237; x_wconf 89' lang='lat' dir='ltr'><strong>veteribus</strong></span> <span class='ocrx_word' id='word_1_750' title='bbox 2998 4184 3192 4249; x_wconf 89' lang='lat' dir='ltr'><strong>pannis</strong></span> <span class='ocrx_word' id='word_1_751' title='bbox 3223 4198 3361 4238; x_wconf 85' lang='lat' dir='ltr'><strong>nova</strong></span> <span class='ocrx_word' id='word_1_752' title='bbox 3395 4183 3700 4238; x_wconf 84' lang='lat' dir='ltr'><strong>indumenta</strong></span> 
     </span>
    </p>
   </div>
   <div class='ocr_carea' id='block_1_99' title="bbox 2139 4274 3703 4343">
    <p class='ocr_par' dir='ltr' id='par_1_99' title="bbox 2139 4274 3703 4343">
     <span class='ocr_line' id='line_1_99' title="bbox 2139 4274 3703 4343; baseline -0.003 -11"><span class='ocrx_word' id='word_1_753' title='bbox 2139 4276 2468 4333; x_wconf 86' lang='lat' dir='ltr'><strong>miscemus?</strong></span> <span class='ocrx_word' id='word_1_754' title='bbox 2507 4274 2644 4343; x_wconf 87' lang='lat' dir='ltr'><strong>Quid</strong></span> <span class='ocrx_word' id='word_1_755' title='bbox 2683 4274 2736 4329; x_wconf 86' lang='lat' dir='ltr'><strong>in</strong></span> <span class='ocrx_word' id='word_1_756' title='bbox 2785 4286 2936 4330; x_wconf 88' lang='lat' dir='ltr'><strong>utres</strong></span> <span class='ocrx_word' id='word_1_757' title='bbox 2982 4286 3188 4330; x_wconf 89' lang='lat' dir='ltr'><strong>veteres</strong></span> <span class='ocrx_word' id='word_1_758' title='bbox 3220 4277 3485 4330; x_wconf 84' lang='lat' dir='ltr'><strong>mittimus</strong></span> <span class='ocrx_word' id='word_1_759' title='bbox 3520 4277 3703 4331; x_wconf 89' lang='lat' dir='ltr'><strong>vinum</strong></span> 
     </span>
    </p>
   </div>
   <div class='ocr_carea' id='block_1_100' title="bbox 2140 4367 3706 4430">
    <p class='ocr_par' dir='ltr' id='par_1_100' title="bbox 2140 4367 3706 4430">
     <span class='ocr_line' id='line_1_100' title="bbox 2140 4367 3706 4430; baseline -0.001 -7"><span class='ocrx_word' id='word_1_760' title='bbox 2140 4369 2380 4423; x_wconf 85' lang='lat' dir='ltr'><strong>novum?</strong></span> <span class='ocrx_word' id='word_1_761' title='bbox 2417 4387 2437 4419; x_wconf 72' lang='grc' dir='ltr'><strong>ι</strong></span> <span class='ocrx_word' id='word_1_762' title='bbox 2473 4367 2669 4423; x_wconf 75' lang='lat' dir='ltr'><strong>Vetera</strong></span> <span class='ocrx_word' id='word_1_763' title='bbox 2704 4367 3063 4430; x_wconf 90' lang='lat' dir='ltr'><strong>transierunt,</strong></span> <span class='ocrx_word' id='word_1_764' title='bbox 3093 4382 3223 4422; x_wconf 90' lang='lat' dir='ltr'><strong>ecce</strong></span> <span class='ocrx_word' id='word_1_765' title='bbox 3251 4368 3392 4423; x_wconf 80' lang='lat' dir='ltr'><strong>facta</strong></span> <span class='ocrx_word' id='word_1_766' title='bbox 3427 4376 3557 4423; x_wconf 91' lang='lat' dir='ltr'><strong>sunt</strong></span> <span class='ocrx_word' id='word_1_767' title='bbox 3587 4384 3706 4423; x_wconf 88' lang='lat' dir='ltr'><strong>om-</strong></span> 
     </span>
    </p>
   </div>
   <div class='ocr_carea' id='block_1_101' title="bbox 2141 4457 3701 4529">
    <p class='ocr_par' dir='ltr' id='par_1_101' title="bbox 2141 4457 3701 4529">
     <span class='ocr_line' id='line_1_101' title="bbox 2141 4457 3701 4529; baseline 0 -15"><span class='ocrx_word' id='word_1_768' title='bbox 2141 4461 2231 4521; x_wconf 84' lang='lat' dir='ltr'><strong>nia</strong></span> <span class='ocrx_word' id='word_1_769' title='bbox 2263 4476 2400 4514; x_wconf 88' lang='lat' dir='ltr'><strong>nova</strong></span> <span class='ocrx_word' id='word_1_770' title='bbox 2430 4459 2510 4525; x_wconf 82' lang='lat'><strong>&quot;,</strong></span> <span class='ocrx_word' id='word_1_771' title='bbox 2547 4477 2567 4511; x_wconf 73' lang='grc' dir='ltr'><strong>ι</strong></span> <span class='ocrx_word' id='word_1_772' title='bbox 2627 4474 2723 4529; x_wconf 86' lang='lat' dir='ltr'><strong>per</strong></span> <span class='ocrx_word' id='word_1_773' title='bbox 2769 4458 3041 4513; x_wconf 86' lang='lat' dir='ltr'><strong>Christum</strong></span> <span class='ocrx_word' id='word_1_774' title='bbox 3088 4457 3384 4528; x_wconf 43' lang='lat' dir='ltr'><strong>‘Dominum</strong></span> <span class='ocrx_word' id='word_1_775' title='bbox 3433 4469 3701 4524; x_wconf 84' lang='lat' dir='ltr'><strong>nostrum,</strong></span> 
     </span>
    </p>
   </div>
   <div class='ocr_carea' id='block_1_102' title="bbox 2140 4549 3701 4624">
    <p class='ocr_par' dir='ltr' id='par_1_102' title="bbox 2140 4549 3701 4624">
     <span class='ocr_line' id='line_1_102' title="bbox 2140 4549 3701 4624; baseline 0.001 -15"><span class='ocrx_word' id='word_1_776' title='bbox 2140 4556 2225 4610; x_wconf 92' lang='lat' dir='ltr'><strong>cui</strong></span> <span class='ocrx_word' id='word_1_777' title='bbox 2255 4563 2339 4609; x_wconf 89' lang='lat' dir='ltr'><strong>est</strong></span> <span class='ocrx_word' id='word_1_778' title='bbox 2388 4552 2561 4624; x_wconf 88' lang='lat' dir='ltr'><strong>gloria</strong></span> <span class='ocrx_word' id='word_1_779' title='bbox 2612 4563 2668 4607; x_wconf 92' lang='lat' dir='ltr'><strong>et</strong></span> <span class='ocrx_word' id='word_1_780' title='bbox 2704 4551 2990 4621; x_wconf 87' lang='lat' dir='ltr'><strong>imperium</strong></span> <span class='ocrx_word' id='word_1_781' title='bbox 3033 4550 3086 4605; x_wconf 94' lang='lat' dir='ltr'><strong>in</strong></span> <span class='ocrx_word' id='word_1_782' title='bbox 3129 4549 3325 4605; x_wconf 68' lang='lat' dir='ltr'><strong>saecula</strong></span> <span class='ocrx_word' id='word_1_783' title='bbox 3359 4551 3701 4610; x_wconf 59' lang='lat' dir='ltr'><strong>saeculorum.</strong></span> 
     </span>
    </p>
   </div>
   <div class='ocr_carea' id='block_1_103' title="bbox 2134 4654 2328 4706">
    <p class='ocr_par' dir='ltr' id='par_1_103' title="bbox 2134 4654 2328 4706">
     <span class='ocr_line' id='line_1_103' title="bbox 2134 4654 2328 4706; baseline -0.015 0"><span class='ocrx_word' id='word_1_784' title='bbox 2134 4654 2328 4706; x_wconf 91' lang='lat' dir='ltr'><strong>Amen.</strong></span> 
     </span>
    </p>
   </div>
   <div class='ocr_carea' id='block_1_104' title="bbox 2294 4740 2707 4801">
    <p class='ocr_par' dir='ltr' id='par_1_104' title="bbox 2294 4740 2707 4801">
     <span class='ocr_line' id='line_1_104' title="bbox 2294 4740 2707 4801; baseline -0.017 -2"><span class='ocrx_word' id='word_1_785' title='bbox 2294 4749 2336 4779; x_wconf 81' lang='grc'>¹⁸</span> <span class='ocrx_word' id='word_1_786' title='bbox 2364 4745 2381 4799; x_wconf 93' lang='lat' dir='ltr'><strong>l</strong></span> <span class='ocrx_word' id='word_1_787' title='bbox 2407 4745 2537 4798; x_wconf 87' lang='lat' dir='ltr'><strong>Cor.</strong></span> <span class='ocrx_word' id='word_1_788' title='bbox 2567 4758 2614 4801; x_wconf 90' lang='lat' dir='ltr'><strong>v.</strong></span> <span class='ocrx_word' id='word_1_789' title='bbox 2657 4740 2707 4793; x_wconf 79' lang='lat'><strong>7.</strong></span> 
     </span>
    </p>
   </div>
   <div class='ocr_carea' id='block_1_105' title="bbox 2384 4811 2887 4876">
    <p class='ocr_par' dir='ltr' id='par_1_105' title="bbox 2384 4811 2887 4876">
     <span class='ocr_line' id='line_1_105' title="bbox 2384 4811 2887 4876; baseline -0.01 -7"><span class='ocrx_word' id='word_1_790' title='bbox 2384 4816 2427 4847; x_wconf 76' lang='lat'>“</span> <span class='ocrx_word' id='word_1_791' title='bbox 2460 4812 2666 4869; x_wconf 87' lang='lat' dir='ltr'><strong>Coloss.</strong></span> <span class='ocrx_word' id='word_1_792' title='bbox 2726 4827 2809 4876; x_wconf 91' lang='grc' dir='ltr'>ιιι,</span> <span class='ocrx_word' id='word_1_793' title='bbox 2838 4811 2887 4864; x_wconf 78' lang='grc'><strong>1.</strong></span> 
     </span>
    </p>
   </div>
   <div class='ocr_carea' id='block_1_106' title="bbox 3345 4739 3707 4866">
    <p class='ocr_par' dir='ltr' id='par_1_106' title="bbox 3345 4739 3707 4866">
     <span class='ocr_line' id='line_1_106' title="bbox 3345 4739 3702 4804; baseline 0.003 -12"><span class='ocrx_word' id='word_1_794' title='bbox 3345 4739 3594 4794; x_wconf 86' lang='lat' dir='ltr'><strong>&quot;Matth.</strong></span> <span class='ocrx_word' id='word_1_795' title='bbox 3625 4755 3702 4804; x_wconf 71' lang='lat' dir='ltr'><strong>xv,</strong></span> 
     </span>
     <span class='ocr_line' id='line_1_107' title="bbox 3348 4810 3707 4866; baseline -0.003 0"><span class='ocrx_word' id='word_1_796' title='bbox 3348 4853 3362 4866; x_wconf 90' lang='lat'><strong>.</strong></span> <span class='ocrx_word' id='word_1_797' title='bbox 3397 4811 3483 4865; x_wconf 80' lang='grc'><strong>15.</strong></span> <span class='ocrx_word' id='word_1_798' title='bbox 3588 4811 3634 4842; x_wconf 86' lang='grc'><strong>¹³</strong></span> <span class='ocrx_word' id='word_1_799' title='bbox 3661 4810 3707 4866; x_wconf 87' lang='lat' dir='ltr'><strong>ll</strong></span> 
     </span>
    </p>
   </div>
   <div class='ocr_carea' id='block_1_107' title="bbox 2823 4739 3265 4799">
    <p class='ocr_par' dir='ltr' id='par_1_107' title="bbox 2823 4739 3265 4799">
     <span class='ocr_line' id='line_1_108' title="bbox 2823 4739 3265 4799; baseline 0.002 -6"><span class='ocrx_word' id='word_1_800' title='bbox 2823 4741 2866 4771; x_wconf 82' lang='grc'>¹⁶</span> <span class='ocrx_word' id='word_1_801' title='bbox 2901 4740 2999 4795; x_wconf 78' lang='lat' dir='ltr'><strong>lsa.</strong></span> <span class='ocrx_word' id='word_1_802' title='bbox 3028 4757 3176 4799; x_wconf 77' lang='lat' dir='ltr'><strong>Lvm.</strong></span> <span class='ocrx_word' id='word_1_803' title='bbox 3211 4739 3265 4794; x_wconf 81' lang='grc'><strong>5.</strong></span> 
     </span>
    </p>
   </div>
   <div class='ocr_carea' id='block_1_108' title="bbox 2983 4811 3483 4876">
    <p class='ocr_par' dir='ltr' id='par_1_108' title="bbox 2983 4811 3483 4876">
     <span class='ocr_line' id='line_1_109' title="bbox 2983 4811 3483 4876; baseline -0.002 -12"><span class='ocrx_word' id='word_1_804' title='bbox 2983 4814 3029 4843; x_wconf 74' lang='grc'><strong>⁸³</strong></span> <span class='ocrx_word' id='word_1_805' title='bbox 3058 4813 3245 4864; x_wconf 79' lang='lat' dir='ltr'><strong>Matth.</strong></span> <span class='ocrx_word' id='word_1_806' title='bbox 3287 4826 3362 4876; x_wconf 75' lang='lat' dir='ltr'><strong>lx,</strong></span> <span class='ocrx_word' id='word_1_807' title='bbox 3397 4811 3483 4865; x_wconf 79' lang='grc'><strong>15.</strong></span> 
     </span>
    </p>
   </div>
   <div class='ocr_carea' id='block_1_109' title="bbox 2143 4975 3707 5052">
    <p class='ocr_par' dir='ltr' id='par_1_109' title="bbox 2143 4975 3707 5052">
     <span class='ocr_line' id='line_1_110' title="bbox 2143 4975 3707 5052; baseline -0.004 -15"><span class='ocrx_word' id='word_1_808' title='bbox 2143 4992 2198 5037; x_wconf 87' lang='lat' dir='ltr'><strong>et</strong></span> <span class='ocrx_word' id='word_1_809' title='bbox 2222 4981 2445 5052; x_wconf 87' lang='lat' dir='ltr'><strong>jejuniis</strong></span> <span class='ocrx_word' id='word_1_810' title='bbox 2474 4978 2866 5052; x_wconf 75' lang='lat' dir='ltr'><strong>parasceveru?</strong></span> <span class='ocrx_word' id='word_1_811' title='bbox 2895 4996 2914 5031; x_wconf 72' lang='grc' dir='ltr'><strong>ι</strong></span> <span class='ocrx_word' id='word_1_812' title='bbox 2952 4976 3167 5052; x_wconf 83' lang='lat' dir='ltr'><strong>Et_ca_p_.</strong></span> <span class='ocrx_word' id='word_1_813' title='bbox 3199 4975 3235 5029; x_wconf 72' lang='lat'>2</span> <span class='ocrx_word' id='word_1_814' title='bbox 3260 4994 3273 5029; x_wconf 96' lang='lat'>:</span> <span class='ocrx_word' id='word_1_815' title='bbox 3309 4996 3330 5027; x_wconf 74' lang='grc' dir='ltr'><strong>ε</strong></span> <span class='ocrx_word' id='word_1_816' title='bbox 3364 4976 3457 5030; x_wconf 91' lang='lat' dir='ltr'><strong>Sic</strong></span> <span class='ocrx_word' id='word_1_817' title='bbox 3486 4985 3545 5052; x_wconf 77' lang='lat' dir='ltr'><strong>et</strong></span> <span class='ocrx_word' id='word_1_818' title='bbox 3574 4991 3707 5045; x_wconf 88' lang='lat' dir='ltr'><strong>apo-</strong></span> 
     </span>
    </p>
   </div>
   <div class='ocr_carea' id='block_1_110' title="bbox 2140 5047 3702 5117">
    <p class='ocr_par' dir='ltr' id='par_1_110' title="bbox 2140 5047 3702 5117">
     <span class='ocr_line' id='line_1_111' title="bbox 2140 5047 3702 5117; baseline -0.005 -9"><span class='ocrx_word' id='word_1_819' title='bbox 2140 5047 2309 5109; x_wconf 78' lang='lat' dir='ltr'><strong>stolos</strong></span> <span class='ocrx_word' id='word_1_820' title='bbox 2336 5047 2678 5116; x_wconf 76' lang='lat' dir='ltr'><strong>observasse,</strong></span> <span class='ocrx_word' id='word_1_821' title='bbox 2731 5049 2934 5102; x_wconf 90' lang='lat' dir='ltr'><strong>nullum</strong></span> <span class='ocrx_word' id='word_1_822' title='bbox 2972 5049 3117 5100; x_wconf 89' lang='lat' dir='ltr'><strong>aliud</strong></span> <span class='ocrx_word' id='word_1_823' title='bbox 3149 5047 3490 5116; x_wconf 84' lang='lat' dir='ltr'><strong>irnpouentes</strong></span> <span class='ocrx_word' id='word_1_824' title='bbox 3512 5047 3702 5117; x_wconf 82' lang='lat' dir='ltr'><strong>jugum</strong></span> 
     </span>
    </p>
   </div>
   <div class='ocr_carea' id='block_1_111' title="bbox 2138 5118 3700 5187">
    <p class='ocr_par' dir='ltr' id='par_1_111' title="bbox 2138 5118 3700 5187">
     <span class='ocr_line' id='line_1_112' title="bbox 2138 5118 3700 5187; baseline -0.005 -9"><span class='ocrx_word' id='word_1_825' title='bbox 2138 5135 2451 5187; x_wconf 86' lang='lat' dir='ltr'><strong>certorum,</strong></span> <span class='ocrx_word' id='word_1_826' title='bbox 2500 5131 2556 5176; x_wconf 88' lang='lat' dir='ltr'><strong>et</strong></span> <span class='ocrx_word' id='word_1_827' title='bbox 2599 5122 2650 5175; x_wconf 92' lang='lat' dir='ltr'><strong>in</strong></span> <span class='ocrx_word' id='word_1_828' title='bbox 2703 5133 2993 5174; x_wconf 89' lang='lat' dir='ltr'><strong>commune</strong></span> <span class='ocrx_word' id='word_1_829' title='bbox 3028 5118 3277 5172; x_wconf 77' lang='lat' dir='ltr'><strong>OlllllllMIS</strong></span> <span class='ocrx_word' id='word_1_830' title='bbox 3325 5118 3700 5171; x_wconf 81' lang='lat' dir='ltr'><strong>obeundarum</strong></span> 
     </span>
    </p>
   </div>
   <div class='ocr_carea' id='block_1_112' title="bbox 461 5188 3700 5277">
    <p class='ocr_par' dir='ltr' id='par_1_112' title="bbox 461 5188 3700 5277">
     <span class='ocr_line' id='line_1_113' title="bbox 461 5188 3700 5277; baseline -0.004 -24"><span class='ocrx_word' id='word_1_831' title='bbox 461 5188 651 5268; x_wconf 70' lang='lat' dir='ltr'><strong>quibus</strong></span> <span class='ocrx_word' id='word_1_832' title='bbox 702 5188 1025 5277; x_wconf 61' lang='lat' dir='ltr'><strong>solemnitng</strong></span> <span class='ocrx_word' id='word_1_833' title='bbox 1064 5195 1396 5276; x_wconf 65' lang='lat' dir='ltr'><strong>jejunamus.</strong></span> <span class='ocrx_word' id='word_1_834' title='bbox 1450 5188 1905 5277; x_wconf 73' lang='lat' dir='ltr'><strong>Antiquissimum</strong></span> <span class='ocrx_word' id='word_1_835' title='bbox 1946 5204 2030 5247; x_wconf 89' lang='lat' dir='ltr'><strong>est</strong></span> <span class='ocrx_word' id='word_1_836' title='bbox 2129 5188 3188 5277; x_wconf 67' lang='lat' dir='ltr'><strong>jejuniorutn:proindeuecstationum,</strong></span> <span class='ocrx_word' id='word_1_837' title='bbox 3207 5202 3326 5256; x_wconf 75' lang='lat' dir='ltr'><strong>qua:</strong></span> <span class='ocrx_word' id='word_1_838' title='bbox 3350 5198 3405 5242; x_wconf 88' lang='lat' dir='ltr'><strong>et</strong></span> <span class='ocrx_word' id='word_1_839' title='bbox 3430 5189 3700 5277; x_wconf 52' lang='lat' dir='ltr'><strong>ipsmnsuos</strong></span> 
     </span>
    </p>
   </div>
   <div class='ocr_carea' id='block_1_113' title="bbox 464 5263 2028 5336">
    <p class='ocr_par' dir='ltr' id='par_1_113' title="bbox 464 5263 2028 5336">
     <span class='ocr_line' id='line_1_114' title="bbox 464 5263 2028 5336; baseline -0.002 -16"><span class='ocrx_word' id='word_1_840' title='bbox 464 5263 747 5336; x_wconf 81' lang='lat' dir='ltr'><strong>utriusque</strong></span> <span class='ocrx_word' id='word_1_841' title='bbox 808 5266 914 5336; x_wconf 87' lang='lat' dir='ltr'><strong>diei</strong></span> <span class='ocrx_word' id='word_1_842' title='bbox 943 5264 1206 5336; x_wconf 85' lang='lat' dir='ltr'><strong>jejunium</strong></span> <span class='ocrx_word' id='word_1_843' title='bbox 1234 5305 1250 5326; x_wconf 94' lang='lat'><strong>,</strong></span> <span class='ocrx_word' id='word_1_844' title='bbox 1289 5266 1489 5335; x_wconf 85' lang='lat' dir='ltr'><strong>quippe</strong></span> <span class='ocrx_word' id='word_1_845' title='bbox 1519 5265 1660 5334; x_wconf 88' lang='lat' dir='ltr'><strong>quod</strong></span> <span class='ocrx_word' id='word_1_846' title='bbox 1690 5263 1935 5336; x_wconf 33' lang='lat' dir='ltr'><strong>perindeA</strong></span> <span class='ocrx_word' id='word_1_847' title='bbox 1954 5279 2028 5336; x_wconf 88' lang='lat' dir='ltr'><strong>_ac</strong></span> 
     </span>
    </p>
   </div>
   <div class='ocr_carea' id='block_1_114' title="bbox 464 5332 2019 5407">
    <p class='ocr_par' dir='ltr' id='par_1_114' title="bbox 464 5332 2019 5407">
     <span class='ocr_line' id='line_1_115' title="bbox 464 5332 2019 5407; baseline -0.004 -16"><span class='ocrx_word' id='word_1_848' title='bbox 464 5332 958 5407; x_wconf 61' lang='lat' dir='ltr'><strong>quadragesimale&#39;</strong></span> <span class='ocrx_word' id='word_1_849' title='bbox 985 5332 1556 5407; x_wconf 42' lang='lat' dir='ltr'><strong>prtecipitur&#39;cauoué</strong></span> <span class='ocrx_word' id='word_1_850' title='bbox 1590 5332 1847 5407; x_wconf 34' lang='lat' dir='ltr'><strong>Aapostol.</strong></span> <span class='ocrx_word' id='word_1_851' title='bbox 1907 5332 1967 5386; x_wconf 89' lang='lat'><strong>6|</strong></span> <span class='ocrx_word' id='word_1_852' title='bbox 2003 5373 2019 5397; x_wconf 90' lang='lat'><strong>,</strong></span> 
     </span>
    </p>
   </div>
   <div class='ocr_carea' id='block_1_115' title="bbox 464 5398 2025 5475">
    <p class='ocr_par' dir='ltr' id='par_1_115' title="bbox 464 5398 2025 5475">
     <span class='ocr_line' id='line_1_116' title="bbox 464 5398 2025 5475; baseline -0.003 -13"><span class='ocrx_word' id='word_1_853' title='bbox 464 5398 753 5462; x_wconf 62' lang='lat' dir='ltr'><strong>Constitui.</strong></span> <span class='ocrx_word' id='word_1_854' title='bbox 784 5398 1008 5470; x_wconf 43' lang='lat' dir='ltr'><strong>apostoli</strong></span> <span class='ocrx_word' id='word_1_855' title='bbox 1046 5398 1221 5470; x_wconf 55' lang='lat' dir='ltr'><strong>lib.&#39;v,</strong></span> <span class='ocrx_word' id='word_1_856' title='bbox 1254 5422 1373 5475; x_wconf 89' lang='lat' dir='ltr'><strong>cap.</strong></span> <span class='ocrx_word' id='word_1_857' title='bbox 1406 5404 1475 5458; x_wconf 81' lang='grc'><strong>15</strong></span> <span class='ocrx_word' id='word_1_858' title='bbox 1499 5413 1554 5458; x_wconf 86' lang='lat' dir='ltr'><strong>et</strong></span> <span class='ocrx_word' id='word_1_859' title='bbox 1583 5398 1676 5467; x_wconf 68' lang='lat' dir='ltr'><strong>2T,</strong></span> <span class='ocrx_word' id='word_1_860' title='bbox 1713 5414 1767 5475; x_wconf 88' lang='lat' dir='ltr'><strong>et</strong></span> <span class='ocrx_word' id='word_1_861' title='bbox 1799 5418 1829 5456; x_wconf 87' lang='lat' dir='ltr'><strong>a</strong></span> <span class='ocrx_word' id='word_1_862' title='bbox 1864 5418 2025 5475; x_wconf 82' lang='lat' dir='ltr'><strong>pseu-</strong></span> 
     </span>
    </p>
   </div>
   <div class='ocr_carea' id='block_1_116' title="bbox 467 5472 2020 5547">
    <p class='ocr_par' dir='ltr' id='par_1_116' title="bbox 467 5472 2020 5547">
     <span class='ocr_line' id='line_1_117' title="bbox 467 5472 2020 5547; baseline -0.001 -17"><span class='ocrx_word' id='word_1_863' title='bbox 467 5478 772 5547; x_wconf 84' lang='lat' dir='ltr'><strong>do-Ignatio</strong></span> <span class='ocrx_word' id='word_1_864' title='bbox 803 5475 1017 5547; x_wconf 73' lang='lat' dir='ltr'><strong>epistol.</strong></span> <span class='ocrx_word' id='word_1_865' title='bbox 1060 5477 1127 5528; x_wconf 83' lang='lat' dir='ltr'><strong>ad</strong></span> <span class='ocrx_word' id='word_1_866' title='bbox 1173 5472 1551 5547; x_wconf 76' lang='lat' dir='ltr'><strong>Philipp._cap.</strong></span> <span class='ocrx_word' id='word_1_867' title='bbox 1582 5475 1677 5547; x_wconf 54' lang='grc' dir='ltr'><strong>15ἑ</strong></span> <span class='ocrx_word' id='word_1_868' title='bbox 1713 5474 1786 5527; x_wconf 86' lang='lat' dir='ltr'><strong>De</strong></span> <span class='ocrx_word' id='word_1_869' title='bbox 1809 5474 1912 5547; x_wconf 80' lang='lat' dir='ltr'><strong>hoc</strong></span> <span class='ocrx_word' id='word_1_870' title='bbox 1937 5472 2020 5540; x_wconf 89' lang='lat' dir='ltr'><strong>je-</strong></span> 
     </span>
    </p>
   </div>
   <div class='ocr_carea' id='block_1_117' title="bbox 463 5544 2023 5618">
    <p class='ocr_par' dir='ltr' id='par_1_117' title="bbox 463 5544 2023 5618">
     <span class='ocr_line' id='line_1_118' title="bbox 463 5544 2023 5618; baseline -0.002 -18"><span class='ocrx_word' id='word_1_871' title='bbox 463 5544 614 5618; x_wconf 78' lang='lat' dir='ltr'><strong>junio</strong></span> <span class='ocrx_word' id='word_1_872' title='bbox 643 5547 967 5618; x_wconf 87' lang='lat' dir='ltr'><strong>mentionem</strong></span> <span class='ocrx_word' id='word_1_873' title='bbox 997 5545 1124 5618; x_wconf 79' lang='lat' dir='ltr'><strong>facit</strong></span> <span class='ocrx_word' id='word_1_874' title='bbox 1151 5562 1256 5618; x_wconf 89' lang='lat' dir='ltr'><strong>non</strong></span> <span class='ocrx_word' id='word_1_875' title='bbox 1275 5544 1383 5600; x_wconf 82' lang='lat' dir='ltr'><strong>uno</strong></span> <span class='ocrx_word' id='word_1_876' title='bbox 1412 5545 1464 5599; x_wconf 91' lang='lat' dir='ltr'><strong>in</strong></span> <span class='ocrx_word' id='word_1_877' title='bbox 1492 5547 1612 5618; x_wconf 81' lang='lat' dir='ltr'><strong>loco</strong></span> <span class='ocrx_word' id='word_1_878' title='bbox 1637 5544 2023 5618; x_wconf 79' lang='lat' dir='ltr'><strong>Tertullianus,</strong></span> 
     </span>
    </p>
   </div>
   <div class='ocr_carea' id='block_1_118' title="bbox 466 5616 2026 5686">
    <p class='ocr_par' dir='ltr' id='par_1_118' title="bbox 466 5616 2026 5686">
     <span class='ocr_line' id='line_1_119' title="bbox 466 5616 2026 5686; baseline -0.002 -15"><span class='ocrx_word' id='word_1_879' title='bbox 466 5616 521 5671; x_wconf 72' lang='lat' dir='ltr'><strong>et</strong></span> <span class='ocrx_word' id='word_1_880' title='bbox 553 5620 815 5672; x_wconf 87' lang='lat' dir='ltr'><strong>stationes</strong></span> <span class='ocrx_word' id='word_1_881' title='bbox 849 5617 956 5671; x_wconf 87' lang='lat' dir='ltr'><strong>illis</strong></span> <span class='ocrx_word' id='word_1_882' title='bbox 986 5617 1116 5686; x_wconf 92' lang='lat' dir='ltr'><strong>ipsis</strong></span> <span class='ocrx_word' id='word_1_883' title='bbox 1144 5617 1335 5672; x_wconf 86' lang='lat' dir='ltr'><strong>diebus</strong></span> <span class='ocrx_word' id='word_1_884' title='bbox 1363 5616 1503 5671; x_wconf 87' lang='lat' dir='ltr'><strong>obiri</strong></span> <span class='ocrx_word' id='word_1_885' title='bbox 1552 5616 1901 5686; x_wconf 81' lang='lat' dir='ltr'><strong>consuevisse</strong></span> <span class='ocrx_word' id='word_1_886' title='bbox 1953 5617 2026 5670; x_wconf 88' lang='lat' dir='ltr'><strong>si-</strong></span> 
     </span>
    </p>
   </div>
   <div class='ocr_carea' id='block_1_119' title="bbox 464 5685 2090 5757">
    <p class='ocr_par' dir='ltr' id='par_1_119' title="bbox 464 5685 2090 5757">
     <span class='ocr_line' id='line_1_120' title="bbox 464 5685 2090 5757; baseline -0.001 -18"><span class='ocrx_word' id='word_1_887' title='bbox 464 5688 688 5754; x_wconf 79' lang='lat' dir='ltr'><strong>gniﬁcat</strong></span> <span class='ocrx_word' id='word_1_888' title='bbox 722 5706 736 5743; x_wconf 89' lang='lat'><strong>:</strong></span> <span class='ocrx_word' id='word_1_889' title='bbox 771 5700 829 5742; x_wconf 88' lang='lat' dir='ltr'><strong>ut</strong></span> <span class='ocrx_word' id='word_1_890' title='bbox 858 5688 913 5743; x_wconf 92' lang='lat' dir='ltr'><strong>in</strong></span> <span class='ocrx_word' id='word_1_891' title='bbox 945 5685 1040 5742; x_wconf 87' lang='lat' dir='ltr'><strong>lib.</strong></span> <span class='ocrx_word' id='word_1_892' title='bbox 1087 5686 1163 5741; x_wconf 80' lang='lat' dir='ltr'><strong>De</strong></span> <span class='ocrx_word' id='word_1_893' title='bbox 1199 5687 1421 5757; x_wconf 78' lang='lat' dir='ltr'><strong>jejuniis</strong></span> <span class='ocrx_word' id='word_1_894' title='bbox 1457 5698 1644 5741; x_wconf 89' lang='lat' dir='ltr'><strong>contra</strong></span> <span class='ocrx_word' id='word_1_895' title='bbox 1697 5685 2023 5757; x_wconf 73' lang='lat' dir='ltr'><strong>Psychicos;</strong></span> <span class='ocrx_word' id='word_1_896' title='bbox 2083 5730 2090 5737; x_wconf 84' lang='lat'><strong>.</strong></span> 
     </span>
    </p>
   </div>
   <div class='ocr_carea' id='block_1_120' title="bbox 474 5754 2022 5829">
    <p class='ocr_par' dir='ltr' id='par_1_120' title="bbox 474 5754 2022 5829">
     <span class='ocr_line' id='line_1_121' title="bbox 474 5754 2022 5829; baseline 0.003 -21"><span class='ocrx_word' id='word_1_897' title='bbox 474 5760 611 5814; x_wconf 62' lang='lat' dir='ltr'><strong>«Cur</strong></span> <span class='ocrx_word' id='word_1_898' title='bbox 622 5758 948 5815; x_wconf 78' lang='lat' dir='ltr'><strong>stationibus</strong></span> <span class='ocrx_word' id='word_1_899' title='bbox 970 5754 1219 5829; x_wconf 80' lang='lat' dir='ltr'><strong>quartam</strong></span> <span class='ocrx_word' id='word_1_900' title='bbox 1232 5754 1505 5815; x_wconf 72' lang='lat' dir='ltr'><strong>etsextam</strong></span> <span class='ocrx_word' id='word_1_901' title='bbox 1528 5754 1742 5815; x_wconf 81' lang='lat' dir='ltr'><strong>sabbati</strong></span> <span class='ocrx_word' id='word_1_902' title='bbox 1758 5754 2022 5823; x_wconf 76' lang='lat' dir='ltr'><strong>dicamus,</strong></span> 
     </span>
    </p>
   </div>
   <div class='ocr_carea' id='block_1_121' title="bbox 2132 5259 3702 5334">
    <p class='ocr_par' dir='ltr' id='par_1_121' title="bbox 2132 5259 3702 5334">
     <span class='ocr_line' id='line_1_122' title="bbox 2132 5259 3702 5334; baseline -0.005 -16"><span class='ocrx_word' id='word_1_903' title='bbox 2132 5259 2491 5334; x_wconf 79' lang='lat' dir='ltr'><strong>quidemdies</strong></span> <span class='ocrx_word' id='word_1_904' title='bbox 2516 5259 2776 5334; x_wconf 84' lang='lat' dir='ltr'><strong>habeant,</strong></span> <span class='ocrx_word' id='word_1_905' title='bbox 2801 5260 3009 5328; x_wconf 70' lang='lat' dir='ltr'><strong>quarta:</strong></span> <span class='ocrx_word' id='word_1_906' title='bbox 3041 5259 3187 5334; x_wconf 64' lang='lat' dir='ltr'><strong>feria;</strong></span> <span class='ocrx_word' id='word_1_907' title='bbox 3215 5270 3268 5334; x_wconf 84' lang='lat' dir='ltr'><strong>et</strong></span> <span class='ocrx_word' id='word_1_908' title='bbox 3296 5269 3517 5334; x_wconf 50' lang='lat' dir='ltr'><strong>sextam</strong></span> <span class='ocrx_word' id='word_1_909' title='bbox 3544 5259 3702 5326; x_wconf 82' lang='lat' dir='ltr'><strong>Ejus-</strong></span> 
     </span>
    </p>
   </div>
   <div class='ocr_carea' id='block_1_122' title="bbox 2131 5329 3696 5402">
    <p class='ocr_par' dir='ltr' id='par_1_122' title="bbox 2131 5329 3696 5402">
     <span class='ocr_line' id='line_1_123' title="bbox 2131 5329 3696 5402; baseline -0.006 -14"><span class='ocrx_word' id='word_1_910' title='bbox 2131 5329 2252 5389; x_wconf 80' lang='lat' dir='ltr'><strong>dem</strong></span> <span class='ocrx_word' id='word_1_911' title='bbox 2288 5332 2479 5402; x_wconf 87' lang='lat' dir='ltr'><strong>jejunii</strong></span> <span class='ocrx_word' id='word_1_912' title='bbox 2532 5333 2870 5402; x_wconf 22' lang='lat' dir='ltr'><strong>tuentiouest</strong></span> <span class='ocrx_word' id='word_1_913' title='bbox 2916 5331 3057 5399; x_wconf 90' lang='lat' dir='ltr'><strong>apud</strong></span> <span class='ocrx_word' id='word_1_914' title='bbox 3092 5329 3452 5402; x_wconf 69' lang='lat' dir='ltr'><strong>ljlpiphauium</strong></span> <span class='ocrx_word' id='word_1_915' title='bbox 3504 5331 3696 5382; x_wconf 70' lang='lat' dir='ltr'><strong>haeres.</strong></span> 
     </span>
    </p>
   </div>
   <div class='ocr_carea' id='block_1_123' title="bbox 2126 5398 3694 5470">
    <p class='ocr_par' dir='ltr' id='par_1_123' title="bbox 2126 5398 3694 5470">
     <span class='ocr_line' id='line_1_124' title="bbox 2126 5398 3694 5470; baseline -0.007 -11"><span class='ocrx_word' id='word_1_916' title='bbox 2126 5398 2460 5470; x_wconf 42' lang='lat' dir='ltr'><strong>Lxxv,&#39;u&#39;um.</strong></span> <span class='ocrx_word' id='word_1_917' title='bbox 2487 5403 2540 5467; x_wconf 90' lang='lat'><strong>6,</strong></span> <span class='ocrx_word' id='word_1_918' title='bbox 2565 5414 2618 5457; x_wconf 88' lang='lat' dir='ltr'><strong>et</strong></span> <span class='ocrx_word' id='word_1_919' title='bbox 2645 5405 2695 5455; x_wconf 89' lang='lat' dir='ltr'><strong>in</strong></span> <span class='ocrx_word' id='word_1_920' title='bbox 2722 5400 3060 5469; x_wconf 72' lang='lat' dir='ltr'><strong>Expositione</strong></span> <span class='ocrx_word' id='word_1_921' title='bbox 3084 5399 3209 5466; x_wconf 80' lang='lat' dir='ltr'><strong>ﬁdei</strong></span> <span class='ocrx_word' id='word_1_922' title='bbox 3229 5398 3521 5470; x_wconf 59' lang='lat' dir='ltr'><strong>cat/taliae,</strong></span> <span class='ocrx_word' id='word_1_923' title='bbox 3546 5412 3694 5451; x_wconf 86' lang='lat' dir='ltr'><strong>num.</strong></span> 
     </span>
    </p>
   </div>
   <div class='ocr_carea' id='block_1_124' title="bbox 2127 5468 3696 5544">
    <p class='ocr_par' dir='ltr' id='par_1_124' title="bbox 2127 5468 3696 5544">
     <span class='ocr_line' id='line_1_125' title="bbox 2127 5468 3696 5544; baseline -0.004 -16"><span class='ocrx_word' id='word_1_924' title='bbox 2127 5475 2234 5540; x_wconf 69' lang='lat'><strong>22;</strong></span> <span class='ocrx_word' id='word_1_925' title='bbox 2274 5468 2399 5528; x_wconf 85' lang='lat' dir='ltr'><strong>item</strong></span> <span class='ocrx_word' id='word_1_926' title='bbox 2450 5475 2588 5544; x_wconf 89' lang='lat' dir='ltr'><strong>apud</strong></span> <span class='ocrx_word' id='word_1_927' title='bbox 2628 5473 2762 5527; x_wconf 90' lang='lat' dir='ltr'><strong>alios</strong></span> <span class='ocrx_word' id='word_1_928' title='bbox 2806 5468 3003 5541; x_wconf 83' lang='lat' dir='ltr'><strong>passim</strong></span> <span class='ocrx_word' id='word_1_929' title='bbox 3055 5479 3266 5524; x_wconf 89' lang='lat' dir='ltr'><strong>veteres</strong></span> <span class='ocrx_word' id='word_1_930' title='bbox 3321 5480 3427 5522; x_wconf 90' lang='lat' dir='ltr'><strong>tam</strong></span> <span class='ocrx_word' id='word_1_931' title='bbox 3476 5468 3696 5525; x_wconf 61' lang='grc' dir='ltr'><strong>(ἐι-ποοῦ</strong></span> 
     </span>
    </p>
   </div>
   <div class='ocr_carea' id='block_1_125' title="bbox 2132 5544 2570 5616">
    <p class='ocr_par' dir='ltr' id='par_1_125' title="bbox 2132 5544 2570 5616">
     <span class='ocr_line' id='line_1_126' title="bbox 2132 5544 2570 5616; baseline -0.007 -17"><span class='ocrx_word' id='word_1_932' title='bbox 2132 5561 2298 5616; x_wconf 86' lang='lat' dir='ltr'><strong>quam</strong></span> <span class='ocrx_word' id='word_1_933' title='bbox 2327 5544 2570 5598; x_wconf 83' lang='lat' dir='ltr'><strong>Latinos.</strong></span> 
     </span>
    </p>
   </div>
   <div class='ocr_carea' id='block_1_126' title="bbox 2201 5615 2706 5687">
    <p class='ocr_par' dir='ltr' id='par_1_126' title="bbox 2201 5615 2706 5687">
     <span class='ocr_line' id='line_1_127' title="bbox 2201 5615 2706 5687; baseline -0.004 -18"><span class='ocrx_word' id='word_1_934' title='bbox 2201 5615 2339 5687; x_wconf 57' lang='lat'><strong>(83&quot;)</strong></span> <span class='ocrx_word' id='word_1_935' title='bbox 2358 5617 2401 5687; x_wconf 41' lang='grc' dir='ltr'><strong>ΞΑ</strong></span> <span class='ocrx_word' id='word_1_936' title='bbox 2412 5615 2706 5687; x_wconf 62' lang='grc' dir='ltr'><strong>ρυρΐχριιο.</strong></span> 
     </span>
    </p>
   </div>
   <div class='ocr_carea' id='block_1_127' title="bbox 2201 5680 3693 5756">
    <p class='ocr_par' dir='ltr' id='par_1_127' title="bbox 2201 5680 3693 5756">
     <span class='ocr_line' id='line_1_128' title="bbox 2201 5680 3693 5756; baseline -0.007 -15"><span class='ocrx_word' id='word_1_937' title='bbox 2201 5680 2527 5756; x_wconf 15' lang='grc' dir='ltr'><strong>(81)Ὀο“άθὶν</strong></span> <span class='ocrx_word' id='word_1_938' title='bbox 2547 5680 2860 5756; x_wconf 57' lang='lat' dir='ltr'><strong>Sangam,</strong></span> <span class='ocrx_word' id='word_1_939' title='bbox 2898 5701 2922 5756; x_wconf 67' lang='grc' dir='ltr'><strong>ι</strong></span> <span class='ocrx_word' id='word_1_940' title='bbox 2955 5682 3186 5756; x_wconf 86' lang='lat' dir='ltr'><strong>Domini.</strong></span> <span class='ocrx_word' id='word_1_941' title='bbox 3215 5700 3235 5737; x_wconf 70' lang='grc' dir='ltr'><strong>ι</strong></span> <span class='ocrx_word' id='word_1_942' title='bbox 3267 5682 3335 5737; x_wconf 87' lang='grc' dir='ltr'>Ει</span> <span class='ocrx_word' id='word_1_943' title='bbox 3362 5680 3524 5751; x_wconf 87' lang='lat' dir='ltr'><strong>paulo</strong></span> <span class='ocrx_word' id='word_1_944' title='bbox 3550 5686 3693 5749; x_wconf 82' lang='lat' dir='ltr'><strong>post,</strong></span> 
     </span>
    </p>
   </div>
   <div class='ocr_carea' id='block_1_128' title="bbox 2135 5753 3158 5825">
    <p class='ocr_par' dir='ltr' id='par_1_128' title="bbox 2135 5753 3158 5825">
     <span class='ocr_line' id='line_1_129' title="bbox 2135 5753 3158 5825; baseline -0.004 -15"><span class='ocrx_word' id='word_1_945' title='bbox 2135 5775 2154 5810; x_wconf 75' lang='grc' dir='ltr'><strong>ι</strong></span> <span class='ocrx_word' id='word_1_946' title='bbox 2194 5753 2394 5818; x_wconf 78' lang='lat' dir='ltr'><strong>quidve</strong></span> <span class='ocrx_word' id='word_1_947' title='bbox 2421 5753 2763 5825; x_wconf 44' lang='lat' dir='ltr'><strong>designet’in</strong></span> <span class='ocrx_word' id='word_1_948' title='bbox 2805 5753 3158 5825; x_wconf 65' lang='lat' dir='ltr'><strong>Seripturis.»</strong></span> 
     </span>
    </p>
   </div>
  </div>
