4024 6146
374 213 482 270 529

952 334 1235 391 HOMILIA
1277 336 1364 393 XI.

361 438 440 492 De
480 454 535 491 eo
572 440 714 506 quod
748 442 1004 510 scriptum
1042 451 1116 519 est
1154 460 1173 497 :
1197 464 1236 519 _¢
1280 442 1464 519 Sancti
1501 455 1688 512 estote,
1731 447 1857 519 quia
1891 452 1944 503 et

520 524 614 579 ego
651 520 867 565 sanctus
900 528 1017 567 sum
1052 513 1308 569 Dominus
1345 516 1484 573 Deus
1519 527 1703 573 vester.
1743 513 1772 571 ἰ

437 624 494 680 1.
529 622 717 694 Nuper
746 624 799 679 in
831 625 1054 683 auribus
1088 628 1343 684 Ecclesiae
1369 632 1626 687 recitatus
1651 642 1735 689 est
1761 649 1940 690 sermo

360 716 463 772 Dei
509 714 648 789 (84),
693 717 883 773 dicens
913 720 961 752 εδ
1002 738 1015 773 :
1066 740 1087 774 ‹
1124 722 1309 777 Εειοιε
1356 724 1537 779 sancti
1579 727 1705 794 quia
1741 734 1796 781 et
1839 740 1939 796 ego

360 818 597 863 sanctus
639 824 757 865 sum
810 809 1072 867 Dominus
1105 812 1246 869 Deus
1274 824 1477 870 vester.
1518 834 1537 868 ι
1569 816 1771 872 Nomen
1833 819 1939 876 hoc

364 917 386 951 ι
429 909 679 968 sanctus,
719 922 739 955 ι
794 904 924 972 quid
965 904 1070 959 sibi
1108 905 1261 973 velit,
1308 906 1507 974 quidve
1559 908 1832 976 signiﬁcet
1882 912 1938 968 in

359 990 674 1063 Scripturis
706 996 930 1056 divinis.
957 995 1268 1066 diligentius
1319 998 1704 1068 requirendum
1744 1012 1849 1067 est,
1881 1014 1940 1060 ut

359 1100 489 1139 cum
525 1086 638 1141 vim
666 1087 818 1143 verbi
850 1089 1220 1159 didicerimus,
1265 1092 1429 1147 etiam
1457 1106 1591 1162 opus
1616 1093 1734 1163 ejus
1760 1099 1936 1166 possi-

358 1192 486 1232 mus
514 1179 764 1249 implere.
795 1179 1197 1251 Congregemus
1227 1197 1358 1253 ergo
1408 1184 1475 1238 de
1516 1183 1818 1257 Scripturis
1858 1189 1939 1245 di-

356 1266 533 1334 vinis,
565 1283 732 1338 super
762 1272 959 1340 quibus
984 1283 1230 1329 sanctum
1261 1275 1366 1331 dici
1394 1274 1724 1346 invenimus,
1749 1290 1804 1335 et
1836 1285 1934 1337 de-

354 1360 768 1426 prehendemus
804 1363 917 1434 (85)
967 1380 1073 1420 non
1111 1367 1283 1423 solum
1316 1368 1587 1436 homines,
1639 1373 1732 1427 sed
1771 1374 1937 1429 etiam

353 1462 511 1506 muta
546 1453 807 1511 animalia
844 1466 1033 1513 sancta
1064 1459 1356 1529 appellata,
1392 1462 1701 1521 invenimus
1723 1474 1781 1521 ει
1806 1481 1935 1522 vasa

357 1541 654 1597 ministerii
678 1555 864 1601 sancta
894 1547 1151 1614 vocitata,
1171 1558 1226 1604 et
1248 1551 1566 1606 vestimenta
1595 1562 1780 1610 sancta
1807 1555 1936 1623 dici,

356 1640 415 1685 et
444 1632 565 1688 loca
600 1636 975 1709 nihilominus,
1005 1655 1126 1710 qum
1157 1641 1211 1696 in
1242 1642 1471 1699 urbibus
1495 1644 1580 1700 vel
1607 1646 1935 1703 suburbibus

1554 215 1625 270 IN
1658 212 2034 271 LEVITICUM
2071 211 2357 269 HOMILIA
2392 209 2478 265 XI.

1978 344 2024 397 Α
2053 344 2108 389 ει
2146 335 2434 391 mundanis
2481 331 2715 405 negotiis
2770 331 3061 403 obligatis,
3117 350 3223 391 non
3255 350 3504 407 quaerens
3554 353 3618 394 ea

3513 215 3617 275 530

2047 441 2166 494 quae
2192 441 2354 496 super
2389 435 2614 491 terram.
2641 428 2737 485 sed
2765 442 2886 498 quae
2917 428 2970 482 in
2996 427 3154 484 ctelis
3179 437 3307 484 sunt
3332 445 3348 495 ;
3376 429 3478 485 iste
3500 442 3617 484 me-

2048 518 2154 572 rito
2189 529 2409 574 sanctus
2445 520 2766 591 appellatur.
2806 521 2989 578 Donec
3019 522 3164 577 enim
3208 522 3503 590 permistus
3531 530 3617 577 est

2048 611 2263 674 turbis,
2298 620 2354 667 et
2404 613 2459 666 in
2512 612 2853 670 multitudine
2897 612 3277 670 ﬂuctuantium
3314 612 3613 681 volutatur,
3676 648 3681 655 ι

2045 719 2151 760 nec
2186 715 2344 759 vacat
2373 704 2471 760 soli
2500 707 2640 770 Deo,
2691 721 2866 777 neque.
2901 716 3215 778 segregatus
3252 721 3283 760 a
3314 706 3476 775 vulgo
3505 712 3613 778 est,

2049 813 2157 854 non
2191 808 2368 868 potest
2401 813 2522 854 esse
2545 811 2784 856 sanctus.
2813 800 2947 855 Nam
2984 802 3050 856 de
3075 801 3156 856 eis
3185 799 3319 870 quid
3350 793 3619 863 dicemus,

2047 892 2141 961 qui
2171 907 2294 947 cum
2327 892 2607 962 gentilium
2650 894 2825 949 turbis
2856 894 2923 948 ad
2968 892 3276 962 spectacula
3316 900 3612 956 maturant,

2046 995 2103 1041 et
2130 993 2457 1055 conspectus
2487 1000 2613 1042 suos
2642 996 2805 1056 atque
2841 985 3061 1041 auditus
3087 985 3374 1055 impudicis
3403 995 3459 1040 et
3488 1000 3615 1039 ver-

2047 1080 2133 1135 bis
2155 1087 2210 1135 et
2229 1079 2441 1134 actibus
2463 1077 2712 1134 foedant?
2740 1078 2855 1133 Non
2886 1085 2972 1133 est
2994 1087 3237 1134 nostrum
3262 1076 3616 1146 pronuntiare

2046 1172 2116 1226 de
2153 1172 2370 1227 talibus.
2421 1169 2526 1240 Ipsi
2575 1170 2717 1226 enim
2766 1170 3006 1235 sentire,
3062 1178 3118 1225 et
3159 1168 3347 1223 videre
3388 1176 3615 1238 possunt

2045 1277 2207 1332 quam
2228 1262 2331 1317 sibi
2353 1262 2659 1333 delegerint
2681 1270 2910 1331 partem.
2936 1259 3017 1316 Tu
3041 1274 3172 1331 ergo
3186 1260 3278 1331 qui
3304 1261 3418 1317 haec
3436 1259 3612 1326 audis,

2046 1353 2136 1407 cui
2177 1352 2261 1408 lex
2296 1354 2473 1408 divina
2502 1356 2771 1410 recitatur
2791 1352 2926 1426 (86),
2947 1367 3107 1423 quem
3134 1351 3302 1421 ipsius
3327 1349 3492 1407 etiam
3518 1350 3612 1404 Dei

2045 1458 2223 1501 sermo
2256 1449 2513 1503 convenit
2546 1449 2732 1504 dicens
2777 1467 2790 1504 :
2842 1465 2861 1500 ι
2902 1447 3090 1505 Sancti
3137 1456 3344 1511 estote,
3384 1445 3511 1516 quia
3556 1452 3614 1500 et

2045 1553 2146 1609 ego
2174 1547 2397 1594 sanctus
2422 1555 2543 1596 sum
2565 1540 2824 1597 Dominus
2853 1541 2998 1597 Deus
3017 1550 3238 1608 vester;
3281 1558 3300 1593 ι
3331 1536 3610 1608 sapienter

2047 1629 2287 1701 intellige
2308 1644 2430 1701 quae
2456 1630 2731 1697 dicuntur,
2748 1643 2810 1689 ut
2827 1633 2903 1689 sis
2929 1633 3122 1689 beatus
3145 1646 3269 1688 cum
3302 1627 3502 1686 feceris
3523 1642 3608 1685 ea.

356 1727 541 1795 posita
599 1738 766 1797 sunt,
819 1740 876 1787 et
924 1703 1305 1792 sacerdotibus
1336 1739 1591 1809 deputata
1630 1757 1642 1793 :
1676 1754 1741 1794 ex
1775 1740 1941 1796 mutis
1970 1703 2014 1764 Β
2042 1720 2158 1778 Hoc
2183 1731 2266 1778 ⁸⁵⁸
2293 1722 2436 1778 enim
2474 1724 2616 1793 φιοά
2651 1725 2848 1781 diem"
2876 1726 2971 1782 tibi
3007 1739 3024 1779 ³
3051 1724 3257 1796 separa
3287 1734 3340 1780 ιθ
3364 1724 3432 1781 ab
3460 1724 3610 1780 omni

354 1819 583 1887 quidem
616 1821 939 1879 animalibus
969 1826 1332 1898 primogenita
1358 1832 1541 1897 boum,
1572 1832 1657 1886 vel
1683 1848 1937 1903 pecorum

358 1910 698 1967 sanctiﬁcari
730 1929 830 1983 per
858 1916 1030 1986 legem
1063 1917 1291 1973 Domino
1312 1919 1591 1991 jubentur,
1618 1933 1673 1977 et
1705 1924 1937 1979 dicitur:

355 1997 436 2054 Ne
461 1999 640 2057 facias
687 2006 740 2059 in
789 2008 870 2063 eis
899 2023 1032 2078 opus
1061 2008 1225 2065 ullum
1257 2014 1381 2081 quia
1418 2012 1649 2069 Domino
1689 2016 1937 2073 sanctiﬁ-

355 2103 483 2145 cata
544 2103 695 2150 sunt.
753 2095 930 2167 Super
962 2101 1107 2155 vasis
1140 2116 1301 2170 vero,
1334 2118 1458 2157 cum
1493 2105 1546 2159 in
1583 2090 1937 2164 tabernaculo

356 2182 665 2237 testlmonii
701 2202 831 2240 vasa
864 2189 1173 2256 ministerii,
1206 2191 1512 2260 thuribula,
1569 2197 1650 2250 vel
1700 2197 1922 2267 phialze,

356 2273 445 2328 vel
489 2284 683 2331 caetera
736 2279 1046 2351 hujusmodi
1097 2296 1261 2349 vasa,
1317 2293 1507 2339 sancta
1570 2287 1928 2356 appellantur.

355 2364 540 2437 Super
571 2371 930 2438 vestimentis,
961 2374 1129 2428 etiam
1163 2375 1298 2430 stola
1336 2377 1616 2448 pontiﬁcis
1646 2381 1830 2437 Aaron
1876 2391 1939 2438 ‘et

354 2461 551 2515 tunica
592 2462 733 2518 linea
764 2504 780 2530 ,
843 2475 900 2520 et
954 2475 1152 2522 caetera
1201 2466 1514 2538 hujusmodi
1573 2474 1934 2540 vestimenta,

355 2562 552 2609 sancta
575 2555 848 2612 dicuntur.
883 2557 942 2614 Si
970 2573 1099 2630 ergo
1134 2560 1445 2616 intueamur
1474 2579 1583 2634 quo
1611 2579 1775 2621 sensu
1821 2569 1938 2623 haec

355 2648 549 2701 omnia
581 2659 771 2703 sancta
805 2663 994 2706 vocata
1049 2660 1215 2720 sunt,
1274 2656 1624 2713 advertemus
1661 2662 1936 2729 quomodo

352 2740 527 2793 etiam
561 2756 660 2797 nos
695 2742 824 2798 dare
852 2758 1073 2814 cperam
1101 2746 1391 2803 debeamus
1421 2787 1438 2811 .
1482 2760 1541 2804 ut
1593 2753 1765 2807 sancti
1816 2769 1937 2811 esse

354 2833 655 2902 possimus.
704 2834 877 2892 Natus
920 2848 1005 2894 est
1038 2840 1170 2895 mihi
1200 2843 1595 2914 primogenitus
1650 2846 1749 2901 bos
1775 2887 1790 2913 ,
1827 2863 1933 2902 non

354 2923 496 2979 mihi
556 2924 684 2982 licet
754 2942 1022 3000 occupare
1089 2946 1213 2987 eum
1273 2933 1340 2987 ad
1391 2949 1527 3004 opus
1597 2950 1931 2995 commune:

353 3026 444 3070 est
493 3019 640 3071 enim
711 3018 939 3075 Domino
993 3033 1396 3091 consecratus,
1450 3037 1506 3081 et
1561 3027 1683 3084 ideo
1734 3031 2003 3107 diciturc

355 3120 608 3168 sanctus.
665 3110 1021 3181 lntelligimus
1071 3130 1201 3185 ergo
1250 3132 1318 3170 ex
1371 3118 1473 3173 hoc
1525 3132 1674 3174 muto
1722 3121 1931 3176 anima-

353 3197 417 3261 li,
459 3201 733 3270 quomodo
772 3200 856 3256 lex
907 3206 1048 3272 quod
1112 3216 1360 3261 sanctum
1423 3208 1537 3263 vult
1593 3224 1754 3276 esse,
1801 3213 1932 3268 nulli

354 3291 451 3346 alii
505 3292 560 3348 id
619 3294 894 3350 deservire
942 3297 1136 3367 jubet,
1202 3299 1307 3354 nisi
1368 3298 1596 3358 Domino
1639 3304 1761 3360 soli.
1824 3307 1930 3362 lte-

356 3398 482 3437 rum
538 3392 757 3455 pateras
799 3386 887 3441 vel
947 3388 1160 3458 phialas
1204 3404 1341 3461 quas
1378 3392 1511 3447 dicit
1552 3405 1792 3460 sanctas,
1827 3396 1933 3453 illae

355 3486 485 3531 sunt
507 3492 626 3547 quae
643 3493 917 3551 nunquam
951 3479 1206 3551 iubentur
1228 3483 1380 3538 exire
1417 3484 1484 3540 de
1517 3487 1733 3556 templo,
1767 3487 1929 3562 247

357 3568 453 3623 sed
480 3583 599 3624 esse
629 3585 843 3637 semper
870 3572 923 3626 in
955 3573 1178 3640 sanctis,
1203 3588 1303 3630 nec
1336 3575 1458 3630 ullis
1480 3579 1699 3647 penitus
1732 3581 1931 3636 huma-

357 3660 445 3714 nis
471 3662 661 3717 usibus
702 3664 1032 3719 ministrare.
1076 3664 1340 3722 Similiter
1375 3677 1430 3723 et
1456 3670 1776 3726 vestimenta
1807 3688 1930 3744 qua:

357 3764 545 3808 sancta
575 3756 947 3825 nominantur,
973 3772 1076 3811 non
1105 3754 1363 3824 jubentur
1386 3758 1529 3814 intra
1558 3762 1776 3817 dontqu
1809 3766 1926 3821 usui

356 3842 634 3900 deservire
661 3845 952 3917 pontiﬁcis,
982 3846 1076 3902 sed
1107 3847 1161 3900 in
1192 3848 1390 3917 templo
1418 3862 1559 3915 esse,
1583 3860 1637 3906 et
1664 3853 1787 3909 inde
1811 3869 1928 3909 om-

357 3933 487 3988 nino
504 3952 776 4006 nunquam
802 3937 1002 4003 eﬂ'erri,
1031 3938 1125 3993 sed
1153 3940 1221 3993 ad
1245 3941 1348 3994 hoc
1376 3947 1579 3995 tantum
1613 3957 1927 4002 consecrata

355 4044 478 4085 esse
506 4071 521 4095 ,
557 4039 618 4084 ut
647 4030 728 4085 eis
769 4029 879 4085 Deo
930 4031 1246 4087 ministrans
1295 4032 1537 4102 pontifex
1568 4034 1843 4103 induatur,
1873 4048 1927 4094 et

358 4122 465 4176 sint
496 4136 713 4191 semper
740 4122 795 4178 in
828 4124 1047 4195 templo,
1085 4122 1154 4179 ad
1182 4130 1410 4179 caeteros
1445 4140 1574 4181 vero
1602 4143 1736 4182 usus
1772 4144 1924 4184 com-

359 4231 570 4281 munes,
600 4226 784 4271 utatur
813 4220 1188 4277 communibus
1216 4220 1565 4277 indumentis.
1591 4219 1852 4276 Similiter
1873 4230 1928 4278 et

355 4311 576 4379 pateris,
603 4326 669 4364 ac
717 4311 916 4380 phialis
959 4312 1043 4368 his
1079 4297 1200 4383 quae
1226 4321 1430 4368 sancta:
1456 4313 1822 4384 appellantur,
1856 4315 1924 4369 ad

2041 1831 2147 1872 non
2183 1816 2357 1871 solum
2390 1816 2647 1883 homine,
2683 1818 2777 1873 sed
2818 1826 2874 1874 et
2919 1817 3088 1873 fratre
3132 1817 3374 1887 inquiete
3415 1816 3609 1871 ambu-

2042 1907 2218 1972 lente,
2270 1917 2326 1964 et
2367 1924 2474 1964 non
2523 1910 2822 1966 secundum
2878 1911 3203 1967 traditiones
3259 1907 3606 1979 apostolicas.

2046 2019 2065 2053 ι
2105 2001 2445 2072 Separamini
2477 2002 2679 2057 etenim
2713 2002 2809 2073 qui
2850 2003 3085 2074 portatis
3109 2041 3127 2068 ,
3160 2001 3337 2071 inquit
3357 2001 3404 2033 ³⁵
3432 2041 3448 2068 ,
3477 2013 3607 2054 vasa

2040 2093 2277 2160 Domini,
2310 2104 2366 2150 et
2398 2092 2546 2150 exite
2571 2094 2637 2149 de
2661 2095 2840 2150 medio
2868 2108 3079 2159 eorum,
3112 2110 3131 2146 ι
3159 2093 3293 2150 dicit
3319 2092 3602 2147 Dominus.

2040 2188 2245 2260 Separa
2277 2198 2330 2246 te
2358 2207 2388 2247 a
2419 2186 2649 2245 terrenis
2681 2184 2887 2245 actibus
2909 2230 2926 2258 ,
2972 2204 3165 2260 separa
3206 2197 3257 2243 te
3288 2201 3317 2241 a
3348 2184 3609 2254 concupi-

2039 2286 2244 2338 scentia
2281 2286 2464 2340 mundi
2501 2303 2515 2339 :
2557 2302 2577 2336 ι
2613 2285 2787 2341 Omne
2814 2282 2959 2337 enim
3010 2281 3152 2351 quod
3189 2280 3477 2349 inmundo
3499 2286 3606 2344 est,

2038 2377 2335 2432 secundum
2369 2378 2669 2449 apostolum
2698 2376 2766 2444 “,
2808 2374 3246 2444 concupiscentia
3277 2371 3460 2428 carnis
3502 2378 3605 2434 est,

2038 2480 2092 2520 et
2117 2469 2561 2540 concupiscentia
2592 2470 2909 2533 oculorum,
2946 2481 3068 2537 quae
3095 2480 3201 2520 non
3234 2473 3317 2520 est
3354 2479 3384 2520 a
3414 2464 3543 2518 Deo.
3578 2479 3599 2514 ι

2037 2556 2172 2614 Cum
2209 2574 2338 2629 ergo
2376 2560 2718 2630 separaveris
2764 2569 2817 2615 te
2842 2561 2911 2615 ab
2943 2559 3030 2614 his
3077 2552 3368 2624 omnibus,
3399 2554 3606 2609 devove

2039 2659 2092 2706 te
2116 2651 2225 2706 Deo
2254 2660 2507 2721 tanquam
2538 2651 2956 2721 primogenitum
2991 2648 3244 2715 vitulum,
3271 2662 3378 2703 non
3409 2660 3606 2715 opere-

2038 2749 2129 2795 tur
2156 2755 2253 2810 per
2283 2749 2336 2796 te
2359 2752 2665 2812 peccatum,
2702 2757 2803 2797 nec
2820 2744 3004 2811 jugum
3043 2739 3139 2795 tibi
3172 2738 3417 2808 imponat
3448 2734 3605 2791 mali-

2039 2836 2153 2899 tia;
2181 2834 2276 2890 sed
2309 2845 2426 2890 esto
2456 2844 2726 2900 semotus,
2757 2844 2813 2890 et
2856 2842 3210 2904 segregatus,
3247 2831 3435 2886 usibus
3479 2841 3601 2884 tan-

2039 2937 2149 2981 tum
2182 2927 2643 2997 sacerdotalibus,
2679 2937 2931 2997 tanquam
2958 2924 3373 2997 primogenitum
3400 2922 3603 2979 anima;

2038 3021 2397 3092 mancipatus.
2438 3019 2672 3092 Segrega
2718 3029 2770 3074 te
2799 3028 2854 3074 et
2899 3032 3128 3074 secerne
3170 3015 3307 3088 (87),
3340 3024 3598 3084 tanquam

2036 3111 2234 3182 phialae
2258 3122 2493 3179 sanctae,
2537 3121 2590 3166 et
2617 3119 2804 3167 sancta
2835 3111 3105 3165 thuribula
3132 3149 3146 3175 ,
3194 3108 3364 3163 solius
3414 3108 3600 3177 templi

2034 3202 2222 3260 usibus
2252 3213 2306 3258 et
2334 3204 2426 3259 Dei
2454 3203 2758 3258 ministerio
2781 3216 2997 3258 vacans.
3044 3202 3249 3269 Separa
3295 3208 3381 3264 te,
3424 3210 3481 3254 et
3512 3214 3600 3256 se-

2035 3308 2191 3350 move
2222 3295 2292 3349 ab
2324 3294 2472 3349 omni
2506 3292 2803 3364 pollutione
2826 3290 3035 3363 peccati
3060 3331 3077 3356 ,
3122 3299 3181 3344 et
3211 3297 3329 3343 esto
3359 3301 3600 3345 semotus

2031 3398 2088 3442 et
2126 3396 2439 3457 segregatus
2474 3386 2615 3441 intra
2649 3385 2907 3455 templum
2938 3383 3073 3451 Dei,
3108 3394 3364 3456 tanquam
3407 3395 3597 3441 sancta

2032 3482 2343 3537 indumenta
2374 3480 2672 3550 pontiﬁcis.
2696 3479 2753 3534 lu
2783 3479 2981 3550 templo
3015 3494 3251 3550 namque
3275 3480 3369 3536 Dei
3400 3489 3485 3535 est
3512 3495 3598 3537 se-

2030 3582 2285 3643 gregatus
2314 3580 2368 3627 et
2398 3579 2681 3642 separatus
2711 3572 2800 3628 ille
2826 3573 2918 3643 qui
2953 3574 3007 3627 in
3039 3572 3157 3643 lege
3181 3572 3279 3627 Dei
3307 3572 3601 3628 meditatur

2031 3665 2117 3719 die
2142 3680 2206 3720 ac
2233 3673 2391 3719 nocte
2414 3704 2429 3730 ,
2457 3672 2512 3719 et
2538 3663 2635 3734 qui
2668 3663 2723 3718 in
2762 3664 3032 3720 mandatis
3072 3664 3190 3735 ejus
3221 3663 3372 3734 cupit
3408 3662 3594 3718 nimis.

2035 3775 2055 3807 ε
2090 3756 2279 3811 Sancti
2309 3772 2437 3828 ergo
2476 3767 2690 3821 estote,
2734 3757 2866 3811 dicit
2909 3757 3205 3825 Dominus,
3251 3757 3379 3827 quia
3414 3766 3469 3810 et
3495 3770 3597 3825 ego

2028 3859 2248 3905 sanctus
2288 3864 2430 3906 sum.
2479 3868 2499 3902 ι
2551 3849 2691 3917 Quid
2742 3858 2865 3918 est,
2912 3869 2931 3902 ‹
2985 3851 3112 3920 quia
3155 3858 3213 3905 et
3243 3864 3343 3921 ego
3371 3858 3594 3905 sanctus

2030 3941 2192 3994 smn?
2220 3959 2239 3993 ι
2270 3940 2425 3995 Sicut
2451 3956 2572 4012 ego,
2606 3941 2796 4011 inquit,
2827 3952 3139 4019 segregatus
3168 3957 3309 4007 sum,
3333 3952 3407 4013 ⁵ει
3436 3941 3596 4011 longe

2029 4045 2312 4102 separatus
2342 4034 2410 4089 ab
2431 4032 2679 4090 onmibus
2720 4048 2839 4103 quae
2868 4034 3181 4100 adorantur,
3207 4034 3292 4089 vel
3315 4032 3594 4099 coluntur,

2027 4126 2140 4179 sive
2168 4125 2222 4178 in
2256 4134 2396 4178 terra
2429 4124 2544 4179 sive
2573 4125 2626 4179 in
2651 4124 2788 4181 cmlo
2815 4141 2831 4181 :
2855 4125 3112 4194 sicutcgo
3134 4125 3341 4181 excedo
3369 4139 3589 4180 omnem

2028 4229 2356 4285 creaturam,
2383 4226 2547 4288 atque
2569 4218 2637 4272 ab
2662 4219 2934 4275 universis
2954 4234 3074 4290 quae
3104 4234 3130 4272 a
3162 4233 3246 4273 me
3273 4221 3415 4273 facta
3442 4226 3594 4286 sunt.

2027 4322 2322 4379 segregor;
2371 4309 2445 4364 ita
2492 4317 2548 4366 et
2571 4324 2667 4366 vos
2707 4312 2971 4383 segregati
3004 4321 3181 4367 estote
3218 4311 3286 4366 ab
3314 4311 3589 4376 omnibus,

357 4401 625 4456 humanos
656 4409 711 4456 et
742 4416 1058 4459 communes
1083 4419 1212 4459 usus
1245 4406 1324 4459 uti
1357 4419 1467 4460 non
1501 4406 1646 4472 licet,
1681 4408 1775 4462 sed
1805 4416 1921 4462 tan-
1954 4393 1999 4447 Ῑ)
2026 4402 2117 4472 qui
2145 4417 2250 4457 non
2283 4409 2414 4458 sunt
2435 4403 2640 4469 sancti,
2677 4419 2777 4460 nec
2808 4404 2918 4460 Deo
2948 4405 3135 4461 dicati.
3163 4403 3461 4475 [Segregal‘i
3494 4420 3592 4458 au-

357 4502 466 4546 tum
493 4492 563 4547 ad
589 4494 768 4547 divina
810 4495 1137 4553 ministeria.
1173 4495 1324 4564 Quod
1363 4498 1408 4554 si
1444 4498 1752 4556 intellexisti
1781 4517 1919 4570 quo-

357 4584 513 4638 modo
542 4583 627 4638 vel
654 4586 872 4650 animal,
890 4586 977 4641 vel
1004 4602 1119 4653 vas,
1155 4589 1237 4644 vel
1266 4592 1646 4647 vestimentum
1673 4604 1919 4649 sanctum

352 4675 683 4746 appellatur,
714 4690 1110 4748 consequenter
1149 4680 1395 4753 iutellige
1423 4686 1568 4754 quod
1612 4686 1697 4740 his
1731 4685 1921 4742 obser-

352 4768 664 4824 vationibus
695 4778 751 4825 et
776 4769 985 4842 legibus
1023 4774 1188 4828 etiam
1235 4776 1396 4831 homo
1436 4787 1655 4833 sanctus
1680 4778 1920 4848 appelle-

350 4872 454 4917 tur.
496 4863 557 4919 Si
591 4863 715 4934 quis
746 4865 890 4921 enim
931 4867 1171 4937 seipsutn
1223 4869 1506 4926 devoverit
1532 4872 1643 4926 Deo
1672 4891 1685 4926 :
1715 4873 1760 4927 si
1795 4873 1918 4943 quis

350 4957 508 5012 nullis
545 4973 604 5014 se
652 4960 883 5030 negotiis
940 4962 1297 5018 saecularibus
1346 4964 1719 5034 implicaverit,
1755 4975 1815 5020 ut
1862 4965 1912 5019 ei

349 5048 564 5119 placeat
593 5051 681 5106 cui
715 5066 774 5107 se
799 5054 1070 5121 probavit,
1101 5055 1145 5110 si
1177 5056 1299 5126 quis
1327 5067 1610 5127 separatus
1635 5068 1717 5112 est
1746 5066 1801 5111 et
1826 5071 1914 5111 se-

349 5153 603 5215 gregatus
632 5159 663 5199 a
695 5147 917 5216 reliquis
940 5147 1253 5205 hominibus
1274 5150 1564 5206 carnaliter
1588 5151 1912 5215 viventibus,

413 5337 460 5370 ³⁵
496 5335 669 5392 Levit.
707 5351 799 5403 xx,
832 5336 924 5392 26.
995 5338 1042 5370 ’⁸
1069 5337 1175 5393 lsa.
1207 5352 1302 5406 ιιι,
1330 5339 1416 5393 11.
1488 5337 1576 5391 ²⁶Ι
1605 5336 1762 5391 Joan.
1794 5353 1853 5404 ιι,
1882 5337 1970 5392 16.

420 5520 536 5592 (85)
569 5519 700 5578 Mss.
724 5563 739 5588 ,
771 5539 790 5572 ι
820 5520 1313 5590 deprehendemus.
1341 5538 1361 5572 ο
1387 5518 1541 5576 Libb.
1569 5519 1721 5587 editi,
1758 5537 1778 5571 ι
1811 5519 1906 5575 de-

348 5593 747 5669 prstrsndimvs-
774 5609 836 5669 ’-
1306 5662 1318 5669 .
1368 5662 1381 5669 -
1504 5622 1538 5669 έ-
1581 5662 1593 5669 -
1810 5660 1817 5669 ο

419 5662 529 5736 (86)
570 5661 755 5719 Codex
804 5662 1129 5734 Sangerm.,
1181 5683 1201 5716 ‹
1235 5662 1321 5720 cui
1366 5662 1450 5719 lex
1488 5662 1668 5719 divina
1713 5661 1910 5717 recita-

2030 4504 2138 4549 tem
2165 4494 2396 4550 dicimus
2423 4510 2527 4550 non
2572 4495 2706 4552 locis
2732 4498 2826 4552 sed
2862 4497 3089 4565 actibus,
3121 4511 3219 4552 nec
3255 4497 3592 4566 regionibus,

2026 4588 2121 4641 sed
2170 4588 2696 4644 conversationibus.
2743 4589 2986 4659 Denique
3030 4599 3085 4644 et
3143 4592 3259 4658 ipse
3306 4603 3486 4645 sermo
3534 4589 3591 4644 in

2024 4680 2210 4735 Grmca
2243 4681 2447 4751 lingua,
2480 4681 2624 4751 quod
2657 4682 2859 4737 dicitur
2892 4681 3079 4752 ἅγιος,
3105 4681 3260 4752 quasi
3291 4690 3447 4738 extra
3474 4689 3590 4736 ter-

2026 4788 2139 4826 ram
2172 4788 2294 4828 esse
2317 4772 2604 4843 signiﬁcat.
2637 4774 2954 4844 Quicunque
2977 4776 3122 4829 enim
3145 4789 3204 4831 se
3227 4787 3607 4831 consecraves

2023 4866 2095 4919 rit
2116 4865 2234 4921 'Deo
2254 4907 2269 4930 ,
2299 4869 2489 4923 merito
2517 4875 2671 4922 extra
2708 4877 2909 4923 terram
2928 4907 2943 4932 ,
2971 4875 3125 4921 extra
3154 4867 3413 4921 mundum
3437 4865 3591 4920 vide-

2023 4961 2214 5016 bitur:
2245 4969 2422 5031 potest
2466 4961 2609 5017 enim
2651 4971 2707 5018 et
2750 4962 2867 5032 ipse
2905 4962 3090 5016 dicere
3128 4960 3345 5030 :Super
3389 4968 3591 5013 terram

2023 5054 2365 5114 ambulantes
2386 5096 2402 5123 ,
2431 5055 2898 5111 conversationem
2931 5052 2983 5107 in
3035 5051 3189 5108 cmlis
3230 5052 3495 5107 habemus
3519 5049 3589 5103 ’⁷.

2025 5149 2281 5207 Salomon
2337 5162 2553 5220 quoque
2611 5148 2664 5202 iu
2721 5146 3030 5202 Proverbiis
3087 5144 3221 5201 dicit
3254 5144 3358 5199 ’δι
3416 5162 3437 5195 σ
3483 5141 3589 5196 La-

2048 5338 2091 5369 "
2127 5336 2323 5408 Philip.
2356 5352 2440 5401 tu,
2463 5335 2554 5389 20.
2629 5333 2678 5367 ’⁸
2708 5333 2868 5389 Prov.
2904 5348 2994 5398 sx,
3032 5331 3105 5386 25

2022 5529 2132 5572 tur.
2166 5534 2186 5568 ι
2229 5515 2365 5569 Tres
2410 5513 2501 5568 alii
2554 5528 2683 5568 mss.
2713 5553 2726 5575 ,
2778 5531 2797 5563 ι
2829 5514 2917 5566 cui
2962 5515 3076 5566 haec
3122 5509 3305 5566 divina
3352 5506 3585 5563 recitast-

2020 5600 2127 5643 tur.
2182 5604 2202 5637 ι
2244 5585 2404 5641 Libb.
2461 5584 2629 5647 editi,
2668 5601 2687 5635 ι
2716 5598 2836 5637 cum
2861 5583 2944 5636 lex
2995 5581 3177 5635 divina
3229 5578 3523 5636 recitatur.
3551 5591 3579 5631 ο

2087 5656 2198 5728 (87)
2225 5655 2383 5723 Mss,
2409 5674 2431 5708 ι
2461 5668 2746 5724 segregare
2769 5662 2822 5708 et
2852 5664 3156 5710 secernere.
3186 5667 3212 5706 ι
