4024 6146
443 253 542 310 551

1895 236 2213 298 ORIGENIS

3584 221 3696 279 53?.

441 382 618 440 quens
657 374 740 422 est
782 366 903 420 viro
948 363 1074 419 forti
1131 363 1238 418 cito
1285 362 1487 432 aliquid
1545 363 1610 419 de
1657 363 1769 418 suis
1817 362 2020 418 sancti-
2047 365 2096 420 Α
2124 367 2206 413 ret
2250 370 2407 427 paena
2445 370 2552 409 non
2586 353 2763 407 fuerat
2796 351 3113 422 ascriptum.
3151 347 3302 402 Nunc
3332 361 3462 417 ergo
3492 345 3695 399 eadem

443 460 628 515 ficare.
667 477 686 510 ›
721 458 912 512 Postea
947 456 1089 509 enim
1128 470 1286 524 quam
1320 455 1529 510 voverit
1556 496 1572 523 ,
1623 455 1802 509 evenit
1836 454 2010 525 ι)ωηί-

445 562 580 607 tere.
616 550 678 604 Et
712 550 812 603 lioc
851 556 931 602 est
980 545 1167 613 utique
1216 546 1358 615 quod
1402 545 1534 599 dicit
1563 561 1578 599 :
1609 544 1686 600 Ne
1720 545 1840 614 quis
1871 544 2012 599 forte

444 659 565 697 cum
615 642 824 695 fructus
865 654 930 692 ex
983 652 1107 690 area
1137 678 1153 704 ,
1186 645 1273 690 aut
1311 637 1492 690 vinum
1544 651 1607 691 ex
1650 637 2011 690 torculaiibus

443 735 671 803 colligit,
693 741 746 786 ct
775 730 998 784 dixerit:
1023 727 1155 783 Volo
1185 737 1390 782 tantum
1421 726 1614 782 offerre
1639 729 1907 792 Ecclesiae,
1928 727 2011 782 vel

442 819 498 874 in
527 835 680 874 usum
714 833 1010 888 pauperum
1042 831 1133 870 aut
1175 818 1580 886 peregrinorum
1622 827 1829 871 tantum
1870 833 2006 887 prte-

440 910 569 965 bere
597 925 612 961 :
643 910 687 963 si
739 918 924 978 postea
956 923 1022 962 ex
1055 908 1140 961 his
1183 923 1300 976 quae
1333 915 1489 960 vovet
1535 907 1735 976 aliquid
1772 907 1838 961 ad
1882 923 2012 962 usus

440 998 692 1070 proprios
723 1007 1040 1067 praesumat,
1065 997 1174 1065 jam
1203 1012 1304 1050 non
1339 997 1405 1050 de
1437 997 1552 1050 suis
1587 996 1853 1051 fructibus
1878 1013 2013 1066 pra-:-

443 1089 694 1156 sumpsit,
733 1090 824 1143 sed
856 1097 1043 1142 sancta
1082 1086 1174 1141 Dei
1226 1087 1468 1141 violavit.
1511 1089 1576 1143 Et
1627 1088 1746 1142 ideo
1788 1087 2013 1157 laqueus

440 1181 602 1236 fortis
630 1189 712 1234 est
755 1180 1093 1235 sanetilicare
1127 1181 1347 1251 aliquid,
1386 1181 1487 1234 lioc
1520 1189 1603 1234 est
1654 1194 1847 1235 vovere
1882 1179 2009 1246 Deo,

442 1284 499 1326 et
527 1272 870 1341 postmodum
906 1269 1225 1339 poeuitentia‘
1257 1272 1474 1327 ductum
1507 1272 1572 1324 ad
1600 1285 1728 1325 usus
1762 1271 2013 1340 proprios

444 1380 508 1420 ea
540 1380 661 1435 qua:
683 1372 1102 1419 consecraverat
1132 1378 1409 1419 revocare.
1441 1362 1546 1418 Sed
1577 1371 1632 1418 et
1667 1363 1713 1417 si
1745 1377 1842 1418 nos
1871 1362 2014 1432 ipsos

445 1469 827 1508 consecramus
860 1461 914 1507 et
963 1453 1244 1508 offerimus
1295 1454 1402 1507 Deo
1425 1494 1439 1517 ,
1474 1461 1567 1506 aut
1610 1455 1774 1507 etiam
1808 1453 1852 1506 si
1879 1453 2014 1506 alios

442 1561 723 1611 vovemus,
742 1547 1086 1600 observemus
1117 1546 1259 1601 hunc
1292 1546 1566 1615 laqueum.
1594 1560 1660 1600 ne
1698 1545 1836 1599 forte
1868 1553 2013 1614 post-

445 1654 670 1707 eaquam
720 1654 816 1694 nos
847 1637 952 1690 Deo
1004 1637 1332 1704 voverimus,
1370 1637 1561 1692 iterum
1595 1635 1846 1690 humanis
1894 1635 2011 1688 usi-

2119 459 2433 520 repetuntur
2457 487 2473 512 ,
2508 457 2564 503 et
2598 445 3018 513 uniuscujusque
3049 456 3205 512 paena
3248 439 3453 510 peccati
3495 440 3694 493 decer-

2118 545 2303 597 nitur:
2337 549 2390 595 et
2419 541 2541 593 ideo
2583 541 2696 592 haec
2738 547 2882 590 recte
2922 534 3339 602 justificationes
3393 539 3448 585 et
3479 528 3695 597 judicia

2118 633 2473 703 appellantur,
2509 631 2708 700 quibus
2733 631 2876 700 quod
2911 629 3115 697 justum
3147 635 3230 680 est
3266 623 3505 691 recipere
3542 620 3700 688 judi-

2118 735 2275 781 catur
2316 725 2405 778 ille
2451 725 2542 792 qui
2579 731 2792 792 peccat.
2822 721 2928 774 Sed
2967 722 3178 774 intuere
3206 717 3451 771 ordinem
3493 713 3700 766 divina

2119 819 2415 888 sapientiae,
2458 834 2562 873 non
2609 819 2866 872 continuo
2893 830 3082 885 pinnas
3108 829 3230 868 cum
3263 811 3452 880 primis
3499 809 3699 863 statuit

2118 911 2425 981 praceptis.
2452 908 2575 963 Vult
2602 909 2745 964 enim
2766 919 2819 960 ut
2852 923 2956 960 non
2991 915 3135 960 metu
3165 919 3356 975 ponite,
3385 902 3480 956 sed
3501 916 3697 954 amore

2118 1003 2356 1074 pietatis,
2393 1003 2561 1071 patris
2591 1009 2855 1070 praecepta
2889 997 3204 1061 custodias;
3238 995 3330 1049 sed
3366 994 3409 1047 si
3439 1002 3695 1052 contem-

2117 1092 2312 1164 pseris,
2341 1107 2446 1145 nou
2477 1101 2582 1145 tam
2600 1088 2799 1144 homini
2822 1089 2955 1156 jam,
2975 1105 3136 1158 quam
3159 1084 3516 1153 contemptori
3538 1097 3700 1136 man-

2120 1185 2280 1238 datur
2316 1198 2496 1252 paena.
2539 1181 2725 1236 Primo
2755 1196 2885 1248 ergo
2931 1181 3260 1251 benignitate
3287 1175 3603 1247 provocaris
3636 1181 3700 1228 ut

2120 1274 2263 1328 ﬁlius
2285 1273 2330 1306 3"
2359 1291 2371 1326 :
2408 1292 2426 1324 ι
2469 1274 2580 1344 Ego
2605 1273 2748 1326 enim
2783 1271 2931 1325 dixi:
2963 1271 3040 1323 Dii
3074 1269 3232 1336 estis,
3264 1279 3318 1320 et
3343 1266 3437 1319 lilii
3476 1261 3696 1318 Excelsi

2119 1378 2326 1418 omnes.
2367 1382 2385 1414 ι
2417 1363 2568 1430 Quod
2601 1363 2645 1416 si
2681 1362 2822 1416 filius
2846 1376 2966 1416 esse
2999 1362 3257 1414 obedieus
3286 1374 3388 1411 non
3420 1358 3522 1420 vis,
3555 1372 3697 1410 cou-

2123 1464 2352 1522 temptor
2391 1454 2642 1522 plecteris
2695 1463 2753 1507 ut
2801 1468 3018 1507 servus.
3067 1451 3196 1505 Post
3248 1451 3359 1503 haec
3414 1449 3548 1502 dicit
3587 1446 3635 1479 "
3674 1463 3693 1501 :

2127 1565 2145 1597 ι
2183 1545 2250 1600 Et
2279 1547 2322 1601 si
2349 1547 2472 1615 quis
2502 1547 2783 1601 dormierit
2817 1561 2937 1598 cum
2989 1560 3125 1597 nuru
3173 1559 3305 1608 sua,
3362 1551 3534 1595 morte
3575 1555 3700 1593 ino-

2125 1638 2328 1691 riautur
2353 1639 2542 1700 ambo,
2576 1636 2905 1703 impietatem
2941 1632 3222 1697 fecerunt,
3260 1632 3334 1685 rei
3375 1641 3520 1685 sunt.
3562 1650 3580 1682 ›
3625 1629 3698 1684 Et

444 1733 549 1786 bus
584 1731 662 1785 vel
694 1732 904 1786 actibus
933 1730 1304 1800 subjugemur.
1342 1727 1510 1782 Vovet
1549 1737 1726 1781 autem
1767 1743 1827 1782 se
1853 1742 2020 1781 unus—
2049 1723 2090 1778 B
2121 1729 2216 1783 bas
2257 1727 2398 1797 leges
2427 1729 2505 1781 vel
2539 1728 2649 1780 haec
2682 1734 2945 1794 praecepta
2999 1723 3204 1792 absque
3231 1723 3406 1791 pinnis
3439 1721 3697 1789 superius

447 1823 702 1892 quisque,
737 1824 884 1876 verbi
919 1822 1088 1891 gratia
1115 1861 1130 1884 ,
1168 1821 1311 1874 sicut
1346 1819 1585 1872 Nazarzei
1625 1818 1896 1873 faciebant
1923 1817 2019 1870 tri-

444 1911 571 1976 bus,
601 1921 694 1966 aut
723 1921 956 1981 quatuor
977 1951 991 1975 ,
1025 1919 1117 1964 aut
1146 1919 1278 1978 quot
1311 1909 1603 1978 placuisset
1629 1909 1786 1963 annis
1820 1909 2016 1979 templo

447 2019 508 2058 se
535 2014 915 2058 consecrantes
941 2003 1056 2068 Dei,
1089 2011 1147 2057 ut
1173 2003 1244 2057 ibi
1283 2016 1494 2070 semper
1525 2011 1784 2056 vacarent
1826 2002 2016 2055 obser-

445 2102 638 2146 vantes
676 2093 764 2146 illa
813 2107 932 2162 quze
974 2093 1040 2146 de
1070 2091 1341 2146 Nazaraeis
1389 2093 1591 2159 scripta
1633 2098 1800 2144 sunt:
1837 2100 1895 2143 ut
1921 2105 2016 2143 co-

446 2201 594 2240 mam
615 2185 808 2254 capitis
841 2186 1135 2251 nutrirent,
1160 2183 1258 2240 nec
1288 2185 1604 2240 ascenderet
1637 2181 1836 2237 ferrum
1856 2197 2020 2250 super

447 2286 612 2346 caput
652 2290 840 2330 eorum
877 2283 988 2329 toto
1022 2275 1133 2330 voti
1165 2277 1246 2330 sui
1293 2283 1535 2345 tempore
1565 2273 1697 2345 (88),
1744 2282 1804 2327 ut
1835 2273 2017 2326 vinum

448 2381 556 2421 non
591 2366 987 2436 contingerent,
1018 2380 1194 2436 neque
1235 2365 1433 2434 aliquid
1464 2380 1531 2419 ex
1562 2364 1690 2427 vite,
1721 2371 1776 2418 et
1819 2372 2015 2416 caetera

448 2475 785 2530 quaecunque
815 2461 1095 2529 complexa
1126 2459 1317 2514 fuisset
1349 2459 1454 2512 voti
1485 2457 1776 2527 professio.
1814 2454 1921 2511 Sed
1967 2463 2020 2509 et

451 2551 616 2605 alium
645 2553 768 2620 quis
800 2552 870 2606 ita
905 2563 1061 2606 vovet
1090 2552 1227 2617 Deo,
1263 2550 1398 2605 sicut
1428 2549 1583 2603 Anna
1626 2548 1755 2603 fecit
1791 2548 2018 2601 Samue-

450 2643 559 2698 lem
588 2662 601 2697 :
632 2651 757 2698 ante
791 2645 932 2698 enim
965 2660 1125 2711 quam
1160 2651 1508 2707 nasceretur,
1547 2641 1743 2697 obtulit
1776 2656 1897 2696 eum
1940 2643 2022 2696 di-

451 2748 581 2790 cens
608 2736 700 2788 ”:
751 2754 769 2787 ε
807 2735 871 2790 Et
917 2737 1056 2790 dabo
1099 2750 1219 2788 eum
1269 2734 1492 2789 Domino
1535 2734 1720 2787 datum
1768 2731 2020 2787 omnibus

451 2829 645 2884 diebus
673 2831 796 2885 vitae
827 2846 957 2886 suae.
999 2849 1018 2883 ι
1051 2828 1126 2882 Ex
1164 2829 1362 2898 quibus
1389 2828 1641 2882 omnibus
1681 2827 1889 2881 clarum
1917 2839 2018 2890 est,

440 2922 725 2990 .quomodo
753 2922 1120 2992 unusquisque
1152 2929 1396 2973 nostrum
1419 2960 1433 2984 ,
1475 2920 1563 2988 qui
1600 2919 1714 2972 vult
1743 2934 1862 2973 esse
1894 2934 2016 2973 san-

454 3023 596 3076 ctus,
623 3014 936 3068 consecrari
967 3013 1160 3068 debeat
1191 3013 1317 3078 Deo,
1356 3022 1411 3066 et
1449 3011 1609 3065 nullis
1640 3021 1898 3080 praeterea
1925 3024 2022 3065 ue-

454 3105 615 3176 gotiis
649 3104 733 3159 vel
766 3105 977 3160 actibus
1026 3104 1119 3174 qui
1158 3105 1225 3159 ad
1259 3105 1426 3158 Deum
1475 3104 1697 3158 minime
1745 3104 2016 3172 pertinent

455 3197 734 3266 occuparL

525 3289 581 3342 2.
623 3288 749 3341 Post
787 3287 900 3341 haec
927 3287 1186 3356 scriptum
1217 3295 1300 3340 est
1341 3305 1356 3340 :
1394 3304 1413 3337 ι
1453 3284 1681 3340 Servate
1703 3325 1718 3351 ,
1751 3285 1927 3355 inquit
1955 3286 2023 3349 ³ο,

457 3389 725 3448 praecepta
756 3393 874 3433 mea
901 3388 955 3431 et
985 3377 1146 3431 facile
1180 3392 1241 3431 ea
1271 3415 1287 3439 ,
1330 3392 1429 3446 ego
1464 3377 1720 3431 Dominus
1748 3391 1762 3441 ;
1801 3395 1820 3427 ι
1855 3388 1910 3430 et
1961 3377 2026 3430 iis

458 3470 652 3524 addit:
691 3488 710 3522 ‹
745 3471 940 3536 Homo,
972 3470 1134 3524 homo
1183 3469 1224 3523 si
1260 3469 1598 3524 maledixerit
1628 3478 1834 3537 patrem
1863 3469 2027 3541 248

456 3573 551 3617 aut
581 3573 807 3619 matrem
833 3577 987 3617 suam
1009 3601 1024 3626 ,
1059 3561 1324 3616 moriatur
1362 3579 1376 3628 ;
1416 3580 1435 3613 ι
1469 3570 1525 3615 et
1563 3570 1684 3631 post
1714 3561 1877 3614 multa
1907 3577 2026 3630 quae

457 3654 736 3725 praecepit,
760 3654 955 3724 quibus
974 3655 1135 3710 etiam
1158 3667 1348 3723 poenas
1373 3653 1835 3722 praevaricationis
1859 3658 2029 3707 ascri—

457 3747 586 3816 psit,
618 3747 768 3802 addit
794 3747 844 3814 in
878 3746 1119 3803 clausula
1144 3745 1188 3777 ³¹
1217 3765 1230 3799 :
1267 3763 1287 3796 ι
1327 3745 1396 3800 Ει
1429 3753 1644 3800 servate
1675 3745 1856 3799 omnia
1892 3760 2030 3813 prte-

461 3846 618 3906 cepta
653 3853 794 3905 mea,
818 3849 873 3895 et
899 3839 1314 3910 iustiﬁcationes
1342 3854 1508 3906 meas,
1534 3850 1588 3894 et
1613 3839 1816 3910 judicia
1841 3854 1980 3895 mea.
2003 3857 2024 3892 ι

461 3928 616 3984 Unde
644 3941 696 3985 et
725 3946 1061 4002 consequens
1100 3934 1232 3988 mihi
1263 3933 1478 3988 videtur
1507 3933 1785 4002 requirere
1817 3933 1944 4002 quid
1976 3933 2028 3987 in

461 4021 547 4077 his
565 4023 792 4094 singulis
819 4025 1108 4080 indicetur.
1145 4026 1406 4095 Equidem
1435 4027 1725 4081 secundum
1760 4026 1904 4095 quod
1933 4025 2032 4082 ob-

462 4131 681 4171 servare
710 4117 880 4186 potui,
910 4127 1236 4186 praeceptum
1265 4128 1346 4175 est
1364 4160 1385 4185 ,,
1411 4120 1526 4174 sive
1558 4120 1870 4173 mandatum
1901 4120 2029 4174 illud

462 4210 605 4278 quod
629 4251 645 4278 ,
675 4209 821 4264 verbi
855 4211 1028 4280 gratia
1052 4249 1067 4274 ,
1103 4211 1154 4264 in
1191 4211 1460 4281 Decalogo
1493 4211 1688 4266 dicitur
1718 4212 1761 4243 “
1799 4230 1812 4266 :
1864 4232 1882 4264 ε
1914 4212 2029 4266 Non

463 4304 700 4368 occides,
737 4318 842 4356 non
878 4302 1211 4357 adulterabis
1251 4320 1265 4368 ;
1312 4322 1330 4355 ι
1371 4305 1474 4358 hoc
1509 4303 1654 4358 enim
1689 4304 1862 4358 solum
1892 4321 2031 4374 prae-

2125 1821 2348 1875 dederat
2387 1835 2401 1873 :
2455 1819 2665 1873 dixerat
2708 1818 2849 1871 enim
2889 1817 2974 1869 “:
3026 1833 3044 1867 ‹
3083 1814 3489 1880 Turpitudinem
3521 1826 3698 1867 nurus

2120 1920 2225 1966 tuae
2256 1928 2361 1968 non
2406 1911 2671 1966 revelabis
2692 1951 2706 1973 ,
2731 1908 2986 1978 quoniam
3030 1923 3167 1961 uxor
3199 1906 3290 1959 ﬁlii
3323 1905 3397 1959 tui
3431 1915 3548 1968 est,
3583 1919 3693 1957 non

2119 2003 2384 2058 revelabis
2416 2002 2802 2070 turpitudinem
2833 2001 2970 2069 ejus,
3005 2021 3024 2054 ι
3057 2009 3110 2053 et
3141 1997 3322 2053 omnia
3354 2012 3474 2064 quae
3499 1996 3692 2050 subse-

2119 2105 2378 2164 quuntur.
2408 2095 2472 2148 Et
2501 2096 2644 2149 hunc
2669 2097 2846 2148 locum
2878 2093 3038 2147 simili
3064 2092 3222 2145 modo
3247 2089 3315 2143 ibi
3341 2089 3545 2156 absque
3562 2101 3693 2154 sup-

2121 2186 2323 2256 pliciis,
2361 2187 2448 2240 hic
2478 2202 2607 2239 vero
2644 2200 2766 2239 eum
2798 2185 3027 2238 diversis
3061 2181 3442 2251 suppliciorum
3478 2180 3695 2247 generi-

2121 2279 2222 2332 bus
2249 2279 2522 2347 ascripsit.
2548 2277 2670 2345 Quo
2693 2278 2744 2331 in
2779 2277 2900 2331 loco
2933 2277 3190 2330 recordor
3223 2275 3491 2330 sermonis
3521 2273 3686 2336 illius,

2121 2389 2281 2443 quem
2317 2375 2506 2428 beatus
2534 2372 2810 2441 apostolus
2833 2368 3030 2423 Paulus
3059 2367 3122 2421 ad
3160 2366 3416 2421 Hebraeos
3442 2367 3692 2420 scribens

2123 2466 2200 2519 ait
2223 2466 2265 2497 ³⁷
2292 2483 2306 2520 :
2348 2485 2366 2517 ι
2401 2465 2615 2518 irritam
2649 2463 2770 2531 quis
2803 2460 3007 2515 faciens
3033 2459 3200 2529 legem
3227 2458 3555 2528 Moysi,sine
3579 2457 3689 2512 ulla

2124 2559 2471 2613 miseratione
2520 2557 2727 2610 duobus
2778 2562 2870 2605 aut
2919 2555 3094 2608 tribus
3144 2552 3376 2607 teStibus
3417 2549 3688 2605 moritur:

2123 2661 2325 2717 quanto
2376 2647 2672 2715 majoribus
2719 2645 3000 2714 suppliciis
3045 2645 3238 2714 dignus
3269 2643 3562 2711 putabitur,
3593 2640 3689 2710 qui

2125 2739 2321 2794 Filium
2357 2738 2447 2791 Dei
2476 2735 2903 2798 conculcaverit,
2935 2744 2989 2788 et
3027 2733 3342 2804 sanguinein
3382 2730 3688 2785 testamenti

2123 2832 2384 2901 pollutum
2420 2831 2658 2894 duxerit,
2691 2830 2742 2883 in
2775 2845 2882 2897 quo
2911 2830 3278 2883 sanctificatus
3305 2837 3422 2892 est,
3449 2835 3503 2880 et
3527 2826 3694 2894 spiri-

2127 2921 2203 2975 tui
2245 2921 2433 2989 gratiae
2479 2919 2861 2974 contumeliam
2913 2917 3106 2973 fecerit
3144 2918 3218 2971 ?)
3267 2918 3371 2970 Sed
3419 2931 3578 2983 quam
3620 2917 3692 2969 ob

2126 3027 2344 3066 causam
2391 3011 2716 3064 mentionem
2766 3008 2982 3063 fecerim
3034 3008 3313 3078 scriptura:
3357 3005 3546 3074 hujus,
3596 3021 3662 3058 au

2124 3104 2318 3159 sculta.
2349 3103 2654 3158 Secundum
2693 3102 2860 3171 legem
2895 3101 3108 3155 adulter
3147 3111 3202 3154 et
3233 3100 3476 3154 adultera
3515 3110 3689 3153 morte

2123 3195 2519 3260 moriebantur,
2549 3208 2648 3247 nec
2678 3200 2929 3262 poterant
2973 3191 3154 3245 dicere
3192 3190 3568 3260 pmnitentiam
3599 3203 3692 3258 pe-

2127 3288 2330 3354 timus,
2368 3298 2425 3340 et
2454 3287 2665 3340 veniam
2719 3286 3093 3354 deprecamur.
3134 3282 3244 3338 Non
3277 3294 3396 3337 erat
3436 3281 3694 3351 lacryuds

2123 3380 2292 3444 locus,
2325 3395 2425 3436 nec
2456 3380 2822 3434 emendationi
2853 3379 2961 3432 ulla
2993 3381 3399 3434 concedebatur
3441 3378 3691 3442 facultas,

2124 3472 2223 3528 sed
2253 3473 2562 3526 omnimode
2591 3471 2768 3541 puniri
2801 3487 3024 3528 necesse
3058 3480 3175 3527 erat
3197 3511 3211 3534 ,
3243 3472 3332 3540 qui
3376 3469 3696 3523 incurrisset

2126 3563 2181 3618 in
2211 3563 2409 3633 legem.
2446 3561 2559 3617 Hoc
2592 3573 2770 3616 autem
2800 3566 3119 3618 servabatur
3145 3571 3199 3617 et
3237 3565 3288 3616 in
3319 3562 3542 3630 singulis
3570 3561 3692 3629 qui-

2124 3655 2332 3724 busque
2370 3654 2690 3708 criminibus
2721 3655 2918 3722 quibus
2955 3665 3075 3708 erat
3115 3669 3271 3723 [manu
3305 3654 3495 3706 mortis
3525 3651 3695 3706 ascri-

2126 3760 2236 3819 pta.
2267 3747 2419 3816 Apud
2454 3747 2794 3803 Cliristianos
2822 3758 2948 3803 vero
2981 3748 3027 3801 si
3055 3747 3376 3801 adulterium
3410 3746 3575 3800 fuerit
3599 3746 3694 3798 ad-

2128 3841 2374 3904 missum,
2407 3855 2514 3894 non
2544 3847 2627 3894 est
2651 3849 2978 3910 prmeeptum
3008 3849 3065 3894 ut
3099 3839 3309 3894 adulter
3333 3841 3417 3894 vel
3456 3839 3692 3892 adultera

2130 3931 2400 4002 corporali
2434 3931 2655 3984 interitu
2688 3932 2984 3999 puniantur
3011 3950 3023 3984 :
3057 3945 3156 3984 nec
3197 3939 3436 3999 potestas
3466 3931 3586 3982 data
3614 3937 3696 3983 est

2129 4027 2384 4096 episcopo
2421 4024 2676 4078 Ecclesia:
2703 4024 3006 4078 adulterum
3043 4023 3291 4091 priesenti
3341 4034 3517 4076 morte
3550 4021 3697 4074 dam-

2134 4131 2283 4180 nare,
2322 4115 2460 4168 sicut
2489 4124 2616 4168 tunc
2656 4115 2956 4168 secundum
3005 4113 3172 4182 legem
3209 4113 3368 4166 fiebat
3402 4128 3429 4163 a
3477 4111 3698 4180 presby-

2135 4212 2266 4264 teris
2303 4208 2507 4278 populi.
2540 4207 2680 4273 Quid
2713 4207 2923 4277 igitur?
2966 4207 3208 4261 dicemus
3239 4208 3382 4274 quod
3421 4204 3502 4258 lex
3531 4203 3694 4274 Moysi

2133 4300 2366 4354 crudelis
2392 4299 2484 4364 sit,
2517 4313 2636 4366 qua:
2663 4295 2820 4364 jubet
2855 4297 3033 4367 puniri
3064 4296 3386 4354 adulterum.
3422 4294 3505 4346 vel
3546 4292 3695 4346 adul-

463 4395 702 4463 tzipitur,
740 4404 795 4448 et
834 4408 941 4446 non
992 4393 1285 4448 ascribitur
1332 4408 1491 4463 poena
1541 4396 1836 4453 commissi.
1878 4395 2032 4450 Nunc
2059 4430 2108 4489 ι)
2138 4404 2352 4458 teram;
2415 4399 2468 4443 et
2509 4389 2861 4460 Evangelium
2901 4389 3103 4444 Christi
3160 4403 3256 4456 per
3309 4385 3698 4453 indulgentiam

464 4498 644 4540 autem
680 4487 946 4539 iterantur
977 4484 1191 4555 quidem
1221 4488 1431 4550 eadem,
1460 4486 1657 4542 additis
1687 4487 1772 4543 bis
1817 4490 2028 4556 pomis:

465 4581 666 4634 dicitur
692 4580 835 4634 enim
859 4580 936 4633 ³³ε
962 4598 980 4631 ε
1017 4577 1207 4645 Homo,
1236 4581 1396 4635 liomo
1421 4581 1730 4652 quicunque
1758 4582 2031 4637 adultera-

463 4673 604 4728 vorit
634 4687 857 4727 uxorem
885 4673 985 4727 viri
1011 4713 1026 4737 ,
1056 4681 1111 4728 et
1143 4687 1364 4726 uxorem
1415 4674 1646 4742 proximi
1693 4675 1815 4739 sui,
1861 4683 2034 4730 morte

443 4766 734 4820 .moriatur
764 4765 808 4820 is
835 4767 932 4835 qui
969 4765 1276 4832 adulterat,
1314 4777 1368 4819 et
1409 4780 1527 4834 qua:
1567 4766 1928 4823 adulteretur.
1968 4769 2036 4822 Et

467 4860 513 4913 si
544 4860 666 4929 quis
692 4860 975 4914 dormierit
1017 4874 1142 4913 cum
1176 4872 1344 4912 uxore
1375 4858 1544 4926 patris
1576 4859 1695 4924 sui,
1739 4861 2032 4928 turpitudi-

468 4969 595 5007 nem
628 4954 796 5022 patris
825 4954 905 5007 sui
937 4953 1170 5017 detexit,
1202 4961 1373 5006 morte
1407 4951 1704 5006 moriantur
1732 4953 1890 5007 ambo
1911 4997 1926 5018 ,
1956 4955 2033 5009 rei

468 5046 612 5098 enim
659 5053 805 5101 sunt.
845 5063 863 5098 ι
901 5045 974 5098 De
1013 5045 1096 5099 bis
1129 5055 1310 5098 autem
1359 5043 1412 5096 in
1455 5042 1728 5111 prioribus
1769 5043 1880 5111 jam
1913 5047 2035 5100 data

469 5135 685 5190 fuerant
709 5146 1001 5207 praacepta,
1027 5135 1126 5193 sed
1163 5151 1269 5190 non
1296 5135 1673 5190 observantem
1707 5149 1827 5204 quae
1855 5151 2040 5192 mane-

541 5307 629 5359 ”I
661 5306 792 5376 Reg.
821 5323 858 5366 ι,
895 5306 980 5376 li.
1027 5375 1034 5376 ί
1082 5303 1126 5335 ³ο
1159 5303 1331 5358 Levit.
1363 5319 1429 5357 xx
1451 5345 1464 5365 ,
1487 5303 1566 5376 _8,
1600 5303 1652 5376 _9.

472 5394 674 5440 Lxxxli,
707 5371 768 5431 6:
837 5377 880 5408 ³⁵
912 5375 1083 5432 Levii.
1115 5391 1204 5442 xx,
1246 5376 1331 5430 12.
1409 5376 1452 5406 ³³
1484 5374 1658 5427 Levit.
1691 5387 1842 5436 xviii,

547 5556 658 5627 (88)
703 5553 830 5610 Mss.
875 5548 1229 5627 Cadomensis
1257 5588 1272 5614 ,
1315 5546 1754 5627 Gemeticensis_,
1782 5555 1855 5627 _et
1905 5545 2038 5627 liee-

475 5614 696 5693 ceiisis,
749 5645 766 5677 ι
826 5635 937 5680 toto
978 5623 1101 5676 vita:
1150 5635 1262 5676 suae
1316 5627 1581 5688 tempore.
1641 5635 1661 5669 ι
1717 5614 1856 5671 infra
1905 5615 2035 5670 libb.

1750 5301 1791 5332 ⁸¹
1824 5299 1953 5354 ibid.
1988 5297 2075 5352 2‘2.

2036 5366 2080 5400 ³⁷
2113 5366 2277 5420 lchr.
2307 5383 2359 5431 x,
2389 5366 2477 5432 28,
2507 5366 2594 5418 29.

2139 4486 2354 4540 resolvit
2391 4483 2671 4538 auditores
2709 4484 2760 4537 in
2801 4483 3038 4536 deterius
3075 4482 3099 4534 ἲ
3138 4479 3251 4532 Νοη
3307 4481 3377 4533 ita
3423 4488 3524 4531 est.
3569 4475 3696 4528 Pro-

2135 4590 2318 4650 pterea
2359 4578 2503 4632 enim
2545 4589 2847 4630 sermonem
2889 4573 3034 4626 Pauli
3078 4571 3398 4642 protulimus
3446 4569 3500 4622 in
3549 4581 3700 4634 supe-

2136 4673 2373 4725 rioribus
2430 4669 2718 4724 dicentis:
2777 4684 2796 4716 ι
2841 4665 3051 4731 Quanto
3111 4663 3279 4731 magis
3341 4659 3702 4713 deterioribus

2136 4763 2417 4832 suppliciis
2468 4763 2662 4832 dignus
2708 4769 2791 4814 est
2843 4758 2930 4826 qui
2974 4756 3166 4810 Filium
3210 4754 3300 4807 Dei
3343 4750 3700 4806 conculcave-

2110 4852 2285 4936 ‘rit?i
2329 4863 2432 4908 etc.
2471 4853 2610 4908 Audi
2649 4866 2779 4921 ergo
2817 4848 3085 4918 quomodo
3128 4860 3303 4916 neque
3344 4854 3471 4897 tunc
3510 4843 3699 4897 crude-

2137 4954 2203 5006 lis
2255 4951 2420 5005 fuerit
2473 4949 2598 5015 lex,
2640 4963 2818 5016 neque
2877 4961 3019 5000 nunc
3077 4945 3397 4998 dissolutum
3452 4942 3701 4994 videatur

2140 5043 2484 5110 Evangelium
2523 5049 2742 5110 propter
2771 5039 2939 5092 veniae
2977 5037 3302 5105 largitatem,
3335 5035 3429 5088 sed
3472 5033 3522 5085 iu
3554 5042 3702 5084 utro-

2141 5151 2246 5207 que
2280 5136 2374 5190 Dei
2405 5135 2715 5204 benignitas
2741 5132 2955 5187 diversa
2983 5128 3390 5198 dispensatione
3419 5133 3696 5178 teneatur:

2184 5296 2228 5327 ³²
2267 5295 2435 5349 Exod.
2473 5311 2570 5352 xx,
2609 5294 2694 5358 15,
2728 5293 2812 5347 Η.
2917 5293 2962 5323 ³³
2994 5293 3163 5348 Levit.
3194 5311 3279 5360 xx,
3319 5295 3400 5348 lO.

3499 5296 3543 5326 ει
3574 5293 3708 5352 Psal.

2144 5545 2315 5605 editi,
2350 5562 2368 5593 ι
2418 5554 2750 5611 quacunque
2775 5577 2788 5601 ,
2839 5539 3010 5590 donec
3054 5537 3322 5611 completa
3369 5537 3559 5590 fuisset
3590 5535 3698 5588 voti

2136 5609 2448 5684 professio,
2498 5631 2517 5664 ι
2546 5614 2640 5667 sed
2684 5624 2814 5665 mss.
2865 5624 3051 5663 oumcs
3102 5617 3160 5662 ut
3212 5609 3264 5662 in
3313 5619 3496 5665 nostro
3531 5617 3692 5662 textu.
