  <div class='ocr_page' id='page_1' title='image "/cluster/home/n/w/nwhite01/storage/ocr_20150623/12/mdp.39015028786690/276.png"; bbox 0 0 4024 6146; ppageno 0'>
   <div class='ocr_carea' id='block_1_1' title="bbox 302 5658 311 5713">
    <p class='ocr_par' dir='ltr' id='par_1_1' title="bbox 302 5658 311 5713">
     <span class='ocr_line' id='line_1_1' title="bbox 302 5658 311 5713; baseline 0 0"><span class='ocrx_word' id='word_1_1' title='bbox 302 5658 311 5713; x_wconf 82' lang='lat' dir='ltr'><strong>l</strong></span> 
     </span>
    </p>
   </div>
   <div class='ocr_carea' id='block_1_2' title="bbox 345 212 445 268">
    <p class='ocr_par' dir='ltr' id='par_1_2' title="bbox 345 212 445 268">
     <span class='ocr_line' id='line_1_2' title="bbox 345 212 445 268; baseline -0.01 0"><span class='ocrx_word' id='word_1_2' title='bbox 345 212 445 268; x_wconf 77' lang='lat'><strong>535</strong></span> 
     </span>
    </p>
   </div>
   <div class='ocr_carea' id='block_1_3' title="bbox 1539 206 2466 267">
    <p class='ocr_par' dir='ltr' id='par_1_3' title="bbox 1539 206 2466 267">
     <span class='ocr_line' id='line_1_3' title="bbox 1539 206 2466 267; baseline -0.003 -4"><span class='ocrx_word' id='word_1_3' title='bbox 1539 211 1606 265; x_wconf 82' lang='lat' dir='ltr'><strong>IN</strong></span> <span class='ocrx_word' id='word_1_4' title='bbox 1644 208 2015 267; x_wconf 70' lang='lat' dir='ltr'><strong>LEVITICUM</strong></span> <span class='ocrx_word' id='word_1_5' title='bbox 2052 206 2335 265; x_wconf 71' lang='lat' dir='ltr'><strong>HOMILIA</strong></span> <span class='ocrx_word' id='word_1_6' title='bbox 2377 206 2466 261; x_wconf 76' lang='lat' dir='ltr'><strong>XI.</strong></span> 
     </span>
    </p>
   </div>
   <div class='ocr_carea' id='block_1_4' title="bbox 3480 212 3583 267">
    <p class='ocr_par' dir='ltr' id='par_1_4' title="bbox 3480 212 3583 267">
     <span class='ocr_line' id='line_1_4' title="bbox 3480 212 3583 267; baseline 0 0"><span class='ocrx_word' id='word_1_7' title='bbox 3480 212 3583 267; x_wconf 62' lang='lat'><strong>53-5</strong></span> 
     </span>
    </p>
   </div>
   <div class='ocr_carea' id='block_1_5' title="bbox 346 328 3582 402">
    <p class='ocr_par' dir='ltr' id='par_1_5' title="bbox 346 328 3582 402">
     <span class='ocr_line' id='line_1_5' title="bbox 346 328 3582 402; baseline 0 -18"><span class='ocrx_word' id='word_1_8' title='bbox 346 330 442 387; x_wconf 80' lang='lat' dir='ltr'><strong>hoc</strong></span> <span class='ocrx_word' id='word_1_9' title='bbox 467 328 613 399; x_wconf 91' lang='lat' dir='ltr'><strong>quod</strong></span> <span class='ocrx_word' id='word_1_10' title='bbox 642 330 945 386; x_wconf 86' lang='lat' dir='ltr'><strong>secundum</strong></span> <span class='ocrx_word' id='word_1_11' title='bbox 973 329 1169 401; x_wconf 86' lang='lat' dir='ltr'><strong>legem,</strong></span> <span class='ocrx_word' id='word_1_12' title='bbox 1200 329 1355 385; x_wconf 80' lang='lat' dir='ltr'><strong>verbi</strong></span> <span class='ocrx_word' id='word_1_13' title='bbox 1384 345 1548 387; x_wconf 85' lang='lat' dir='ltr'><strong>causa</strong></span> <span class='ocrx_word' id='word_1_14' title='bbox 1577 332 1790 387; x_wconf 98' lang='lat' dir='ltr'><strong>adulter</strong></span> <span class='ocrx_word' id='word_1_15' title='bbox 1821 331 1903 387; x_wconf 85' lang='lat' dir='ltr'><strong>vel</strong></span> <span class='ocrx_word' id='word_1_16' title='bbox 1933 336 1979 392; x_wconf 82' lang='grc' dir='ltr'>Α</span> <span class='ocrx_word' id='word_1_17' title='bbox 2010 331 2191 385; x_wconf 88' lang='lat' dir='ltr'><strong>dicem</strong></span> <span class='ocrx_word' id='word_1_18' title='bbox 2211 330 2416 401; x_wconf 87' lang='lat' dir='ltr'><strong>justum</strong></span> <span class='ocrx_word' id='word_1_19' title='bbox 2449 343 2617 399; x_wconf 60' lang='lat' dir='ltr'><strong>pinnat</strong></span> <span class='ocrx_word' id='word_1_20' title='bbox 2642 329 2961 395; x_wconf 82' lang='lat' dir='ltr'><strong>moderatio,</strong></span> <span class='ocrx_word' id='word_1_21' title='bbox 2990 343 3098 384; x_wconf 91' lang='lat' dir='ltr'><strong>non</strong></span> <span class='ocrx_word' id='word_1_22' title='bbox 3128 328 3425 400; x_wconf 86' lang='lat' dir='ltr'><strong>solumpro</strong></span> <span class='ocrx_word' id='word_1_23' title='bbox 3446 346 3582 402; x_wconf 85' lang='lat' dir='ltr'><strong>qua-</strong></span> 
     </span>
    </p>
   </div>
   <div class='ocr_carea' id='block_1_6' title="bbox 343 419 1910 492">
    <p class='ocr_par' dir='ltr' id='par_1_6' title="bbox 343 419 1910 492">
     <span class='ocr_line' id='line_1_6' title="bbox 343 419 1910 492; baseline 0.004 -20"><span class='ocrx_word' id='word_1_24' title='bbox 343 419 584 474; x_wconf 88' lang='lat' dir='ltr'><strong>adultera</strong></span> <span class='ocrx_word' id='word_1_25' title='bbox 627 420 882 489; x_wconf 74' lang='lat' dir='ltr'><strong>praesenti</strong></span> <span class='ocrx_word' id='word_1_26' title='bbox 920 429 1098 475; x_wconf 87' lang='lat' dir='ltr'><strong>morte</strong></span> <span class='ocrx_word' id='word_1_27' title='bbox 1140 421 1472 489; x_wconf 87' lang='lat' dir='ltr'><strong>puniebatur</strong></span> <span class='ocrx_word' id='word_1_28' title='bbox 1497 462 1513 485; x_wconf 90' lang='lat'><strong>,</strong></span> <span class='ocrx_word' id='word_1_29' title='bbox 1554 432 1775 492; x_wconf 84' lang='lat' dir='ltr'><strong>propter</strong></span> <span class='ocrx_word' id='word_1_30' title='bbox 1809 425 1910 478; x_wconf 90' lang='lat' dir='ltr'><strong>hoc</strong></span> 
     </span>
    </p>
   </div>
   <div class='ocr_carea' id='block_1_7' title="bbox 343 511 1910 584">
    <p class='ocr_par' dir='ltr' id='par_1_7' title="bbox 343 511 1910 584">
     <span class='ocr_line' id='line_1_7' title="bbox 343 511 1910 584; baseline 0 -16"><span class='ocrx_word' id='word_1_31' title='bbox 343 512 513 582; x_wconf 88' lang='lat' dir='ltr'><strong>ipsum</strong></span> <span class='ocrx_word' id='word_1_32' title='bbox 548 514 693 583; x_wconf 91' lang='lat' dir='ltr'><strong>quod</strong></span> <span class='ocrx_word' id='word_1_33' title='bbox 725 513 937 582; x_wconf 84' lang='lat' dir='ltr'><strong>peccati</strong></span> <span class='ocrx_word' id='word_1_34' title='bbox 982 511 1068 569; x_wconf 91' lang='lat' dir='ltr'><strong>sui</strong></span> <span class='ocrx_word' id='word_1_35' title='bbox 1119 512 1341 581; x_wconf 84' lang='lat' dir='ltr'><strong>pertulit</strong></span> <span class='ocrx_word' id='word_1_36' title='bbox 1383 527 1638 584; x_wconf 77' lang='lat' dir='ltr'><strong>pcenatn,</strong></span> <span class='ocrx_word' id='word_1_37' title='bbox 1675 523 1732 569; x_wconf 94' lang='lat' dir='ltr'><strong>et</strong></span> <span class='ocrx_word' id='word_1_38' title='bbox 1761 530 1910 569; x_wconf 87' lang='lat' dir='ltr'><strong>com—</strong></span> 
     </span>
    </p>
   </div>
   <div class='ocr_carea' id='block_1_8' title="bbox 341 604 1911 676">
    <p class='ocr_par' dir='ltr' id='par_1_8' title="bbox 341 604 1911 676">
     <span class='ocr_line' id='line_1_8' title="bbox 341 604 1911 676; baseline 0 -15"><span class='ocrx_word' id='word_1_39' title='bbox 341 605 492 661; x_wconf 84' lang='lat' dir='ltr'><strong>missi</strong></span> <span class='ocrx_word' id='word_1_40' title='bbox 536 606 760 661; x_wconf 86' lang='lat' dir='ltr'><strong>sceleris</strong></span> <span class='ocrx_word' id='word_1_41' title='bbox 811 606 1042 661; x_wconf 81' lang='lat' dir='ltr'><strong>exsolvit</strong></span> <span class='ocrx_word' id='word_1_42' title='bbox 1083 604 1241 675; x_wconf 87' lang='lat' dir='ltr'><strong>digna</strong></span> <span class='ocrx_word' id='word_1_43' title='bbox 1289 606 1575 676; x_wconf 89' lang='lat' dir='ltr'><strong>supplicia.</strong></span> <span class='ocrx_word' id='word_1_44' title='bbox 1625 605 1765 673; x_wconf 85' lang='lat' dir='ltr'><strong>Quid</strong></span> <span class='ocrx_word' id='word_1_45' title='bbox 1802 606 1911 661; x_wconf 86' lang='lat' dir='ltr'><strong>erit</strong></span> 
     </span>
    </p>
   </div>
   <div class='ocr_carea' id='block_1_9' title="bbox 336 697 1907 768">
    <p class='ocr_par' dir='ltr' id='par_1_9' title="bbox 336 697 1907 768">
     <span class='ocr_line' id='line_1_9' title="bbox 336 697 1907 768; baseline 0 -17"><span class='ocrx_word' id='word_1_46' title='bbox 336 706 458 767; x_wconf 85' lang='lat' dir='ltr'><strong>post</strong></span> <span class='ocrx_word' id='word_1_47' title='bbox 482 697 618 762; x_wconf 63' lang='lat' dir='ltr'><strong>haec,</strong></span> <span class='ocrx_word' id='word_1_48' title='bbox 649 698 795 768; x_wconf 91' lang='lat' dir='ltr'><strong>quod</strong></span> <span class='ocrx_word' id='word_1_49' title='bbox 819 699 1103 753; x_wconf 85' lang='lat' dir='ltr'><strong>animabus</strong></span> <span class='ocrx_word' id='word_1_50' title='bbox 1124 712 1313 752; x_wconf 91' lang='lat' dir='ltr'><strong>eorum</strong></span> <span class='ocrx_word' id='word_1_51' title='bbox 1346 698 1566 754; x_wconf 86' lang='lat' dir='ltr'><strong>ultionis</strong></span> <span class='ocrx_word' id='word_1_52' title='bbox 1606 699 1907 762; x_wconf 85' lang='lat' dir='ltr'><strong>immineat,</strong></span> 
     </span>
    </p>
   </div>
   <div class='ocr_carea' id='block_1_10' title="bbox 339 789 1907 861">
    <p class='ocr_par' dir='ltr' id='par_1_10' title="bbox 339 789 1907 861">
     <span class='ocr_line' id='line_1_10' title="bbox 339 789 1907 861; baseline 0.001 -19"><span class='ocrx_word' id='word_1_53' title='bbox 339 789 384 843; x_wconf 93' lang='lat' dir='ltr'><strong>si</strong></span> <span class='ocrx_word' id='word_1_54' title='bbox 429 789 565 844; x_wconf 88' lang='lat' dir='ltr'><strong>nihil</strong></span> <span class='ocrx_word' id='word_1_55' title='bbox 607 789 757 845; x_wconf 85' lang='lat' dir='ltr'><strong>aliud</strong></span> <span class='ocrx_word' id='word_1_56' title='bbox 788 790 1132 861; x_wconf 89' lang='lat' dir='ltr'><strong>deliquerunt</strong></span> <span class='ocrx_word' id='word_1_57' title='bbox 1170 791 1195 846; x_wconf 72' lang='grc' dir='ltr'><em>ἳ</em></span> <span class='ocrx_word' id='word_1_58' title='bbox 1234 792 1278 846; x_wconf 89' lang='lat' dir='ltr'><strong>si</strong></span> <span class='ocrx_word' id='word_1_59' title='bbox 1313 792 1456 846; x_wconf 87' lang='lat' dir='ltr'><strong>aliud</strong></span> <span class='ocrx_word' id='word_1_60' title='bbox 1484 800 1760 860; x_wconf 90' lang='lat' dir='ltr'><strong>peccatum</strong></span> <span class='ocrx_word' id='word_1_61' title='bbox 1801 807 1907 845; x_wconf 91' lang='lat' dir='ltr'><strong>non</strong></span> 
     </span>
    </p>
   </div>
   <div class='ocr_carea' id='block_1_11' title="bbox 336 880 1909 950">
    <p class='ocr_par' dir='ltr' id='par_1_11' title="bbox 336 880 1909 950">
     <span class='ocr_line' id='line_1_11' title="bbox 336 880 1909 950; baseline 0 -16"><span class='ocrx_word' id='word_1_62' title='bbox 336 890 415 934; x_wconf 90' lang='lat' dir='ltr'><strong>est</strong></span> <span class='ocrx_word' id='word_1_63' title='bbox 445 880 591 950; x_wconf 88' lang='lat' dir='ltr'><strong>quod</strong></span> <span class='ocrx_word' id='word_1_64' title='bbox 622 881 947 936; x_wconf 86' lang='lat' dir='ltr'><strong>condemnet</strong></span> <span class='ocrx_word' id='word_1_65' title='bbox 971 895 1097 949; x_wconf 91' lang='lat' dir='ltr'><strong>eos,</strong></span> <span class='ocrx_word' id='word_1_66' title='bbox 1130 881 1223 936; x_wconf 90' lang='lat' dir='ltr'><strong>sed</strong></span> <span class='ocrx_word' id='word_1_67' title='bbox 1258 881 1364 936; x_wconf 91' lang='lat' dir='ltr'><strong>hoc</strong></span> <span class='ocrx_word' id='word_1_68' title='bbox 1401 880 1576 937; x_wconf 88' lang='lat' dir='ltr'><strong>solum</strong></span> <span class='ocrx_word' id='word_1_69' title='bbox 1616 881 1909 937; x_wconf 82' lang='lat' dir='ltr'><strong>commise-</strong></span> 
     </span>
    </p>
   </div>
   <div class='ocr_carea' id='block_1_12' title="bbox 337 973 1910 1045">
    <p class='ocr_par' dir='ltr' id='par_1_12' title="bbox 337 973 1910 1045">
     <span class='ocr_line' id='line_1_12' title="bbox 337 973 1910 1045; baseline 0.003 -21"><span class='ocrx_word' id='word_1_70' title='bbox 337 980 485 1036; x_wconf 90' lang='lat' dir='ltr'><strong>runt,</strong></span> <span class='ocrx_word' id='word_1_71' title='bbox 511 980 568 1026; x_wconf 93' lang='lat' dir='ltr'><strong>et</strong></span> <span class='ocrx_word' id='word_1_72' title='bbox 603 983 732 1028; x_wconf 90' lang='lat' dir='ltr'><strong>tunc</strong></span> <span class='ocrx_word' id='word_1_73' title='bbox 758 982 967 1029; x_wconf 90' lang='lat' dir='ltr'><strong>tantum</strong></span> <span class='ocrx_word' id='word_1_74' title='bbox 992 989 1115 1029; x_wconf 91' lang='lat' dir='ltr'><strong>cum</strong></span> <span class='ocrx_word' id='word_1_75' title='bbox 1147 974 1320 1044; x_wconf 90' lang='lat' dir='ltr'><strong>puniti</strong></span> <span class='ocrx_word' id='word_1_76' title='bbox 1362 984 1523 1041; x_wconf 89' lang='lat' dir='ltr'><strong>sunt,</strong></span> <span class='ocrx_word' id='word_1_77' title='bbox 1555 982 1612 1030; x_wconf 90' lang='lat' dir='ltr'><strong>et</strong></span> <span class='ocrx_word' id='word_1_78' title='bbox 1652 973 1786 1045; x_wconf 89' lang='lat' dir='ltr'><strong>legis</strong></span> <span class='ocrx_word' id='word_1_79' title='bbox 1813 989 1910 1045; x_wconf 90' lang='lat' dir='ltr'><strong>pro</strong></span> 
     </span>
    </p>
   </div>
   <div class='ocr_carea' id='block_1_13' title="bbox 336 1065 1904 1136">
    <p class='ocr_par' dir='ltr' id='par_1_13' title="bbox 336 1065 1904 1136">
     <span class='ocr_line' id='line_1_13' title="bbox 336 1065 1904 1136; baseline 0.001 -16"><span class='ocrx_word' id='word_1_80' title='bbox 336 1065 439 1121; x_wconf 89' lang='lat' dir='ltr'><strong>hoc</strong></span> <span class='ocrx_word' id='word_1_81' title='bbox 473 1065 798 1136; x_wconf 87' lang='lat' dir='ltr'><strong>supplicium</strong></span> <span class='ocrx_word' id='word_1_82' title='bbox 831 1065 1212 1136; x_wconf 83' lang='lat' dir='ltr'><strong>pertulerunt?</strong></span> <span class='ocrx_word' id='word_1_83' title='bbox 1240 1066 1358 1122; x_wconf 89' lang='lat' dir='ltr'><strong>Non</strong></span> <span class='ocrx_word' id='word_1_84' title='bbox 1383 1066 1686 1122; x_wconf 83' lang='lat' dir='ltr'><strong>vindicabit</strong></span> <span class='ocrx_word' id='word_1_85' title='bbox 1717 1067 1904 1122; x_wconf 91' lang='lat' dir='ltr'><strong>Domi-</strong></span> 
     </span>
    </p>
   </div>
   <div class='ocr_carea' id='block_1_14' title="bbox 333 1158 1906 1230">
    <p class='ocr_par' dir='ltr' id='par_1_14' title="bbox 333 1158 1906 1230">
     <span class='ocr_line' id='line_1_14' title="bbox 333 1158 1906 1230; baseline 0.001 -18"><span class='ocrx_word' id='word_1_86' title='bbox 333 1172 437 1212; x_wconf 91' lang='lat' dir='ltr'><strong>nus</strong></span> <span class='ocrx_word' id='word_1_87' title='bbox 477 1158 562 1214; x_wconf 87' lang='lat' dir='ltr'><strong>bis</strong></span> <span class='ocrx_word' id='word_1_88' title='bbox 625 1159 679 1213; x_wconf 87' lang='lat' dir='ltr'><strong>in</strong></span> <span class='ocrx_word' id='word_1_89' title='bbox 741 1159 1018 1228; x_wconf 82' lang='lat' dir='ltr'><strong>Idipsum,</strong></span> <span class='ocrx_word' id='word_1_90' title='bbox 1069 1168 1391 1227; x_wconf 86' lang='lat' dir='ltr'><strong>receperunt</strong></span> <span class='ocrx_word' id='word_1_91' title='bbox 1439 1161 1582 1214; x_wconf 91' lang='lat' dir='ltr'><strong>enim</strong></span> <span class='ocrx_word' id='word_1_92' title='bbox 1626 1169 1906 1230; x_wconf 89' lang='lat' dir='ltr'><strong>peccatum</strong></span> 
     </span>
    </p>
   </div>
   <div class='ocr_carea' id='block_1_15' title="bbox 334 1251 1908 1320">
    <p class='ocr_par' dir='ltr' id='par_1_15' title="bbox 334 1251 1908 1320">
     <span class='ocr_line' id='line_1_15' title="bbox 334 1251 1908 1320; baseline 0 -16"><span class='ocrx_word' id='word_1_93' title='bbox 334 1264 519 1316; x_wconf 88' lang='lat' dir='ltr'><strong>suum,</strong></span> <span class='ocrx_word' id='word_1_94' title='bbox 542 1258 599 1305; x_wconf 86' lang='lat' dir='ltr'><strong>et</strong></span> <span class='ocrx_word' id='word_1_95' title='bbox 630 1260 948 1319; x_wconf 88' lang='lat' dir='ltr'><strong>consumpta</strong></span> <span class='ocrx_word' id='word_1_96' title='bbox 978 1259 1065 1305; x_wconf 91' lang='lat' dir='ltr'><strong>est</strong></span> <span class='ocrx_word' id='word_1_97' title='bbox 1091 1251 1340 1306; x_wconf 86' lang='lat' dir='ltr'><strong>criminis</strong></span> <span class='ocrx_word' id='word_1_98' title='bbox 1371 1264 1549 1320; x_wconf 79' lang='lat' dir='ltr'><strong>ptena.</strong></span> <span class='ocrx_word' id='word_1_99' title='bbox 1583 1251 1650 1304; x_wconf 92' lang='lat' dir='ltr'><strong>Et</strong></span> <span class='ocrx_word' id='word_1_100' title='bbox 1674 1251 1793 1306; x_wconf 90' lang='lat' dir='ltr'><strong>ideo</strong></span> <span class='ocrx_word' id='word_1_101' title='bbox 1829 1252 1908 1304; x_wconf 88' lang='lat' dir='ltr'><strong>in-</strong></span> 
     </span>
    </p>
   </div>
   <div class='ocr_carea' id='block_1_16' title="bbox 328 1341 1909 1412">
    <p class='ocr_par' dir='ltr' id='par_1_16' title="bbox 328 1341 1909 1412">
     <span class='ocr_line' id='line_1_16' title="bbox 328 1341 1909 1412; baseline 0 -17"><span class='ocrx_word' id='word_1_102' title='bbox 328 1341 552 1397; x_wconf 82' lang='lat' dir='ltr'><strong>venitur</strong></span> <span class='ocrx_word' id='word_1_103' title='bbox 576 1342 681 1396; x_wconf 89' lang='lat' dir='ltr'><strong>hoc</strong></span> <span class='ocrx_word' id='word_1_104' title='bbox 722 1356 894 1412; x_wconf 90' lang='lat' dir='ltr'><strong>genus</strong></span> <span class='ocrx_word' id='word_1_105' title='bbox 919 1343 1174 1412; x_wconf 60' lang='lat' dir='ltr'><strong>pracepti</strong></span> <span class='ocrx_word' id='word_1_106' title='bbox 1208 1357 1313 1397; x_wconf 92' lang='lat' dir='ltr'><strong>non</strong></span> <span class='ocrx_word' id='word_1_107' title='bbox 1341 1342 1590 1410; x_wconf 86' lang='lat' dir='ltr'><strong>crudele,</strong></span> <span class='ocrx_word' id='word_1_108' title='bbox 1625 1343 1767 1397; x_wconf 86' lang='lat' dir='ltr'><strong>sicut</strong></span> <span class='ocrx_word' id='word_1_109' title='bbox 1798 1341 1909 1395; x_wconf 77' lang='lat' dir='ltr'><strong>ba:-</strong></span> 
     </span>
    </p>
   </div>
   <div class='ocr_carea' id='block_1_17' title="bbox 332 1430 1907 1505">
    <p class='ocr_par' dir='ltr' id='par_1_17' title="bbox 332 1430 1907 1505">
     <span class='ocr_line' id='line_1_17' title="bbox 332 1430 1907 1505; baseline 0.002 -21"><span class='ocrx_word' id='word_1_110' title='bbox 332 1430 491 1486; x_wconf 89' lang='lat' dir='ltr'><strong>retici</strong></span> <span class='ocrx_word' id='word_1_111' title='bbox 538 1442 791 1487; x_wconf 89' lang='lat' dir='ltr'><strong>asserunt</strong></span> <span class='ocrx_word' id='word_1_112' title='bbox 818 1443 1141 1489; x_wconf 86' lang='lat' dir='ltr'><strong>accusantes</strong></span> <span class='ocrx_word' id='word_1_113' title='bbox 1196 1431 1366 1503; x_wconf 89' lang='lat' dir='ltr'><strong>legem</strong></span> <span class='ocrx_word' id='word_1_114' title='bbox 1402 1434 1531 1498; x_wconf 90' lang='lat' dir='ltr'><strong>Dei,</strong></span> <span class='ocrx_word' id='word_1_115' title='bbox 1565 1443 1620 1488; x_wconf 92' lang='lat' dir='ltr'><strong>et</strong></span> <span class='ocrx_word' id='word_1_116' title='bbox 1647 1441 1907 1505; x_wconf 81' lang='lat' dir='ltr'><strong>negantes</strong></span> 
     </span>
    </p>
   </div>
   <div class='ocr_carea' id='block_1_18' title="bbox 330 1524 1904 1597">
    <p class='ocr_par' dir='ltr' id='par_1_18' title="bbox 330 1524 1904 1597">
     <span class='ocr_line' id='line_1_18' title="bbox 330 1524 1904 1597; baseline 0 -18"><span class='ocrx_word' id='word_1_117' title='bbox 330 1524 384 1579; x_wconf 92' lang='lat' dir='ltr'><strong>in</strong></span> <span class='ocrx_word' id='word_1_118' title='bbox 432 1539 497 1579; x_wconf 88' lang='lat' dir='ltr'><strong>ea</strong></span> <span class='ocrx_word' id='word_1_119' title='bbox 530 1525 883 1580; x_wconf 89' lang='lat' dir='ltr'><strong>humanitatis</strong></span> <span class='ocrx_word' id='word_1_120' title='bbox 930 1526 1134 1596; x_wconf 87' lang='lat' dir='ltr'><strong>aliquid</strong></span> <span class='ocrx_word' id='word_1_121' title='bbox 1185 1528 1495 1583; x_wconf 89' lang='lat' dir='ltr'><strong>contineri:</strong></span> <span class='ocrx_word' id='word_1_122' title='bbox 1545 1527 1641 1584; x_wconf 86' lang='lat' dir='ltr'><strong>sed</strong></span> <span class='ocrx_word' id='word_1_123' title='bbox 1687 1526 1904 1597; x_wconf 88' lang='lat' dir='ltr'><strong>plenum</strong></span> 
     </span>
    </p>
   </div>
   <div class='ocr_carea' id='block_1_19' title="bbox 330 1615 1903 1690">
    <p class='ocr_par' dir='ltr' id='par_1_19' title="bbox 330 1615 1903 1690">
     <span class='ocr_line' id='line_1_19' title="bbox 330 1615 1903 1690; baseline 0.003 -21"><span class='ocrx_word' id='word_1_124' title='bbox 330 1615 724 1682; x_wconf 89' lang='lat' dir='ltr'><strong>misericordia,</strong></span> <span class='ocrx_word' id='word_1_125' title='bbox 759 1616 965 1673; x_wconf 90' lang='lat' dir='ltr'><strong>idcirco</strong></span> <span class='ocrx_word' id='word_1_126' title='bbox 1004 1618 1150 1688; x_wconf 88' lang='lat' dir='ltr'><strong>quod</strong></span> <span class='ocrx_word' id='word_1_127' title='bbox 1191 1634 1288 1690; x_wconf 88' lang='lat' dir='ltr'><strong>per</strong></span> <span class='ocrx_word' id='word_1_128' title='bbox 1331 1620 1437 1675; x_wconf 91' lang='lat' dir='ltr'><strong>hoc</strong></span> <span class='ocrx_word' id='word_1_129' title='bbox 1477 1629 1802 1690; x_wconf 87' lang='lat' dir='ltr'><strong>purgaretur</strong></span> <span class='ocrx_word' id='word_1_130' title='bbox 1835 1634 1903 1675; x_wconf 78' lang='lat' dir='ltr'><strong>ex</strong></span> 
     </span>
    </p>
   </div>
   <div class='ocr_carea' id='block_1_20' title="bbox 2010 425 3082 494">
    <p class='ocr_par' dir='ltr' id='par_1_20' title="bbox 2010 425 3082 494">
     <span class='ocr_line' id='line_1_20' title="bbox 2010 425 3082 494; baseline -0.002 -14"><span class='ocrx_word' id='word_1_131' title='bbox 2010 427 2184 490; x_wconf 84' lang='lat' dir='ltr'><strong>litate,</strong></span> <span class='ocrx_word' id='word_1_132' title='bbox 2214 440 2398 479; x_wconf 92' lang='lat' dir='ltr'><strong>verum</strong></span> <span class='ocrx_word' id='word_1_133' title='bbox 2430 425 2591 480; x_wconf 87' lang='lat' dir='ltr'><strong>etiam</strong></span> <span class='ocrx_word' id='word_1_134' title='bbox 2627 440 2724 494; x_wconf 93' lang='lat' dir='ltr'><strong>pro</strong></span> <span class='ocrx_word' id='word_1_135' title='bbox 2758 425 3082 492; x_wconf 81' lang='lat' dir='ltr'><strong>quantitate.</strong></span> 
     </span>
    </p>
   </div>
   <div class='ocr_carea' id='block_1_21' title="bbox 2080 515 3572 588">
    <p class='ocr_par' dir='ltr' id='par_1_21' title="bbox 2080 515 3572 588">
     <span class='ocr_line' id='line_1_21' title="bbox 2080 515 3572 588; baseline -0.001 -15"><span class='ocrx_word' id='word_1_136' title='bbox 2080 520 2133 573; x_wconf 73' lang='grc'><strong>5.</strong></span> <span class='ocrx_word' id='word_1_137' title='bbox 2175 515 2323 572; x_wconf 90' lang='lat' dir='ltr'><strong>lnter</strong></span> <span class='ocrx_word' id='word_1_138' title='bbox 2348 526 2545 571; x_wconf 75' lang='lat' dir='ltr'><strong>ctetera</strong></span> <span class='ocrx_word' id='word_1_139' title='bbox 2574 532 2702 587; x_wconf 90' lang='lat' dir='ltr'><strong>ergo</strong></span> <span class='ocrx_word' id='word_1_140' title='bbox 2729 528 2951 586; x_wconf 87' lang='lat' dir='ltr'><strong>peccata</strong></span> <span class='ocrx_word' id='word_1_141' title='bbox 2986 532 3108 587; x_wconf 86' lang='lat' dir='ltr'><strong>quae</strong></span> <span class='ocrx_word' id='word_1_142' title='bbox 3140 527 3312 573; x_wconf 89' lang='lat' dir='ltr'><strong>morte</strong></span> <span class='ocrx_word' id='word_1_143' title='bbox 3341 518 3572 588; x_wconf 90' lang='lat' dir='ltr'><strong>puniun-</strong></span> 
     </span>
    </p>
   </div>
   <div class='ocr_carea' id='block_1_22' title="bbox 2013 608 3579 681">
    <p class='ocr_par' dir='ltr' id='par_1_22' title="bbox 2013 608 3579 681">
     <span class='ocr_line' id='line_1_22' title="bbox 2013 608 3579 681; baseline 0 -18"><span class='ocrx_word' id='word_1_144' title='bbox 2013 620 2120 676; x_wconf 88' lang='lat' dir='ltr'><strong>tur,</strong></span> <span class='ocrx_word' id='word_1_145' title='bbox 2163 611 2332 666; x_wconf 86' lang='lat' dir='ltr'><strong>relert</strong></span> <span class='ocrx_word' id='word_1_146' title='bbox 2361 612 2540 666; x_wconf 88' lang='lat' dir='ltr'><strong>divina</strong></span> <span class='ocrx_word' id='word_1_147' title='bbox 2581 611 2668 666; x_wconf 83' lang='lat' dir='ltr'><strong>lex</strong></span> <span class='ocrx_word' id='word_1_148' title='bbox 2692 608 2735 641; x_wconf 63' lang='grc' dir='ltr'><strong>δ’</strong></span> <span class='ocrx_word' id='word_1_149' title='bbox 2772 611 2914 681; x_wconf 84' lang='lat' dir='ltr'><strong>quod</strong></span> <span class='ocrx_word' id='word_1_150' title='bbox 2955 620 3009 665; x_wconf 87' lang='lat' dir='ltr'><strong>et</strong></span> <span class='ocrx_word' id='word_1_151' title='bbox 3045 627 3064 660; x_wconf 73' lang='grc' dir='ltr'>ι</span> <span class='ocrx_word' id='word_1_152' title='bbox 3094 608 3185 679; x_wconf 86' lang='lat' dir='ltr'><strong>qui</strong></span> <span class='ocrx_word' id='word_1_153' title='bbox 3230 608 3579 663; x_wconf 73' lang='lat' dir='ltr'><strong>maledixerit</strong></span> 
     </span>
    </p>
   </div>
   <div class='ocr_carea' id='block_1_23' title="bbox 2010 700 3578 772">
    <p class='ocr_par' dir='ltr' id='par_1_23' title="bbox 2010 700 3578 772">
     <span class='ocr_line' id='line_1_23' title="bbox 2010 700 3578 772; baseline -0.001 -15"><span class='ocrx_word' id='word_1_154' title='bbox 2010 704 2150 771; x_wconf 86' lang='lat' dir='ltr'><strong>patri</strong></span> <span class='ocrx_word' id='word_1_155' title='bbox 2196 715 2292 758; x_wconf 89' lang='lat' dir='ltr'><strong>aut</strong></span> <span class='ocrx_word' id='word_1_156' title='bbox 2325 705 2507 772; x_wconf 88' lang='lat' dir='ltr'><strong>matri,</strong></span> <span class='ocrx_word' id='word_1_157' title='bbox 2545 714 2725 759; x_wconf 91' lang='lat' dir='ltr'><strong>morte</strong></span> <span class='ocrx_word' id='word_1_158' title='bbox 2762 702 3047 757; x_wconf 84' lang='lat' dir='ltr'><strong>moriatur.</strong></span> <span class='ocrx_word' id='word_1_159' title='bbox 3075 720 3092 754; x_wconf 73' lang='grc' dir='ltr'><strong>ι</strong></span> <span class='ocrx_word' id='word_1_160' title='bbox 3149 700 3358 755; x_wconf 88' lang='lat' dir='ltr'><strong>Nomen</strong></span> <span class='ocrx_word' id='word_1_161' title='bbox 3407 701 3578 770; x_wconf 84' lang='lat' dir='ltr'><strong>patris</strong></span> 
     </span>
    </p>
   </div>
   <div class='ocr_carea' id='block_1_24' title="bbox 2009 792 3573 864">
    <p class='ocr_par' dir='ltr' id='par_1_24' title="bbox 2009 792 3573 864">
     <span class='ocr_line' id='line_1_24' title="bbox 2009 792 3573 864; baseline 0 -20"><span class='ocrx_word' id='word_1_162' title='bbox 2009 792 2213 861; x_wconf 81' lang='lat' dir='ltr'><strong>grande</strong></span> <span class='ocrx_word' id='word_1_163' title='bbox 2260 795 2577 864; x_wconf 83' lang='lat' dir='ltr'><strong>mysterium</strong></span> <span class='ocrx_word' id='word_1_164' title='bbox 2631 803 2748 858; x_wconf 90' lang='lat' dir='ltr'><strong>est,</strong></span> <span class='ocrx_word' id='word_1_165' title='bbox 2789 801 2844 848; x_wconf 86' lang='lat' dir='ltr'><strong>et</strong></span> <span class='ocrx_word' id='word_1_166' title='bbox 2882 807 3075 847; x_wconf 90' lang='lat' dir='ltr'><strong>nomen</strong></span> <span class='ocrx_word' id='word_1_167' title='bbox 3122 792 3312 846; x_wconf 88' lang='lat' dir='ltr'><strong>matris</strong></span> <span class='ocrx_word' id='word_1_168' title='bbox 3375 805 3573 845; x_wconf 88' lang='lat' dir='ltr'><strong>arcana</strong></span> 
     </span>
    </p>
   </div>
   <div class='ocr_carea' id='block_1_25' title="bbox 2012 884 3575 954">
    <p class='ocr_par' dir='ltr' id='par_1_25' title="bbox 2012 884 3575 954">
     <span class='ocr_line' id='line_1_25' title="bbox 2012 884 3575 954; baseline 0.001 -16"><span class='ocrx_word' id='word_1_169' title='bbox 2012 887 2315 940; x_wconf 85' lang='lat' dir='ltr'><strong>reverentia</strong></span> <span class='ocrx_word' id='word_1_170' title='bbox 2350 895 2452 941; x_wconf 89' lang='lat' dir='ltr'><strong>est.</strong></span> <span class='ocrx_word' id='word_1_171' title='bbox 2482 886 2642 941; x_wconf 88' lang='lat' dir='ltr'><strong>Pater</strong></span> <span class='ocrx_word' id='word_1_172' title='bbox 2674 886 2769 940; x_wconf 79' lang='lat' dir='ltr'><strong>tibi</strong></span> <span class='ocrx_word' id='word_1_173' title='bbox 2820 884 3117 940; x_wconf 90' lang='lat' dir='ltr'><strong>secundum</strong></span> <span class='ocrx_word' id='word_1_174' title='bbox 3146 885 3400 954; x_wconf 79' lang='lat' dir='ltr'><strong>Spiritum</strong></span> <span class='ocrx_word' id='word_1_175' title='bbox 3432 884 3575 940; x_wconf 85' lang='lat' dir='ltr'><strong>Deus</strong></span> 
     </span>
    </p>
   </div>
   <div class='ocr_carea' id='block_1_26' title="bbox 2008 977 3573 1046">
    <p class='ocr_par' dir='ltr' id='par_1_26' title="bbox 2008 977 3573 1046">
     <span class='ocr_line' id='line_1_26' title="bbox 2008 977 3573 1046; baseline 0.001 -14"><span class='ocrx_word' id='word_1_176' title='bbox 2008 989 2090 1033; x_wconf 90' lang='lat' dir='ltr'><strong>est</strong></span> <span class='ocrx_word' id='word_1_177' title='bbox 2115 995 2129 1033; x_wconf 90' lang='lat'><strong>:</strong></span> <span class='ocrx_word' id='word_1_178' title='bbox 2164 988 2340 1034; x_wconf 85' lang='lat' dir='ltr'><strong>mater</strong></span> <span class='ocrx_word' id='word_1_179' title='bbox 2369 978 2668 1035; x_wconf 87' lang='lat' dir='ltr'><strong>Jerusalem</strong></span> <span class='ocrx_word' id='word_1_180' title='bbox 2698 977 2933 1033; x_wconf 66' lang='lat' dir='ltr'><strong>caelestis</strong></span> <span class='ocrx_word' id='word_1_181' title='bbox 2963 985 3064 1034; x_wconf 86' lang='lat' dir='ltr'><strong>est.</strong></span> <span class='ocrx_word' id='word_1_182' title='bbox 3092 977 3429 1046; x_wconf 88' lang='lat' dir='ltr'><strong>Propheticis</strong></span> <span class='ocrx_word' id='word_1_183' title='bbox 3460 978 3573 1033; x_wconf 65' lang='lat' dir='ltr'><strong>haec</strong></span> 
     </span>
    </p>
   </div>
   <div class='ocr_carea' id='block_1_27' title="bbox 2009 1065 3573 1138">
    <p class='ocr_par' dir='ltr' id='par_1_27' title="bbox 2009 1065 3573 1138">
     <span class='ocr_line' id='line_1_27' title="bbox 2009 1065 3573 1138; baseline 0.002 -19"><span class='ocrx_word' id='word_1_184' title='bbox 2009 1074 2065 1119; x_wconf 90' lang='lat' dir='ltr'><strong>et</strong></span> <span class='ocrx_word' id='word_1_185' title='bbox 2112 1067 2429 1135; x_wconf 79' lang='lat' dir='ltr'><strong>aposmlicis</strong></span> <span class='ocrx_word' id='word_1_186' title='bbox 2480 1067 2803 1123; x_wconf 88' lang='lat' dir='ltr'><strong>testimoniis</strong></span> <span class='ocrx_word' id='word_1_187' title='bbox 2837 1067 3009 1123; x_wconf 90' lang='lat' dir='ltr'><strong>disce.</strong></span> <span class='ocrx_word' id='word_1_188' title='bbox 3060 1065 3158 1122; x_wconf 88' lang='lat' dir='ltr'><strong>Hic</strong></span> <span class='ocrx_word' id='word_1_189' title='bbox 3205 1068 3319 1138; x_wconf 90' lang='lat' dir='ltr'><strong>ipse</strong></span> <span class='ocrx_word' id='word_1_190' title='bbox 3365 1067 3573 1138; x_wconf 80' lang='lat' dir='ltr'><strong>Moyses</strong></span> 
     </span>
    </p>
   </div>
   <div class='ocr_carea' id='block_1_28' title="bbox 2010 1156 3572 1229">
    <p class='ocr_par' dir='ltr' id='par_1_28' title="bbox 2010 1156 3572 1229">
     <span class='ocr_line' id='line_1_28' title="bbox 2010 1156 3572 1229; baseline 0.003 -18"><span class='ocrx_word' id='word_1_191' title='bbox 2010 1156 2201 1211; x_wconf 81' lang='lat' dir='ltr'><strong>scribit</strong></span> <span class='ocrx_word' id='word_1_192' title='bbox 2243 1157 2294 1211; x_wconf 91' lang='lat' dir='ltr'><strong>in</strong></span> <span class='ocrx_word' id='word_1_193' title='bbox 2335 1160 2550 1214; x_wconf 87' lang='lat' dir='ltr'><strong>cantico</strong></span> <span class='ocrx_word' id='word_1_194' title='bbox 2572 1159 2659 1212; x_wconf 62' lang='grc' dir='ltr'><strong>ηε</strong></span> <span class='ocrx_word' id='word_1_195' title='bbox 2700 1157 2935 1213; x_wconf 73' lang='lat' dir='ltr'><strong>«Nonne</strong></span> <span class='ocrx_word' id='word_1_196' title='bbox 2981 1158 3070 1213; x_wconf 91' lang='lat' dir='ltr'><strong>hic</strong></span> <span class='ocrx_word' id='word_1_197' title='bbox 3103 1158 3218 1226; x_wconf 89' lang='lat' dir='ltr'><strong>ipse</strong></span> <span class='ocrx_word' id='word_1_198' title='bbox 3263 1168 3416 1229; x_wconf 89' lang='lat' dir='ltr'><strong>pater</strong></span> <span class='ocrx_word' id='word_1_199' title='bbox 3447 1167 3572 1215; x_wconf 87' lang='lat' dir='ltr'><strong>tuus</strong></span> 
     </span>
    </p>
   </div>
   <div class='ocr_carea' id='block_1_29' title="bbox 2009 1247 3572 1319">
    <p class='ocr_par' dir='ltr' id='par_1_29' title="bbox 2009 1247 3572 1319">
     <span class='ocr_line' id='line_1_29' title="bbox 2009 1247 3572 1319; baseline 0.002 -17"><span class='ocrx_word' id='word_1_200' title='bbox 2009 1248 2298 1318; x_wconf 80' lang='lat' dir='ltr'><strong>acquisivit</strong></span> <span class='ocrx_word' id='word_1_201' title='bbox 2343 1250 2434 1304; x_wconf 82' lang='lat' dir='ltr'><strong>te?</strong></span> <span class='ocrx_word' id='word_1_202' title='bbox 2457 1267 2476 1301; x_wconf 74' lang='grc' dir='ltr'><strong><em>ι</em></strong></span> <span class='ocrx_word' id='word_1_203' title='bbox 2508 1249 2796 1319; x_wconf 86' lang='lat' dir='ltr'><strong>Apostolus</strong></span> <span class='ocrx_word' id='word_1_204' title='bbox 2832 1263 2960 1304; x_wconf 86' lang='lat' dir='ltr'><strong>vero</strong></span> <span class='ocrx_word' id='word_1_205' title='bbox 2994 1249 3127 1303; x_wconf 91' lang='lat' dir='ltr'><strong>dicit</strong></span> <span class='ocrx_word' id='word_1_206' title='bbox 3165 1250 3231 1304; x_wconf 88' lang='lat' dir='ltr'><strong>de</strong></span> <span class='ocrx_word' id='word_1_207' title='bbox 3273 1247 3572 1305; x_wconf 77' lang='lat' dir='ltr'><strong>Jerusalem</strong></span> 
     </span>
    </p>
   </div>
   <div class='ocr_carea' id='block_1_30' title="bbox 2009 1339 3573 1410">
    <p class='ocr_par' dir='ltr' id='par_1_30' title="bbox 2009 1339 3573 1410">
     <span class='ocr_line' id='line_1_30' title="bbox 2009 1339 3573 1410; baseline 0.002 -17"><span class='ocrx_word' id='word_1_208' title='bbox 2009 1339 2212 1395; x_wconf 76' lang='lat' dir='ltr'><strong>cmlesti</strong></span> <span class='ocrx_word' id='word_1_209' title='bbox 2237 1339 2305 1407; x_wconf 74' lang='lat'><strong>&quot;,</strong></span> <span class='ocrx_word' id='word_1_210' title='bbox 2336 1341 2461 1409; x_wconf 91' lang='lat' dir='ltr'><strong>quia</strong></span> <span class='ocrx_word' id='word_1_211' title='bbox 2494 1359 2513 1393; x_wconf 74' lang='grc' dir='ltr'>ι</span> <span class='ocrx_word' id='word_1_212' title='bbox 2548 1340 2720 1395; x_wconf 87' lang='lat' dir='ltr'><strong>libera</strong></span> <span class='ocrx_word' id='word_1_213' title='bbox 2750 1349 2853 1406; x_wconf 90' lang='lat' dir='ltr'><strong>est,</strong></span> <span class='ocrx_word' id='word_1_214' title='bbox 2883 1355 3003 1410; x_wconf 66' lang='lat' dir='ltr'><strong>quae</strong></span> <span class='ocrx_word' id='word_1_215' title='bbox 3028 1350 3133 1405; x_wconf 81' lang='lat' dir='ltr'><strong>cst,</strong></span> <span class='ocrx_word' id='word_1_216' title='bbox 3171 1340 3372 1409; x_wconf 89' lang='lat' dir='ltr'><strong>inquit,</strong></span> <span class='ocrx_word' id='word_1_217' title='bbox 3401 1350 3573 1396; x_wconf 88' lang='lat' dir='ltr'><strong>mater</strong></span> 
     </span>
    </p>
   </div>
   <div class='ocr_carea' id='block_1_31' title="bbox 2008 1431 3569 1501">
    <p class='ocr_par' dir='ltr' id='par_1_31' title="bbox 2008 1431 3569 1501">
     <span class='ocr_line' id='line_1_31' title="bbox 2008 1431 3569 1501; baseline 0.001 -14"><span class='ocrx_word' id='word_1_218' title='bbox 2008 1433 2253 1488; x_wconf 86' lang='lat' dir='ltr'><strong>omnium</strong></span> <span class='ocrx_word' id='word_1_219' title='bbox 2281 1441 2585 1489; x_wconf 66' lang='lat' dir='ltr'><strong>nostrum.»</strong></span> <span class='ocrx_word' id='word_1_220' title='bbox 2620 1431 2805 1487; x_wconf 88' lang='lat' dir='ltr'><strong>Primo</strong></span> <span class='ocrx_word' id='word_1_221' title='bbox 2830 1446 2959 1501; x_wconf 86' lang='lat' dir='ltr'><strong>ergo</strong></span> <span class='ocrx_word' id='word_1_222' title='bbox 2989 1432 3082 1486; x_wconf 88' lang='lat' dir='ltr'><strong>tibi</strong></span> <span class='ocrx_word' id='word_1_223' title='bbox 3117 1440 3269 1501; x_wconf 90' lang='lat' dir='ltr'><strong>pater</strong></span> <span class='ocrx_word' id='word_1_224' title='bbox 3300 1431 3438 1487; x_wconf 87' lang='lat' dir='ltr'><strong>Deus</strong></span> <span class='ocrx_word' id='word_1_225' title='bbox 3464 1443 3569 1500; x_wconf 91' lang='lat' dir='ltr'><strong>est,</strong></span> 
     </span>
    </p>
   </div>
   <div class='ocr_carea' id='block_1_32' title="bbox 2009 1523 3575 1596">
    <p class='ocr_par' dir='ltr' id='par_1_32' title="bbox 2009 1523 3575 1596">
     <span class='ocr_line' id='line_1_32' title="bbox 2009 1523 3575 1596; baseline -0.002 -16"><span class='ocrx_word' id='word_1_226' title='bbox 2009 1525 2100 1594; x_wconf 88' lang='lat' dir='ltr'><strong>qui</strong></span> <span class='ocrx_word' id='word_1_227' title='bbox 2130 1528 2316 1596; x_wconf 85' lang='lat' dir='ltr'><strong>genuit</strong></span> <span class='ocrx_word' id='word_1_228' title='bbox 2356 1526 2601 1594; x_wconf 90' lang='lat' dir='ltr'><strong>spiritum</strong></span> <span class='ocrx_word' id='word_1_229' title='bbox 2635 1534 2806 1588; x_wconf 91' lang='lat' dir='ltr'><strong>tuum,</strong></span> <span class='ocrx_word' id='word_1_230' title='bbox 2843 1523 2935 1593; x_wconf 90' lang='lat' dir='ltr'><strong>qui</strong></span> <span class='ocrx_word' id='word_1_231' title='bbox 2983 1531 3039 1578; x_wconf 92' lang='lat' dir='ltr'><strong>et</strong></span> <span class='ocrx_word' id='word_1_232' title='bbox 3071 1523 3313 1580; x_wconf 71' lang='lat' dir='ltr'><strong>dicit“:</strong></span> <span class='ocrx_word' id='word_1_233' title='bbox 3354 1543 3373 1577; x_wconf 83' lang='grc'><strong>‹</strong></span> <span class='ocrx_word' id='word_1_234' title='bbox 3403 1523 3575 1579; x_wconf 78' lang='lat' dir='ltr'><strong>Filios</strong></span> 
     </span>
    </p>
   </div>
   <div class='ocr_carea' id='block_1_33' title="bbox 2008 1614 3566 1688">
    <p class='ocr_par' dir='ltr' id='par_1_33' title="bbox 2008 1614 3566 1688">
     <span class='ocr_line' id='line_1_33' title="bbox 2008 1614 3566 1688; baseline -0.001 -15"><span class='ocrx_word' id='word_1_235' title='bbox 2008 1619 2171 1688; x_wconf 92' lang='lat' dir='ltr'><strong>genui</strong></span> <span class='ocrx_word' id='word_1_236' title='bbox 2196 1626 2251 1673; x_wconf 91' lang='lat' dir='ltr'><strong>et</strong></span> <span class='ocrx_word' id='word_1_237' title='bbox 2274 1618 2564 1673; x_wconf 66' lang='lat' dir='ltr'><strong>exaltavi.»</strong></span> <span class='ocrx_word' id='word_1_238' title='bbox 2598 1617 2705 1671; x_wconf 81' lang='lat' dir='ltr'><strong>Sed</strong></span> <span class='ocrx_word' id='word_1_239' title='bbox 2734 1626 2788 1671; x_wconf 91' lang='lat' dir='ltr'><strong>et</strong></span> <span class='ocrx_word' id='word_1_240' title='bbox 2816 1616 3017 1672; x_wconf 88' lang='lat' dir='ltr'><strong>Paulus</strong></span> <span class='ocrx_word' id='word_1_241' title='bbox 3045 1615 3321 1686; x_wconf 82' lang='lat' dir='ltr'><strong>apostolus</strong></span> <span class='ocrx_word' id='word_1_242' title='bbox 3335 1614 3468 1671; x_wconf 88' lang='lat' dir='ltr'><strong>dicit</strong></span> <span class='ocrx_word' id='word_1_243' title='bbox 3487 1616 3566 1672; x_wconf 61' lang='grc' dir='ltr'><strong>διε</strong></span> 
     </span>
    </p>
   </div>
   <div class='ocr_carea' id='block_1_34' title="bbox 327 1691 3570 1781">
    <p class='ocr_par' dir='ltr' id='par_1_34' title="bbox 327 1691 3570 1781">
     <span class='ocr_line' id='line_1_34' title="bbox 327 1691 3570 1781; baseline 0 -19"><span class='ocrx_word' id='word_1_244' title='bbox 327 1708 571 1779; x_wconf 80' lang='lat' dir='ltr'><strong>peccatis</strong></span> <span class='ocrx_word' id='word_1_245' title='bbox 597 1707 825 1778; x_wconf 88' lang='lat' dir='ltr'><strong>populus</strong></span> <span class='ocrx_word' id='word_1_246' title='bbox 849 1711 1040 1780; x_wconf 89' lang='lat' dir='ltr'><strong>magis,</strong></span> <span class='ocrx_word' id='word_1_247' title='bbox 1067 1726 1228 1781; x_wconf 89' lang='lat' dir='ltr'><strong>quam</strong></span> <span class='ocrx_word' id='word_1_248' title='bbox 1245 1712 1725 1767; x_wconf 78' lang='lat' dir='ltr'><strong>condemnaretur.</strong></span> <span class='ocrx_word' id='word_1_249' title='bbox 1747 1710 1902 1767; x_wconf 83' lang='lat' dir='ltr'><strong>Nunc</strong></span> <span class='ocrx_word' id='word_1_250' title='bbox 1933 1691 1976 1746; x_wconf 82' lang='grc' dir='ltr'><strong>Β</strong></span> <span class='ocrx_word' id='word_1_251' title='bbox 2013 1725 2032 1759; x_wconf 89' lang='grc'><strong><em>‹</em></strong></span> <span class='ocrx_word' id='word_1_252' title='bbox 2059 1707 2505 1776; x_wconf 88' lang='lat' dir='ltr'><strong>Obtempcremus</strong></span> <span class='ocrx_word' id='word_1_253' title='bbox 2537 1707 2675 1777; x_wconf 89' lang='lat' dir='ltr'><strong>patri</strong></span> <span class='ocrx_word' id='word_1_254' title='bbox 2705 1707 3013 1776; x_wconf 88' lang='lat' dir='ltr'><strong>spirituum,</strong></span> <span class='ocrx_word' id='word_1_255' title='bbox 3039 1716 3095 1763; x_wconf 90' lang='lat' dir='ltr'><strong>et</strong></span> <span class='ocrx_word' id='word_1_256' title='bbox 3128 1707 3390 1763; x_wconf 89' lang='lat' dir='ltr'><strong>vivemus.</strong></span> <span class='ocrx_word' id='word_1_257' title='bbox 3413 1727 3434 1762; x_wconf 73' lang='grc' dir='ltr'><strong><em>ι</em></strong></span> <span class='ocrx_word' id='word_1_258' title='bbox 3471 1707 3570 1764; x_wconf 80' lang='lat' dir='ltr'><strong>Se-</strong></span> 
     </span>
    </p>
   </div>
   <div class='ocr_carea' id='block_1_35' title="bbox 325 1801 1901 1874">
    <p class='ocr_par' dir='ltr' id='par_1_35' title="bbox 325 1801 1901 1874">
     <span class='ocr_line' id='line_1_35' title="bbox 325 1801 1901 1874; baseline 0.004 -21"><span class='ocrx_word' id='word_1_259' title='bbox 325 1813 458 1855; x_wconf 87' lang='lat' dir='ltr'><strong>vero</strong></span> <span class='ocrx_word' id='word_1_260' title='bbox 492 1815 600 1856; x_wconf 92' lang='lat' dir='ltr'><strong>non</strong></span> <span class='ocrx_word' id='word_1_261' title='bbox 630 1801 858 1857; x_wconf 83' lang='lat' dir='ltr'><strong>infertur</strong></span> <span class='ocrx_word' id='word_1_262' title='bbox 894 1817 1056 1872; x_wconf 76' lang='lat' dir='ltr'><strong>poma</strong></span> <span class='ocrx_word' id='word_1_263' title='bbox 1082 1806 1332 1872; x_wconf 88' lang='lat' dir='ltr'><strong>corpori,</strong></span> <span class='ocrx_word' id='word_1_264' title='bbox 1358 1819 1459 1860; x_wconf 90' lang='lat' dir='ltr'><strong>nec</strong></span> <span class='ocrx_word' id='word_1_265' title='bbox 1491 1804 1743 1874; x_wconf 78' lang='lat' dir='ltr'><strong>purgatio</strong></span> <span class='ocrx_word' id='word_1_266' title='bbox 1774 1820 1901 1874; x_wconf 83' lang='lat' dir='ltr'><strong>pec-</strong></span> 
     </span>
    </p>
   </div>
   <div class='ocr_carea' id='block_1_36' title="bbox 326 1892 1900 1968">
    <p class='ocr_par' dir='ltr' id='par_1_36' title="bbox 326 1892 1900 1968">
     <span class='ocr_line' id='line_1_36' title="bbox 326 1892 1900 1968; baseline 0.005 -22"><span class='ocrx_word' id='word_1_267' title='bbox 326 1892 432 1946; x_wconf 77' lang='lat' dir='ltr'><strong>cati</strong></span> <span class='ocrx_word' id='word_1_268' title='bbox 474 1906 573 1960; x_wconf 87' lang='lat' dir='ltr'><strong>per</strong></span> <span class='ocrx_word' id='word_1_269' title='bbox 594 1894 880 1962; x_wconf 87' lang='lat' dir='ltr'><strong>corporale</strong></span> <span class='ocrx_word' id='word_1_270' title='bbox 912 1893 1240 1964; x_wconf 85' lang='lat' dir='ltr'><strong>supplicium</strong></span> <span class='ocrx_word' id='word_1_271' title='bbox 1267 1905 1502 1960; x_wconf 87' lang='lat' dir='ltr'><strong>constat,</strong></span> <span class='ocrx_word' id='word_1_272' title='bbox 1528 1899 1622 1951; x_wconf 91' lang='lat' dir='ltr'><strong>sed</strong></span> <span class='ocrx_word' id='word_1_273' title='bbox 1657 1912 1753 1967; x_wconf 92' lang='lat' dir='ltr'><strong>per</strong></span> <span class='ocrx_word' id='word_1_274' title='bbox 1787 1914 1900 1968; x_wconf 86' lang='lat' dir='ltr'><strong>pce-</strong></span> 
     </span>
    </p>
   </div>
   <div class='ocr_carea' id='block_1_37' title="bbox 325 1984 1899 2058">
    <p class='ocr_par' dir='ltr' id='par_1_37' title="bbox 325 1984 1899 2058">
     <span class='ocr_line' id='line_1_37' title="bbox 325 1984 1899 2058; baseline 0.005 -22"><span class='ocrx_word' id='word_1_275' title='bbox 325 1984 653 2052; x_wconf 87' lang='lat' dir='ltr'><strong>nitentiam;</strong></span> <span class='ocrx_word' id='word_1_276' title='bbox 680 1999 840 2054; x_wconf 90' lang='lat' dir='ltr'><strong>quam</strong></span> <span class='ocrx_word' id='word_1_277' title='bbox 869 1994 1048 2040; x_wconf 91' lang='lat' dir='ltr'><strong>utrum</strong></span> <span class='ocrx_word' id='word_1_278' title='bbox 1072 1985 1193 2055; x_wconf 87' lang='lat' dir='ltr'><strong>quis</strong></span> <span class='ocrx_word' id='word_1_279' title='bbox 1216 1986 1375 2055; x_wconf 88' lang='lat' dir='ltr'><strong>digne</strong></span> <span class='ocrx_word' id='word_1_280' title='bbox 1402 1999 1577 2058; x_wconf 81' lang='lat' dir='ltr'><strong>gerat,</strong></span> <span class='ocrx_word' id='word_1_281' title='bbox 1603 1988 1677 2044; x_wconf 89' lang='lat' dir='ltr'><strong>ita</strong></span> <span class='ocrx_word' id='word_1_282' title='bbox 1699 1998 1757 2044; x_wconf 91' lang='lat' dir='ltr'><strong>ut</strong></span> <span class='ocrx_word' id='word_1_283' title='bbox 1784 2005 1899 2045; x_wconf 88' lang='lat' dir='ltr'><strong>me-</strong></span> 
     </span>
    </p>
   </div>
   <div class='ocr_carea' id='block_1_38' title="bbox 326 2074 1895 2146">
    <p class='ocr_par' dir='ltr' id='par_1_38' title="bbox 326 2074 1895 2146">
     <span class='ocr_line' id='line_1_38' title="bbox 326 2074 1895 2146; baseline 0.004 -19"><span class='ocrx_word' id='word_1_284' title='bbox 326 2074 438 2129; x_wconf 87' lang='lat' dir='ltr'><strong>reri</strong></span> <span class='ocrx_word' id='word_1_285' title='bbox 464 2089 564 2143; x_wconf 92' lang='lat' dir='ltr'><strong>pro</strong></span> <span class='ocrx_word' id='word_1_286' title='bbox 594 2090 659 2130; x_wconf 88' lang='lat' dir='ltr'><strong>ea</strong></span> <span class='ocrx_word' id='word_1_287' title='bbox 689 2078 897 2131; x_wconf 86' lang='lat' dir='ltr'><strong>veniam</strong></span> <span class='ocrx_word' id='word_1_288' title='bbox 918 2077 1107 2146; x_wconf 84' lang='lat' dir='ltr'><strong>possit,</strong></span> <span class='ocrx_word' id='word_1_289' title='bbox 1134 2076 1338 2132; x_wconf 89' lang='lat' dir='ltr'><strong>videto.</strong></span> <span class='ocrx_word' id='word_1_290' title='bbox 1371 2077 1523 2132; x_wconf 85' lang='lat' dir='ltr'><strong>Multi</strong></span> <span class='ocrx_word' id='word_1_291' title='bbox 1555 2087 1684 2134; x_wconf 90' lang='lat' dir='ltr'><strong>sunt</strong></span> <span class='ocrx_word' id='word_1_292' title='bbox 1727 2081 1895 2146; x_wconf 90' lang='lat' dir='ltr'><strong>enim,</strong></span> 
     </span>
    </p>
   </div>
   <div class='ocr_carea' id='block_1_39' title="bbox 323 2164 1898 2237">
    <p class='ocr_par' dir='ltr' id='par_1_39' title="bbox 323 2164 1898 2237">
     <span class='ocr_line' id='line_1_39' title="bbox 323 2164 1898 2237; baseline 0.006 -20"><span class='ocrx_word' id='word_1_293' title='bbox 323 2164 415 2231; x_wconf 84' lang='lat' dir='ltr'><strong>qui</strong></span> <span class='ocrx_word' id='word_1_294' title='bbox 453 2179 557 2220; x_wconf 90' lang='lat' dir='ltr'><strong>nec</strong></span> <span class='ocrx_word' id='word_1_295' title='bbox 601 2167 670 2219; x_wconf 84' lang='lat' dir='ltr'><strong>ad</strong></span> <span class='ocrx_word' id='word_1_296' title='bbox 713 2165 814 2220; x_wconf 84' lang='lat' dir='ltr'><strong>hoc</strong></span> <span class='ocrx_word' id='word_1_297' title='bbox 848 2166 1216 2234; x_wconf 82' lang='lat' dir='ltr'><strong>inclinantur,</strong></span> <span class='ocrx_word' id='word_1_298' title='bbox 1252 2183 1352 2222; x_wconf 88' lang='lat' dir='ltr'><strong>nec.</strong></span> <span class='ocrx_word' id='word_1_299' title='bbox 1381 2170 1714 2237; x_wconf 67' lang='lat' dir='ltr'><strong>poenitentiae</strong></span> <span class='ocrx_word' id='word_1_300' title='bbox 1748 2173 1898 2228; x_wconf 89' lang='lat' dir='ltr'><strong>refu-</strong></span> 
     </span>
    </p>
   </div>
   <div class='ocr_carea' id='block_1_40' title="bbox 320 2256 1896 2331">
    <p class='ocr_par' dir='ltr' id='par_1_40' title="bbox 320 2256 1896 2331">
     <span class='ocr_line' id='line_1_40' title="bbox 320 2256 1896 2331; baseline 0.007 -23"><span class='ocrx_word' id='word_1_301' title='bbox 320 2256 472 2325; x_wconf 88' lang='lat' dir='ltr'><strong>gium</strong></span> <span class='ocrx_word' id='word_1_302' title='bbox 499 2265 795 2326; x_wconf 70' lang='lat' dir='ltr'><strong>qumrunt;</strong></span> <span class='ocrx_word' id='word_1_303' title='bbox 838 2258 932 2313; x_wconf 89' lang='lat' dir='ltr'><strong>sed</strong></span> <span class='ocrx_word' id='word_1_304' title='bbox 963 2274 1085 2314; x_wconf 91' lang='lat' dir='ltr'><strong>cum</strong></span> <span class='ocrx_word' id='word_1_305' title='bbox 1121 2258 1460 2326; x_wconf 88' lang='lat' dir='ltr'><strong>ceciderint,</strong></span> <span class='ocrx_word' id='word_1_306' title='bbox 1501 2276 1724 2331; x_wconf 88' lang='lat' dir='ltr'><strong>surgere</strong></span> <span class='ocrx_word' id='word_1_307' title='bbox 1753 2264 1896 2319; x_wconf 86' lang='lat' dir='ltr'><strong>ultra</strong></span> 
     </span>
    </p>
   </div>
   <div class='ocr_carea' id='block_1_41' title="bbox 324 2345 1900 2421">
    <p class='ocr_par' dir='ltr' id='par_1_41' title="bbox 324 2345 1900 2421">
     <span class='ocr_line' id='line_1_41' title="bbox 324 2345 1900 2421; baseline 0.006 -23"><span class='ocrx_word' id='word_1_308' title='bbox 324 2346 552 2412; x_wconf 88' lang='lat' dir='ltr'><strong>uolunt,</strong></span> <span class='ocrx_word' id='word_1_309' title='bbox 584 2345 932 2403; x_wconf 88' lang='lat' dir='ltr'><strong>delectantur</strong></span> <span class='ocrx_word' id='word_1_310' title='bbox 978 2349 1032 2402; x_wconf 89' lang='lat' dir='ltr'><strong>in</strong></span> <span class='ocrx_word' id='word_1_311' title='bbox 1060 2364 1127 2405; x_wconf 89' lang='lat' dir='ltr'><strong>eo</strong></span> <span class='ocrx_word' id='word_1_312' title='bbox 1156 2349 1271 2404; x_wconf 84' lang='lat' dir='ltr'><strong>luto</strong></span> <span class='ocrx_word' id='word_1_313' title='bbox 1310 2367 1418 2421; x_wconf 81' lang='lat' dir='ltr'><strong>quo</strong></span> <span class='ocrx_word' id='word_1_314' title='bbox 1459 2353 1719 2409; x_wconf 58' lang='lat' dir='ltr'><strong>haeserint</strong></span> <span class='ocrx_word' id='word_1_315' title='bbox 1746 2356 1900 2410; x_wconf 87' lang='lat' dir='ltr'><strong>volu-</strong></span> 
     </span>
    </p>
   </div>
   <div class='ocr_carea' id='block_1_42' title="bbox 325 2437 1891 2515">
    <p class='ocr_par' dir='ltr' id='par_1_42' title="bbox 325 2437 1891 2515">
     <span class='ocr_line' id='line_1_42' title="bbox 325 2437 1891 2515; baseline 0.004 -23"><span class='ocrx_word' id='word_1_316' title='bbox 325 2439 453 2492; x_wconf 81' lang='lat' dir='ltr'><strong>tari.</strong></span> <span class='ocrx_word' id='word_1_317' title='bbox 489 2437 600 2492; x_wconf 82' lang='lat' dir='ltr'><strong>Nos</strong></span> <span class='ocrx_word' id='word_1_318' title='bbox 634 2448 811 2495; x_wconf 87' lang='lat' dir='ltr'><strong>tamen</strong></span> <span class='ocrx_word' id='word_1_319' title='bbox 847 2455 953 2494; x_wconf 89' lang='lat' dir='ltr'><strong>non</strong></span> <span class='ocrx_word' id='word_1_320' title='bbox 1001 2441 1379 2499; x_wconf 88' lang='lat' dir='ltr'><strong>obliviscimur</strong></span> <span class='ocrx_word' id='word_1_321' title='bbox 1422 2445 1676 2515; x_wconf 62' lang='lat' dir='ltr'><strong>praecepti</strong></span> <span class='ocrx_word' id='word_1_322' title='bbox 1728 2445 1891 2514; x_wconf 83' lang='lat' dir='ltr'><strong>illius,</strong></span> 
     </span>
    </p>
   </div>
   <div class='ocr_carea' id='block_1_43' title="bbox 322 2531 1898 2603">
    <p class='ocr_par' dir='ltr' id='par_1_43' title="bbox 322 2531 1898 2603">
     <span class='ocr_line' id='line_1_43' title="bbox 322 2531 1898 2603; baseline 0.006 -20"><span class='ocrx_word' id='word_1_323' title='bbox 322 2544 433 2597; x_wconf 88' lang='lat' dir='ltr'><strong>quo</strong></span> <span class='ocrx_word' id='word_1_324' title='bbox 469 2531 673 2586; x_wconf 89' lang='lat' dir='ltr'><strong>dicitur</strong></span> <span class='ocrx_word' id='word_1_325' title='bbox 698 2532 741 2564; x_wconf 82' lang='grc'>³⁸</span> <span class='ocrx_word' id='word_1_326' title='bbox 772 2550 785 2587; x_wconf 90' lang='lat'><strong>:</strong></span> <span class='ocrx_word' id='word_1_327' title='bbox 827 2551 846 2585; x_wconf 74' lang='grc' dir='ltr'><strong><em>ι</em></strong></span> <span class='ocrx_word' id='word_1_328' title='bbox 877 2534 989 2600; x_wconf 88' lang='lat' dir='ltr'><strong>Qua</strong></span> <span class='ocrx_word' id='word_1_329' title='bbox 1026 2550 1276 2591; x_wconf 87' lang='lat' dir='ltr'><strong>mensura</strong></span> <span class='ocrx_word' id='word_1_330' title='bbox 1314 2538 1488 2592; x_wconf 89' lang='lat' dir='ltr'><strong>mensi</strong></span> <span class='ocrx_word' id='word_1_331' title='bbox 1532 2538 1778 2603; x_wconf 89' lang='lat' dir='ltr'><strong>fueritis,</strong></span> <span class='ocrx_word' id='word_1_332' title='bbox 1810 2554 1898 2594; x_wconf 91' lang='lat' dir='ltr'><strong>ea-</strong></span> 
     </span>
    </p>
   </div>
   <div class='ocr_carea' id='block_1_44' title="bbox 321 2623 1894 2695">
    <p class='ocr_par' dir='ltr' id='par_1_44' title="bbox 321 2623 1894 2695">
     <span class='ocr_line' id='line_1_44' title="bbox 321 2623 1894 2695; baseline 0.005 -20"><span class='ocrx_word' id='word_1_333' title='bbox 321 2623 446 2677; x_wconf 86' lang='lat' dir='ltr'><strong>dem</strong></span> <span class='ocrx_word' id='word_1_334' title='bbox 477 2624 792 2680; x_wconf 86' lang='lat' dir='ltr'><strong>remetielur</strong></span> <span class='ocrx_word' id='word_1_335' title='bbox 819 2626 992 2682; x_wconf 88' lang='lat' dir='ltr'><strong>vobis.</strong></span> <span class='ocrx_word' id='word_1_336' title='bbox 1024 2647 1043 2680; x_wconf 70' lang='grc' dir='ltr'><strong>ι</strong></span> <span class='ocrx_word' id='word_1_337' title='bbox 1084 2627 1327 2684; x_wconf 88' lang='lat' dir='ltr'><strong>Dicimus</strong></span> <span class='ocrx_word' id='word_1_338' title='bbox 1348 2630 1493 2685; x_wconf 90' lang='lat' dir='ltr'><strong>enim</strong></span> <span class='ocrx_word' id='word_1_339' title='bbox 1523 2640 1578 2684; x_wconf 91' lang='lat' dir='ltr'><strong>et</strong></span> <span class='ocrx_word' id='word_1_340' title='bbox 1601 2633 1669 2684; x_wconf 90' lang='lat' dir='ltr'><strong>ad</strong></span> <span class='ocrx_word' id='word_1_341' title='bbox 1701 2629 1894 2695; x_wconf 89' lang='lat' dir='ltr'><strong>Deum,</strong></span> 
     </span>
    </p>
   </div>
   <div class='ocr_carea' id='block_1_45' title="bbox 321 2716 1898 2792">
    <p class='ocr_par' dir='ltr' id='par_1_45' title="bbox 321 2716 1898 2792">
     <span class='ocr_line' id='line_1_45' title="bbox 321 2716 1898 2792; baseline 0.004 -22"><span class='ocrx_word' id='word_1_342' title='bbox 321 2718 580 2783; x_wconf 71' lang='lat' dir='ltr'><strong>Quoniam</strong></span> <span class='ocrx_word' id='word_1_343' title='bbox 606 2716 805 2773; x_wconf 87' lang='lat' dir='ltr'><strong>dedisti</strong></span> <span class='ocrx_word' id='word_1_344' title='bbox 841 2736 860 2769; x_wconf 74' lang='grc' dir='ltr'><strong><em>ι</em></strong></span> <span class='ocrx_word' id='word_1_345' title='bbox 899 2721 1058 2776; x_wconf 88' lang='lat' dir='ltr'><strong>nobis</strong></span> <span class='ocrx_word' id='word_1_346' title='bbox 1088 2735 1280 2790; x_wconf 85' lang='lat' dir='ltr'><strong>panem</strong></span> <span class='ocrx_word' id='word_1_347' title='bbox 1313 2721 1699 2792; x_wconf 85' lang='lat' dir='ltr'><strong>lacrymarum,</strong></span> <span class='ocrx_word' id='word_1_348' title='bbox 1724 2733 1778 2777; x_wconf 92' lang='lat' dir='ltr'><strong>et</strong></span> <span class='ocrx_word' id='word_1_349' title='bbox 1800 2739 1898 2791; x_wconf 88' lang='lat' dir='ltr'><strong>po-</strong></span> 
     </span>
    </p>
   </div>
   <div class='ocr_carea' id='block_1_46' title="bbox 324 2808 1895 2885">
    <p class='ocr_par' dir='ltr' id='par_1_46' title="bbox 324 2808 1895 2885">
     <span class='ocr_line' id='line_1_46' title="bbox 324 2808 1895 2885; baseline 0.006 -24"><span class='ocrx_word' id='word_1_350' title='bbox 324 2808 454 2863; x_wconf 73' lang='lat' dir='ltr'><strong>tasti</strong></span> <span class='ocrx_word' id='word_1_351' title='bbox 511 2823 611 2862; x_wconf 89' lang='lat' dir='ltr'><strong>nos</strong></span> <span class='ocrx_word' id='word_1_352' title='bbox 660 2808 713 2864; x_wconf 90' lang='lat' dir='ltr'><strong>in</strong></span> <span class='ocrx_word' id='word_1_353' title='bbox 763 2809 1024 2882; x_wconf 80' lang='lat' dir='ltr'><strong>lacrymis</strong></span> <span class='ocrx_word' id='word_1_354' title='bbox 1071 2815 1124 2868; x_wconf 92' lang='lat' dir='ltr'><strong>in</strong></span> <span class='ocrx_word' id='word_1_355' title='bbox 1165 2812 1558 2877; x_wconf 41' lang='lat' dir='ltr'><strong>,mensura’ﬁi</strong></span> <span class='ocrx_word' id='word_1_356' title='bbox 1589 2813 1729 2870; x_wconf 90' lang='lat' dir='ltr'><strong>Sunt</strong></span> <span class='ocrx_word' id='word_1_357' title='bbox 1764 2830 1895 2885; x_wconf 88' lang='lat' dir='ltr'><strong>ergo</strong></span> 
     </span>
    </p>
   </div>
   <div class='ocr_carea' id='block_1_47' title="bbox 322 2898 1897 2973">
    <p class='ocr_par' dir='ltr' id='par_1_47' title="bbox 322 2898 1897 2973">
     <span class='ocr_line' id='line_1_47' title="bbox 322 2898 1897 2973; baseline 0.004 -19"><span class='ocrx_word' id='word_1_358' title='bbox 322 2898 427 2954; x_wconf 83' lang='lat' dir='ltr'><strong>ista</strong></span> <span class='ocrx_word' id='word_1_359' title='bbox 466 2911 728 2969; x_wconf 87' lang='lat' dir='ltr'><strong>peccata,</strong></span> <span class='ocrx_word' id='word_1_360' title='bbox 768 2918 890 2973; x_wconf 69' lang='lat' dir='ltr'><strong>quae</strong></span> <span class='ocrx_word' id='word_1_361' title='bbox 927 2903 1184 2959; x_wconf 89' lang='lat' dir='ltr'><strong>dicuntur</strong></span> <span class='ocrx_word' id='word_1_362' title='bbox 1220 2906 1289 2960; x_wconf 90' lang='lat' dir='ltr'><strong>ad</strong></span> <span class='ocrx_word' id='word_1_363' title='bbox 1325 2912 1557 2960; x_wconf 89' lang='lat' dir='ltr'><strong>mortem</strong></span> <span class='ocrx_word' id='word_1_364' title='bbox 1603 2921 1619 2958; x_wconf 88' lang='lat'><strong>:</strong></span> <span class='ocrx_word' id='word_1_365' title='bbox 1661 2905 1804 2960; x_wconf 90' lang='lat' dir='ltr'><strong>unde</strong></span> <span class='ocrx_word' id='word_1_366' title='bbox 1840 2917 1897 2960; x_wconf 92' lang='lat' dir='ltr'><strong>et</strong></span> 
     </span>
    </p>
   </div>
   <div class='ocr_carea' id='block_1_48' title="bbox 322 2997 1889 3067">
    <p class='ocr_par' dir='ltr' id='par_1_48' title="bbox 322 2997 1889 3067">
     <span class='ocr_line' id='line_1_48' title="bbox 322 2997 1889 3067; baseline 0.005 -20"><span class='ocrx_word' id='word_1_367' title='bbox 322 3006 666 3061; x_wconf 66' lang='lat' dir='ltr'><strong>«insequens</strong></span> <span class='ocrx_word' id='word_1_368' title='bbox 705 3003 825 3063; x_wconf 91' lang='lat' dir='ltr'><strong>est,</strong></span> <span class='ocrx_word' id='word_1_369' title='bbox 862 3003 922 3050; x_wconf 94' lang='lat' dir='ltr'><strong>ut</strong></span> <span class='ocrx_word' id='word_1_370' title='bbox 969 2997 1182 3065; x_wconf 86' lang='lat' dir='ltr'><strong>quoties</strong></span> <span class='ocrx_word' id='word_1_371' title='bbox 1227 2997 1567 3054; x_wconf 87' lang='lat' dir='ltr'><strong>commiserit</strong></span> <span class='ocrx_word' id='word_1_372' title='bbox 1615 2998 1740 3067; x_wconf 89' lang='lat' dir='ltr'><strong>quis</strong></span> <span class='ocrx_word' id='word_1_373' title='bbox 1781 2999 1889 3056; x_wconf 88' lang='lat' dir='ltr'><strong>tale</strong></span> 
     </span>
    </p>
   </div>
   <div class='ocr_carea' id='block_1_49' title="bbox 329 3086 1893 3159">
    <p class='ocr_par' dir='ltr' id='par_1_49' title="bbox 329 3086 1893 3159">
     <span class='ocr_line' id='line_1_49' title="bbox 329 3086 1893 3159; baseline 0.005 -21"><span class='ocrx_word' id='word_1_374' title='bbox 329 3094 647 3152; x_wconf 82' lang='lat' dir='ltr'><strong>peccatum,</strong></span> <span class='ocrx_word' id='word_1_375' title='bbox 691 3086 850 3141; x_wconf 84' lang='lat' dir='ltr'><strong>toties</strong></span> <span class='ocrx_word' id='word_1_376' title='bbox 890 3088 1178 3142; x_wconf 89' lang='lat' dir='ltr'><strong>moriatur.</strong></span> <span class='ocrx_word' id='word_1_377' title='bbox 1211 3086 1411 3143; x_wconf 78' lang='lat' dir='ltr'><strong>Multas</strong></span> <span class='ocrx_word' id='word_1_378' title='bbox 1440 3088 1583 3142; x_wconf 90' lang='lat' dir='ltr'><strong>enim</strong></span> <span class='ocrx_word' id='word_1_379' title='bbox 1619 3105 1740 3145; x_wconf 88' lang='lat' dir='ltr'><strong>esse</strong></span> <span class='ocrx_word' id='word_1_380' title='bbox 1765 3105 1893 3159; x_wconf 81' lang='lat' dir='ltr'><strong>pec-</strong></span> 
     </span>
    </p>
   </div>
   <div class='ocr_carea' id='block_1_50' title="bbox 328 3179 1894 3250">
    <p class='ocr_par' dir='ltr' id='par_1_50' title="bbox 328 3179 1894 3250">
     <span class='ocr_line' id='line_1_50' title="bbox 328 3179 1894 3250; baseline 0.004 -20"><span class='ocrx_word' id='word_1_381' title='bbox 328 3179 434 3232; x_wconf 81' lang='lat' dir='ltr'><strong>cati</strong></span> <span class='ocrx_word' id='word_1_382' title='bbox 476 3190 684 3232; x_wconf 85' lang='lat' dir='ltr'><strong>mortes</strong></span> <span class='ocrx_word' id='word_1_383' title='bbox 721 3179 992 3249; x_wconf 87' lang='lat' dir='ltr'><strong>significat</strong></span> <span class='ocrx_word' id='word_1_384' title='bbox 1030 3181 1197 3236; x_wconf 90' lang='lat' dir='ltr'><strong>etiam</strong></span> <span class='ocrx_word' id='word_1_385' title='bbox 1226 3180 1502 3250; x_wconf 89' lang='lat' dir='ltr'><strong>apostolus</strong></span> <span class='ocrx_word' id='word_1_386' title='bbox 1527 3180 1750 3248; x_wconf 89' lang='lat' dir='ltr'><strong>Paulus,</strong></span> <span class='ocrx_word' id='word_1_387' title='bbox 1773 3198 1894 3237; x_wconf 90' lang='lat' dir='ltr'><strong>cum</strong></span> 
     </span>
    </p>
   </div>
   <div class='ocr_carea' id='block_1_51' title="bbox 324 3270 1898 3343">
    <p class='ocr_par' dir='ltr' id='par_1_51' title="bbox 324 3270 1898 3343">
     <span class='ocr_line' id='line_1_51' title="bbox 324 3270 1898 3343; baseline 0.003 -20"><span class='ocrx_word' id='word_1_388' title='bbox 324 3270 521 3324; x_wconf 72' lang='lat' dir='ltr'><strong>dicit“</strong></span> <span class='ocrx_word' id='word_1_389' title='bbox 554 3287 590 3324; x_wconf 73' lang='grc' dir='ltr'><strong>ε·</strong></span> <span class='ocrx_word' id='word_1_390' title='bbox 613 3289 634 3322; x_wconf 80' lang='grc'><em>‹</em></span> <span class='ocrx_word' id='word_1_391' title='bbox 675 3272 775 3337; x_wconf 88' lang='lat' dir='ltr'><strong>Qui</strong></span> <span class='ocrx_word' id='word_1_392' title='bbox 811 3272 877 3326; x_wconf 91' lang='lat' dir='ltr'><strong>de</strong></span> <span class='ocrx_word' id='word_1_393' title='bbox 925 3273 1090 3328; x_wconf 86' lang='lat' dir='ltr'><strong>tantis</strong></span> <span class='ocrx_word' id='word_1_394' title='bbox 1123 3275 1391 3330; x_wconf 90' lang='lat' dir='ltr'><strong>mortibus</strong></span> <span class='ocrx_word' id='word_1_395' title='bbox 1426 3273 1630 3343; x_wconf 90' lang='lat' dir='ltr'><strong>eripuit</strong></span> <span class='ocrx_word' id='word_1_396' title='bbox 1664 3289 1800 3340; x_wconf 91' lang='lat' dir='ltr'><strong>nos,</strong></span> <span class='ocrx_word' id='word_1_397' title='bbox 1840 3285 1898 3330; x_wconf 91' lang='lat' dir='ltr'><strong>et</strong></span> 
     </span>
    </p>
   </div>
   <div class='ocr_carea' id='block_1_52' title="bbox 321 3362 1888 3437">
    <p class='ocr_par' dir='ltr' id='par_1_52' title="bbox 321 3362 1888 3437">
     <span class='ocr_line' id='line_1_52' title="bbox 321 3362 1888 3437; baseline 0.001 -21"><span class='ocrx_word' id='word_1_398' title='bbox 321 3362 516 3430; x_wconf 87' lang='lat' dir='ltr'><strong>eripit,</strong></span> <span class='ocrx_word' id='word_1_399' title='bbox 553 3363 604 3417; x_wconf 89' lang='lat' dir='ltr'><strong>in</strong></span> <span class='ocrx_word' id='word_1_400' title='bbox 647 3377 757 3432; x_wconf 89' lang='lat' dir='ltr'><strong>quo</strong></span> <span class='ocrx_word' id='word_1_401' title='bbox 793 3377 1075 3433; x_wconf 89' lang='lat' dir='ltr'><strong>speramus</strong></span> <span class='ocrx_word' id='word_1_402' title='bbox 1115 3366 1242 3435; x_wconf 88' lang='lat' dir='ltr'><strong>quia</strong></span> <span class='ocrx_word' id='word_1_403' title='bbox 1291 3376 1346 3422; x_wconf 90' lang='lat' dir='ltr'><strong>et</strong></span> <span class='ocrx_word' id='word_1_404' title='bbox 1385 3366 1564 3420; x_wconf 91' lang='lat' dir='ltr'><strong>adhuc</strong></span> <span class='ocrx_word' id='word_1_405' title='bbox 1611 3367 1823 3437; x_wconf 88' lang='lat' dir='ltr'><strong>eripiet.</strong></span> <span class='ocrx_word' id='word_1_406' title='bbox 1870 3388 1888 3418; x_wconf 76' lang='grc' dir='ltr'><strong><em>ι</em></strong></span> 
     </span>
    </p>
   </div>
   <div class='ocr_carea' id='block_1_53' title="bbox 325 3454 1894 3528">
    <p class='ocr_par' dir='ltr' id='par_1_53' title="bbox 325 3454 1894 3528">
     <span class='ocr_line' id='line_1_53' title="bbox 325 3454 1894 3528; baseline 0.004 -21"><span class='ocrx_word' id='word_1_407' title='bbox 325 3454 472 3522; x_wconf 86' lang='lat' dir='ltr'><strong>Quas</strong></span> <span class='ocrx_word' id='word_1_408' title='bbox 520 3471 650 3526; x_wconf 88' lang='lat' dir='ltr'><strong>ergo</strong></span> <span class='ocrx_word' id='word_1_409' title='bbox 702 3457 790 3511; x_wconf 90' lang='lat' dir='ltr'><strong>hic</strong></span> <span class='ocrx_word' id='word_1_410' title='bbox 832 3467 1033 3513; x_wconf 88' lang='lat' dir='ltr'><strong>mortes</strong></span> <span class='ocrx_word' id='word_1_411' title='bbox 1080 3457 1265 3528; x_wconf 89' lang='lat' dir='ltr'><strong>plures</strong></span> <span class='ocrx_word' id='word_1_412' title='bbox 1301 3467 1729 3527; x_wconf 84' lang='lat' dir='ltr'><strong>commemorat,</strong></span> <span class='ocrx_word' id='word_1_413' title='bbox 1788 3460 1894 3515; x_wconf 79' lang='lat' dir='ltr'><strong>nisi</strong></span> 
     </span>
    </p>
   </div>
   <div class='ocr_carea' id='block_1_54' title="bbox 327 3549 1898 3618">
    <p class='ocr_par' dir='ltr' id='par_1_54' title="bbox 327 3549 1898 3618">
     <span class='ocr_line' id='line_1_54' title="bbox 327 3549 1898 3618; baseline 0.003 -16"><span class='ocrx_word' id='word_1_414' title='bbox 327 3562 678 3618; x_wconf 86' lang='lat' dir='ltr'><strong>peccatorum</strong></span> <span class='ocrx_word' id='word_1_415' title='bbox 714 3549 737 3603; x_wconf 70' lang='grc' dir='ltr'>τ</span> <span class='ocrx_word' id='word_1_416' title='bbox 771 3549 828 3604; x_wconf 93' lang='lat' dir='ltr'><strong>Si</strong></span> <span class='ocrx_word' id='word_1_417' title='bbox 865 3551 1009 3604; x_wconf 89' lang='lat' dir='ltr'><strong>enim</strong></span> <span class='ocrx_word' id='word_1_418' title='bbox 1049 3551 1162 3606; x_wconf 69' lang='lat' dir='ltr'><strong>hate</strong></span> <span class='ocrx_word' id='word_1_419' title='bbox 1199 3566 1306 3606; x_wconf 90' lang='lat' dir='ltr'><strong>non</strong></span> <span class='ocrx_word' id='word_1_420' title='bbox 1346 3553 1554 3607; x_wconf 89' lang='lat' dir='ltr'><strong>diceret</strong></span> <span class='ocrx_word' id='word_1_421' title='bbox 1592 3553 1660 3608; x_wconf 89' lang='lat' dir='ltr'><strong>de</strong></span> <span class='ocrx_word' id='word_1_422' title='bbox 1713 3553 1898 3607; x_wconf 82' lang='lat' dir='ltr'><strong>morti-</strong></span> 
     </span>
    </p>
   </div>
   <div class='ocr_carea' id='block_1_55' title="bbox 328 3641 1896 3709">
    <p class='ocr_par' dir='ltr' id='par_1_55' title="bbox 328 3641 1896 3709">
     <span class='ocr_line' id='line_1_55' title="bbox 328 3641 1896 3709; baseline 0.001 -14"><span class='ocrx_word' id='word_1_423' title='bbox 328 3642 430 3696; x_wconf 90' lang='lat' dir='ltr'><strong>hus</strong></span> <span class='ocrx_word' id='word_1_424' title='bbox 468 3650 834 3709; x_wconf 85' lang='lat' dir='ltr'><strong>peccatorum,</strong></span> <span class='ocrx_word' id='word_1_425' title='bbox 877 3642 1162 3697; x_wconf 89' lang='lat' dir='ltr'><strong>videbatur</strong></span> <span class='ocrx_word' id='word_1_426' title='bbox 1199 3641 1398 3699; x_wconf 87' lang='lat' dir='ltr'><strong>Paulus</strong></span> <span class='ocrx_word' id='word_1_427' title='bbox 1435 3645 1734 3699; x_wconf 90' lang='lat' dir='ltr'><strong>secundum</strong></span> <span class='ocrx_word' id='word_1_428' title='bbox 1772 3658 1896 3698; x_wconf 90' lang='lat' dir='ltr'><strong>seu-</strong></span> 
     </span>
    </p>
   </div>
   <div class='ocr_carea' id='block_1_56' title="bbox 330 3734 1898 3793">
    <p class='ocr_par' dir='ltr' id='par_1_56' title="bbox 330 3734 1898 3793">
     <span class='ocr_line' id='line_1_56' title="bbox 330 3734 1898 3793; baseline 0.003 -5"><span class='ocrx_word' id='word_1_429' title='bbox 330 3735 556 3788; x_wconf 81' lang='lat' dir='ltr'><strong>tentiam</strong></span> <span class='ocrx_word' id='word_1_430' title='bbox 607 3749 762 3789; x_wconf 85' lang='lat' dir='ltr'><strong>suam</strong></span> <span class='ocrx_word' id='word_1_431' title='bbox 810 3734 1138 3790; x_wconf 88' lang='lat' dir='ltr'><strong>immortalis</strong></span> <span class='ocrx_word' id='word_1_432' title='bbox 1186 3750 1309 3792; x_wconf 89' lang='lat' dir='ltr'><strong>esse</strong></span> <span class='ocrx_word' id='word_1_433' title='bbox 1347 3752 1641 3792; x_wconf 91' lang='lat' dir='ltr'><strong>mansurus</strong></span> <span class='ocrx_word' id='word_1_434' title='bbox 1679 3737 1748 3793; x_wconf 89' lang='lat' dir='ltr'><strong>ab</strong></span> <span class='ocrx_word' id='word_1_435' title='bbox 1793 3737 1898 3792; x_wconf 88' lang='lat' dir='ltr'><strong>hac</strong></span> 
     </span>
    </p>
   </div>
   <div class='ocr_carea' id='block_1_57' title="bbox 329 3827 1894 3898">
    <p class='ocr_par' dir='ltr' id='par_1_57' title="bbox 329 3827 1894 3898">
     <span class='ocr_line' id='line_1_57' title="bbox 329 3827 1894 3898; baseline 0.002 -17"><span class='ocrx_word' id='word_1_436' title='bbox 329 3827 600 3881; x_wconf 85' lang='lat' dir='ltr'><strong>communi</strong></span> <span class='ocrx_word' id='word_1_437' title='bbox 629 3836 827 3892; x_wconf 90' lang='lat' dir='ltr'><strong>morte,</strong></span> <span class='ocrx_word' id='word_1_438' title='bbox 845 3829 935 3897; x_wconf 91' lang='lat' dir='ltr'><strong>qui</strong></span> <span class='ocrx_word' id='word_1_439' title='bbox 962 3828 1120 3894; x_wconf 88' lang='lat' dir='ltr'><strong>dicit,</strong></span> <span class='ocrx_word' id='word_1_440' title='bbox 1146 3827 1271 3898; x_wconf 91' lang='lat' dir='ltr'><strong>quia</strong></span> <span class='ocrx_word' id='word_1_441' title='bbox 1302 3846 1322 3880; x_wconf 80' lang='grc' dir='ltr'>ι</span> <span class='ocrx_word' id='word_1_442' title='bbox 1349 3829 1415 3884; x_wconf 90' lang='lat' dir='ltr'><strong>de</strong></span> <span class='ocrx_word' id='word_1_443' title='bbox 1438 3828 1604 3883; x_wconf 91' lang='lat' dir='ltr'><strong>tantis</strong></span> <span class='ocrx_word' id='word_1_444' title='bbox 1628 3828 1894 3884; x_wconf 89' lang='lat' dir='ltr'><strong>mortibus</strong></span> 
     </span>
    </p>
   </div>
   <div class='ocr_carea' id='block_1_58' title="bbox 328 3917 1895 3989">
    <p class='ocr_par' dir='ltr' id='par_1_58' title="bbox 328 3917 1895 3989">
     <span class='ocr_line' id='line_1_58' title="bbox 328 3917 1895 3989; baseline 0.003 -20"><span class='ocrx_word' id='word_1_445' title='bbox 328 3917 531 3986; x_wconf 86' lang='lat' dir='ltr'><strong>eripuit</strong></span> <span class='ocrx_word' id='word_1_446' title='bbox 575 3918 1062 3988; x_wconf 39' lang='lat' dir='ltr'><strong>manet-eripit,</strong></span> <span class='ocrx_word' id='word_1_447' title='bbox 1106 3918 1159 3973; x_wconf 92' lang='lat' dir='ltr'><strong>in</strong></span> <span class='ocrx_word' id='word_1_448' title='bbox 1203 3932 1309 3988; x_wconf 91' lang='lat' dir='ltr'><strong>quo</strong></span> <span class='ocrx_word' id='word_1_449' title='bbox 1342 3933 1627 3989; x_wconf 86' lang='lat' dir='ltr'><strong>speramus</strong></span> <span class='ocrx_word' id='word_1_450' title='bbox 1668 3919 1795 3989; x_wconf 89' lang='lat' dir='ltr'><strong>quia</strong></span> <span class='ocrx_word' id='word_1_451' title='bbox 1839 3929 1895 3974; x_wconf 92' lang='lat' dir='ltr'><strong>et</strong></span> 
     </span>
    </p>
   </div>
   <div class='ocr_carea' id='block_1_59' title="bbox 330 4009 1893 4081">
    <p class='ocr_par' dir='ltr' id='par_1_59' title="bbox 330 4009 1893 4081">
     <span class='ocr_line' id='line_1_59' title="bbox 330 4009 1893 4081; baseline 0.002 -20"><span class='ocrx_word' id='word_1_452' title='bbox 330 4010 509 4063; x_wconf 86' lang='lat' dir='ltr'><strong>adhuc</strong></span> <span class='ocrx_word' id='word_1_453' title='bbox 545 4009 758 4079; x_wconf 86' lang='lat' dir='ltr'><strong>eripiet.</strong></span> <span class='ocrx_word' id='word_1_454' title='bbox 799 4028 820 4062; x_wconf 73' lang='grc' dir='ltr'><strong><em>ι</em></strong></span> <span class='ocrx_word' id='word_1_455' title='bbox 861 4009 918 4065; x_wconf 86' lang='lat' dir='ltr'><strong>Si</strong></span> <span class='ocrx_word' id='word_1_456' title='bbox 955 4010 1099 4065; x_wconf 88' lang='lat' dir='ltr'><strong>enim</strong></span> <span class='ocrx_word' id='word_1_457' title='bbox 1138 4010 1366 4080; x_wconf 92' lang='lat' dir='ltr'><strong>eripuit,</strong></span> <span class='ocrx_word' id='word_1_458' title='bbox 1406 4021 1461 4065; x_wconf 91' lang='lat' dir='ltr'><strong>et</strong></span> <span class='ocrx_word' id='word_1_459' title='bbox 1497 4011 1712 4081; x_wconf 89' lang='lat' dir='ltr'><strong>eripiet,</strong></span> <span class='ocrx_word' id='word_1_460' title='bbox 1753 4027 1893 4064; x_wconf 90' lang='lat' dir='ltr'><strong>nun-</strong></span> 
     </span>
    </p>
   </div>
   <div class='ocr_carea' id='block_1_60' title="bbox 329 4102 1895 4174">
    <p class='ocr_par' dir='ltr' id='par_1_60' title="bbox 329 4102 1895 4174">
     <span class='ocr_line' id='line_1_60' title="bbox 329 4102 1895 4174; baseline 0.005 -24"><span class='ocrx_word' id='word_1_461' title='bbox 329 4114 487 4169; x_wconf 70' lang='lat' dir='ltr'><strong>quam</strong></span> <span class='ocrx_word' id='word_1_462' title='bbox 552 4102 658 4154; x_wconf 78' lang='lat' dir='ltr'><strong>erit</strong></span> <span class='ocrx_word' id='word_1_463' title='bbox 723 4102 940 4171; x_wconf 86' lang='lat' dir='ltr'><strong>quando</strong></span> <span class='ocrx_word' id='word_1_464' title='bbox 1026 4105 1289 4157; x_wconf 87' lang='lat' dir='ltr'><strong>moriatur</strong></span> <span class='ocrx_word' id='word_1_465' title='bbox 1378 4117 1540 4174; x_wconf 84' lang='lat' dir='ltr'><strong>quem</strong></span> <span class='ocrx_word' id='word_1_466' title='bbox 1633 4104 1895 4158; x_wconf 87' lang='lat' dir='ltr'><strong>Dominus</strong></span> 
     </span>
    </p>
   </div>
   <div class='ocr_carea' id='block_1_61' title="bbox 326 4190 1892 4265">
    <p class='ocr_par' dir='ltr' id='par_1_61' title="bbox 326 4190 1892 4265">
     <span class='ocr_line' id='line_1_61' title="bbox 326 4190 1892 4265; baseline 0.003 -19"><span class='ocrx_word' id='word_1_467' title='bbox 326 4190 490 4263; x_wconf 66' lang='grc'><strong>249</strong></span> <span class='ocrx_word' id='word_1_468' title='bbox 526 4206 743 4260; x_wconf 88' lang='lat' dir='ltr'><strong>semper</strong></span> <span class='ocrx_word' id='word_1_469' title='bbox 789 4193 1002 4261; x_wconf 86' lang='lat' dir='ltr'><strong>eripiet.</strong></span> <span class='ocrx_word' id='word_1_470' title='bbox 1051 4193 1117 4247; x_wconf 84' lang='lat' dir='ltr'><strong>Et</strong></span> <span class='ocrx_word' id='word_1_471' title='bbox 1164 4194 1284 4248; x_wconf 90' lang='lat' dir='ltr'><strong>ideo</strong></span> <span class='ocrx_word' id='word_1_472' title='bbox 1327 4194 1627 4249; x_wconf 89' lang='lat' dir='ltr'><strong>secundum</strong></span> <span class='ocrx_word' id='word_1_473' title='bbox 1675 4210 1737 4250; x_wconf 85' lang='lat' dir='ltr'><strong>ea</strong></span> <span class='ocrx_word' id='word_1_474' title='bbox 1771 4211 1892 4265; x_wconf 84' lang='lat' dir='ltr'><strong>quae</strong></span> 
     </span>
    </p>
   </div>
   <div class='ocr_carea' id='block_1_62' title="bbox 329 4283 1890 4358">
    <p class='ocr_par' dir='ltr' id='par_1_62' title="bbox 329 4283 1890 4358">
     <span class='ocr_line' id='line_1_62' title="bbox 329 4283 1890 4358; baseline 0.003 -21"><span class='ocrx_word' id='word_1_475' title='bbox 329 4284 705 4350; x_wconf 86' lang='lat' dir='ltr'><strong>discussimus,</strong></span> <span class='ocrx_word' id='word_1_476' title='bbox 733 4284 1021 4339; x_wconf 90' lang='lat' dir='ltr'><strong>videndum</strong></span> <span class='ocrx_word' id='word_1_477' title='bbox 1055 4294 1139 4340; x_wconf 89' lang='lat' dir='ltr'><strong>est</strong></span> <span class='ocrx_word' id='word_1_478' title='bbox 1169 4300 1236 4340; x_wconf 88' lang='lat' dir='ltr'><strong>ue</strong></span> <span class='ocrx_word' id='word_1_479' title='bbox 1265 4283 1409 4340; x_wconf 85' lang='lat' dir='ltr'><strong>forte</strong></span> <span class='ocrx_word' id='word_1_480' title='bbox 1444 4284 1743 4356; x_wconf 81' lang='lat' dir='ltr'><strong>aliquando</strong></span> <span class='ocrx_word' id='word_1_481' title='bbox 1778 4285 1890 4358; x_wconf 91' lang='lat'><strong>(89)</strong></span> 
     </span>
    </p>
   </div>
   <div class='ocr_carea' id='block_1_63' title="bbox 1980 1798 3568 1870">
    <p class='ocr_par' dir='ltr' id='par_1_63' title="bbox 1980 1798 3568 1870">
     <span class='ocr_line' id='line_1_63' title="bbox 1980 1798 3568 1870; baseline -0.001 -15"><span class='ocrx_word' id='word_1_482' title='bbox 1980 1799 2186 1859; x_wconf 19' lang='lat' dir='ltr'><strong>.cundo</strong></span> <span class='ocrx_word' id='word_1_483' title='bbox 2215 1799 2308 1854; x_wconf 91' lang='lat' dir='ltr'><strong>tibi</strong></span> <span class='ocrx_word' id='word_1_484' title='bbox 2356 1808 2512 1870; x_wconf 91' lang='lat' dir='ltr'><strong>pater</strong></span> <span class='ocrx_word' id='word_1_485' title='bbox 2543 1807 2629 1854; x_wconf 88' lang='lat' dir='ltr'><strong>est</strong></span> <span class='ocrx_word' id='word_1_486' title='bbox 2661 1799 2841 1854; x_wconf 89' lang='lat' dir='ltr'><strong>carnis</strong></span> <span class='ocrx_word' id='word_1_487' title='bbox 2886 1808 3038 1867; x_wconf 88' lang='lat' dir='ltr'><strong>pater</strong></span> <span class='ocrx_word' id='word_1_488' title='bbox 3069 1798 3223 1869; x_wconf 87' lang='lat' dir='ltr'><strong>cujus</strong></span> <span class='ocrx_word' id='word_1_489' title='bbox 3262 1800 3568 1855; x_wconf 87' lang='lat' dir='ltr'><strong>ministerio</strong></span> 
     </span>
    </p>
   </div>
   <div class='ocr_carea' id='block_1_64' title="bbox 2007 1890 3566 1962">
    <p class='ocr_par' dir='ltr' id='par_1_64' title="bbox 2007 1890 3566 1962">
     <span class='ocr_line' id='line_1_64' title="bbox 2007 1890 3566 1962; baseline 0.001 -18"><span class='ocrx_word' id='word_1_490' title='bbox 2007 1890 2061 1944; x_wconf 89' lang='lat' dir='ltr'><strong>in</strong></span> <span class='ocrx_word' id='word_1_491' title='bbox 2093 1906 2257 1947; x_wconf 88' lang='lat' dir='ltr'><strong>carne</strong></span> <span class='ocrx_word' id='word_1_492' title='bbox 2288 1901 2448 1946; x_wconf 87' lang='lat' dir='ltr'><strong>natus</strong></span> <span class='ocrx_word' id='word_1_493' title='bbox 2482 1906 2561 1954; x_wconf 91' lang='lat' dir='ltr'><strong>es,</strong></span> <span class='ocrx_word' id='word_1_494' title='bbox 2599 1903 2760 1962; x_wconf 86' lang='lat' dir='ltr'><strong>atque</strong></span> <span class='ocrx_word' id='word_1_495' title='bbox 2790 1891 2843 1945; x_wconf 92' lang='lat' dir='ltr'><strong>in</strong></span> <span class='ocrx_word' id='word_1_496' title='bbox 2873 1892 3017 1948; x_wconf 89' lang='lat' dir='ltr'><strong>hunc</strong></span> <span class='ocrx_word' id='word_1_497' title='bbox 3052 1890 3305 1949; x_wconf 89' lang='lat' dir='ltr'><strong>mundum</strong></span> <span class='ocrx_word' id='word_1_498' title='bbox 3328 1892 3566 1960; x_wconf 41' lang='lat' dir='ltr'><strong>&#39;venisti,</strong></span> 
     </span>
    </p>
   </div>
   <div class='ocr_carea' id='block_1_65' title="bbox 2005 1984 3568 2054">
    <p class='ocr_par' dir='ltr' id='par_1_65' title="bbox 2005 1984 3568 2054">
     <span class='ocr_line' id='line_1_65' title="bbox 2005 1984 3568 2054; baseline 0.003 -19"><span class='ocrx_word' id='word_1_499' title='bbox 2005 1985 2095 2054; x_wconf 88' lang='lat' dir='ltr'><strong>qui</strong></span> <span class='ocrx_word' id='word_1_500' title='bbox 2130 1994 2182 2039; x_wconf 89' lang='lat' dir='ltr'><strong>te</strong></span> <span class='ocrx_word' id='word_1_501' title='bbox 2224 1986 2458 2054; x_wconf 90' lang='lat' dir='ltr'><strong>portavit</strong></span> <span class='ocrx_word' id='word_1_502' title='bbox 2489 1986 2542 2040; x_wconf 90' lang='lat' dir='ltr'><strong>in</strong></span> <span class='ocrx_word' id='word_1_503' title='bbox 2582 1984 2815 2039; x_wconf 88' lang='lat' dir='ltr'><strong>lumbis:</strong></span> <span class='ocrx_word' id='word_1_504' title='bbox 2849 1988 2986 2040; x_wconf 90' lang='lat' dir='ltr'><strong>sicut</strong></span> <span class='ocrx_word' id='word_1_505' title='bbox 3021 1985 3220 2040; x_wconf 91' lang='lat' dir='ltr'><strong>dicitur</strong></span> <span class='ocrx_word' id='word_1_506' title='bbox 3241 1985 3294 2017; x_wconf 58' lang='grc' dir='ltr'><strong>δ’</strong></span> <span class='ocrx_word' id='word_1_507' title='bbox 3309 1986 3375 2042; x_wconf 91' lang='lat' dir='ltr'><strong>de</strong></span> <span class='ocrx_word' id='word_1_508' title='bbox 3409 1984 3568 2054; x_wconf 82' lang='lat' dir='ltr'><strong>Levi,</strong></span> 
     </span>
    </p>
   </div>
   <div class='ocr_carea' id='block_1_66' title="bbox 2007 2078 3569 2148">
    <p class='ocr_par' dir='ltr' id='par_1_66' title="bbox 2007 2078 3569 2148">
     <span class='ocr_line' id='line_1_66' title="bbox 2007 2078 3569 2148; baseline 0.002 -17"><span class='ocrx_word' id='word_1_509' title='bbox 2007 2079 2132 2148; x_wconf 88' lang='lat' dir='ltr'><strong>quia</strong></span> <span class='ocrx_word' id='word_1_510' title='bbox 2169 2079 2221 2132; x_wconf 90' lang='lat' dir='ltr'><strong>in</strong></span> <span class='ocrx_word' id='word_1_511' title='bbox 2268 2078 2464 2134; x_wconf 87' lang='lat' dir='ltr'><strong>lumbis</strong></span> <span class='ocrx_word' id='word_1_512' title='bbox 2510 2088 2630 2133; x_wconf 88' lang='lat' dir='ltr'><strong>erat</strong></span> <span class='ocrx_word' id='word_1_513' title='bbox 2678 2079 2855 2133; x_wconf 89' lang='lat' dir='ltr'><strong>adhuc</strong></span> <span class='ocrx_word' id='word_1_514' title='bbox 2913 2078 3178 2142; x_wconf 81' lang='lat' dir='ltr'><strong>Abrahae,</strong></span> <span class='ocrx_word' id='word_1_515' title='bbox 3216 2078 3432 2148; x_wconf 86' lang='lat' dir='ltr'><strong>quando</strong></span> <span class='ocrx_word' id='word_1_516' title='bbox 3470 2093 3569 2134; x_wconf 81' lang='lat' dir='ltr'><strong>oc-</strong></span> 
     </span>
    </p>
   </div>
   <div class='ocr_carea' id='block_1_67' title="bbox 2006 2170 3565 2259">
    <p class='ocr_par' dir='ltr' id='par_1_67' title="bbox 2006 2170 3565 2259">
     <span class='ocr_line' id='line_1_67' title="bbox 2006 2170 3565 2259; baseline 0.001 -35"><span class='ocrx_word' id='word_1_517' title='bbox 2006 2171 2174 2259; x_wconf 57' lang='lat' dir='ltr'><strong>currit</strong></span> <span class='ocrx_word' id='word_1_518' title='bbox 2201 2170 2248 2224; x_wconf 90' lang='lat' dir='ltr'><strong>ei</strong></span> <span class='ocrx_word' id='word_1_519' title='bbox 2294 2170 2718 2236; x_wconf 80' lang='lat' dir='ltr'><strong>Melchisedech,</strong></span> <span class='ocrx_word' id='word_1_520' title='bbox 2765 2188 2784 2222; x_wconf 74' lang='grc' dir='ltr'>ι</span> <span class='ocrx_word' id='word_1_521' title='bbox 2815 2183 3063 2237; x_wconf 89' lang='lat' dir='ltr'><strong>regresso</strong></span> <span class='ocrx_word' id='word_1_522' title='bbox 3098 2183 3129 2223; x_wconf 89' lang='lat' dir='ltr'><strong>a</strong></span> <span class='ocrx_word' id='word_1_523' title='bbox 3165 2170 3312 2225; x_wconf 84' lang='lat' dir='ltr'><strong>caede</strong></span> <span class='ocrx_word' id='word_1_524' title='bbox 3356 2186 3565 2242; x_wconf 88' lang='lat' dir='ltr'><strong>regum,</strong></span> 
     </span>
    </p>
   </div>
   <div class='ocr_carea' id='block_1_68' title="bbox 2003 2259 3565 2328">
    <p class='ocr_par' dir='ltr' id='par_1_68' title="bbox 2003 2259 3565 2328">
     <span class='ocr_line' id='line_1_68' title="bbox 2003 2259 3565 2328; baseline 0.002 -14"><span class='ocrx_word' id='word_1_525' title='bbox 2003 2270 2059 2314; x_wconf 92' lang='lat' dir='ltr'><strong>et</strong></span> <span class='ocrx_word' id='word_1_526' title='bbox 2097 2261 2370 2316; x_wconf 80' lang='lat' dir='ltr'><strong>benedixit</strong></span> <span class='ocrx_word' id='word_1_527' title='bbox 2406 2275 2530 2316; x_wconf 91' lang='lat' dir='ltr'><strong>eum</strong></span> <span class='ocrx_word' id='word_1_528' title='bbox 2554 2260 2665 2326; x_wconf 73' lang='grc' dir='ltr'><strong>δ”,ι</strong></span> <span class='ocrx_word' id='word_1_529' title='bbox 2713 2268 2768 2316; x_wconf 88' lang='lat' dir='ltr'><strong>et</strong></span> <span class='ocrx_word' id='word_1_530' title='bbox 2816 2259 3057 2313; x_wconf 86' lang='lat' dir='ltr'><strong>decimas</strong></span> <span class='ocrx_word' id='word_1_531' title='bbox 3110 2260 3320 2328; x_wconf 88' lang='lat' dir='ltr'><strong>accepit</strong></span> <span class='ocrx_word' id='word_1_532' title='bbox 3365 2262 3431 2314; x_wconf 92' lang='lat' dir='ltr'><strong>ab</strong></span> <span class='ocrx_word' id='word_1_533' title='bbox 3478 2277 3565 2317; x_wconf 87' lang='lat' dir='ltr'><strong>eo.</strong></span> 
     </span>
    </p>
   </div>
   <div class='ocr_carea' id='block_1_69' title="bbox 2004 2348 3567 2421">
    <p class='ocr_par' dir='ltr' id='par_1_69' title="bbox 2004 2348 3567 2421">
     <span class='ocr_line' id='line_1_69' title="bbox 2004 2348 3567 2421; baseline 0.001 -18"><span class='ocrx_word' id='word_1_534' title='bbox 2004 2348 2138 2417; x_wconf 85' lang='lat' dir='ltr'><strong>Quia</strong></span> <span class='ocrx_word' id='word_1_535' title='bbox 2165 2351 2328 2421; x_wconf 87' lang='lat' dir='ltr'><strong>igitur</strong></span> <span class='ocrx_word' id='word_1_536' title='bbox 2362 2360 2469 2405; x_wconf 87' lang='lat' dir='ltr'><strong>tam</strong></span> <span class='ocrx_word' id='word_1_537' title='bbox 2496 2359 2772 2406; x_wconf 90' lang='lat' dir='ltr'><strong>sacratum</strong></span> <span class='ocrx_word' id='word_1_538' title='bbox 2811 2364 3008 2404; x_wconf 89' lang='lat' dir='ltr'><strong>nomen</strong></span> <span class='ocrx_word' id='word_1_539' title='bbox 3036 2356 3119 2403; x_wconf 87' lang='lat' dir='ltr'><strong>est</strong></span> <span class='ocrx_word' id='word_1_540' title='bbox 3151 2349 3343 2417; x_wconf 89' lang='lat' dir='ltr'><strong>patris,</strong></span> <span class='ocrx_word' id='word_1_541' title='bbox 3371 2357 3425 2404; x_wconf 90' lang='lat' dir='ltr'><strong>et</strong></span> <span class='ocrx_word' id='word_1_542' title='bbox 3458 2359 3567 2404; x_wconf 89' lang='lat' dir='ltr'><strong>tam</strong></span> 
     </span>
    </p>
   </div>
   <div class='ocr_carea' id='block_1_70' title="bbox 2005 2441 3563 2515">
    <p class='ocr_par' dir='ltr' id='par_1_70' title="bbox 2005 2441 3563 2515">
     <span class='ocr_line' id='line_1_70' title="bbox 2005 2441 3563 2515; baseline 0.001 -21"><span class='ocrx_word' id='word_1_543' title='bbox 2005 2443 2338 2511; x_wconf 89' lang='lat' dir='ltr'><strong>venerabile,</strong></span> <span class='ocrx_word' id='word_1_544' title='bbox 2364 2442 2568 2499; x_wconf 90' lang='lat' dir='ltr'><strong>idcirco</strong></span> <span class='ocrx_word' id='word_1_545' title='bbox 2599 2444 2689 2512; x_wconf 93' lang='lat' dir='ltr'><strong>qui</strong></span> <span class='ocrx_word' id='word_1_546' title='bbox 2722 2445 3067 2500; x_wconf 82' lang='lat' dir='ltr'><strong>maledixerit</strong></span> <span class='ocrx_word' id='word_1_547' title='bbox 3097 2443 3238 2515; x_wconf 84' lang='lat' dir='ltr'><strong>patri</strong></span> <span class='ocrx_word' id='word_1_548' title='bbox 3264 2450 3356 2497; x_wconf 89' lang='lat' dir='ltr'><strong>aut</strong></span> <span class='ocrx_word' id='word_1_549' title='bbox 3382 2441 3563 2505; x_wconf 84' lang='lat' dir='ltr'><strong>matri,</strong></span> 
     </span>
    </p>
   </div>
   <div class='ocr_carea' id='block_1_71' title="bbox 2006 2535 3565 2594">
    <p class='ocr_par' dir='ltr' id='par_1_71' title="bbox 2006 2535 3565 2594">
     <span class='ocr_line' id='line_1_71' title="bbox 2006 2535 3565 2594; baseline -0.001 -3"><span class='ocrx_word' id='word_1_550' title='bbox 2006 2547 2184 2593; x_wconf 86' lang='lat' dir='ltr'><strong>morte</strong></span> <span class='ocrx_word' id='word_1_551' title='bbox 2230 2538 2516 2593; x_wconf 85' lang='lat' dir='ltr'><strong>morietur.</strong></span> <span class='ocrx_word' id='word_1_552' title='bbox 2568 2536 2778 2592; x_wconf 90' lang='lat' dir='ltr'><strong>Similia</strong></span> <span class='ocrx_word' id='word_1_553' title='bbox 2825 2540 2988 2594; x_wconf 89' lang='lat' dir='ltr'><strong>etiam</strong></span> <span class='ocrx_word' id='word_1_554' title='bbox 3030 2539 3096 2594; x_wconf 91' lang='lat' dir='ltr'><strong>de</strong></span> <span class='ocrx_word' id='word_1_555' title='bbox 3144 2547 3323 2593; x_wconf 86' lang='lat' dir='ltr'><strong>matre</strong></span> <span class='ocrx_word' id='word_1_556' title='bbox 3373 2535 3565 2591; x_wconf 57' lang='lat' dir='ltr'><strong>existi-</strong></span> 
     </span>
    </p>
   </div>
   <div class='ocr_carea' id='block_1_72' title="bbox 2004 2628 3569 2700">
    <p class='ocr_par' dir='ltr' id='par_1_72' title="bbox 2004 2628 3569 2700">
     <span class='ocr_line' id='line_1_72' title="bbox 2004 2628 3569 2700; baseline -0.002 -15"><span class='ocrx_word' id='word_1_557' title='bbox 2004 2630 2197 2685; x_wconf 88' lang='lat' dir='ltr'><strong>manda</strong></span> <span class='ocrx_word' id='word_1_558' title='bbox 2241 2640 2388 2696; x_wconf 90' lang='lat' dir='ltr'><strong>sunt,</strong></span> <span class='ocrx_word' id='word_1_559' title='bbox 2416 2629 2570 2697; x_wconf 89' lang='lat' dir='ltr'><strong>cujus</strong></span> <span class='ocrx_word' id='word_1_560' title='bbox 2599 2629 2804 2695; x_wconf 89' lang='lat' dir='ltr'><strong>labore,</strong></span> <span class='ocrx_word' id='word_1_561' title='bbox 2835 2630 2991 2699; x_wconf 88' lang='lat' dir='ltr'><strong>cujus</strong></span> <span class='ocrx_word' id='word_1_562' title='bbox 3030 2644 3183 2696; x_wconf 85' lang='lat' dir='ltr'><strong>cura,</strong></span> <span class='ocrx_word' id='word_1_563' title='bbox 3214 2630 3368 2700; x_wconf 85' lang='lat' dir='ltr'><strong>cujus</strong></span> <span class='ocrx_word' id='word_1_564' title='bbox 3408 2628 3569 2682; x_wconf 91' lang='lat' dir='ltr'><strong>mini-</strong></span> 
     </span>
    </p>
   </div>
   <div class='ocr_carea' id='block_1_73' title="bbox 2002 2716 3568 2787">
    <p class='ocr_par' dir='ltr' id='par_1_73' title="bbox 2002 2716 3568 2787">
     <span class='ocr_line' id='line_1_73' title="bbox 2002 2716 3568 2787; baseline 0.002 -18"><span class='ocrx_word' id='word_1_565' title='bbox 2002 2716 2195 2781; x_wconf 87' lang='lat' dir='ltr'><strong>sterio,</strong></span> <span class='ocrx_word' id='word_1_566' title='bbox 2236 2724 2292 2770; x_wconf 91' lang='lat' dir='ltr'><strong>et</strong></span> <span class='ocrx_word' id='word_1_567' title='bbox 2327 2725 2506 2779; x_wconf 90' lang='lat' dir='ltr'><strong>natus,</strong></span> <span class='ocrx_word' id='word_1_568' title='bbox 2548 2726 2604 2771; x_wconf 91' lang='lat' dir='ltr'><strong>et</strong></span> <span class='ocrx_word' id='word_1_569' title='bbox 2633 2719 2873 2774; x_wconf 85' lang='lat' dir='ltr'><strong>nutritus</strong></span> <span class='ocrx_word' id='word_1_570' title='bbox 2909 2733 2989 2774; x_wconf 89' lang='lat' dir='ltr'><strong>es.</strong></span> <span class='ocrx_word' id='word_1_571' title='bbox 3018 2718 3085 2773; x_wconf 85' lang='lat' dir='ltr'><strong>Et</strong></span> <span class='ocrx_word' id='word_1_572' title='bbox 3120 2718 3240 2773; x_wconf 91' lang='lat' dir='ltr'><strong>ideo</strong></span> <span class='ocrx_word' id='word_1_573' title='bbox 3271 2724 3482 2787; x_wconf 72' lang='lat' dir='ltr'><strong>oportet</strong></span> <span class='ocrx_word' id='word_1_574' title='bbox 3514 2725 3568 2772; x_wconf 92' lang='lat' dir='ltr'><strong>te</strong></span> 
     </span>
    </p>
   </div>
   <div class='ocr_carea' id='block_1_74' title="bbox 2001 2809 3566 2884">
    <p class='ocr_par' dir='ltr' id='par_1_74' title="bbox 2001 2809 3566 2884">
     <span class='ocr_line' id='line_1_74' title="bbox 2001 2809 3566 2884; baseline 0.003 -20"><span class='ocrx_word' id='word_1_575' title='bbox 2001 2809 2297 2864; x_wconf 85' lang='lat' dir='ltr'><strong>secundum</strong></span> <span class='ocrx_word' id='word_1_576' title='bbox 2328 2809 2648 2879; x_wconf 81' lang='lat' dir='ltr'><strong>Apostolum</strong></span> <span class='ocrx_word' id='word_1_577' title='bbox 2699 2827 2885 2882; x_wconf 89' lang='lat' dir='ltr'><strong>parem</strong></span> <span class='ocrx_word' id='word_1_578' title='bbox 2940 2812 3166 2884; x_wconf 85' lang='lat' dir='ltr'><strong>gratiam</strong></span> <span class='ocrx_word' id='word_1_579' title='bbox 3228 2811 3433 2868; x_wconf 81' lang='lat' dir='ltr'><strong>referre</strong></span> <span class='ocrx_word' id='word_1_580' title='bbox 3471 2826 3566 2882; x_wconf 73' lang='lat' dir='ltr'><strong>pa-</strong></span> 
     </span>
    </p>
   </div>
   <div class='ocr_carea' id='block_1_75' title="bbox 2001 2901 3563 2974">
    <p class='ocr_par' dir='ltr' id='par_1_75' title="bbox 2001 2901 3563 2974">
     <span class='ocr_line' id='line_1_75' title="bbox 2001 2901 3563 2974; baseline 0 -18"><span class='ocrx_word' id='word_1_581' title='bbox 2001 2903 2265 2957; x_wconf 90' lang='lat' dir='ltr'><strong>rentibus.</strong></span> <span class='ocrx_word' id='word_1_582' title='bbox 2295 2901 2353 2956; x_wconf 92' lang='lat' dir='ltr'><strong>Si</strong></span> <span class='ocrx_word' id='word_1_583' title='bbox 2392 2902 2538 2957; x_wconf 90' lang='lat' dir='ltr'><strong>enim</strong></span> <span class='ocrx_word' id='word_1_584' title='bbox 2567 2903 2986 2958; x_wconf 87' lang='lat' dir='ltr'><strong>dehonoraveris</strong></span> <span class='ocrx_word' id='word_1_585' title='bbox 3028 2912 3236 2974; x_wconf 87' lang='lat' dir='ltr'><strong>patrem</strong></span> <span class='ocrx_word' id='word_1_586' title='bbox 3266 2903 3563 2968; x_wconf 82' lang='lat' dir='ltr'><strong>carnalem,</strong></span> 
     </span>
    </p>
   </div>
   <div class='ocr_carea' id='block_1_76' title="bbox 2002 2993 3563 3068">
    <p class='ocr_par' dir='ltr' id='par_1_76' title="bbox 2002 2993 3563 3068">
     <span class='ocr_line' id='line_1_76' title="bbox 2002 2993 3563 3068; baseline -0.001 -19"><span class='ocrx_word' id='word_1_587' title='bbox 2002 2995 2160 3062; x_wconf 89' lang='lat' dir='ltr'><strong>hujus</strong></span> <span class='ocrx_word' id='word_1_588' title='bbox 2196 2994 2520 3050; x_wconf 89' lang='lat' dir='ltr'><strong>contumelia</strong></span> <span class='ocrx_word' id='word_1_589' title='bbox 2555 2995 2622 3049; x_wconf 89' lang='lat' dir='ltr'><strong>ad</strong></span> <span class='ocrx_word' id='word_1_590' title='bbox 2661 3004 2866 3064; x_wconf 85' lang='lat' dir='ltr'><strong>patrem</strong></span> <span class='ocrx_word' id='word_1_591' title='bbox 2909 2996 3196 3065; x_wconf 91' lang='lat' dir='ltr'><strong>spirituum</strong></span> <span class='ocrx_word' id='word_1_592' title='bbox 3229 2993 3338 3068; x_wconf 90' lang='lat'><strong>(90)</strong></span> <span class='ocrx_word' id='word_1_593' title='bbox 3381 2995 3563 3062; x_wconf 84' lang='lat' dir='ltr'><strong>redit;</strong></span> 
     </span>
    </p>
   </div>
   <div class='ocr_carea' id='block_1_77' title="bbox 1997 3086 3553 3155">
    <p class='ocr_par' dir='ltr' id='par_1_77' title="bbox 1997 3086 3553 3155">
     <span class='ocr_line' id='line_1_77' title="bbox 1997 3086 3553 3155; baseline 0 -14"><span class='ocrx_word' id='word_1_594' title='bbox 1997 3095 2054 3142; x_wconf 91' lang='lat' dir='ltr'><strong>et</strong></span> <span class='ocrx_word' id='word_1_595' title='bbox 2077 3087 2123 3142; x_wconf 91' lang='lat' dir='ltr'><strong>si</strong></span> <span class='ocrx_word' id='word_1_596' title='bbox 2160 3086 2411 3155; x_wconf 75' lang='lat' dir='ltr'><strong>iniuriam</strong></span> <span class='ocrx_word' id='word_1_597' title='bbox 2454 3086 2652 3143; x_wconf 89' lang='lat' dir='ltr'><strong>feceris</strong></span> <span class='ocrx_word' id='word_1_598' title='bbox 2685 3087 2845 3142; x_wconf 88' lang='lat' dir='ltr'><strong>matri</strong></span> <span class='ocrx_word' id='word_1_599' title='bbox 2884 3088 3116 3154; x_wconf 91' lang='lat' dir='ltr'><strong>carnali,</strong></span> <span class='ocrx_word' id='word_1_600' title='bbox 3151 3089 3219 3142; x_wconf 89' lang='lat' dir='ltr'><strong>ad</strong></span> <span class='ocrx_word' id='word_1_601' title='bbox 3258 3087 3404 3141; x_wconf 91' lang='lat' dir='ltr'><strong>illam</strong></span> <span class='ocrx_word' id='word_1_602' title='bbox 3438 3102 3553 3141; x_wconf 89' lang='lat' dir='ltr'><strong>ma-</strong></span> 
     </span>
    </p>
   </div>
   <div class='ocr_carea' id='block_1_78' title="bbox 1999 3174 3564 3247">
    <p class='ocr_par' dir='ltr' id='par_1_78' title="bbox 1999 3174 3564 3247">
     <span class='ocr_line' id='line_1_78' title="bbox 1999 3174 3564 3247; baseline 0 -16"><span class='ocrx_word' id='word_1_603' title='bbox 1999 3186 2137 3232; x_wconf 87' lang='lat' dir='ltr'><strong>trem</strong></span> <span class='ocrx_word' id='word_1_604' title='bbox 2183 3174 2487 3234; x_wconf 88' lang='lat' dir='ltr'><strong>Jerusalem</strong></span> <span class='ocrx_word' id='word_1_605' title='bbox 2518 3177 2794 3233; x_wconf 70' lang='lat' dir='ltr'><strong>cmlcstem</strong></span> <span class='ocrx_word' id='word_1_606' title='bbox 2830 3178 3092 3234; x_wconf 90' lang='lat' dir='ltr'><strong>redundat</strong></span> <span class='ocrx_word' id='word_1_607' title='bbox 3135 3178 3355 3247; x_wconf 89' lang='lat' dir='ltr'><strong>injuria.</strong></span> <span class='ocrx_word' id='word_1_608' title='bbox 3387 3175 3479 3232; x_wconf 91' lang='lat' dir='ltr'><strong>Sic</strong></span> <span class='ocrx_word' id='word_1_609' title='bbox 3509 3186 3564 3231; x_wconf 93' lang='lat' dir='ltr'><strong>et</strong></span> 
     </span>
    </p>
   </div>
   <div class='ocr_carea' id='block_1_79' title="bbox 1998 3270 3562 3342">
    <p class='ocr_par' dir='ltr' id='par_1_79' title="bbox 1998 3270 3562 3342">
     <span class='ocr_line' id='line_1_79' title="bbox 1998 3270 3562 3342; baseline 0 -18"><span class='ocrx_word' id='word_1_610' title='bbox 1998 3282 2188 3326; x_wconf 83' lang='lat' dir='ltr'><strong>servus</strong></span> <span class='ocrx_word' id='word_1_611' title='bbox 2217 3271 2263 3326; x_wconf 87' lang='lat' dir='ltr'><strong>si</strong></span> <span class='ocrx_word' id='word_1_612' title='bbox 2292 3270 2510 3324; x_wconf 89' lang='lat' dir='ltr'><strong>domino</strong></span> <span class='ocrx_word' id='word_1_613' title='bbox 2547 3272 2857 3328; x_wconf 88' lang='lat' dir='ltr'><strong>irreverens</strong></span> <span class='ocrx_word' id='word_1_614' title='bbox 2890 3272 2985 3338; x_wconf 90' lang='lat' dir='ltr'><strong>sit,</strong></span> <span class='ocrx_word' id='word_1_615' title='bbox 3033 3286 3131 3342; x_wconf 91' lang='lat' dir='ltr'><strong>per</strong></span> <span class='ocrx_word' id='word_1_616' title='bbox 3180 3270 3324 3327; x_wconf 91' lang='lat' dir='ltr'><strong>hunc</strong></span> <span class='ocrx_word' id='word_1_617' title='bbox 3368 3286 3562 3341; x_wconf 80' lang='lat' dir='ltr'><strong>corpo-</strong></span> 
     </span>
    </p>
   </div>
   <div class='ocr_carea' id='block_1_80' title="bbox 1998 3359 3563 3432">
    <p class='ocr_par' dir='ltr' id='par_1_80' title="bbox 1998 3359 3563 3432">
     <span class='ocr_line' id='line_1_80' title="bbox 1998 3359 3563 3432; baseline 0.001 -19"><span class='ocrx_word' id='word_1_618' title='bbox 1998 3360 2167 3416; x_wconf 87' lang='lat' dir='ltr'><strong>ralem</strong></span> <span class='ocrx_word' id='word_1_619' title='bbox 2207 3359 2506 3426; x_wconf 89' lang='lat' dir='ltr'><strong>dominum,</strong></span> <span class='ocrx_word' id='word_1_620' title='bbox 2547 3360 2600 3415; x_wconf 90' lang='lat' dir='ltr'><strong>in</strong></span> <span class='ocrx_word' id='word_1_621' title='bbox 2634 3362 2919 3417; x_wconf 89' lang='lat' dir='ltr'><strong>Dominum</strong></span> <span class='ocrx_word' id='word_1_622' title='bbox 2951 3361 3248 3432; x_wconf 88' lang='lat' dir='ltr'><strong>majestatis</strong></span> <span class='ocrx_word' id='word_1_623' title='bbox 3275 3369 3563 3417; x_wconf 86' lang='lat' dir='ltr'><strong>contume-</strong></span> 
     </span>
    </p>
   </div>
   <div class='ocr_carea' id='block_1_81' title="bbox 1998 3449 3563 3520">
    <p class='ocr_par' dir='ltr' id='par_1_81' title="bbox 1998 3449 3563 3520">
     <span class='ocr_line' id='line_1_81' title="bbox 1998 3449 3563 3520; baseline 0 -18"><span class='ocrx_word' id='word_1_624' title='bbox 1998 3449 2124 3505; x_wconf 90' lang='lat' dir='ltr'><strong>liam</strong></span> <span class='ocrx_word' id='word_1_625' title='bbox 2153 3450 2343 3520; x_wconf 88' lang='lat' dir='ltr'><strong>jactat.</strong></span> <span class='ocrx_word' id='word_1_626' title='bbox 2389 3450 2487 3506; x_wconf 92' lang='lat' dir='ltr'><strong>llle</strong></span> <span class='ocrx_word' id='word_1_627' title='bbox 2535 3452 2678 3506; x_wconf 90' lang='lat' dir='ltr'><strong>enim</strong></span> <span class='ocrx_word' id='word_1_628' title='bbox 2723 3451 2851 3507; x_wconf 87' lang='lat' dir='ltr'><strong>huic</strong></span> <span class='ocrx_word' id='word_1_629' title='bbox 2899 3451 3104 3506; x_wconf 88' lang='lat' dir='ltr'><strong>carnali</strong></span> <span class='ocrx_word' id='word_1_630' title='bbox 3154 3450 3370 3505; x_wconf 89' lang='lat' dir='ltr'><strong>domino</strong></span> <span class='ocrx_word' id='word_1_631' title='bbox 3406 3464 3563 3505; x_wconf 89' lang='lat' dir='ltr'><strong>suum</strong></span> 
     </span>
    </p>
   </div>
   <div class='ocr_carea' id='block_1_82' title="bbox 1996 3543 3569 3615">
    <p class='ocr_par' dir='ltr' id='par_1_82' title="bbox 1996 3543 3569 3615">
     <span class='ocr_line' id='line_1_82' title="bbox 1996 3543 3569 3615; baseline -0.001 -18"><span class='ocrx_word' id='word_1_632' title='bbox 1996 3559 2193 3598; x_wconf 90' lang='lat' dir='ltr'><strong>nomen</strong></span> <span class='ocrx_word' id='word_1_633' title='bbox 2241 3545 2519 3615; x_wconf 90' lang='lat' dir='ltr'><strong>imposuit.</strong></span> <span class='ocrx_word' id='word_1_634' title='bbox 2569 3545 2636 3600; x_wconf 89' lang='lat' dir='ltr'><strong>Et</strong></span> <span class='ocrx_word' id='word_1_635' title='bbox 2678 3546 2798 3600; x_wconf 89' lang='lat' dir='ltr'><strong>ideo</strong></span> <span class='ocrx_word' id='word_1_636' title='bbox 2842 3544 2992 3599; x_wconf 91' lang='lat' dir='ltr'><strong>nullo</strong></span> <span class='ocrx_word' id='word_1_637' title='bbox 3028 3558 3227 3615; x_wconf 88' lang='lat' dir='ltr'><strong>genere</strong></span> <span class='ocrx_word' id='word_1_638' title='bbox 3273 3543 3569 3598; x_wconf 85' lang='lat' dir='ltr'><strong>adversum</strong></span> 
     </span>
    </p>
   </div>
   <div class='ocr_carea' id='block_1_83' title="bbox 1997 3634 3561 3707">
    <p class='ocr_par' dir='ltr' id='par_1_83' title="bbox 1997 3634 3561 3707">
     <span class='ocr_line' id='line_1_83' title="bbox 1997 3634 3561 3707; baseline -0.001 -18"><span class='ocrx_word' id='word_1_639' title='bbox 1997 3646 2211 3704; x_wconf 90' lang='lat' dir='ltr'><strong>patrem</strong></span> <span class='ocrx_word' id='word_1_640' title='bbox 2256 3647 2351 3692; x_wconf 88' lang='lat' dir='ltr'><strong>aut</strong></span> <span class='ocrx_word' id='word_1_641' title='bbox 2379 3648 2632 3704; x_wconf 86' lang='lat' dir='ltr'><strong>matrem,</strong></span> <span class='ocrx_word' id='word_1_642' title='bbox 2664 3654 2729 3693; x_wconf 89' lang='lat' dir='ltr'><strong>ne</strong></span> <span class='ocrx_word' id='word_1_643' title='bbox 2761 3637 2926 3692; x_wconf 91' lang='lat' dir='ltr'><strong>verbo</strong></span> <span class='ocrx_word' id='word_1_644' title='bbox 2973 3637 3211 3707; x_wconf 89' lang='lat' dir='ltr'><strong>quidem,</strong></span> <span class='ocrx_word' id='word_1_645' title='bbox 3258 3634 3561 3690; x_wconf 88' lang='lat' dir='ltr'><strong>habendum</strong></span> 
     </span>
    </p>
   </div>
   <div class='ocr_carea' id='block_1_84' title="bbox 1998 3724 3564 3796">
    <p class='ocr_par' dir='ltr' id='par_1_84' title="bbox 1998 3724 3564 3796">
     <span class='ocr_line' id='line_1_84' title="bbox 1998 3724 3564 3796; baseline -0.003 -14"><span class='ocrx_word' id='word_1_646' title='bbox 1998 3737 2274 3783; x_wconf 90' lang='lat' dir='ltr'><strong>certamen</strong></span> <span class='ocrx_word' id='word_1_647' title='bbox 2306 3737 2411 3796; x_wconf 90' lang='lat' dir='ltr'><strong>est,</strong></span> <span class='ocrx_word' id='word_1_648' title='bbox 2444 3738 2537 3783; x_wconf 86' lang='lat' dir='ltr'><strong>aut</strong></span> <span class='ocrx_word' id='word_1_649' title='bbox 2567 3729 2833 3783; x_wconf 87' lang='lat' dir='ltr'><strong>movenda</strong></span> <span class='ocrx_word' id='word_1_650' title='bbox 2863 3726 3245 3783; x_wconf 89' lang='lat' dir='ltr'><strong>contradictio.</strong></span> <span class='ocrx_word' id='word_1_651' title='bbox 3272 3724 3433 3780; x_wconf 90' lang='lat' dir='ltr'><strong>Pater</strong></span> <span class='ocrx_word' id='word_1_652' title='bbox 3457 3732 3564 3789; x_wconf 89' lang='lat' dir='ltr'><strong>est,</strong></span> 
     </span>
    </p>
   </div>
   <div class='ocr_carea' id='block_1_85' title="bbox 2000 3818 3558 3890">
    <p class='ocr_par' dir='ltr' id='par_1_85' title="bbox 2000 3818 3558 3890">
     <span class='ocr_line' id='line_1_85' title="bbox 2000 3818 3558 3890; baseline 0.005 -20"><span class='ocrx_word' id='word_1_653' title='bbox 2000 3827 2173 3874; x_wconf 87' lang='lat' dir='ltr'><strong>mater</strong></span> <span class='ocrx_word' id='word_1_654' title='bbox 2199 3828 2306 3887; x_wconf 89' lang='lat' dir='ltr'><strong>est,</strong></span> <span class='ocrx_word' id='word_1_655' title='bbox 2333 3828 2391 3873; x_wconf 91' lang='lat' dir='ltr'><strong>ut</strong></span> <span class='ocrx_word' id='word_1_656' title='bbox 2422 3819 2553 3890; x_wconf 90' lang='lat' dir='ltr'><strong>ipsis</strong></span> <span class='ocrx_word' id='word_1_657' title='bbox 2585 3819 2822 3886; x_wconf 89' lang='lat' dir='ltr'><strong>videtur,</strong></span> <span class='ocrx_word' id='word_1_658' title='bbox 2856 3827 3045 3890; x_wconf 90' lang='lat' dir='ltr'><strong>agant,</strong></span> <span class='ocrx_word' id='word_1_659' title='bbox 3077 3818 3302 3885; x_wconf 77' lang='lat' dir='ltr'><strong>faciant,</strong></span> <span class='ocrx_word' id='word_1_660' title='bbox 3332 3819 3558 3878; x_wconf 88' lang='lat' dir='ltr'><strong>dicant:</strong></span> 
     </span>
    </p>
   </div>
   <div class='ocr_carea' id='block_1_86' title="bbox 1997 3908 3565 3980">
    <p class='ocr_par' dir='ltr' id='par_1_86' title="bbox 1997 3908 3565 3980">
     <span class='ocr_line' id='line_1_86' title="bbox 1997 3908 3565 3980; baseline 0.004 -19"><span class='ocrx_word' id='word_1_661' title='bbox 1997 3908 2098 3978; x_wconf 90' lang='lat' dir='ltr'><strong>ipsi</strong></span> <span class='ocrx_word' id='word_1_662' title='bbox 2147 3911 2420 3963; x_wconf 89' lang='lat' dir='ltr'><strong>noverint.</strong></span> <span class='ocrx_word' id='word_1_663' title='bbox 2468 3908 2960 3980; x_wconf 89' lang='lat' dir='ltr'><strong>Quantumcunque</strong></span> <span class='ocrx_word' id='word_1_664' title='bbox 3008 3908 3361 3966; x_wconf 89' lang='lat' dir='ltr'><strong>detulerimus</strong></span> <span class='ocrx_word' id='word_1_665' title='bbox 3406 3911 3565 3967; x_wconf 88' lang='lat' dir='ltr'><strong>obse-</strong></span> 
     </span>
    </p>
   </div>
   <div class='ocr_carea' id='block_1_87' title="bbox 1996 4001 3560 4074">
    <p class='ocr_par' dir='ltr' id='par_1_87' title="bbox 1996 4001 3560 4074">
     <span class='ocr_line' id='line_1_87' title="bbox 1996 4001 3560 4074; baseline 0.003 -20"><span class='ocrx_word' id='word_1_666' title='bbox 1996 4001 2143 4069; x_wconf 86' lang='lat' dir='ltr'><strong>quii,</strong></span> <span class='ocrx_word' id='word_1_667' title='bbox 2196 4002 2435 4055; x_wconf 90' lang='lat' dir='ltr'><strong>nondum</strong></span> <span class='ocrx_word' id='word_1_668' title='bbox 2484 4002 2759 4056; x_wconf 88' lang='lat' dir='ltr'><strong>reddimus</strong></span> <span class='ocrx_word' id='word_1_669' title='bbox 2796 4004 2964 4056; x_wconf 88' lang='lat' dir='ltr'><strong>vicem</strong></span> <span class='ocrx_word' id='word_1_670' title='bbox 3000 4003 3208 4072; x_wconf 63' lang='lat' dir='ltr'><strong>gratim,</strong></span> <span class='ocrx_word' id='word_1_671' title='bbox 3239 4019 3344 4074; x_wconf 86' lang='lat' dir='ltr'><strong>qua</strong></span> <span class='ocrx_word' id='word_1_672' title='bbox 3391 4005 3560 4074; x_wconf 87' lang='lat' dir='ltr'><strong>geniti</strong></span> 
     </span>
    </p>
   </div>
   <div class='ocr_carea' id='block_1_88' title="bbox 1997 4092 3558 4166">
    <p class='ocr_par' dir='ltr' id='par_1_88' title="bbox 1997 4092 3558 4166">
     <span class='ocr_line' id='line_1_88' title="bbox 1997 4092 3558 4166; baseline 0.001 -17"><span class='ocrx_word' id='word_1_673' title='bbox 1997 4109 2207 4159; x_wconf 85' lang='lat' dir='ltr'><strong>sumus,</strong></span> <span class='ocrx_word' id='word_1_674' title='bbox 2235 4109 2339 4164; x_wconf 89' lang='lat' dir='ltr'><strong>qua</strong></span> <span class='ocrx_word' id='word_1_675' title='bbox 2370 4092 2593 4162; x_wconf 89' lang='lat' dir='ltr'><strong>portati,</strong></span> <span class='ocrx_word' id='word_1_676' title='bbox 2614 4108 2729 4163; x_wconf 89' lang='lat' dir='ltr'><strong>qua</strong></span> <span class='ocrx_word' id='word_1_677' title='bbox 2766 4093 3046 4149; x_wconf 84' lang='lat' dir='ltr'><strong>hausimus</strong></span> <span class='ocrx_word' id='word_1_678' title='bbox 3089 4095 3289 4165; x_wconf 90' lang='lat' dir='ltr'><strong>lucem,</strong></span> <span class='ocrx_word' id='word_1_679' title='bbox 3321 4112 3426 4166; x_wconf 87' lang='lat' dir='ltr'><strong>qua</strong></span> <span class='ocrx_word' id='word_1_680' title='bbox 3458 4113 3558 4151; x_wconf 84' lang='lat' dir='ltr'><strong>uu-</strong></span> 
     </span>
    </p>
   </div>
   <div class='ocr_carea' id='block_1_89' title="bbox 2000 4185 3561 4254">
    <p class='ocr_par' dir='ltr' id='par_1_89' title="bbox 2000 4185 3561 4254">
     <span class='ocr_line' id='line_1_89' title="bbox 2000 4185 3561 4254; baseline -0.001 -12"><span class='ocrx_word' id='word_1_681' title='bbox 2000 4188 2112 4242; x_wconf 89' lang='lat' dir='ltr'><strong>triti</strong></span> <span class='ocrx_word' id='word_1_682' title='bbox 2163 4200 2384 4250; x_wconf 90' lang='lat' dir='ltr'><strong>sumus,</strong></span> <span class='ocrx_word' id='word_1_683' title='bbox 2435 4185 2690 4240; x_wconf 88' lang='lat' dir='ltr'><strong>fortassis</strong></span> <span class='ocrx_word' id='word_1_684' title='bbox 2738 4197 2795 4240; x_wconf 92' lang='lat' dir='ltr'><strong>et</strong></span> <span class='ocrx_word' id='word_1_685' title='bbox 2824 4187 3054 4254; x_wconf 88' lang='lat' dir='ltr'><strong>eruditi,</strong></span> <span class='ocrx_word' id='word_1_686' title='bbox 3095 4197 3150 4242; x_wconf 90' lang='lat' dir='ltr'><strong>et</strong></span> <span class='ocrx_word' id='word_1_687' title='bbox 3184 4188 3423 4243; x_wconf 88' lang='lat' dir='ltr'><strong>honestis</strong></span> <span class='ocrx_word' id='word_1_688' title='bbox 3471 4203 3561 4242; x_wconf 82' lang='lat' dir='ltr'><strong>ar-</strong></span> 
     </span>
    </p>
   </div>
   <div class='ocr_carea' id='block_1_90' title="bbox 1999 4275 3560 4348">
    <p class='ocr_par' dir='ltr' id='par_1_90' title="bbox 1999 4275 3560 4348">
     <span class='ocr_line' id='line_1_90' title="bbox 1999 4275 3560 4348; baseline 0.002 -17"><span class='ocrx_word' id='word_1_689' title='bbox 1999 4278 2142 4333; x_wconf 87' lang='lat' dir='ltr'><strong>tibus</strong></span> <span class='ocrx_word' id='word_1_690' title='bbox 2177 4277 2434 4331; x_wconf 90' lang='lat' dir='ltr'><strong>instituti.</strong></span> <span class='ocrx_word' id='word_1_691' title='bbox 2478 4275 2544 4330; x_wconf 90' lang='lat' dir='ltr'><strong>Et</strong></span> <span class='ocrx_word' id='word_1_692' title='bbox 2588 4276 2717 4345; x_wconf 82' lang='lat' dir='ltr'><strong>ipsis</strong></span> <span class='ocrx_word' id='word_1_693' title='bbox 2751 4276 2982 4333; x_wconf 85' lang='lat' dir='ltr'><strong>fortasse</strong></span> <span class='ocrx_word' id='word_1_694' title='bbox 3033 4279 3342 4334; x_wconf 84' lang='lat' dir='ltr'><strong>auctoribus</strong></span> <span class='ocrx_word' id='word_1_695' title='bbox 3390 4294 3560 4348; x_wconf 89' lang='lat' dir='ltr'><strong>agno-</strong></span> 
     </span>
    </p>
   </div>
   <div class='ocr_carea' id='block_1_91' title="bbox 327 4367 3560 4446">
    <p class='ocr_par' dir='ltr' id='par_1_91' title="bbox 327 4367 3560 4446">
     <span class='ocr_line' id='line_1_91' title="bbox 327 4367 3560 4446; baseline 0.001 -25"><span class='ocrx_word' id='word_1_696' title='bbox 327 4374 493 4428; x_wconf 79' lang='lat' dir='ltr'><strong>etiam</strong></span> <span class='ocrx_word' id='word_1_697' title='bbox 531 4374 754 4445; x_wconf 67' lang='lat' dir='ltr'><strong>gravius</strong></span> <span class='ocrx_word' id='word_1_698' title='bbox 781 4376 854 4430; x_wconf 73' lang='lat' dir='ltr'><strong>sit</strong></span> <span class='ocrx_word' id='word_1_699' title='bbox 888 4376 1066 4441; x_wconf 76' lang='lat' dir='ltr'><strong>nobis,</strong></span> <span class='ocrx_word' id='word_1_700' title='bbox 1095 4379 1185 4446; x_wconf 74' lang='lat' dir='ltr'><strong>qui</strong></span> <span class='ocrx_word' id='word_1_701' title='bbox 1222 4392 1320 4446; x_wconf 70' lang='lat' dir='ltr'><strong>pro</strong></span> <span class='ocrx_word' id='word_1_702' title='bbox 1360 4387 1588 4446; x_wconf 60' lang='lat' dir='ltr'><strong>peccato</strong></span> <span class='ocrx_word' id='word_1_703' title='bbox 1614 4377 1889 4432; x_wconf 76' lang='lat' dir='ltr'><strong>communi</strong></span> <span class='ocrx_word' id='word_1_704' title='bbox 1922 4389 1966 4444; x_wconf 79' lang='grc' dir='ltr'><strong>ι)</strong></span> <span class='ocrx_word' id='word_1_705' title='bbox 1997 4372 2171 4425; x_wconf 89' lang='lat' dir='ltr'><strong>vimus</strong></span> <span class='ocrx_word' id='word_1_706' title='bbox 2204 4373 2391 4433; x_wconf 91' lang='lat' dir='ltr'><strong>Deum,</strong></span> <span class='ocrx_word' id='word_1_707' title='bbox 2425 4377 2480 4423; x_wconf 90' lang='lat' dir='ltr'><strong>et</strong></span> <span class='ocrx_word' id='word_1_708' title='bbox 2509 4368 2576 4421; x_wconf 90' lang='lat' dir='ltr'><strong>ad</strong></span> <span class='ocrx_word' id='word_1_709' title='bbox 2603 4367 2901 4424; x_wconf 86' lang='lat' dir='ltr'><strong>Ecclesiam</strong></span> <span class='ocrx_word' id='word_1_710' title='bbox 2936 4369 3029 4425; x_wconf 92' lang='lat' dir='ltr'><strong>Dei</strong></span> <span class='ocrx_word' id='word_1_711' title='bbox 3058 4371 3325 4432; x_wconf 87' lang='lat' dir='ltr'><strong>venimus,</strong></span> <span class='ocrx_word' id='word_1_712' title='bbox 3356 4379 3411 4425; x_wconf 89' lang='lat' dir='ltr'><strong>et</strong></span> <span class='ocrx_word' id='word_1_713' title='bbox 3438 4386 3560 4425; x_wconf 82' lang='lat' dir='ltr'><strong>ser-</strong></span> 
     </span>
    </p>
   </div>
   <div class='ocr_carea' id='block_1_92' title="bbox 326 4464 1891 4541">
    <p class='ocr_par' dir='ltr' id='par_1_92' title="bbox 326 4464 1891 4541">
     <span class='ocr_line' id='line_1_92' title="bbox 326 4464 1891 4541; baseline 0.004 -21"><span class='ocrx_word' id='word_1_714' title='bbox 326 4464 431 4520; x_wconf 81' lang='lat' dir='ltr'><strong>hac</strong></span> <span class='ocrx_word' id='word_1_715' title='bbox 476 4476 653 4521; x_wconf 91' lang='lat' dir='ltr'><strong>morte</strong></span> <span class='ocrx_word' id='word_1_716' title='bbox 684 4467 906 4524; x_wconf 89' lang='lat' dir='ltr'><strong>minime</strong></span> <span class='ocrx_word' id='word_1_717' title='bbox 936 4469 1214 4539; x_wconf 86' lang='lat' dir='ltr'><strong>punimur,</strong></span> <span class='ocrx_word' id='word_1_718' title='bbox 1240 4486 1403 4538; x_wconf 90' lang='lat' dir='ltr'><strong>quam</strong></span> <span class='ocrx_word' id='word_1_719' title='bbox 1446 4470 1550 4526; x_wconf 90' lang='lat' dir='ltr'><strong>illis</strong></span> <span class='ocrx_word' id='word_1_720' title='bbox 1575 4485 1712 4539; x_wconf 91' lang='lat' dir='ltr'><strong>quos</strong></span> <span class='ocrx_word' id='word_1_721' title='bbox 1756 4469 1891 4541; x_wconf 87' lang='lat' dir='ltr'><strong>legis</strong></span> 
     </span>
    </p>
   </div>
   <div class='ocr_carea' id='block_1_93' title="bbox 324 4559 1892 4631">
    <p class='ocr_par' dir='ltr' id='par_1_93' title="bbox 324 4559 1892 4631">
     <span class='ocr_line' id='line_1_93' title="bbox 324 4559 1892 4631; baseline 0.003 -18"><span class='ocrx_word' id='word_1_722' title='bbox 324 4559 593 4614; x_wconf 81' lang='lat' dir='ltr'><strong>sententia</strong></span> <span class='ocrx_word' id='word_1_723' title='bbox 638 4559 996 4628; x_wconf 89' lang='lat' dir='ltr'><strong>corporaliter</strong></span> <span class='ocrx_word' id='word_1_724' title='bbox 1053 4560 1453 4616; x_wconf 88' lang='lat' dir='ltr'><strong>condemnabat</strong></span> <span class='ocrx_word' id='word_1_725' title='bbox 1495 4579 1511 4617; x_wconf 90' lang='lat'><strong>:</strong></span> <span class='ocrx_word' id='word_1_726' title='bbox 1558 4562 1686 4631; x_wconf 88' lang='lat' dir='ltr'><strong>quia</strong></span> <span class='ocrx_word' id='word_1_727' title='bbox 1735 4561 1892 4617; x_wconf 90' lang='lat' dir='ltr'><strong>nobis</strong></span> 
     </span>
    </p>
   </div>
   <div class='ocr_carea' id='block_1_94' title="bbox 327 4649 1891 4719">
    <p class='ocr_par' dir='ltr' id='par_1_94' title="bbox 327 4649 1891 4719">
     <span class='ocr_line' id='line_1_94' title="bbox 327 4649 1891 4719; baseline 0.002 -16"><span class='ocrx_word' id='word_1_728' title='bbox 327 4649 462 4704; x_wconf 91' lang='lat' dir='ltr'><strong>ultio</strong></span> <span class='ocrx_word' id='word_1_729' title='bbox 491 4650 771 4719; x_wconf 91' lang='lat' dir='ltr'><strong>reponitur</strong></span> <span class='ocrx_word' id='word_1_730' title='bbox 801 4650 852 4704; x_wconf 90' lang='lat' dir='ltr'><strong>in</strong></span> <span class='ocrx_word' id='word_1_731' title='bbox 897 4651 1136 4706; x_wconf 89' lang='lat' dir='ltr'><strong>futurum</strong></span> <span class='ocrx_word' id='word_1_732' title='bbox 1156 4693 1172 4719; x_wconf 93' lang='lat'><strong>,</strong></span> <span class='ocrx_word' id='word_1_733' title='bbox 1204 4653 1324 4708; x_wconf 91' lang='lat' dir='ltr'><strong>illos</strong></span> <span class='ocrx_word' id='word_1_734' title='bbox 1359 4653 1713 4709; x_wconf 88' lang='lat' dir='ltr'><strong>absolvebant</strong></span> <span class='ocrx_word' id='word_1_735' title='bbox 1740 4669 1891 4708; x_wconf 90' lang='lat' dir='ltr'><strong>com-</strong></span> 
     </span>
    </p>
   </div>
   <div class='ocr_carea' id='block_1_95' title="bbox 327 4741 1890 4815">
    <p class='ocr_par' dir='ltr' id='par_1_95' title="bbox 327 4741 1890 4815">
     <span class='ocr_line' id='line_1_95' title="bbox 327 4741 1890 4815; baseline 0.005 -22"><span class='ocrx_word' id='word_1_736' title='bbox 327 4741 477 4796; x_wconf 87' lang='lat' dir='ltr'><strong>missi</strong></span> <span class='ocrx_word' id='word_1_737' title='bbox 528 4743 612 4798; x_wconf 93' lang='lat' dir='ltr'><strong>sui</strong></span> <span class='ocrx_word' id='word_1_738' title='bbox 670 4744 943 4812; x_wconf 86' lang='lat' dir='ltr'><strong>persoluta</strong></span> <span class='ocrx_word' id='word_1_739' title='bbox 994 4744 1285 4814; x_wconf 89' lang='lat' dir='ltr'><strong>supplicia.</strong></span> <span class='ocrx_word' id='word_1_740' title='bbox 1329 4744 1483 4811; x_wconf 87' lang='lat' dir='ltr'><strong>Quod</strong></span> <span class='ocrx_word' id='word_1_741' title='bbox 1517 4756 1572 4801; x_wconf 91' lang='lat' dir='ltr'><strong>et</strong></span> <span class='ocrx_word' id='word_1_742' title='bbox 1610 4746 1656 4801; x_wconf 88' lang='lat' dir='ltr'><strong>si</strong></span> <span class='ocrx_word' id='word_1_743' title='bbox 1690 4745 1890 4815; x_wconf 87' lang='lat' dir='ltr'><strong>aliquis</strong></span> 
     </span>
    </p>
   </div>
   <div class='ocr_carea' id='block_1_96' title="bbox 332 4834 1888 4908">
    <p class='ocr_par' dir='ltr' id='par_1_96' title="bbox 332 4834 1888 4908">
     <span class='ocr_line' id='line_1_96' title="bbox 332 4834 1888 4908; baseline 0.003 -20"><span class='ocrx_word' id='word_1_744' title='bbox 332 4842 415 4888; x_wconf 80' lang='lat' dir='ltr'><strong>cst</strong></span> <span class='ocrx_word' id='word_1_745' title='bbox 446 4834 539 4903; x_wconf 89' lang='lat' dir='ltr'><strong>qui</strong></span> <span class='ocrx_word' id='word_1_746' title='bbox 580 4834 722 4890; x_wconf 85' lang='lat' dir='ltr'><strong>forte</strong></span> <span class='ocrx_word' id='word_1_747' title='bbox 772 4844 1202 4903; x_wconf 68' lang='lat' dir='ltr'><strong>praeventusest</strong></span> <span class='ocrx_word' id='word_1_748' title='bbox 1243 4837 1298 4891; x_wconf 91' lang='lat' dir='ltr'><strong>in</strong></span> <span class='ocrx_word' id='word_1_749' title='bbox 1348 4835 1719 4905; x_wconf 87' lang='lat' dir='ltr'><strong>hujuscemodi</strong></span> <span class='ocrx_word' id='word_1_750' title='bbox 1758 4853 1888 4908; x_wconf 91' lang='lat' dir='ltr'><strong>pec-</strong></span> 
     </span>
    </p>
   </div>
   <div class='ocr_carea' id='block_1_97' title="bbox 327 4928 1888 4994">
    <p class='ocr_par' dir='ltr' id='par_1_97' title="bbox 327 4928 1888 4994">
     <span class='ocr_line' id='line_1_97' title="bbox 327 4928 1888 4994; baseline 0.003 -13"><span class='ocrx_word' id='word_1_751' title='bbox 327 4929 485 4991; x_wconf 81' lang='lat' dir='ltr'><strong>catis,</strong></span> <span class='ocrx_word' id='word_1_752' title='bbox 514 4928 824 4983; x_wconf 83' lang='lat' dir='ltr'><strong>admonitus</strong></span> <span class='ocrx_word' id='word_1_753' title='bbox 849 4944 992 4983; x_wconf 93' lang='lat' dir='ltr'><strong>nunc</strong></span> <span class='ocrx_word' id='word_1_754' title='bbox 1018 4929 1184 4984; x_wconf 91' lang='lat' dir='ltr'><strong>verbo</strong></span> <span class='ocrx_word' id='word_1_755' title='bbox 1216 4928 1332 4994; x_wconf 89' lang='lat' dir='ltr'><strong>Dei,</strong></span> <span class='ocrx_word' id='word_1_756' title='bbox 1361 4932 1427 4983; x_wconf 88' lang='lat' dir='ltr'><strong>ad</strong></span> <span class='ocrx_word' id='word_1_757' title='bbox 1460 4931 1723 4985; x_wconf 82' lang='lat' dir='ltr'><strong>auxilium</strong></span> <span class='ocrx_word' id='word_1_758' title='bbox 1757 4947 1888 4986; x_wconf 92' lang='lat' dir='ltr'><strong>con-</strong></span> 
     </span>
    </p>
   </div>
   <div class='ocr_carea' id='block_1_98' title="bbox 325 5015 1891 5087">
    <p class='ocr_par' dir='ltr' id='par_1_98' title="bbox 325 5015 1891 5087">
     <span class='ocr_line' id='line_1_98' title="bbox 325 5015 1891 5087; baseline 0.006 -19"><span class='ocrx_word' id='word_1_759' title='bbox 325 5015 497 5087; x_wconf 88' lang='lat' dir='ltr'><strong>fugiat</strong></span> <span class='ocrx_word' id='word_1_760' title='bbox 538 5017 866 5085; x_wconf 75' lang='lat' dir='ltr'><strong>pmuitentia:</strong></span> <span class='ocrx_word' id='word_1_761' title='bbox 902 5034 917 5070; x_wconf 85' lang='lat'><strong>:</strong></span> <span class='ocrx_word' id='word_1_762' title='bbox 948 5029 1006 5072; x_wconf 91' lang='lat' dir='ltr'><strong>ut</strong></span> <span class='ocrx_word' id='word_1_763' title='bbox 1045 5020 1090 5072; x_wconf 87' lang='lat' dir='ltr'><strong>si</strong></span> <span class='ocrx_word' id='word_1_764' title='bbox 1141 5017 1310 5073; x_wconf 90' lang='lat' dir='ltr'><strong>semel</strong></span> <span class='ocrx_word' id='word_1_765' title='bbox 1352 5020 1606 5085; x_wconf 89' lang='lat' dir='ltr'><strong>admisit,</strong></span> <span class='ocrx_word' id='word_1_766' title='bbox 1654 5023 1891 5077; x_wconf 90' lang='lat' dir='ltr'><strong>secundo</strong></span> 
     </span>
    </p>
   </div>
   <div class='ocr_carea' id='block_1_99' title="bbox 326 5103 1893 5180">
    <p class='ocr_par' dir='ltr' id='par_1_99' title="bbox 326 5103 1893 5180">
     <span class='ocr_line' id='line_1_99' title="bbox 326 5103 1893 5180; baseline 0.007 -24"><span class='ocrx_word' id='word_1_767' title='bbox 326 5115 434 5157; x_wconf 87' lang='lat' dir='ltr'><strong>non</strong></span> <span class='ocrx_word' id='word_1_768' title='bbox 466 5103 651 5168; x_wconf 84' lang='lat' dir='ltr'><strong>faciat,</strong></span> <span class='ocrx_word' id='word_1_769' title='bbox 692 5113 788 5159; x_wconf 89' lang='lat' dir='ltr'><strong>aut</strong></span> <span class='ocrx_word' id='word_1_770' title='bbox 817 5105 862 5159; x_wconf 90' lang='lat' dir='ltr'><strong>si</strong></span> <span class='ocrx_word' id='word_1_771' title='bbox 887 5116 942 5159; x_wconf 87' lang='lat' dir='ltr'><strong>et</strong></span> <span class='ocrx_word' id='word_1_772' title='bbox 973 5106 1232 5170; x_wconf 89' lang='lat' dir='ltr'><strong>secundo,</strong></span> <span class='ocrx_word' id='word_1_773' title='bbox 1257 5118 1350 5160; x_wconf 89' lang='lat' dir='ltr'><strong>aut</strong></span> <span class='ocrx_word' id='word_1_774' title='bbox 1372 5107 1534 5161; x_wconf 88' lang='lat' dir='ltr'><strong>etiam</strong></span> <span class='ocrx_word' id='word_1_775' title='bbox 1568 5111 1729 5165; x_wconf 90' lang='lat' dir='ltr'><strong>tertio</strong></span> <span class='ocrx_word' id='word_1_776' title='bbox 1758 5126 1893 5180; x_wconf 70' lang='lat' dir='ltr'><strong>prae-</strong></span> 
     </span>
    </p>
   </div>
   <div class='ocr_carea' id='block_1_100' title="bbox 330 5199 1896 5274">
    <p class='ocr_par' dir='ltr' id='par_1_100' title="bbox 330 5199 1896 5274">
     <span class='ocr_line' id='line_1_100' title="bbox 330 5199 1896 5274; baseline 0.005 -25"><span class='ocrx_word' id='word_1_777' title='bbox 330 5208 522 5251; x_wconf 82' lang='lat' dir='ltr'><strong>ventus</strong></span> <span class='ocrx_word' id='word_1_778' title='bbox 563 5208 675 5264; x_wconf 87' lang='lat' dir='ltr'><strong>est,</strong></span> <span class='ocrx_word' id='word_1_779' title='bbox 726 5199 865 5253; x_wconf 88' lang='lat' dir='ltr'><strong>ultra</strong></span> <span class='ocrx_word' id='word_1_780' title='bbox 918 5215 1022 5253; x_wconf 93' lang='lat' dir='ltr'><strong>non</strong></span> <span class='ocrx_word' id='word_1_781' title='bbox 1075 5200 1260 5255; x_wconf 88' lang='lat' dir='ltr'><strong>addat.</strong></span> <span class='ocrx_word' id='word_1_782' title='bbox 1319 5203 1414 5256; x_wconf 88' lang='lat' dir='ltr'><strong>Est</strong></span> <span class='ocrx_word' id='word_1_783' title='bbox 1443 5203 1586 5259; x_wconf 92' lang='lat' dir='ltr'><strong>enim</strong></span> <span class='ocrx_word' id='word_1_784' title='bbox 1625 5204 1763 5274; x_wconf 90' lang='lat' dir='ltr'><strong>apud</strong></span> <span class='ocrx_word' id='word_1_785' title='bbox 1807 5204 1896 5272; x_wconf 80' lang='lat' dir='ltr'><strong>ju-</strong></span> 
     </span>
    </p>
   </div>
   <div class='ocr_carea' id='block_1_101' title="bbox 397 5337 1978 5407">
    <p class='ocr_par' dir='ltr' id='par_1_101' title="bbox 397 5337 1978 5407">
     <span class='ocr_line' id='line_1_101' title="bbox 397 5337 1978 5407; baseline 0.004 -15"><span class='ocrx_word' id='word_1_786' title='bbox 397 5338 442 5372; x_wconf 80' lang='grc'>³³</span> <span class='ocrx_word' id='word_1_787' title='bbox 464 5337 656 5394; x_wconf 77' lang='lat' dir='ltr'><strong>Matth.</strong></span> <span class='ocrx_word' id='word_1_788' title='bbox 692 5339 857 5398; x_wconf 64' lang='lat'><strong>“1.2.</strong></span> <span class='ocrx_word' id='word_1_789' title='bbox 931 5339 976 5372; x_wconf 78' lang='lat'><strong>&quot;</strong></span> <span class='ocrx_word' id='word_1_790' title='bbox 1000 5338 1143 5395; x_wconf 83' lang='lat' dir='ltr'><strong>Psal.</strong></span> <span class='ocrx_word' id='word_1_791' title='bbox 1174 5357 1361 5406; x_wconf 66' lang='lat' dir='ltr'><strong>usus,</strong></span> <span class='ocrx_word' id='word_1_792' title='bbox 1400 5344 1453 5400; x_wconf 80' lang='lat'><strong>6.</strong></span> <span class='ocrx_word' id='word_1_793' title='bbox 1524 5344 1569 5375; x_wconf 78' lang='lat'><strong>‘°</strong></span> <span class='ocrx_word' id='word_1_794' title='bbox 1600 5341 1640 5396; x_wconf 93' lang='lat' dir='ltr'><strong>ll</strong></span> <span class='ocrx_word' id='word_1_795' title='bbox 1668 5344 1792 5399; x_wconf 84' lang='lat' dir='ltr'><strong>Cor.</strong></span> <span class='ocrx_word' id='word_1_796' title='bbox 1822 5362 1857 5407; x_wconf 87' lang='grc' dir='ltr'><strong>ι,</strong></span> <span class='ocrx_word' id='word_1_797' title='bbox 1892 5346 1978 5401; x_wconf 71' lang='grc'><strong>10.</strong></span> 
     </span>
    </p>
   </div>
   <div class='ocr_carea' id='block_1_102' title="bbox 328 5404 1902 5481">
    <p class='ocr_par' dir='ltr' id='par_1_102' title="bbox 328 5404 1902 5481">
     <span class='ocr_line' id='line_1_102' title="bbox 328 5404 1902 5481; baseline 0.004 -18"><span class='ocrx_word' id='word_1_798' title='bbox 328 5404 414 5464; x_wconf 69' lang='grc'><strong>26.</strong></span> <span class='ocrx_word' id='word_1_799' title='bbox 524 5409 571 5442; x_wconf 68' lang='grc'><strong>⁵⁸</strong></span> <span class='ocrx_word' id='word_1_800' title='bbox 609 5411 712 5463; x_wconf 84' lang='lat' dir='ltr'><strong>Isa.</strong></span> <span class='ocrx_word' id='word_1_801' title='bbox 742 5425 801 5476; x_wconf 89' lang='lat' dir='ltr'><strong>ll,</strong></span> <span class='ocrx_word' id='word_1_802' title='bbox 828 5412 884 5467; x_wconf 78' lang='lat'><strong>‘2.</strong></span> <span class='ocrx_word' id='word_1_803' title='bbox 971 5409 1016 5442; x_wconf 74' lang='lat'><strong>“</strong></span> <span class='ocrx_word' id='word_1_804' title='bbox 1050 5410 1211 5466; x_wconf 84' lang='lat' dir='ltr'><strong>Hebr.</strong></span> <span class='ocrx_word' id='word_1_805' title='bbox 1252 5404 1360 5481; x_wconf 81' lang='lat' dir='ltr'><strong>xu,</strong></span> <span class='ocrx_word' id='word_1_806' title='bbox 1396 5416 1450 5468; x_wconf 89' lang='lat'><strong>9.</strong></span> <span class='ocrx_word' id='word_1_807' title='bbox 1542 5413 1587 5446; x_wconf 74' lang='lat'><strong>“</strong></span> <span class='ocrx_word' id='word_1_808' title='bbox 1623 5414 1759 5471; x_wconf 85' lang='lat' dir='ltr'><strong>Gen.</strong></span> <span class='ocrx_word' id='word_1_809' title='bbox 1794 5404 1902 5469; x_wconf 70' lang='lat' dir='ltr'><strong>xlv.</strong></span> 
     </span>
    </p>
   </div>
   <div class='ocr_carea' id='block_1_103' title="bbox 401 5568 1872 5644">
    <p class='ocr_par' dir='ltr' id='par_1_103' title="bbox 401 5568 1872 5644">
     <span class='ocr_line' id='line_1_103' title="bbox 401 5568 1872 5644; baseline -0.007 -9"><span class='ocrx_word' id='word_1_810' title='bbox 401 5568 513 5644; x_wconf 64' lang='grc'><strong>(89)</strong></span> <span class='ocrx_word' id='word_1_811' title='bbox 553 5570 735 5644; x_wconf 67' lang='lat' dir='ltr'><strong>Qodex</strong></span> <span class='ocrx_word' id='word_1_812' title='bbox 767 5572 1075 5644; x_wconf 82' lang='lat' dir='ltr'><strong>Sangerm.,</strong></span> <span class='ocrx_word' id='word_1_813' title='bbox 1113 5594 1132 5626; x_wconf 74' lang='grc' dir='ltr'><strong><em>ο</em></strong></span> <span class='ocrx_word' id='word_1_814' title='bbox 1164 5573 1460 5642; x_wconf 87' lang='lat' dir='ltr'><strong>aliquanto.</strong></span> <span class='ocrx_word' id='word_1_815' title='bbox 1487 5594 1506 5627; x_wconf 84' lang='lat' dir='ltr'><strong>I</strong></span> <span class='ocrx_word' id='word_1_816' title='bbox 1868 5592 1872 5596; x_wconf 27' lang='grc' dir='ltr'><strong>Α</strong></span> 
     </span>
    </p>
   </div>
   <div class='ocr_carea' id='block_1_104' title="bbox 1995 4458 3558 4531">
    <p class='ocr_par' dir='ltr' id='par_1_104' title="bbox 1995 4458 3558 4531">
     <span class='ocr_line' id='line_1_104' title="bbox 1995 4458 3558 4531; baseline 0.001 -16"><span class='ocrx_word' id='word_1_817' title='bbox 1995 4474 2207 4515; x_wconf 87' lang='lat' dir='ltr'><strong>monent</strong></span> <span class='ocrx_word' id='word_1_818' title='bbox 2242 4460 2441 4514; x_wconf 71' lang='lat' dir='ltr'><strong>divinae</strong></span> <span class='ocrx_word' id='word_1_819' title='bbox 2472 4460 2606 4528; x_wconf 90' lang='lat' dir='ltr'><strong>legis</strong></span> <span class='ocrx_word' id='word_1_820' title='bbox 2652 4459 2975 4515; x_wconf 90' lang='lat' dir='ltr'><strong>audivimus.</strong></span> <span class='ocrx_word' id='word_1_821' title='bbox 3019 4458 3246 4530; x_wconf 90' lang='lat' dir='ltr'><strong>Propter</strong></span> <span class='ocrx_word' id='word_1_822' title='bbox 3277 4462 3390 4515; x_wconf 59' lang='lat' dir='ltr'><strong>haec</strong></span> <span class='ocrx_word' id='word_1_823' title='bbox 3429 4475 3558 4531; x_wconf 85' lang='lat' dir='ltr'><strong>ergo</strong></span> 
     </span>
    </p>
   </div>
   <div class='ocr_carea' id='block_1_105' title="bbox 1992 4549 3557 4623">
    <p class='ocr_par' dir='ltr' id='par_1_105' title="bbox 1992 4549 3557 4623">
     <span class='ocr_line' id='line_1_105' title="bbox 1992 4549 3557 4623; baseline 0 -17"><span class='ocrx_word' id='word_1_824' title='bbox 1992 4552 2208 4619; x_wconf 87' lang='lat' dir='ltr'><strong>omnia,</strong></span> <span class='ocrx_word' id='word_1_825' title='bbox 2260 4553 2566 4623; x_wconf 83' lang='lat' dir='ltr'><strong>quicunque</strong></span> <span class='ocrx_word' id='word_1_826' title='bbox 2617 4549 2957 4606; x_wconf 78' lang='lat' dir='ltr'><strong>maledixerit</strong></span> <span class='ocrx_word' id='word_1_827' title='bbox 3003 4556 3179 4623; x_wconf 90' lang='lat' dir='ltr'><strong>patri,</strong></span> <span class='ocrx_word' id='word_1_828' title='bbox 3223 4559 3315 4607; x_wconf 89' lang='lat' dir='ltr'><strong>aut</strong></span> <span class='ocrx_word' id='word_1_829' title='bbox 3358 4553 3557 4619; x_wconf 87' lang='lat' dir='ltr'><strong>matri,</strong></span> 
     </span>
    </p>
   </div>
   <div class='ocr_carea' id='block_1_106' title="bbox 1995 4642 3558 4711">
    <p class='ocr_par' dir='ltr' id='par_1_106' title="bbox 1995 4642 3558 4711">
     <span class='ocr_line' id='line_1_106' title="bbox 1995 4642 3558 4711; baseline -0.004 -13"><span class='ocrx_word' id='word_1_830' title='bbox 1995 4655 2169 4698; x_wconf 90' lang='lat' dir='ltr'><strong>morte</strong></span> <span class='ocrx_word' id='word_1_831' title='bbox 2210 4645 2493 4698; x_wconf 86' lang='lat' dir='ltr'><strong>morietur.</strong></span> <span class='ocrx_word' id='word_1_832' title='bbox 2520 4642 2671 4710; x_wconf 87' lang='lat' dir='ltr'><strong>Quod</strong></span> <span class='ocrx_word' id='word_1_833' title='bbox 2717 4644 2764 4698; x_wconf 89' lang='lat' dir='ltr'><strong>si</strong></span> <span class='ocrx_word' id='word_1_834' title='bbox 2804 4643 2919 4697; x_wconf 67' lang='lat' dir='ltr'><strong>haec</strong></span> <span class='ocrx_word' id='word_1_835' title='bbox 2960 4644 3024 4697; x_wconf 90' lang='lat' dir='ltr'><strong>de</strong></span> <span class='ocrx_word' id='word_1_836' title='bbox 3057 4643 3432 4711; x_wconf 77' lang='lat' dir='ltr'><strong>corporalibus</strong></span> <span class='ocrx_word' id='word_1_837' title='bbox 3464 4657 3558 4710; x_wconf 56' lang='lat' dir='ltr'><strong>pa.</strong></span> 
     </span>
    </p>
   </div>
   <div class='ocr_carea' id='block_1_107' title="bbox 1992 4731 3559 4802">
    <p class='ocr_par' dir='ltr' id='par_1_107' title="bbox 1992 4731 3559 4802">
     <span class='ocr_line' id='line_1_107' title="bbox 1992 4731 3559 4802; baseline -0.001 -12"><span class='ocrx_word' id='word_1_838' title='bbox 1992 4736 2236 4791; x_wconf 89' lang='lat' dir='ltr'><strong>rentibus</strong></span> <span class='ocrx_word' id='word_1_839' title='bbox 2268 4735 2655 4799; x_wconf 85' lang='lat' dir='ltr'><strong>decernuntur,</strong></span> <span class='ocrx_word' id='word_1_840' title='bbox 2694 4733 2824 4802; x_wconf 88' lang='lat' dir='ltr'><strong>quid</strong></span> <span class='ocrx_word' id='word_1_841' title='bbox 2856 4733 2933 4786; x_wconf 91' lang='lat' dir='ltr'><strong>illi</strong></span> <span class='ocrx_word' id='word_1_842' title='bbox 2982 4731 3204 4795; x_wconf 89' lang='lat' dir='ltr'><strong>facient,</strong></span> <span class='ocrx_word' id='word_1_843' title='bbox 3252 4734 3341 4800; x_wconf 85' lang='lat' dir='ltr'><strong>qui</strong></span> <span class='ocrx_word' id='word_1_844' title='bbox 3383 4736 3559 4789; x_wconf 85' lang='lat' dir='ltr'><strong>Deum</strong></span> 
     </span>
    </p>
   </div>
   <div class='ocr_carea' id='block_1_108' title="bbox 1994 4825 3562 4894">
    <p class='ocr_par' dir='ltr' id='par_1_108' title="bbox 1994 4825 3562 4894">
     <span class='ocr_line' id='line_1_108' title="bbox 1994 4825 3562 4894; baseline -0.001 -11"><span class='ocrx_word' id='word_1_845' title='bbox 1994 4827 2209 4883; x_wconf 89' lang='lat' dir='ltr'><strong>Patrem</strong></span> <span class='ocrx_word' id='word_1_846' title='bbox 2241 4827 2533 4882; x_wconf 87' lang='lat' dir='ltr'><strong>maledicis.</strong></span> <span class='ocrx_word' id='word_1_847' title='bbox 2553 4825 2778 4881; x_wconf 78' lang='lat' dir='ltr'><strong>vocibus</strong></span> <span class='ocrx_word' id='word_1_848' title='bbox 2819 4825 3129 4880; x_wconf 72' lang='lat' dir='ltr'><strong>lacessunt?</strong></span> <span class='ocrx_word' id='word_1_849' title='bbox 3171 4826 3262 4894; x_wconf 87' lang='lat' dir='ltr'><strong>qui</strong></span> <span class='ocrx_word' id='word_1_850' title='bbox 3307 4840 3430 4879; x_wconf 89' lang='lat' dir='ltr'><strong>eum</strong></span> <span class='ocrx_word' id='word_1_851' title='bbox 3463 4842 3562 4881; x_wconf 82' lang='lat' dir='ltr'><strong>ne-</strong></span> 
     </span>
    </p>
   </div>
   <div class='ocr_carea' id='block_1_109' title="bbox 1996 4917 3558 4990">
    <p class='ocr_par' dir='ltr' id='par_1_109' title="bbox 1996 4917 3558 4990">
     <span class='ocr_line' id='line_1_109' title="bbox 1996 4917 3558 4990; baseline -0.002 -17"><span class='ocrx_word' id='word_1_852' title='bbox 1996 4928 2126 4990; x_wconf 87' lang='lat' dir='ltr'><strong>gaut</strong></span> <span class='ocrx_word' id='word_1_853' title='bbox 2182 4919 2513 4973; x_wconf 88' lang='lat' dir='ltr'><strong>conditorem</strong></span> <span class='ocrx_word' id='word_1_854' title='bbox 2559 4932 2678 4973; x_wconf 88' lang='lat' dir='ltr'><strong>esse</strong></span> <span class='ocrx_word' id='word_1_855' title='bbox 2713 4918 2894 4971; x_wconf 89' lang='lat' dir='ltr'><strong>mundi</strong></span> <span class='ocrx_word' id='word_1_856' title='bbox 2939 4935 2954 4972; x_wconf 92' lang='lat'><strong>:</strong></span> <span class='ocrx_word' id='word_1_857' title='bbox 3004 4926 3097 4972; x_wconf 88' lang='lat' dir='ltr'><strong>aut</strong></span> <span class='ocrx_word' id='word_1_858' title='bbox 3145 4917 3237 4987; x_wconf 91' lang='lat' dir='ltr'><strong>qui</strong></span> <span class='ocrx_word' id='word_1_859' title='bbox 3280 4923 3558 4974; x_wconf 71' lang='lat' dir='ltr'><strong>cmlestem</strong></span> 
     </span>
    </p>
   </div>
   <div class='ocr_carea' id='block_1_110' title="bbox 1994 5008 3561 5080">
    <p class='ocr_par' dir='ltr' id='par_1_110' title="bbox 1994 5008 3561 5080">
     <span class='ocr_line' id='line_1_110' title="bbox 1994 5008 3561 5080; baseline -0.004 -12"><span class='ocrx_word' id='word_1_860' title='bbox 1994 5011 2294 5068; x_wconf 79' lang='lat' dir='ltr'><strong>Jerusalem</strong></span> <span class='ocrx_word' id='word_1_861' title='bbox 2328 5026 2448 5080; x_wconf 68' lang='lat' dir='ltr'><strong>quae</strong></span> <span class='ocrx_word' id='word_1_862' title='bbox 2476 5019 2559 5065; x_wconf 90' lang='lat' dir='ltr'><strong>est</strong></span> <span class='ocrx_word' id='word_1_863' title='bbox 2599 5018 2774 5063; x_wconf 85' lang='lat' dir='ltr'><strong>mater</strong></span> <span class='ocrx_word' id='word_1_864' title='bbox 2800 5011 3048 5064; x_wconf 90' lang='lat' dir='ltr'><strong>omnium</strong></span> <span class='ocrx_word' id='word_1_865' title='bbox 3091 5018 3368 5074; x_wconf 89' lang='lat' dir='ltr'><strong>nostrum,</strong></span> <span class='ocrx_word' id='word_1_866' title='bbox 3417 5008 3561 5063; x_wconf 83' lang='lat' dir='ltr'><strong>indi-</strong></span> 
     </span>
    </p>
   </div>
   <div class='ocr_carea' id='block_1_111' title="bbox 1997 5098 3559 5177">
    <p class='ocr_par' dir='ltr' id='par_1_111' title="bbox 1997 5098 3559 5177">
     <span class='ocr_line' id='line_1_111' title="bbox 1997 5098 3559 5177; baseline -0.006 -15"><span class='ocrx_word' id='word_1_867' title='bbox 1997 5107 2118 5177; x_wconf 88' lang='lat' dir='ltr'><strong>gnis</strong></span> <span class='ocrx_word' id='word_1_868' title='bbox 2156 5106 2421 5162; x_wconf 87' lang='lat' dir='ltr'><strong>sensibus</strong></span> <span class='ocrx_word' id='word_1_869' title='bbox 2486 5103 2848 5173; x_wconf 83' lang='lat' dir='ltr'><strong>intelligentes</strong></span> <span class='ocrx_word' id='word_1_870' title='bbox 2900 5101 3043 5157; x_wconf 90' lang='lat' dir='ltr'><strong>dicta</strong></span> <span class='ocrx_word' id='word_1_871' title='bbox 3096 5101 3448 5170; x_wconf 89' lang='lat' dir='ltr'><strong>prophetica,</strong></span> <span class='ocrx_word' id='word_1_872' title='bbox 3491 5098 3559 5153; x_wconf 85' lang='lat' dir='ltr'><strong>ad</strong></span> 
     </span>
    </p>
   </div>
   <div class='ocr_carea' id='block_1_112' title="bbox 1999 5188 3562 5269">
    <p class='ocr_par' dir='ltr' id='par_1_112' title="bbox 1999 5188 3562 5269">
     <span class='ocr_line' id='line_1_112' title="bbox 1999 5188 3562 5269; baseline -0.008 -13"><span class='ocrx_word' id='word_1_873' title='bbox 1999 5202 2363 5256; x_wconf 89' lang='lat' dir='ltr'><strong>conditionem</strong></span> <span class='ocrx_word' id='word_1_874' title='bbox 2415 5209 2644 5254; x_wconf 84' lang='lat' dir='ltr'><strong>terrenae</strong></span> <span class='ocrx_word' id='word_1_875' title='bbox 2677 5200 2904 5269; x_wconf 80' lang='lat' dir='ltr'><strong>alicujus</strong></span> <span class='ocrx_word' id='word_1_876' title='bbox 2933 5197 3081 5252; x_wconf 91' lang='lat' dir='ltr'><strong>urbis</strong></span> <span class='ocrx_word' id='word_1_877' title='bbox 3111 5192 3422 5248; x_wconf 79' lang='lat' dir='ltr'><strong>adducunt?</strong></span> <span class='ocrx_word' id='word_1_878' title='bbox 3459 5188 3562 5246; x_wconf 85' lang='lat' dir='ltr'><strong>Bo-</strong></span> 
     </span>
    </p>
   </div>
   <div class='ocr_carea' id='block_1_113' title="bbox 2065 5335 3556 5405">
    <p class='ocr_par' dir='ltr' id='par_1_113' title="bbox 2065 5335 3556 5405">
     <span class='ocr_line' id='line_1_113' title="bbox 2065 5335 3556 5405; baseline -0.007 -6"><span class='ocrx_word' id='word_1_879' title='bbox 2065 5345 2119 5379; x_wconf 59' lang='lat'>”</span> <span class='ocrx_word' id='word_1_880' title='bbox 2150 5345 2323 5399; x_wconf 81' lang='lat' dir='ltr'><strong>Levit.</strong></span> <span class='ocrx_word' id='word_1_881' title='bbox 2351 5358 2444 5405; x_wconf 78' lang='lat' dir='ltr'><strong>xx,</strong></span> <span class='ocrx_word' id='word_1_882' title='bbox 2482 5343 2536 5400; x_wconf 91' lang='lat'><strong>9.</strong></span> <span class='ocrx_word' id='word_1_883' title='bbox 2620 5341 2669 5374; x_wconf 77' lang='lat'>“</span> <span class='ocrx_word' id='word_1_884' title='bbox 2704 5341 2860 5399; x_wconf 89' lang='lat' dir='ltr'><strong>Deut.</strong></span> <span class='ocrx_word' id='word_1_885' title='bbox 2902 5354 3077 5405; x_wconf 76' lang='lat' dir='ltr'><strong>xxx&quot;,</strong></span> <span class='ocrx_word' id='word_1_886' title='bbox 3118 5337 3171 5393; x_wconf 88' lang='lat'><strong>6.</strong></span> <span class='ocrx_word' id='word_1_887' title='bbox 3246 5335 3293 5370; x_wconf 80' lang='grc'><strong>’⁵³</strong></span> <span class='ocrx_word' id='word_1_888' title='bbox 3329 5335 3449 5394; x_wconf 85' lang='lat' dir='ltr'><strong>Gal.</strong></span> <span class='ocrx_word' id='word_1_889' title='bbox 3478 5350 3556 5402; x_wconf 84' lang='lat' dir='ltr'><strong>tv,</strong></span> 
     </span>
    </p>
   </div>
   <div class='ocr_carea' id='block_1_114' title="bbox 1974 5416 2453 5480">
    <p class='ocr_par' dir='ltr' id='par_1_114' title="bbox 1974 5416 2453 5480">
     <span class='ocr_line' id='line_1_114' title="bbox 1974 5416 2453 5480; baseline -0.006 -10"><span class='ocrx_word' id='word_1_890' title='bbox 1974 5417 2019 5449; x_wconf 66' lang='grc'>⁸⁷</span> <span class='ocrx_word' id='word_1_891' title='bbox 2060 5416 2222 5470; x_wconf 86' lang='lat' dir='ltr'><strong>Hebr.</strong></span> <span class='ocrx_word' id='word_1_892' title='bbox 2248 5431 2320 5470; x_wconf 81' lang='lat' dir='ltr'><strong>vn</strong></span> <span class='ocrx_word' id='word_1_893' title='bbox 2345 5458 2358 5480; x_wconf 87' lang='lat'><strong>,</strong></span> <span class='ocrx_word' id='word_1_894' title='bbox 2402 5416 2453 5468; x_wconf 75' lang='lat' dir='ltr'><strong>l.</strong></span> 
     </span>
    </p>
   </div>
   <div class='ocr_carea' id='block_1_115' title="bbox 404 5636 3355 5716">
    <p class='ocr_par' dir='ltr' id='par_1_115' title="bbox 404 5636 3355 5716">
     <span class='ocr_line' id='line_1_115' title="bbox 404 5636 3355 5716; baseline -0.006 -10"><span class='ocrx_word' id='word_1_895' title='bbox 404 5642 515 5708; x_wconf 74' lang='lat'><strong>(90)</strong></span> <span class='ocrx_word' id='word_1_896' title='bbox 553 5641 732 5699; x_wconf 64' lang='lat' dir='ltr'><strong>Codex</strong></span> <span class='ocrx_word' id='word_1_897' title='bbox 797 5636 1115 5713; x_wconf 65' lang='lat' dir='ltr'><strong>SangermL,</strong></span> <span class='ocrx_word' id='word_1_898' title='bbox 1162 5662 1187 5702; x_wconf 71' lang='grc' dir='ltr'><strong>α</strong></span> <span class='ocrx_word' id='word_1_899' title='bbox 1224 5636 1534 5716; x_wconf 77' lang='lat' dir='ltr'><strong>spirituum.</strong></span> <span class='ocrx_word' id='word_1_900' title='bbox 1560 5664 1579 5699; x_wconf 75' lang='grc' dir='ltr'><strong><em>ι</em></strong></span> <span class='ocrx_word' id='word_1_901' title='bbox 1636 5644 1779 5703; x_wconf 79' lang='lat' dir='ltr'><strong>Tres</strong></span> <span class='ocrx_word' id='word_1_902' title='bbox 1825 5646 1919 5703; x_wconf 85' lang='lat' dir='ltr'><strong>alii</strong></span> <span class='ocrx_word' id='word_1_903' title='bbox 1955 5661 2110 5715; x_wconf 81' lang='lat' dir='ltr'><strong>mss.,</strong></span> <span class='ocrx_word' id='word_1_904' title='bbox 2148 5664 2172 5698; x_wconf 77' lang='grc' dir='ltr'><strong>ι</strong></span> <span class='ocrx_word' id='word_1_905' title='bbox 2199 5642 2558 5716; x_wconf 79' lang='lat' dir='ltr'><strong>spiritualetn.</strong></span> <span class='ocrx_word' id='word_1_906' title='bbox 2586 5663 2607 5697; x_wconf 76' lang='grc' dir='ltr'><strong>ι</strong></span> <span class='ocrx_word' id='word_1_907' title='bbox 2645 5642 2800 5700; x_wconf 87' lang='lat' dir='ltr'><strong>Libb.</strong></span> <span class='ocrx_word' id='word_1_908' title='bbox 2832 5639 2986 5708; x_wconf 80' lang='lat' dir='ltr'><strong>editi,</strong></span> <span class='ocrx_word' id='word_1_909' title='bbox 3021 5636 3355 5709; x_wconf 66' lang='lat' dir='ltr'><strong>«spiritum:</strong></span> 
     </span>
    </p>
   </div>
  </div>
