4024 6146
488 235 593 285 555

1943 223 2260 279 ORIGEMS

3608 235 3717 291 536

486 359 614 398 num
661 358 790 413 ergo
835 351 916 397 est
967 343 1281 407 observare,
1321 343 1607 414 nequando
1650 349 1744 396 aut
1777 341 2048 396 carnalem
2080 346 2124 400 Α
2153 355 2376 395 uxorem
2415 342 2676 413 virginem
2720 345 2787 400 de
2819 359 3015 415 genere
3053 361 3153 402 suo
3195 347 3442 418 accipiet.
3481 349 3711 405 Viduam

485 445 728 504 patrem,
768 444 860 486 aut
903 434 1179 488 ctelestem
1225 437 1404 489 minus
1437 437 1598 504 digna
1635 434 2046 489 honoriﬁcentia

482 541 810 580 veneremur
841 524 1094 578 similiter
1135 535 1190 579 et
1234 536 1495 593 matrem;
1547 529 1842 582 observare
1884 528 2046 583 etiam

477 631 643 671 omne.
683 618 1020 681 mandatum,
1048 618 1190 687 quod
1224 618 1382 674 nobis
1435 620 1774 688 pudicitiam,
1819 620 2046 674 castita-

481 715 700 774 temque
728 709 1094 768 commendat,
1128 717 1186 761 ut
1219 724 1397 777 neque
1439 710 1492 764 in
1526 711 1774 779 praesenti
1816 712 1924 765 vita
1961 727 2047 766 se-

481 800 712 852 cundum
755 798 922 866 legem
958 799 1177 853 obnoxii
1222 801 1394 855 simus
1425 803 1612 867 morti,
1647 817 1818 871 neque
1845 819 2046 859 isecun-

479 888 603 940 dum
638 889 930 956 spiritalem
978 891 1146 958 legem
1190 891 1300 962 (9|)
1353 892 1530 947 futura
1577 909 1675 949 nos
1722 909 1880 963 paena
1925 910 2042 948 ma-

479 986 602 1030 neat
638 977 776 1048 ignis
806 981 1027 1044 aeterni;
1064 995 1132 1034 ex
1165 995 1274 1047 quo
1306 981 1547 1050 ell'ugere
1584 991 1638 1035 et
1677 982 1902 1038 evadere
1931 998 2043 1036 om-

478 1067 636 1120 nibus
671 1069 826 1121 nobis
858 1069 1122 1123 concedat
1165 1069 1422 1126 Dominus
1471 1079 1656 1125 noster
1691 1069 1852 1127 Jesus
1881 1070 2040 1126 Chri-

473 1169 613 1222 stus,
649 1160 736 1213 cui
768 1170 855 1215 est
887 1160 1057 1231 gloria
1087 1171 1142 1216 et
1172 1163 1459 1231 imperium
1499 1163 1555 1216 in
1588 1163 1781 1218 saecula
1815 1165 2038 1219 saeculo-

476 1265 620 1304 rum.
651 1252 842 1306 Anien.

1039 1341 1320 1398 HOMILIA
1360 1342 1473 1400 ΧΠ.

950 1431 1023 1487 De
1052 1450 1240 1504 magno
1273 1438 1564 1492 sacerdote.

554 1525 606 1580 l.
632 1524 820 1582 Omnis
843 1527 932 1595 qui
958 1527 1095 1580 inter
1119 1529 1366 1583 homines
1388 1532 1642 1586 sacerdos
1670 1541 1771 1597 est,
1791 1534 1856 1587 ad
1885 1533 2034 1588 illum

475 1612 811 1668 sacerdotem
862 1614 1021 1685 (92),
1059 1615 1126 1669 de
1164 1631 1273 1686 quo
1315 1618 1453 1673 dixit
1496 1621 1704 1676 Deus‘3
1743 1640 1757 1676 :
1799 1642 1817 1674 ε
1849 1621 1927 1675 Tu
1972 1639 2031 1677 es

475 1705 730 1760 sacerdos
762 1706 815 1759 in
861 1715 1122 1762 aeternum
1171 1710 1468 1764 secundum
1519 1713 1764 1769 ordinem
1816 1714 2036 1770 Melcbi-
2067 1695 2107 1748 Β

475 1797 726 1862 ςθᾱθοιω
760 1812 957 1867 parvus
986 1809 1063 1854 est
1098 1810 1151 1852 et
1194 1801 1442 1870 exiguus.
1467 1804 1560 1859 Ille
1589 1815 1673 1861 est
1705 1816 1886 1862 autem
1929 1825 2035 1863 ma-

475 1905 614 1958 gnus
643 1891 918 1959 sacerdos,
947 1893 1038 1961 qui
1074 1899 1247 1961 potest
1277 1905 1560 1964 penetrare
1607 1898 1795 1964 caelos,
1827 1911 1882 1953 et
1909 1901 2031 1955 uni-

474 1996 686 2037 versam
707 1986 1018 2055 supergredi
1043 1997 1365 2052 creaturam,
1394 1997 1448 2041 et
1475 1990 1765 2044 ascendere
1789 1992 1855 2045 ad
1887 2007 2030 2058 eum,

474 2076 568 2143 qui
623 2077 841 2132 «lucem
900 2078 1106 2132 habitat
1156 2079 1579 2136 inaccessibilem
1622 2082 1729 2148 ‘9,»
1783 2084 1945 2139 Deum
1980 2093 2034 2138 et

472 2167 690 2222 Patrem
715 2170 1107 2225 universitatis.
1133 2169 1360 2239 Propter
1391 2175 1532 2242 quod
1558 2182 1614 2229 et
1637 2174 1750 2243 ille,
1773 2177 1866 2245 qui
1891 2178 2030 2247 apud

471 2257 684 2315 Judazos
719 2276 946 2331 magnus
997 2262 1274 2318 dicebatur
1316 2265 1590 2330 sacerdos,
1621 2267 1879 2322 introibat
1907 2269 2031 2338 quiu

473 2354 596 2408 dem
632 2354 686 2407 in
724 2363 934 2418 sancta,
975 2357 1068 2410 sed
1115 2371 1274 2410 manu
1306 2356 1470 2423 facta,
1499 2359 1594 2414 sed
1625 2359 1892 2430 lapidibus
1935 2377 2030 2417 ex-

473 2453 716 2499 structa:
753 2460 857 2499 non
889 2447 1217 2502 ascendebat
1248 2449 1303 2501 in
1337 2448 1559 2516 coelum,
1593 2465 1692 2506 nec
1726 2459 1904 2509 astare
1935 2467 2029 2524 po-

471 2542 613 2589 terat
653 2538 792 2604 apud
825 2537 1043 2592 Patrem
1079 2539 1364 2593 luminum.
1393 2540 1497 2595 Sed
1526 2543 1653 2611 quia
1684 2544 1874 2598 horum
1909 2560 2028 2599 um-

470 2627 623 2681 bram
653 2628 910 2697 implebat
940 2638 993 2683 et
1029 2629 1323 2700 imaginem
1348 2671 1364 2696 ,
1414 2633 1617 2688 idcirco
1646 2636 1808 2689 etiam
1851 2637 2025 2704 magni

471 2720 766 2774 sacerdotis
821 2734 1013 2776 nomen
1048 2734 1142 2790 per
1174 2723 1420 2776 umbram
1467 2726 1686 2792 gerebat
1731 2736 1786 2781 et
1838 2726 2029 2796 imagi-

469 2827 612 2867 nem.
649 2812 799 2867 Unde
840 2822 894 2866 et
923 2812 1088 2867 Judaai
1137 2826 1235 2882 per
1269 2815 1370 2870 hoc
1399 2817 1540 2884 quod
1581 2819 1647 2872 ad
1696 2819 1852 2873 ﬁdem
1901 2833 2028 2886 pro-

467 2902 598 2956 ximi
642 2919 762 2958 esse
791 2905 1117 2972 debuissent,
1153 2910 1280 2975 quia
1319 2910 1457 2977 apud
1499 2910 1644 2978 ipsos
1682 2911 2024 2965 adumbratio

469 2998 712 3062 quaedam
750 3006 804 3051 et
852 2999 1029 3067 imago
1075 2998 1400 3068 praebuerat
1439 3001 1552 3071 (95)
1602 3003 1866 3067 veritatis,
1898 3004 2022 3056 dum

471 3096 629 3157 typos
664 3089 946 3142 veritatem
973 3099 1187 3158 putant,
1229 3091 1514 3145 veritatem
1563 3093 1730 3161 ipsam
1772 3103 2025 3162 tanquam

469 3178 811 3233 mendacium
861 3191 1210 3249 respueruut.
1242 3180 1350 3236 Nos
1388 3191 1567 3238 autem
1599 3187 1689 3252 qui
1737 3186 2026 3253 recipimus

473 3283 726 3335 maguum
785 3271 1158 3335 sacerdotem,
1214 3273 1520 3342 intelligere
1576 3276 1835 3332 debemus
1885 3292 2025 3344 quo-

469 3361 627 3412 modo
651 3374 775 3413 vere
811 3359 925 3427 ipse
959 3361 1033 3416 sit
1066 3376 1290 3429 magnus
1325 3365 1596 3420 sacerdos.
1631 3365 1766 3420 Vere
1800 3383 2027 3436 magnus

467 3449 716 3506 sacerdos
758 3459 844 3506 est
887 3452 976 3521 qui
1023 3462 1243 3524 peccata
1296 3455 1553 3521 dimittit,
1601 3473 1704 3510 non
1751 3474 1845 3528 per
1893 3475 2022 3513 san-

468 3543 680 3611 guinem
735 3552 1009 3599 taurorum
1055 3555 1112 3600 et
1160 3546 1466 3611 hircorum,
1518 3550 1610 3603 sed
1661 3565 1756 3620 per
1802 3552 2026 3622 sangui--

468 3650 589 3688 nem
634 3635 796 3706 250
835 3652 1010 3693 suum.
1063 3637 1198 3704 Quia
1249 3654 1377 3709 ergo
1423 3642 1771 3710 cognovimus
1817 3643 1906 3711 qui
1955 3643 2026 3696 sit

466 3742 692 3794 magnus
729 3731 1004 3797 sacerdos,
1048 3741 1104 3786 et
1152 3734 1479 3786 conﬁtemur
1524 3749 1590 3787 ea
1629 3749 1748 3802 quae
1798 3736 1851 3789 in
1908 3736 2025 3805 lege

468 3818 670 3886 scripta
713 3831 860 3886 sunt,
893 3823 957 3877 de
997 3839 1192 3893 magno
1229 3823 1512 3879 sacerdote
1554 3826 1754 3897 scripta
1803 3842 1942 3893 esse,
1971 3829 2026 3883 id

466 3915 548 3960 est
605 3913 671 3963 de
713 3907 1027 3974 Salvatore,
1075 3929 1238 3981 quem
1284 3927 1415 3968 vere
1465 3927 1716 3982 magnum
1770 3915 2026 3969 sacerdo-

468 4006 572 4050 tem
610 4011 730 4052 esse
772 4001 1017 4068 superior
1070 4012 1336 4058 tractatus
1403 4003 1640 4059 ostendit
1681 4020 1695 4056 :
1746 4005 2027 4060 videamus

468 4102 612 4142 nunc
634 4103 754 4159 quae
787 4092 915 4161 sint,
953 4108 1072 4162 quae
1119 4096 1186 4150 de
1226 4109 1290 4149 eo
1335 4093 1423 4149 lex
1477 4095 1792 4164 prophetico
1833 4099 2024 4165 Spiritu

469 4181 679 4235 scribit.
1704 4189 1710 4197 '

537 4275 592 4328 2.
634 4292 653 4326 ι
684 4275 746 4329 Et
778 4277 1054 4341 sacerdos,
1100 4275 1274 4346 inquit
1299 4277 1368 4344 '°,
1400 4294 1624 4348 magnus
1662 4294 1727 4334 ex
1769 4278 2025 4336 fratribus

2148 445 2326 489 autem
2355 441 2410 488 et
2436 435 2685 504 ejectam,
2711 445 2768 491 et
2801 437 3077 506 pollutam,
3113 449 3168 494 et
3201 441 3562 506 meretricem,
3609 443 3712 498 has

2149 542 2254 581 non
2287 529 2545 598 accipiet;
2575 529 2671 583 sed
2702 530 2965 600 virginem
3009 545 3077 586 ex
3116 546 3313 602 genere
3347 548 3443 587 suo
3480 535 3714 604 accipiet

2148 635 2392 687 uxorem,
2421 633 2476 677 et
2519 639 2625 679 non
2677 623 2971 678 maculabit
3009 638 3193 677 semen
3225 639 3383 678 suum
3425 625 3476 680 in
3512 625 3712 694 popqu

2145 728 2277 776 suo;
2311 728 2410 782 ego
2444 715 2702 770 Dominus
2725 718 2818 783 qui
2850 714 3131 769 sanctiﬁco
3161 728 3338 770 eum.»
3373 715 3560 770 Fuerit
3587 719 3710 785 qui-

2144 803 2264 858 dem
2295 805 2458 859 etiam
2487 807 2627 874 apud
2673 805 2885 861 Iudaeos
2917 807 3096 877 imago
3127 807 3290 876 hujus
3321 809 3702 875 observantiae,

2145 906 2200 950 et
2247 897 2509 951 custodita
2540 898 2653 952 sint
2685 915 2804 967 quae
2836 899 2920 953 lex
2956 900 3144 954 statuit
3170 917 3199 955 a
3237 901 3580 970 pontiﬁcibus
3612 901 3709 957 Ju-

2144 993 2376 1042 dzcorum
2402 1006 2416 1044 :
2445 991 2537 1044 sed
2567 1001 2620 1042 et
2651 990 2695 1044 si
2722 989 3005 1058 diligenter
3029 1000 3222 1045 cuncta
3251 1000 3463 1046 servata
3493 991 3625 1055 sint,
3653 1002 3709 1046 et

2143 1079 2186 1132 si
2231 1080 2407 1132 omnia
2440 1093 2558 1148 quae
2603 1077 2688 1130 lex
2725 1079 3010 1147 praecepit,
3043 1078 3257 1145 impleta
3293 1079 3434 1143 sint,
3479 1093 3581 1131 nec
3623 1079 3705 1131 sic

2139 1175 2356 1243 quidem
2400 1173 2580 1227 omnis
2611 1173 2727 1226 haec
2761 1171 3071 1226 observatio
3105 1186 3358 1240 magnum
3397 1172 3573 1239 potuit
3621 1170 3700 1223 fa-

2140 1281 2264 1320 cere
2326 1267 2681 1320 sacerdotem.
2733 1264 3015 1331 Quomodo
3064 1264 3265 1317 etenim
3319 1275 3544 1331 magnus
3596 1262 3702 1315 dici

2137 1365 2317 1426 potest
2348 1357 2621 1423 sacerdos,
2669 1357 2762 1426 qui
2809 1369 3035 1425 peccare
3083 1354 3294 1424 potest?
3333 1353 3486 1419 Quod
3522 1363 3702 1407 autem

2137 1447 2237 1502 sub
2267 1457 2489 1516 peccato
2513 1446 2715 1503 fuerint
2743 1461 2934 1502 omnes
2953 1445 3119 1501 etiam
3149 1445 3328 1514 magni
3368 1443 3700 1507 sacerdotes,

2136 1549 2191 1594 et
2227 1553 2294 1594 ex
2325 1541 2428 1594 hoc
2457 1540 2572 1609 ipso
2603 1539 2760 1593 facile
2802 1537 3158 1602 advertimus,
3200 1536 3343 1604 quod
3376 1535 3466 1588 lex
3498 1535 3689 1602 praeci-

2137 1633 2244 1702 pit,
2281 1641 2338 1687 ut
2366 1633 2515 1702 prius
2547 1647 2642 1701 pro
2689 1633 2825 1696 suis,
2861 1641 2980 1701 post
3015 1633 3176 1684 etiam
3210 1644 3308 1698 pro
3351 1629 3533 1699 populi
3577 1644 3703 1699 pec-

2141 1725 2275 1779 catis
2310 1723 2502 1779 oﬁ‘erat
2532 1725 2764 1779 hostiam
2799 1723 3076 1778 sacerdos.
3117 1721 3396 1787 Quomodo
3429 1735 3559 1789 ergo
3590 1735 3702 1772 nia-

2139 1831 2278 1885 guns
2298 1826 2382 1869 est
2403 1815 2502 1870 sub
2533 1823 2760 1884 peccato
2787 1812 3032 1883 positus?
3063 1811 3210 1866 Meus
3235 1820 3413 1865 autem
3441 1813 3701 1864 sacerdos

2140 1921 2364 1978 magnus
2387 1905 2544 1963 Jesus
2572 1907 2779 1961 idcirco
2811 1920 3038 1974 magnus
3068 1915 3172 1968 est,
3208 1920 3226 1954 ι
3253 1904 3378 1971 quia
3407 1909 3696 1971 peccatum

2138 2015 2246 2054 non
2291 1999 2446 2064 fecit,
2491 2013 2591 2052 nec
2634 1999 2889 2052 inventus
2926 2007 3010 2052 est
3043 1996 3199 2050 dolus
3239 1995 3291 2048 in
3341 2010 3437 2049 ore
3479 1993 3596 2062 ejus
3616 1993 3695 2058 ³¹;

2137 2104 2191 2148 et
2219 2093 2342 2160 quia
2373 2092 2519 2146 venit
2539 2091 2605 2144 ad
2635 2104 2756 2143 eum
2786 2089 3043 2159 princeps
3077 2087 3232 2155 hujus
3263 2087 3470 2153 mundi,
3499 2097 3556 2139 et
3584 2101 3692 2139 nou

2137 2184 2343 2238 invertit
2390 2183 2443 2236 in
2481 2197 2544 2237 eo
2577 2181 2868 2251 quidquam
2892 2181 2961 2235 ⁵³.
2991 2199 3010 2232 ι
3060 2179 3187 2234 Ideo
3225 2193 3352 2248 ergo
3390 2187 3448 2232 et
3476 2175 3693 2232 Gabriel

2135 2275 2491 2343 archangelus
2516 2272 2854 2326 nativitatem
2886 2270 3002 2340 ejus
3040 2270 3346 2334 annuntiat,
3371 2279 3427 2324 et
3454 2269 3582 2324 dicit
3604 2268 3690 2326 “:

2141 2385 2160 2417 ι
2189 2365 2287 2420 llic
2331 2366 2436 2419 erit
2470 2377 2719 2433 magnus,
2762 2371 2819 2417 et
2852 2362 2994 2416 ﬁlius
3027 2360 3294 2416 Altissimi
3335 2361 3634 2416 vocabitur.
3663 2377 3686 2414 ι

2133 2457 2421 2512 Peccatum
2445 2453 2718 2508 hominem
2746 2467 2968 2522 parvum
2995 2451 3124 2506 facit
3143 2461 3200 2506 et
3220 2453 3497 2522 exiguum,
3523 2452 3693 2508 virtus

2132 2552 2455 2605 eminentem
2500 2555 2719 2619 praestat
2745 2557 2801 2603 et
2831 2561 3109 2614 magnum.
3140 2545 3295 2601 Sicut
3339 2547 3483 2600 enim
3529 2546 3686 2615 aegri-

2135 2645 2262 2698 tudo
2302 2644 2549 2713 corporis
2589 2641 2737 2696 exile
2769 2650 2825 2696 et
2874 2639 3129 2709 exiguum
3176 2637 3304 2692 facit
3347 2652 3544 2706 corpus
3590 2639 3687 2690 ho-

2133 2735 2316 2800 minis,
2355 2734 2559 2790 sanitas
2590 2747 2720 2788 vero
2767 2731 2949 2787 laetum
2989 2730 3163 2784 reddit
3193 2739 3249 2784 et
3284 2729 3518 2783 validum
3555 2747 3568 2782 :
3613 2729 3685 2782 ita

2131 2830 2368 2898 intellige
2393 2829 2518 2898 quia
2558 2838 2613 2882 et
2642 2827 2878 2882 animam
2910 2825 3173 2895 aegritudo
3216 2823 3434 2893 quidem
3475 2823 3680 2892 peccati

2131 2922 2389 2976 humilem
2435 2921 2568 2974 facit
2601 2930 2657 2974 et
2689 2931 2947 2988 parvam,
2989 2916 3194 2972 sanitas
3238 2928 3368 2968 vero
3414 2913 3688 2967 interioris

2130 3013 2364 3068 hominis
2387 3021 2440 3068 et
2485 3011 2702 3066 virtutis
2741 3024 2929 3080 opera,
2961 3022 3207 3078 magnam
3238 3005 3442 3060 faciunt
3485 3020 3602 3058 eam
3633 3014 3687 3057 et

2129 3105 2481 3171 eminentem,
2514 3114 2570 3159 et
2599 3112 2856 3172 quantum
2890 3105 2942 3156 in
2974 3103 3262 3156 virtutibus
3292 3099 3510 3163 crescit,
3539 3107 3686 3152 tanta

2128 3197 2476 3266 prolixiorem
2524 3195 2703 3250 reddit
2733 3194 3152 3265 magnitudinem
3200 3192 3304 3246 sui.
3349 3190 3441 3245 Sic
3467 3205 3570 3258 ego
3604 3191 3686 3242 in-

2129 3288 2307 3356 telligo
2343 3287 2470 3340 illud
2521 3286 2662 3356 quod
2717 3285 2785 3340 de
2832 3284 2962 3340 Jesu
3015 3285 3274 3353 scriptum
3325 3280 3510 3348 est“,
3558 3277 3698 3351 quia-

2133 3400 2151 3432 ‹
2185 3380 2500 3450 proﬁciebat
2545 3378 2842 3448 sapientia,
2890 3387 2946 3432 et
2993 3387 3173 3444 aetate,
3216 3383 3270 3430 et
3321 3375 3492 3443 gratia
3544 3372 3684 3441 apud

2127 3475 2296 3529 Deum
2343 3483 2397 3529 et
2431 3473 2697 3526 homines.
2725 3489 2743 3521 ι
2798 3470 2927 3524 Nam
2977 3469 3102 3537 quis
3137 3476 3221 3521 est
3259 3467 3534 3520 hominum
3585 3463 3675 3532 qui

2127 3577 2234 3616 non
2268 3560 2514 3630 proﬁciat
2541 3568 2699 3614 aetate
2733 3559 2785 3612 in
2827 3557 3081 3627 pueritia,
3111 3567 3169 3610 ut
3206 3556 3306 3610 hoc
3341 3554 3488 3609 velut
3527 3567 3682 3620 egre-

2126 3651 2269 3720 gium
2296 3650 2550 3719 quiddam
2579 3651 2645 3704 de
2669 3646 2795 3702 Jesu
2822 3645 3187 3703 scriberetur?
3212 3645 3294 3699 Ad
3325 3653 3375 3698 te
3401 3644 3514 3696 haec
3538 3641 3680 3702 dicu,

2125 3741 2217 3812 qui
2248 3738 2604 3810 corporaliter
2647 3739 2803 3793 audis
2832 3737 2975 3807 quod
3004 3734 3159 3791 Jesus
3193 3743 3349 3789 aetate
3378 3731 3679 3802 proﬁceret.

2125 3832 2367 3902 lntellige
2386 3845 2514 3900 ergo
2535 3831 2657 3896 quia
2681 3838 2840 3884 aztate
2858 3828 3048 3882 anima:
3070 3826 3401 3896 proﬁciebat,
3419 3832 3474 3877 et
3492 3837 3678 3889 magna

2126 3924 2288 3978 ﬁebat
2315 3923 2493 3976 anima
2523 3921 2636 3989 ejus
2666 3928 2886 3990 propter
2931 3933 3122 3987 magna
3147 3926 3202 3971 et
3240 3914 3476 3984 ingentia
3520 3926 3680 3982 opera

2125 4031 2245 4085 qua:
2274 4014 2522 4069 faciebat.
2551 4013 2788 4082 Denique
2806 4011 2983 4067 sciens
3005 4019 3060 4064 et
3085 4007 3369 4078 Apostolus
3396 4009 3536 4061 hanc
3565 4013 3684 4059 aeta-

2127 4119 2232 4162 tem
2261 4108 2328 4162 de
2363 4105 2604 4162 interiori
2648 4103 2868 4158 homine
2893 4102 3252 4164 sentiendant,
3281 4101 3350 4153 ita
3381 4098 3571 4154 scribit
3592 4097 3635 4127 "
3663 4113 3676 4148 :

2131 4219 2149 4253 ι
2179 4201 2358 4256 Donec
2387 4213 2573 4252 omnes
2599 4211 2953 4250 occurramus
2982 4195 3032 4247 in
3069 4193 3241 4247 virum
3271 4192 3594 4262 perfectum,
3628 4190 3680 4244 in

2126 4307 2437 4348 mensuram
2489 4290 2666 4345 aetatis
2701 4288 3050 4358 plenitudinis
3092 4286 3360 4341 Christi.»
3410 4283 3543 4337 Nam
3597 4297 3684 4337 se-

467 4369 601 4433 suis,
629 4369 714 4422 cui
742 4369 977 4425 infusum
1021 4379 1102 4426 est
1133 4385 1295 4438 super
1337 4381 1498 4438 caput
1527 4373 1641 4441 ejus
1668 4373 1848 4427 oleum
1876 4374 2023 4441 chri-
2054 4390 2099 4446 υ
2125 4380 2358 4434 cundum
2385 4393 2582 4448 corpus
2631 4391 2880 4432 crescere
2904 4385 2955 4430 et
3000 4389 3254 4445 magnum
3288 4375 3431 4438 ﬁeri,
3468 4388 3570 4426 non
3601 4379 3682 4425 est

467 4463 678 4528 sinatis,
715 4471 768 4516 ct
817 4461 1080 4532 perfectas
1128 4464 1290 4518 habet
1327 4481 1515 4519 manus
1555 4481 1702 4532 suas,
1737 4476 1796 4519 ut
1838 4466 2023 4520 induat

467 4563 652 4607 sancta
683 4556 1000 4608 vestimenta
1033 4556 1099 4609 de
1139 4556 1313 4623 capite
1353 4557 1576 4611 cidarim
1618 4574 1726 4612 non
1767 4559 2019 4627 deponet,

464 4645 782 4698 vestimenta
825 4659 919 4699 sua
965 4661 1072 4700 non
1117 4647 1440 4716 disrumpet,
1466 4657 1522 4703 et
1551 4649 1617 4702 ad
1651 4663 1864 4704 omnem
1897 4649 2018 4703 ani-

465 4751 606 4790 mam
670 4743 936 4791 mortuam
998 4753 1103 4792 non
1152 4739 1376 4794 intrabit
1416 4758 1429 4794 :
1479 4741 1535 4794 in
1573 4749 1727 4809 patre
1772 4757 1894 4806 suo,
1936 4741 2018 4795 vel

463 4836 637 4880 matre
680 4844 775 4882 sua
808 4845 913 4883 non
955 4831 1451 4886 contaminabitur:
1485 4842 1541 4887 et
1581 4833 1645 4886 de
1675 4834 1878 4888 sanctis
1910 4848 2016 4887 non

463 4921 666 4986 exibit,
707 4933 762 4975 ct
797 4938 901 4976 non
937 4925 1313 4995 coinquinabit
1349 4941 1544 4980 nomen
1586 4927 1723 4993 quod
1767 4936 1851 4980 est
1895 4941 2018 4978 san-

463 5012 755 5066 ctiﬁcatum
803 5012 896 5070 Dei
945 5017 1025 5068 sui
1062 5032 1225 5086 super
1269 5033 1350 5082 se,
1391 5021 1516 5086 quia
1559 5028 1805 5070 Sanctum
1839 5017 2016 5071 oleum

461 5104 770 5160 chrismatis
814 5108 905 5163 Dei
946 5110 1026 5164 sui
1073 5111 1125 5164 in
1174 5111 1288 5179 ipso
1317 5119 1435 5164 est:
1465 5125 1563 5179 ego
1593 5109 1872 5188 Dominus.
1921 5109 2019 5164 llic

565 5264 613 5297 ⁸⁸
649 5265 790 5320 Psal.
828 5284 915 5333 cx,
965 5271 1018 5323 4.
1117 5271 1161 5302 ⁴⁹
1200 5271 1216 5322 1
1251 5271 1390 5323 Tim.
1421 5287 1508 5326 vr.
1550 5269 1631 5324 16.

463 5330 510 5365 ⁸⁸
545 5333 680 5391 Luc.
729 5353 767 5401 t,
805 5330 910 5395 52..
969 5340 1016 5372 “
1041 5340 1172 5396 Luc.
1205 5358 1262 5402 ιι.
1295 5342 1382 5396 52.
1457 5341 1502 5373 ⁸⁸
1532 5342 1724 5411 Ephes.
1761 5358 1834 5405 tv,
1865 5342 1948 5397 15.

531 5495 642 5571 (illi
679 5495 889 5568 Legem.
920 5500 1159 5571 Deestin
1194 5501 1323 5556 libb.
1348 5501 1530 5563 editis,
1560 5502 1652 5557 sed
1681 5500 1955 5571 suppletur
1982 5517 2012 5555 e

466 5567 651 5640 codice
681 5567 1052 5640 tuanttscripto
1079 5569 1552 5640 Sangermanensi.

531 5636 641 5708 (92)
678 5637 835 5695 Lihb.
862 5636 1020 5697 antea
1045 5636 1250 5702 editift
1281 5643 1533 5698 sacerdos
1560 5651 1663 5710 est,
1688 5642 1732 5698 si
1759 5642 2008 5698 attendas

1719 5270 1764 5302 ⁵⁰
1804 5271 1976 5326 Levit.
2016 5289 2140 5333 xxt,
2176 5273 2243 5326 10
2275 5283 2325 5325 et
2376 5288 2530 5341 seqq.

2038 5344 2084 5376 "
2122 5343 2252 5399 Luc.
2281 5359 2388 5397 xvu
2414 5383 2428 5409 ,
2470 5343 2524 5396 2.

2128 4473 2183 4526 in
2219 4471 2394 4525 nobis.
2436 4471 2645 4539 Corpus
2682 4468 2825 4524 enim
2863 4483 2928 4521 ex
2969 4466 3186 4536 genitali
3218 4465 3426 4535 origine
3464 4463 3682 4534 quanti-

2130 4563 2253 4618 tatis
2289 4562 2567 4615 materiam
2599 4560 2784 4624 sumit,
2811 4569 2868 4612 ut
2902 4559 2984 4613 vel
3018 4574 3268 4628 magnum
3307 4556 3392 4611 vel
3425 4558 3676 4626 exiguum

2124 4655 2240 4710 ﬁat.
2265 4653 2456 4708 Anima
2495 4667 2623 4706 vero
2651 4654 2704 4706 in
2739 4651 2893 4705 nobis
2923 4651 3084 4704 habet
3114 4665 3336 4711 causas,
3373 4659 3429 4702 et
3469 4646 3677 4702 arbitrii

2122 4745 2458 4808 libertatem,
2506 4752 2564 4796 ut
2610 4743 2696 4796 vel
2729 4757 2924 4811 magna
2973 4743 3053 4795 vel
3109 4757 3271 4810 parva
3315 4741 3409 4796 sit.
3457 4739 3514 4794 Si
3552 4754 3678 4810 ergo

2122 4836 2319 4905 pusilla
2347 4846 2401 4888 et
2437 4849 2600 4905 parva
2634 4835 2706 4888 sit
2738 4836 2938 4900 anima,
2985 4835 3148 4888 etiant
3193 4833 3546 4888 scandalizari
3586 4848 3678 4902 po-

2133 4939 2258 4985 test.
2307 4929 2396 4983 Sic
2445 4929 2585 4983 cnim
2628 4928 2887 4997 scriptum
2921 4937 3006 4982 est
3049 4930 3101 4980 in
3138 4928 3427 4996 Evangelio
3451 4927 3521 4992 ⁸⁸,
3554 4928 3675 4994 quia

2127 5040 2147 5073 ι
2181 5022 2400 5091 expedit
2443 5019 2766 5089 praecipitari
2801 5019 2854 5072 in
2907 5019 3228 5082 profundum
3283 5020 3470 5084 maris,
3515 5034 3674 5088 quam

2123 5115 2494 5169 scandalizare
2525 5129 2688 5168 unum
2731 5114 2798 5167 de
2849 5112 3062 5184 pusillis
3098 5111 3236 5167 istis.
3261 5129 3280 5162 ι
3323 5112 3422 5179 Qui
3453 5126 3677 5181 magnus

2650 5272 2694 5303 “
2735 5272 2835 5326 lsa.
2880 5287 2992 5335 Llll,
3019 5270 3073 5326 9.
3163 5271 3209 5302 ⁵¹
3246 5268 3403 5324 Joan.
3437 5285 3553 5333 xrv,
3583 5269 3670 5324 50.

2122 5503 2187 5554 ad
2221 5501 2388 5560 illum.
2415 5522 2434 5552 ι
2475 5502 2566 5556 sed
2607 5503 2660 5554 in
2695 5499 2946 5554 omnibus
2982 5514 3110 5555 mss.
3156 5502 3338 5566 deest,
3374 5517 3396 5555 ι
3425 5501 3474 5557 si
3501 5510 3671 5556 atten-

2121 5572 2234 5628 das.
2263 5591 2280 5622 ι
2317 5574 2458 5637 quod
2493 5573 2678 5624 abesse
2706 5580 2902 5636 potest.

2191 5642 2300 5711 (95)
2342 5643 2520 5697 Codex
2553 5642 2858 5712 Sangerttt.,
2895 5659 2913 5692 ί
2947 5639 3276 5710 prwluserat.
3303 5658 3326 5695 ι
