4024 6146
269 223 380 295 53f

1473 224 1541 279 IN
1577 219 1950 279 LEVITICU.“
1989 217 2275 274 liOMlLH
2305 217 2399 272 ΧΠ

3418 215 3522 270 538

263 364 347 409 est
401 364 512 404 non
557 347 983 409 scandalizatur,
1035 347 1132 401 sed
1181 345 1275 414 qni
1325 343 1556 415 pusillus
1606 351 1709 397 est.
1751 341 1849 406 Qui
1881 342 1928 399 Α
1956 347 2273 401 summatas,
2312 336 2567 406 inquit”,
2607 335 2770 388 habet
2807 347 3062 390 manus.»
3091 331 3342 396 Cuinam,
3370 346 3521 402 quaa-

266 458 500 514 magnus
518 451 622 506 εει,
649 442 1009 510 quodcunque
1030 439 1247 504 viderit,
1266 436 1626 506 quodcunque
1652 447 1846 502 passus

266 535 458 601 fuerit,
490 547 595 587 non
631 533 870 588 declinat
917 548 948 586 a
982 532 1108 585 ﬁde.
1138 530 1239 596 Qui
1273 539 1452 583 autem
1501 526 1732 597 pusillus
1764 532 1849 578 est

264 626 454 680 animo
485 633 544 678 et
575 638 801 693 parvus.
828 624 1142 678 occasiones
1167 622 1362 692 quaerit
1390 619 1662 690 quomodo
1691 631 1849 678 scan-

267 717 565 777 dalizetur,
597 713 872 781 quomodo
917 714 972 768 in
1020 712 1126 768 ﬁde
1161 712 1410 766 videatur
1459 708 1679 764 offendi.
1714 707 1849 760 Pro-

262 818 454 878 pterea
487 807 726 876 denique
769 807 984 874 opertet
1025 819 1127 860 nos
1167 803 1401 858 maxime
1427 801 1512 856 his
1541 797 1844 860 consulere,

263 901 352 970 qui
402 901 558 969 parvi
595 908 720 953 sunt
771 899 824 952 in
864 898 968 952 ﬁde
1009 916 1022 951 :
1068 911 1168 952 nec
1223 905 1426 950 tantam
1472 909 1663 949 curam
1699 893 1848 947 circa

262 1004 498 1058 magnos
537 1002 594 1042 et
625 989 822 1053 fortes,
867 995 1127 1056 quantam
1157 1000 1286 1056 erga
1319 985 1578 1055 parvulos
1609 991 1664 1040 et
1713 982 1849 1038 insi-

261 1081 485 1148 pientes
526 1079 785 1133 debemus
844 1077 1178 1146 impendere.
1227 1077 1411 1133 Fortis
1462 1077 1608 1131 enim
1663 1075 1848 1130 omnia

262 1171 466 1225 tolerat
487 1211 504 1238 ,
535 1170 719 1225 omnia
751 1169 968 1230 suffert.
1006 1181 1062 1225 et
1115 1183 1388 1238 nunquam
1417 1170 1582 1222 cadit.
1630 1165 1846 1221 Parvuli

260 1276 416 1326 vero,
451 1272 508 1316 et
543 1261 745 1315 inﬁrmi
790 1262 841 1314 in
888 1260 994 1315 ﬁde
1024 1259 1424 1315 observandum
1457 1269 1541 1316 est
1575 1274 1643 1313 ne
1688 1273 1849 1314 occa-

261 1353 418 1407 sione
482 1354 654 1407 nostri
708 1351 1074 1419 oﬁ‘endantur,
1119 1361 1173 1408 et
1223 1353 1480 1408 recedant
1527 1367 1556 1405 a
1605 1353 1736 1417 ﬁde,
1781 1365 1843 1406 ac

261 1446 522 1500 decidant
548 1461 577 1499 a
607 1445 798 1500 salute.
829 1447 937 1500 Aut
967 1447 1192 1502 ostende
1239 1447 1377 1501 mihi
1409 1447 1476 1502 de
1516 1445 1836 1515 Scripturis,

264 1541 351 1594 ubi
388 1540 594 1610 aliquis
629 1550 901 1610 peccator,
932 1549 1027 1595 aut
1069 1541 1218 1611 parvi
1254 1542 1454 1607 meriti,
1499 1557 1728 1612 magnus
1755 1558 1850 1613 ap-

261 1631 506 1702 pellatus
552 1634 644 1686 sit.
693 1630 996 1698 Nusquam,
1042 1641 1101 1685 ut
1143 1632 1362 1700 opinor,
1407 1633 1674 1691 invenies.
1708 1635 1846 1689 Audi

260 1741 391 1781 vero
426 1724 526 1796 qui
555 1733 700 1788 sunt,
734 1725 824 1794 qui
857 1723 1036 1792 magni
1071 1723 1437 1793 appellantur.
1466 1723 1544 1778 De
1586 1724 1734 1779 Isaac
1765 1725 1848 1778 di-
1878 1703 1922 1758 Β

260 1819 426 1881 citur,
473 1817 601 1888 quia
646 1817 961 1886 proﬁciebat
992 1816 1168 1881 valde,
1214 1832 1498 1886 usquequo
1545 1816 1720 1872 factus
1763 1827 1850 1872 est

261 1923 500 1978 magnus
535 1908 690 1962 valde
709 1909 776 1962 ".
800 1907 1010 1980 Moyses
1042 1899 1463 1979 magnusdictus
1492 1919 1596 1974 est,
1622 1911 1850 1966 etJoan-

262 2017 357 2056 nes
400 1999 648 2070 Baptista
683 2015 911 2071 magnus
943 2001 1120 2056 dictus
1146 2012 1246 2063 est,
1281 2017 1425 2056 nunc
1468 2013 1646 2056 autem
1689 2002 1848 2059 Jesus

263 2102 501 2165 magnus
536 2093 712 2148 dictus
740 2103 846 2156 est,
884 2100 940 2146 et
971 2102 1092 2161 post
1128 2091 1268 2149 hunc
1308 2093 1421 2161 jam
1453 2093 1632 2148 nullus
1665 2096 1850 2166 appel-

262 2185 403 2240 latus
450 2195 537 2241 est
585 2200 836 2252 magnus.
887 2184 1050 2240 Prius
1094 2186 1241 2240 enim
1295 2200 1458 2255 quam
1508 2187 1722 2241 adesset
1755 2186 1846 2256 qui

262 2290 388 2330 vere
433 2291 665 2347 magnus
717 2286 834 2340 est,
889 2275 952 2330 ad
1003 2277 1469 2345 comparationem
1519 2274 1846 2345 reliquorum

264 2368 551 2422 hominum
584 2366 762 2436 magni
803 2365 1056 2434 appellati
1095 2374 1220 2419 sunt
1253 2365 1450 2430 sancti,
1493 2380 1720 2434 quorum
1757 2382 1850 2420 su-

265 2457 454 2526 peritis
508 2455 736 2510 fecimus
781 2457 1129 2512 mentionem.
1163 2454 1264 2510 Ubi
1295 2470 1425 2511 vero
1454 2457 1673 2510 advenit
1715 2457 1845 2527 ipse,

263 2549 351 2618 qui
398 2564 510 2602 non
535 2564 602 2603 ex
630 2549 1034 2617 comparatione
1072 2557 1415 2616 catterorum,
1459 2548 1554 2602 sed
1601 2549 1681 2603 sui
1731 2565 1846 2601 ma-

264 2642 557 2710 gnitudine
599 2657 728 2695 vere
781 2659 1010 2714 magnus
1053 2651 1208 2708 erat,
1253 2644 1319 2696 de
1353 2657 1460 2711 quo
1494 2642 1656 2696 etiam
1707 2642 1846 2696 scri-

265 2744 418 2803 ptum
450 2746 536 2789 est
551 2734 621 2800 ⁸⁸,
642 2733 768 2802 quia
797 2751 816 2784 ί
847 2735 1139 2788 exsultavit
1165 2743 1222 2787 ut
1250 2732 1401 2803 gigas
1425 2732 1490 2785 ad
1523 2732 1846 2786 currendam

265 2825 445 2887 viam,
475 2843 495 2874 ι
537 2823 678 2876 ultra
723 2824 836 2893 jam
891 2823 1068 2877 nullus
1119 2837 1344 2892 magnus
1391 2821 1688 2890 appellatus
1737 2831 1843 2876 est.

267 2915 364 2971 llic
395 2925 483 2969 est
513 2931 644 2988 ergo
685 2916 752 2971 de
781 2931 892 2986 quo
933 2915 1236 2970 scribitur:
1274 2933 1293 2966 ι
1323 2913 1548 2985 Magnus
1590 2915 1847 2970 sacerdos

266 3024 330 3064 ex
384 3008 650 3064 fratribus
704 3009 885 3063 suis.)
939 3008 1148 3074 Quibus
1189 3004 1490 3062 fratribus?
1533 3007 1609 3062 De
1653 3007 1848 3076 quibus

268 3099 407 3154 dixit
463 3114 587 3154 cum
636 3099 1029 3154 resurrexisset
1073 3113 1103 3150 a
1143 3099 1375 3152 mortuis
1397 3098 1442 3130 ⁵³
1480 3115 1494 3151 :
1539 3115 1558 3150 ‹
1589 3098 1736 3152 Vade
1775 3100 1842 3152 ad

267 3192 472 3248 fratres
531 3209 713 3258 meos,
763 3203 819 3246 et
872 3194 958 3247 dic
1018 3192 1098 3246 eis
1139 3209 1153 3245 :
1199 3191 1450 3246 Ascendo
1503 3192 1570 3245 ad
1627 3191 1843 3248 Patrem

267 3301 476 3350 meum,
517 3295 572 3338 et
603 3286 668 3338 ad
700 3285 914 3340 Patrem
951 3294 1212 3347 vestrum,
1255 3283 1324 3336 ad
1358 3282 1528 3338 Deum
1563 3300 1764 3349 meum,
1791 3295 1846 3338 et

267 3378 438 3432 Deum
486 3387 745 3430 vestrum.
767 3396 787 3428 ι
836 3377 892 3428 Si
933 3387 1112 3429 autem
1142 3376 1224 3428 vis
1261 3390 1328 3430 ex
1362 3375 1603 3444 antiquis
1636 3375 1846 3431 litteris

268 3471 482 3525 discere
525 3469 719 3524 fratres
749 3467 896 3532 Jesn,
930 3469 1045 3537 lege
1079 3468 1396 3522 vicesinnnn
1429 3469 1660 3537 primum
1699 3469 1847 3538 psal-

267 3577 440 3626 mum,
469 3561 557 3614 ubi
587 3575 654 3615 ex
694 3575 920 3628 persona
958 3558 1160 3614 Christi
1192 3559 1399 3613 dicitur
1422 3560 1511 3611 6":
1548 3579 1566 3610 ι
1597 3559 1846 3616 Narrabo

268 3669 466 3707 nomen
522 3661 673 3706 tuum
724 3651 985 3706 fratribus
1039 3653 1208 3718 meis,
1258 3650 1311 3705 in
1365 3651 1540 3706 medio
1587 3650 1845 3708 Ecclesiae

267 3745 502 3799 laudabo
547 3755 662 3799 te.»
701 3743 782 3798 Ex
831 3741 1094 3798 fratribus
1139 3758 1271 3808 ergo
1323 3744 1438 3798 suis
1490 3758 1717 3813 magnus
1761 3756 1845 3799 est

265 3837 450 3903 Jesus,
477 3851 543 3892 ex
574 3837 658 3890 bis
688 3836 779 3904 qui
817 3835 970 3903 prius
1013 3838 1191 3905 magni
1227 3835 1444 3891 fuerant
1488 3837 1762 3907 appellati,
1790 3847 1845 3892 et

267 3931 412 3984 sicut
440 3939 711 3997 pastorum
745 3938 928 3998 pastor
956 3938 1075 3995 est,
1119 3937 1174 3983 et
1215 3929 1531 3999 pontiﬁcum
1574 3930 1843 3999 pontifex,

266 4034 322 4077 et
377 4023 769 4075 dominantium
819 4023 1111 4086 Dominus,
1155 4031 1211 4075 et
1259 4036 1445 4090 regunt
1497 4038 1623 4086 rex;
1676 4023 1747 4077 ita
1785 4036 1844 4079 et

269 4131 588 4185 magnorum
621 4130 851 4183 magnus
876 4125 991 4179 est;
1025 4123 1082 4169 et
1117 4115 1238 4170 ideo
1267 4113 1438 4178 addit,
1474 4132 1492 4165 ι
1525 4129 1752 4184 magnus
1779 4131 1844 4170 ex

269 4209 529 4262 fratribus
560 4208 694 4263 suis.
717 4227 735 4259 ι

343 4301 501 4371 251
550 4303 605 4357 5.
645 4301 773 4355 Post
802 4301 915 4355 haec
944 4314 1097 4364 vero,
1128 4318 1146 4350 ι
1169 4300 1275 4362 ειιί,
1314 4299 1489 4366 inquit
1509 4301 1576 4364 εί,
1605 4299 1842 4356 infusum

1949 445 2029 495 so,
2060 430 2341 484 hominum
2375 431 2477 482 hoc
2509 427 2766 482 convenit
2807 425 2951 479 dici?
2987 426 3040 479 In
3077 439 3183 494 quo
3213 424 3522 478 mortalium

1953 522 2227 592 perfectas
2253 523 2498 576 invenire
2530 534 2820 589 possumus
2852 518 3075 572 manus?
3095 516 3318 571 Etiamsi
3340 517 3520 571 Aaron

1949 617 2052 672 iste
2103 617 2174 670 sit
2222 616 2376 685 cujus
2412 614 2612 668 mentio
2648 612 2764 665 ﬁeri
2811 612 3045 675 videtur,
3075 610 3346 678 quomodo
3388 623 3523 663 con-

1952 719 2252 764 summatas
2289 708 2569 776 potabitur
2615 704 2868 758 habuisse
2901 718 3110 767 manus,
3142 704 3338 772 quibus
3381 703 3522 756 vitu-

1948 801 2059 855 lum
2105 801 2416 863 fabricavit,
2469 799 2668 868 quibus
2723 797 2926 852 idolum
2977 797 3240 864 sculpsit?
3296 795 3520 850 Etiamsi

1951 895 2129 963 ipsum
2177 892 2399 962 Moysen
2454 891 2701 961 proferas
2729 932 2744 955 ,
2790 893 3058 959 quomodo
3113 898 3520 943 consummatas

1952 987 2213 1042 habuisse
2243 986 2458 1039 videtur
2483 999 2696 1048 manus,
2724 983 2814 1053 qui
2843 998 2946 1035 non
2971 980 3293 1052 gloriﬁcavit
3332 980 3518 1034 Domi-

1951 1093 2081 1134 num
2124 1079 2188 1131 ad
2233 1092 2426 1145 aquam
2470 1073 2958 1130 contradictionis?
2999 1071 3103 1125 Pro
3160 1088 3268 1141 quo
3319 1071 3521 1126 delicto

1952 1169 2118 1223 etiam
2145 1168 2254 1221 vita
2277 1163 2796 1234 jubeturexcedere.
2827 1161 3042 1227 Quodsi
3068 1161 3301 1214 etalinm
3331 1175 3522 1228 quem-

1950 1275 2112 1330 quam
2148 1268 2462 1314 sanctorum
2499 1271 2799 1311 memorare
2821 1256 2976 1317 velis,
3009 1254 3244 1308 occurrit
3275 1252 3367 1305 tibi
3403 1267 3520 1305 ser-

1950 1365 2040 1408 mo
2094 1351 2410 1419 Scripturtc,
2457 1349 2549 1418 qui
2613 1348 2837 1414 dicit“,
2871 1349 2999 1418 quia
3047 1366 3064 1397 ι
3094 1355 3316 1401 nonest
3361 1347 3522 1399 homo

1951 1459 2115 1514 super
2147 1453 2345 1496 terram
2391 1442 2484 1511 qui
2529 1440 2696 1495 faciat
2752 1443 2974 1506 bonum,
3003 1447 3056 1494 et
3090 1454 3197 1493 non
3256 1447 3460 1508 peccet.
3496 1455 3517 1488 ι

1950 1536 2143 1593 Merito
2185 1551 2315 1605 ergo
2369 1533 2517 1588 solus
2569 1532 2730 1588 Jesns
2764 1540 3171 1586 consummatas
3202 1531 3366 1585 habet
3403 1544 3523 1583 ma-

1955 1645 2081 1695 nus,
2127 1630 2216 1699 qui
2250 1629 2398 1684 solus
2437 1635 2716 1696 peccatum
2771 1640 2876 1678 non
2927 1623 3082 1687 fecit,
3137 1623 3240 1677 hoc
3289 1635 3392 1689 est,
3429 1623 3523 1690 qui

1951 1720 2188 1790 perfecta
2223 1730 2277 1776 et
2333 1721 2540 1788 integra
2572 1732 2738 1785 opera
2773 1731 3027 1769 manuunt
3063 1716 3248 1772 habet.
3278 1715 3342 1768 Et
3395 1714 3518 1769 ideo

1952 1813 2018 1866 de
2059 1812 2176 1879 ipso
2222 1820 2370 1865 recte
2413 1811 2655 1865 dicitur:
2695 1825 2714 1857 ί
2747 1806 2847 1873 Qui
2907 1815 3311 1862 consummatas
3357 1805 3521 1859 habet

1952 1919 2175 1969 manus,
2198 1909 2257 1956 ut
2287 1902 2542 1956 induatur
2572 1911 2779 1954 sancta.
2816 1919 2834 1950 ι
2861 1898 2960 1953 llic
2983 1899 3132 1952 enim
3151 1907 3250 1961 est,
3283 1897 3521 1965 quivere

1951 1996 2172 2051 indutus
2204 2004 2288 2050 est
2315 2003 2522 2056 sancta,
2560 2010 2666 2048 non
2705 1993 2790 2046 illa
2825 2008 2944 2061 qua:
2980 1993 3032 2045 in
3073 2002 3198 2062 typo
3226 2001 3400 2054 erant,
3428 1993 3520 2044 sed

1950 2089 2064 2157 ipsa
2100 2102 2219 2156 quae
2268 2102 2395 2141 vere
2435 2095 2620 2141 sancta
2673 2095 2816 2139 sunt.
2847 2085 2997 2150 Quod
3043 2085 3085 2137 si
3133 2071 3212 2136 vis
3239 2083 3426 2136 audire
3457 2083 3525 2137 de

1949 2181 2341 2236 excelsioribus
2385 2180 2720 2233 indumentis
2771 2179 2910 2246 ejus,
2954 2178 3142 2246 accipe
3188 2177 3355 2230 verba
3390 2191 3518 2245 pro-

1950 2274 2208 2341 phetica:
2247 2292 2265 2323 ‹
2291 2271 2570 2336 Amictus,
2623 2270 2873 2338 inquit“,
2909 2269 3114 2324 lumine
3159 2269 3300 2324 sicut
3358 2269 3524 2322 vesti-

1951 2377 2162 2426 mento,
2205 2367 2434 2434 abyssus
2481 2366 2624 2418 sicut
2683 2364 2915 2416 amictus
2968 2361 3079 2432 (95)
3134 2361 3517 2415 vestimentum

1949 2457 2088 2526 ejus.
2113 2476 2132 2508 ›
2172 2456 2270 2511 llic
2309 2467 2391 2511 est
2445 2456 2548 2510 mei
2587 2455 2769 2523 magni
2820 2454 3090 2523 pontiﬁcis
3137 2455 3378 2520 habitus,
3411 2472 3519 2523 quo

1951 2550 2224 2604 indicatur
2252 2548 2516 2618 profunda
2545 2546 2795 2612 scientia,
2821 2554 2874 2600 et
2901 2544 3178 2615 sapientiae
3208 2544 3328 2599 luce
3357 2545 3522 2598 vesti-

1951 2652 2060 2706 tus,
2110 2657 2231 2710 qua:
2272 2653 2400 2694 vere
2432 2651 2621 2694 sancta
2666 2648 2793 2694 sunt
2837 2639 3174 2692 indumenta.
3210 2656 3228 2688 ι
3260 2635 3402 2702 Νοη,
3435 2637 3522 2690 in-

1948 2733 2154 2803 quit“,
2209 2732 2420 2788 auferet
2472 2732 2540 2786 de
2607 2731 2786 2799 capite
2837 2745 2936 2784 suo
2988 2729 3282 2782 cidarim.»
3316 2727 3433 2782 .Iam
3466 2737 3522 2782 et

1950 2830 2102 2898 prius
2130 2827 2366 2881 diximus
2394 2824 2625 2878 cidarint
2652 2837 2820 2892 genus
2849 2836 2968 2876 esse
2995 2821 3342 2890 operintenti,
3374 2821 3520 2890 quod

1950 2919 2112 2987 capiti
2140 2917 2542 2986 superpositum
2581 2913 2822 2981 pontiﬁci
2865 2921 3091 2982 praastat
3119 2923 3392 2967 ornatum.
3425 2913 3524 2967 llic

1950 3025 2079 3080 ergo
2115 3023 2343 3078 magnus
2373 3006 2610 3076 pontifex
2631 3021 2782 3060 meus
2821 3020 3095 3074 nunquam
3132 3004 3353 3073 deponit
3381 3005 3522 3059 sacri

1950 3102 2142 3171 capitis
2170 3109 2442 3154 ornatum.
2479 3098 2630 3164 Quod
2673 3099 2745 3151 sit
2788 3107 2969 3150 autem
3008 3103 3170 3166 caput
3192 3095 3418 3162 Christi,
3455 3096 3524 3150 ab

1945 3193 2209 3262 Apostolo
2237 3193 2388 3246 disce
2419 3191 2510 3260 qui
2549 3191 2689 3244 dicit
2713 3189 2758 3228 ⁸⁷
2790 3208 2803 3242 :
2835 3208 2854 3240 ι
2887 3188 3064 3256 Caput
3111 3198 3290 3242 autem
3320 3187 3523 3244 Christi

1949 3286 2151 3339 Deus.)
2191 3281 2384 3337 Merito
2409 3284 2580 3352 igitur
2630 3284 2793 3337 istum
2838 3281 3035 3350 capitis
3090 3281 3199 3345 sui,
3230 3280 3322 3348 qui
3379 3281 3522 3335 Deus

1945 3389 2055 3443 est,
2089 3392 2366 3447 nunquam
2404 3376 2622 3445 deponit
2674 3385 2953 3440 ornatum,
3006 3374 3131 3442 quia
3176 3389 3394 3444 semper
3438 3383 3524 3428 est

1945 3471 2106 3526 Pater
2137 3473 2190 3524 in
2230 3469 2386 3536 Filio,
2429 3471 2574 3523 sicut
2616 3467 2786 3522 Filius
2827 3482 3044 3537 semper
3098 3467 3150 3520 in
3198 3467 3376 3521 Patre.
3413 3485 3430 3517 ι
3457 3464 3523 3517 Ει

1945 3565 2275 3618 vestimenta
2333 3577 2429 3616 sua
2491 3577 2601 3615 non
2643 3559 3072 3628 disrumpet‘h
3111 3558 3250 3613 Vere
3297 3559 3386 3613 hic
3438 3568 3523 3614 est

1945 3657 2038 3726 qui
2082 3658 2402 3710 vestimenta
2453 3670 2549 3708 sua
2583 3668 2688 3707 non
2723 3652 3034 3720 disrumpit,
3057 3652 3150 3706 sed
3199 3668 3415 3721 semper
3455 3668 3520 3705 ea

1946 3751 2167 3808 munda.
2197 3762 2412 3817 semper
2451 3748 2682 3816 integra,
2711 3759 2926 3812 semper
2947 3753 3096 3797 casta
3125 3745 3380 3797 servavit.
3408 3760 3427 3794 ‹
3461 3745 3525 3798 Et

1945 3845 2011 3896 ad
2053 3856 2265 3898 omnem
2319 3840 2557 3894 animam
2627 3837 2937 3892 defunctam
2996 3851 3102 3890 non
3159 3836 3518 3891 intrabit“.t

1948 3935 2077 4002 Qum
2108 3944 2189 3989 est
2211 3934 2395 3988 anima
2429 3932 2721 3988 defuncta?
2750 3931 2924 3994 Quam
2957 3937 3225 3983 mortuam
3258 3931 3524 4000 propheta

1955 4027 2193 4084 dicit”:
2227 4044 2244 4076 ι
2268 4027 2462 4079 Anima
2492 4040 2615 4094 qua:
2653 4033 2862 4094 peccat,
2887 4024 3006 4094 ipsa
3043 4023 3332 4078 morietur.
3367 4040 3386 4073 ι
3418 4021 3523 4076 Sn-

1949 4137 2042 4191 per
2064 4121 2201 4174 hanc
2233 4135 2362 4188 ergo
2391 4119 2628 4172 animam
2674 4129 2944 4172 mortuam
2977 4117 3228 4172 Christus
3279 4132 3386 4169 non
3429 4130 3525 4168 su-

1946 4216 2214 4287 pervenit,
2238 4214 2364 4284 quia
2405 4211 2672 4281 sapientia
2702 4219 2808 4274 est,
2833 4221 2889 4264 et
2914 4211 3177 4279 sapientia
3212 4225 3316 4264 non
3352 4208 3522 4262 intrat

1948 4309 2001 4361 in
2035 4306 2273 4360 animam
2305 4301 2645 4357 malevolam.
2674 4301 2790 4369 Ipsa
2830 4310 2913 4355 est
2943 4301 3088 4353 enim
3133 4310 3364 4364 mortua,
3393 4301 3523 4367 quia

267 4406 353 4450 est
381 4395 558 4450 oleum
588 4393 900 4448 chrismatis
922 4407 1087 4461 super
1109 4400 1271 4460 caput
1295 4392 1430 4459 ejus.
1459 4411 1479 4444 ι
1501 4391 1643 4446 istud
1666 4391 1841 4446 oleum
1877 4395 1920 4449 D
1949 4399 2036 4453 cui
2084 4397 2224 4451 inest
2259 4395 2484 4460 malitia,
2545 4395 2689 4449 inest
2735 4402 2790 4448 et
2855 4401 3155 4462 peccatum.
3187 4410 3205 4443 ι
3233 4392 3522 4446 Peccatum

267 4490 375 4544 noli
406 4489 685 4558 requirere
717 4487 769 4540 in
807 4487 993 4550 terris,
1021 4486 1166 4555 quod
1201 4499 1364 4554 super
1403 4495 1566 4554 caput
1602 4484 1846 4540 infundi-

272 4593 360 4636 tur
384 4580 561 4651 magni
589 4578 910 4645 sacerdotis,
950 4587 1013 4632 ut
1042 4577 1136 4632 ﬁat
1175 4575 1413 4632 christus
1441 4595 1456 4632 :
1484 4579 1579 4633 sed
1614 4578 1658 4632 si
1694 4578 1844 4636 vide-

269 4684 378 4739 tur,
410 4674 560 4728 disce
592 4689 621 4726 a
651 4672 912 4741 prepheta
950 4670 1120 4725 David
1145 4671 1290 4724 istud
1323 4669 1505 4726 oleum
1529 4671 1691 4741 quale
1725 4671 1831 4726 sit:

273 4767 582 4828 IDiiCXiSli,
617 4763 878 4833 inquit",
910 4761 1202 4831 justitiam,
1244 4772 1299 4816 et
1356 4763 1521 4818 odisti
1582 4763 1845 4833 iniquita-

269 4871 399 4924 tem,
432 4867 718 4930 propterea
747 4856 908 4911 unxit
941 4865 991 4910 te
1025 4856 1189 4922 Deus,
1223 4856 1366 4910 Deus
1397 4866 1521 4911 tuus
1553 4857 1673 4911 oleo
1705 4858 1836 4912 lani-

279 4956 366 5008 tiae
411 4967 524 5022 prae
576 4949 936 5019 participibus
969 4948 1082 5020 (94)
1126 4949 1298 5003 tuis.»
1360 4949 1511 5004 Istud
1565 4959 1653 5004 est
1711 4966 1844 5020 ergo

268 5046 448 5099 oleum
482 5043 704 5105 laetitia,
731 5042 872 5109 quod
908 5042 1072 5111 capiti
1104 5040 1222 5109 ejus
1264 5039 1502 5096 infusum
1549 5040 1678 5097 fecit
1719 5059 1844 5098 eum

279 5134 563 5188 christum.
582 5134 687 5187 Sed
706 5133 854 5186 addit
875 5133 1054 5186 adhuc
1078 5134 1142 5186 ad
1169 5133 1352 5188 laudes
1373 5132 1489 5200 ejus
1514 5151 1528 5186 :
1553 5134 1684 5201 «Qui
1717 5152 1848 5189 con-

358 5255 402 5286 ⁵⁷
442 5252 583 5308 Gen.
612 5268 740 5306 nv.
816 5254 862 5286 ³⁸
901 5253 1042 5308 Psal.
1069 5269 1182 5316 nx,
1209 5255 1262 5309 6.
1339 5256 1383 5286 ⁸⁹
1422 5253 1578 5308 Joan.
1610 5271 1705 5321 xx,
1734 5259 1817 5311 Π.

273 5326 315 5355 ⁸*
342 5323 513 5377 Levit.
549 5339 660 5386 χχι,
689 5323 775 5376 10.
851 5324 896 5354 ⁸⁸
924 5325 1100 5377 Ercle.
1131 5340 1226 5384 νιι,
1254 5325 1344 5378 ⁸21.

273 5396 362 5447 vit.
414 5409 528 5458 ut,
558 5393 646 5448 lO.
720 5393 765 5424 ⁶⁹
797 5393 922 5448 ibid.
959 5395 1040 5448 Η.
1141 5395 1186 5426 ⁷ο
1219 5395 1416 5450 Ezech.
1449 5411 1602 5461 xvm,
1634 5397 1687 5450 4.

338 5537 448 5605 (9i)
483 5537 636 5602 Mss.,
661 5556 681 5588 ι
707 5536 1085 5608 participibus.
1112 5555 1130 5589 ι
1156 5535 1314 5592 Libb.
1344 5537 1497 5604 editi,
1532 5556 1550 5588 ι
1574 5542 1840 5595 consorti-

273 5607 460 5750 ὺιιῖῦἐ)
498 5678 655 5748 Μεε.,
687 5697 705 5732 ι
733 5679 873 5734 sicut
925 5679 1176 5734 amictus.
1208 5696 1227 5731 ι
1259 5676 1417 5734 Libb.
1462 5679 1614 5743 editi,
1650 5700 1667 5732 ι
1697 5680 1836 5736 sicut

1898 5262 1940 5292 ⁶⁰
1961 5261 2101 5315 Psal.
2126 5277 2244 5323 χχι,
2271 5259 2362 5313 25.

1457 5326 1503 5356 ⁸⁵
1533 5325 1670 5379 Psal.
1724 5344 1828 5386 etv,
1865 5333 1899 5382 2
1922 5343 1974 5385 ei
1997 5331 2049 5387 6_

1789 5400 1832 5430 '”
1864 5399 1975 5457 Jac.
2023 5419 2060 5466 ι,
2096 5403 2180 5459 15.

1945 4499 2128 4544 autem
2174 4503 2296 4542 cum
2341 4497 2801 4548 consummatum,
2844 4484 3100 4552 inquit",
3142 4483 3326 4546 fuerit,
3365 4497 3524 4552 gene-

1949 4592 2033 4638 rat
2055 4591 2305 4636 mortem.
2335 4598 2353 4631 ι
2401 4577 2464 4631 ΕΙ.
2495 4587 2718 4647 propter
2773 4578 2873 4628 hoc
2923 4575 3085 4628 Jcsus
3119 4591 3224 4628 non
3260 4576 3424 4628 intrat
3450 4577 3519 4630 ad

1948 4678 2183 4733 animam
2235 4682 2525 4728 mortuam.
2561 4669 2616 4724 Si
2647 4679 2823 4723 autem
2857 4670 3001 4722 vivat
3048 4669 3246 4729 anima,
3282 4668 3383 4722 hoc
3435 4677 3521 4722 est

1946 4773 1990 4826 si
2026 4785 2131 4822 non
2175 4767 2337 4821 habet
2367 4767 2419 4818 in
2461 4781 2521 4819 se
2566 4766 2794 4816 mortale
2827 4770 3135 4830 peccatum,
3183 4770 3312 4814 tunc
3363 4760 3525 4815 Chri-

1947 4873 2084 4924 Stus,
2113 4860 2204 4928 qui
2234 4869 2318 4913 est
2351 4859 2480 4922 vita,
2514 4857 2744 4910 venitad
2779 4855 3016 4908 animant
3055 4855 3354 4908 viventem.
3383 4853 3522 4919 Quia

1954 4955 2095 5007 sicut
2132 4953 2217 5006 lux
2249 4967 2354 5006 non
2389 4957 2565 5018 potest
2613 4965 2734 5004 esse
2785 4965 2905 5003 cum
2963 4949 3224 5015 tenebris,
3261 4962 3360 5001 nec
3396 4962 3520 5000 cunt

1951 5046 2239 5115 iniquitate
2289 5043 2524 5114 jnstitia,
2583 5043 2656 5098 ita
2714 5058 2813 5097 nec
2865 5043 2976 5095 vita
3019 5048 3198 5110 potest
3245 5055 3370 5096 esse
3399 5055 3522 5094 cum

1954 5147 2146 5193 morte.
2192 5136 2256 5189 Et
2298 5137 2419 5190 ideo
2465 5137 2509 5189 si
2549 5135 2672 5203 quis
2711 5134 2811 5187 sibi
2854 5133 3110 5188 conscius
3135 5141 3219 5187 est
3245 5132 3388 5201 quod
3422 5131 3522 5184 ha—

2441 5258 2677 5314 “Levil.
2712 5274 2824 5316 χιιι,
2863 5257 2948 5311 10.
3051 5257 3095 5287 ⁶¹
3113 5257 3195 5310 Ps:

2445 5345 2560 5384 ut.
2590 5331 2676 5384 lt).
2786 5330 2829 5360 ⁸⁷
2855 5329 2875 5384 l
2901 5328 3027 5384 Cor.
3057 5344 3130 5384 ει.
3162 5327 3195 5381 5

2947 5343 3027 5383 or.
3057 5344 3130 5393 ει,
3162 5343 3218 5381 o.

3051 5257 3095 5287 θ’
3113 5255 3256 5310 Psal.
3289 5271 3431 5317 thv,
3463 5255 3519 5311 8.

2163 5333 2207 5363 “
2236 5329 2412 5386 Levit.
2445 5345 2560 5396 ut,
2590 5331 2676 5384 lt).
2786 5330 2829 5360 ⁸⁷
2855 5329 2875 5384 l
2901 5328 3027 5384 Cor.
3057 5344 3130 5393 χι,
3162 5327 3218 5381 5.
3333 5326 3381 5358 ⁸⁸
3414 5327 3520 5382 Le-

1945 5545 2163 5612 pallinm
2197 5547 2480 5604 amictum.
2509 5565 2526 5596 ι
2555 5545 2723 5600 Paulo
2758 5553 2880 5613 post
2922 5557 3078 5606 mss.,
3114 5560 3134 5592 σ
3162 5557 3268 5612 quo
3315 5541 3517 5595 indica-

1947 5629 2052 5673 tur.
2077 5636 2096 5670 ι
2131 5615 2286 5672 Libb.
2316 5617 2474 5684 editi,
2506 5635 2522 5666 ι
2549 5619 2818 5686 quomodo
2845 5614 3132 5670 iudicatur.
3162 5632 3180 5666 ι
