4024 6146
513 238 622 299 539

1973 227 2289 284 ORIGENIS

3645 220 3761 275 540

515 361 639 416 beat
664 359 806 412 intra
849 372 908 411 sc
943 353 1172 410 mortale
1205 353 1318 426 (96)
1360 363 1662 422 peccatum,
1686 368 1860 422 neque
1887 353 1937 407 id
1967 369 1996 406 a
2023 369 2081 408 se
2111 360 2156 416 Α
2185 353 2323 417 lunt,
2361 351 2404 406 si
2439 352 2554 406 haec
2578 351 2646 404 ad
2686 348 2994 420 pontillcem
3039 354 3283 400 nostrum
3320 352 3375 398 et
3409 339 3756 397 Salvatorem

517 467 614 520 per
646 449 1021 518 paenitentiam
1054 445 1383 514 plenissima:
1428 444 1817 498 satisfactiouis
1868 445 2085 512 abjecit,

517 555 623 592 non
655 547 834 606 speret
884 537 1027 605 quod
1065 537 1230 589 intret
1267 535 1519 588 Christus
1550 535 1618 588 ad
1655 535 1894 588 animam
1945 536 2085 604 ejus,

513 629 606 698 qui
646 628 712 679 ad
741 643 955 680 omnem
985 626 1220 678 animam
1250 625 1560 680 defunctam
1599 642 1708 681 non
1739 627 1928 691 intrat,
1961 629 2087 696 quia

516 734 743 788 magnus
782 718 1043 770 sacerdos
1074 726 1179 772 est.

585 811 637 864 4.
688 830 703 860 α
731 811 784 862 In
818 818 970 877 patre
997 826 1097 864 suo
1141 819 1197 862 et
1251 819 1426 864 matre
1474 825 1568 863 sua
1607 825 1711 863 non
1747 821 2089 866 contamina—

513 903 742 957 bitur".
774 921 792 954 ›
829 902 926 956 llic
960 902 1257 970 Scriptura:
1311 901 1463 956 locus
1519 899 1865 956 diﬂicillimus
1897 912 1979 956 est
2023 902 2088 955 ad

510 995 934 1065 erplanandum,
968 995 1059 1046 sed
1103 993 1147 1047 si
1174 993 1518 1046 orationibus
1548 994 1747 1048 vestris
1781 994 1948 1047 Deum
1982 993 2088 1046 Pa-

515 1096 653 1140 trem
688 1083 851 1139 V'erbi
902 1086 1292 1154 deprecemini,
1323 1096 1380 1139 ut
1413 1102 1509 1141 nos
1543 1087 1850 1141 illuminare
1896 1086 2087 1154 digne-

517 1189 626 1240 tur,
664 1176 781 1243 ipso
820 1176 1054 1231 donante
1083 1177 1284 1246 poterit
1327 1178 1630 1247 explanari.
1673 1176 1864 1232 Omnis
1893 1178 1983 1246 qui
2008 1177 2088 1229 in-

513 1269 758 1336 greditur
818 1269 962 1321 hunc
997 1269 1277 1332 mundum,
1311 1268 1363 1321 in
1414 1270 1644 1337 quadam
1681 1266 2090 1322 contaminatio—

515 1377 583 1414 ne
611 1360 746 1416 ellici
777 1362 1000 1415 dicitur.
1025 1362 1255 1428 Propter
1273 1362 1414 1430 quod
1447 1370 1503 1415 et
1531 1359 1814 1429 Scriptura
1844 1361 1976 1414 dicit
1997 1360 2082 1412 "z

520 1470 539 1503 ι
564 1452 728 1504 Nemo
765 1453 992 1506 mundus
1027 1469 1053 1504 a
1091 1453 1270 1513 sorde,
1309 1467 1407 1506 nec
1464 1455 1506 1506 si
1561 1453 1720 1506 unius
1765 1452 1869 1505 diei
1920 1451 2087 1505 fuerit

515 1543 626 1596 vita
653 1542 788 1610 ejus.
823 1562 842 1595 ι
873 1543 984 1597 Hoc
1015 1543 1133 1612 ipso
1167 1559 1296 1611 ergo
1336 1544 1476 1611 quod
1511 1542 1562 1594 in
1592 1544 1750 1596 vulva
1780 1544 1969 1596 matris
2001 1552 2087 1597 est

512 1639 745 1706 positus,
771 1645 825 1689 et
859 1637 999 1702 quod
1042 1635 1324 1688 materiam
1361 1635 1608 1704 corporis
1649 1637 1716 1688 ab
1753 1635 1961 1703 origine
1990 1650 2086 1703 pa-

515 1729 657 1784 terni
700 1728 922 1782 seminis
954 1727 1140 1794 sumit,
1175 1728 1228 1780 in
1259 1738 1411 1795 patre
1433 1737 1487 1780 et
1513 1727 1564 1781 in
1610 1737 1786 1782 matre
1819 1729 2086 1783 contami-
2117 1703 2159 1758 Β

517 1830 678 1875 natus
697 1820 799 1873 dici
832 1830 1026 1888 potest.
1053 1819 1157 1872 Aut
1187 1819 1388 1881 nescis,
1424 1818 1548 1887 quia
1584 1834 1704 1872 cum
1728 1819 2083 1888 quadraginta

517 1912 726 1965 diermn
771 1909 950 1964 factus
987 1910 1151 1963 fuerit
1208 1924 1339 1978 puer
1395 1909 1688 1974 masculus,
1744 1909 1969 1962 ollertur
2019 1911 2085 1961 ad

515 2006 709 2067 altare,
746 2016 802 2057 ut
837 2004 908 2058 ibi
937 2003 1274 2072 purilicetur,
1304 2012 1558 2072 tanquam
1587 2005 1676 2072 qui
1703 2003 1935 2072 pollutus
1968 2004 2082 2056 l'ue-

515 2098 590 2150 rit
620 2097 671 2150 in
706 2097 819 2165 ipsa
850 2095 1228 2162 conceptione,
1299 2094 1382 2148 vel
1426 2095 1638 2163 paterni
1693 2094 1947 2156 seminis,
1999 2094 2080 2146 vel

513 2188 652 2241 uteri
689 2187 951 2240 materni?
982 2186 1169 2241 Omnis
1197 2201 1326 2253 ergo
1350 2186 1510 2240 homo
1537 2187 1585 2239 in
1616 2197 1770 2255 patre
1792 2195 1846 2240 et
1876 2187 1926 2238 in
1970 2203 2084 2238 ma-

517 2289 597 2332 tre
634 2279 866 2348 pollutus
905 2290 1006 2346 est,
1040 2281 1189 2334 solus
1215 2295 1342 2333 vero
1369 2279 1523 2334 Jesns
1560 2279 1815 2333 Dominus
1853 2293 2002 2331 meus
2032 2279 2082 2330 in

514 2375 656 2428 hanc
707 2372 1109 2442 generationem
1145 2371 1251 2443 (97)
1283 2374 1512 2426 mundus
1565 2374 1841 2442 ingressus
1893 2379 1994 2436 est,
2031 2373 2082 2424 in

517 2472 692 2516 matre
723 2479 826 2516 non
865 2473 949 2516 est
991 2463 1246 2532 pollutus.
1283 2461 1564 2531 ingressus
1597 2472 1681 2518 est
1707 2463 1853 2516 enim
1887 2479 2084 2533 corpus

514 2555 1026 2608 ineontmninatum.
1062 2555 1180 2624 Ipse
1215 2558 1356 2610 enim
1395 2565 1534 2621 erat,
1567 2557 1657 2625 qui
1682 2567 1736 2610 et
1763 2557 1960 2610 dudum
1992 2573 2086 2625 per

513 2647 862 2700 Salomonent
901 2648 1112 2702 dixerat
1135 2650 1180 2680 7"
1213 2666 1226 2698 :
1263 2668 1280 2700 I
1313 2648 1480 2718 Magis
1527 2659 1708 2702 autem
1743 2665 1864 2702 cum
1907 2665 2084 2705 essem

513 2739 704 2801 bonus,
749 2739 870 2791 veni
922 2745 988 2791 ad
1042 2754 1241 2807 corpus
1284 2739 1813 2808 incuinquinatum.r
1849 2741 1963 2795 Non
2001 2752 2084 2797 est

511 2846 643 2896 ergo
687 2831 1089 2883 ιυιιιίιιιιίηιιιιις
1135 2833 1186 2882 ἱιι
1225 2840 1416 2892 matre,
1451 2833 1545 2886 sed
1590 2848 1656 2884 ne
1689 2833 1740 2885 in
1776 2844 1929 2903 patre
1967 2837 2088 2904 qui-

513 2923 658 2975 dem.
696 2923 833 2975 Nihil
905 2924 1047 2976 enim
1079 2923 1274 2992 Ioseph
1315 2923 1364 2975 in
1411 2926 1760 2992 getteratione
1805 2929 1920 2993 ejus
1949 2945 2088 2996 pra:-

517 3025 602 3070 tcr
646 3016 1022 3069 tninisterium
1060 3016 1310 3084 praestitit
1341 3025 1394 3068 et
1424 3016 1694 3072 allectum.
1729 3017 1881 3073 Umle
1909 3031 1964 3074 et
1991 3037 2086 3089 pro

517 3110 657 3162 lideli
687 3110 1011 3173 ministerio,
1033 3109 1204 3178 patris
1225 3109 1272 3162 ei
1304 3111 1630 3163 vocabulum
1659 3109 1938 3180 Scriptura
1964 3130 2086 3165 con-

513 3217 609 3255 ces
634 3203 703 3255 it.
751 3203 843 3256 Sic
872 3203 1013 3256 enim
1050 3201 1218 3254 Maria
1259 3201 1369 3270 ipsa
1405 3203 1537 3255 dicit
1577 3203 1628 3254 in
1680 3203 1968 3272 Evangelio
1996 3206 2078 3258 πε

519 3313 540 3346 σ
592 3296 728 3349 Eore
753 3310 855 3363 ego
891 3303 1110 3361 etpater
1140 3303 1258 3346 tuus
1288 3294 1528 3348 dolentes
1546 3295 1921 3364 quzerebamus
1953 3306 2023 3349 te.
2061 3315 2079 3348 ι

517 3388 609 3439 Sic
670 3404 797 3456 ergo
825 3387 972 3440 solus
1003 3395 1084 3439 est
1120 3385 1204 3438 hic
1236 3388 1489 3439 sacerdos
1519 3403 1762 3456 magnus,
1794 3390 1883 3454 qui
1910 3405 2084 3458 neque

516 3478 569 3530 in
616 3487 767 3543 patre
817 3476 1056 3545 pollutus
1098 3477 1192 3538 sit,
1227 3491 1399 3544 neque
1455 3477 1507 3529 itt
1567 3489 1758 3530 matre.
1794 3479 2084 3533 Videamus

514 3579 696 3621 autem
729 3568 773 3620 si
803 3569 984 3622 adhuc
1015 3584 1300 3638 possumus
1333 3568 1534 3636 aliquid
1571 3569 1871 3631 sublimius,
1905 3583 1958 3624 et
1987 3588 2082 3638 pro

519 3667 784 3734 dignitate
831 3667 962 3719 tanti
1013 3665 1284 3736 pontiﬁcis
1335 3665 1598 3718 invenire.
1649 3667 1808 3718 Pater
1836 3668 2080 3721 omnium

514 3759 894 3812 verusdicitur
917 3742 1076 3814 Deus.
1108 3759 1333 3813 Matrem
1373 3766 1576 3824 autem,
1611 3760 1898 3827 Apostolus
1927 3759 2083 3816 Jeru-

513 3852 683 3905 salem
713 3851 845 3906 dicit
872 3868 989 3907 esse
1021 3854 1299 3908 caelestem
1324 3855 1390 3906 ⁷⁸.
1423 3852 1624 3907 Omnes
1656 3870 1786 3923 ergo
1831 3858 1920 3924 qui
1957 3871 2082 3923 pec~

514 3947 1131 4008 cant,contaminantur
1177 3947 1228 4000 in
1281 3958 1434 4016 patre
1483 3964 1510 4002 a
1553 3964 1659 4017 quo
1706 3949 1874 4001 creati
1933 3961 2078 4004 sunt.

517 4037 646 4090 Sive
692 4037 836 4090 enim
887 4039 1092 4106 egimus
1137 4039 1337 4109 aliquid
1388 4041 1636 4109 impium,
1664 4041 1777 4094 sive
1803 4040 1962 4094 locuti
1993 4057 2080 4093 Stl-

517 4145 656 4190 mus,
696 4130 812 4182 sive
833 4131 1191 4197 cogitavimus
1231 4143 1420 4184 contra
1455 4130 1644 4193 Deum,
1675 4147 1798 4184 cum
1831 4146 1932 4182 non
1967 4145 2082 4183 cre-

515 4221 751 4274 didimus
795 4220 902 4273 Deo
955 4221 1308 4272 contaminati
1347 4236 1535 4274 sumus
1589 4221 1640 4272 in
1693 4229 1868 4290 patre.
1902 4220 2080 4290 Atque

514 4316 721 4369 utinam
755 4327 881 4366 tunc
926 4314 1097 4367 solum
1141 4329 1235 4381 per
1273 4313 1697 4367 incredulitatem
1736 4312 1939 4366 factum
1985 4317 2076 4379 sit,

2113 3056 2155 3112 C

2194 459 2300 498 non
2341 441 2668 507 referantur,
2699 441 2974 511 quomodo
3011 437 3305 493 secundum
3341 436 3573 490 litteram
3620 452 3761 504 pro-

2195 537 2434 600 babitur,
2454 535 2596 604 quod
2627 536 2692 588 de
2717 535 2920 588 sanctis
2951 547 3056 586 non
3106 540 3266 586 exeat
3297 545 3527 600 magnus
3575 545 3764 585 sacer-

2194 633 2311 692 dos,
2347 629 2440 697 qui
2467 629 2652 697 utique
2679 637 2734 681 et
2755 641 2980 679 uxorem
3002 624 3324 692 accipiebat,
3351 623 3491 678 sicut
3516 622 3758 677 inferius

2191 717 2410 781 dicitur,
2441 716 2712 784 virginem
2740 716 2805 768 de
2835 728 3032 783 genere
3064 714 3197 767 suo?
3228 712 3282 766 Si
3320 714 3384 767 de
3414 713 3618 767 sanctis
3643 728 3760 766 non

2190 809 2323 871 exit,
2355 808 2398 860 si
2432 822 2698 876 nusquam
2741 805 3009 874 procedit,
3042 805 3314 875 quomodo
3369 814 3462 858 aut
3513 804 3578 858 ad
3617 819 3764 872 quos

2193 916 2321 954 usus
2353 900 2596 970 accipere
2618 900 2842 969 jubetur
2871 899 3134 952 uxorem?
3164 898 3350 966 Neque
3375 897 3517 952 enim
3552 908 3760 966 putan-

2191 991 2320 1044 dum
2352 998 2437 1043 est
2482 991 2625 1056 quod
2658 1003 2780 1041 cum
2808 1000 2978 1039 uxore
3011 985 3149 1038 intra
3187 995 3375 1038 sancta
3410 1000 3633 1038 manere
3661 1000 3762 1054 po-

2193 1079 2377 1134 tuerit.
2411 1077 2514 1133 Sed
2541 1078 2658 1132 hare
2685 1085 2875 1146 putent
2921 1074 3018 1140 illi,
3047 1075 3239 1143 quibus
3265 1075 3478 1144 placent
3510 1073 3765 1130 Judaica:

2192 1169 2406 1222 fabulae.
2439 1167 2544 1222 Nos
2574 1177 2756 1220 autem
2811 1167 3074 1220 habemus
3125 1166 3465 1220 sacerdotem
3503 1181 3764 1233 magnum

2187 1259 2479 1312 secundum
2533 1258 2778 1311 ordinem
2812 1255 3208 1311 Melchisedech
3238 1256 3517 1312 Christum
3543 1255 3762 1322 Jesum,

2188 1366 2463 1420 nunquam
2519 1353 2583 1404 de
2632 1352 2843 1405 sanctis
2893 1359 3227 1414 exeuntem;
3271 1365 3490 1420 semper
3521 1354 3667 1405 enim
3705 1353 3763 1406 in

2188 1442 2397 1497 sanctis
2427 1452 2530 1506 est,
2561 1451 2617 1497 et
2649 1454 2833 1497 manet
2857 1458 3070 1512 semper
3092 1452 3311 1496 sanctus
3343 1443 3394 1496 in
3423 1442 3602 1497 verbis
3619 1443 3764 1510 suis,

2188 1543 2407 1586 sanctus
2437 1533 2488 1586 in
2525 1533 2738 1588 actibus
2769 1534 2906 1601 suis,
2938 1544 3158 1589 sanctus
3187 1533 3239 1586 in
3271 1533 3526 1590 omnibus
3561 1534 3763 1588 volun-

2190 1623 2390 1677 tatibus
2436 1625 2569 1689 suis,
2598 1636 2652 1678 et
2681 1625 2829 1680 solus
2862 1635 2946 1679 est
2993 1626 3085 1695 qui
3137 1641 3409 1695 nunquam
3446 1626 3766 1681 inveniatur

2187 1730 2341 1769 extra
2372 1724 2584 1769 sancta.
2621 1714 2722 1781 Qui
2779 1717 2921 1770 enim
2949 1725 3154 1786 peccat,
3188 1718 3301 1770 exit
3327 1716 3395 1771 de
3427 1718 3672 1785 sanctis;
3707 1727 3768 1772 et

2188 1809 2618 1878 quotiescunque
2666 1809 2786 1877 quis
2841 1818 3050 1877 peccat,
3101 1810 3262 1863 toties
3310 1809 3542 1865 elIicitur
3599 1821 3763 1864 extra

2187 1911 2393 1954 sancta.
2415 1897 2666 1953 Christus
2696 1911 2874 1955 autem
2912 1901 3003 1969 qui
3028 1917 3299 1972 nunquam
3327 1903 3586 1970 peccavit,
3621 1919 3768 1955 nun-

2186 2011 2347 2063 quam
2384 1997 2514 2050 exiit
2546 1998 2610 2051 de
2637 1997 2856 2050 sanctis.
2889 1995 2994 2049 Sed
3043 2005 3097 2049 et
3127 2007 3180 2048 tu
3210 1996 3299 2064 qui
3327 1997 3569 2066 sequeris
3599 1997 3766 2052 Chri-

2187 2097 2354 2150 stum,
2395 2097 2450 2140 et
2492 2087 2734 2141 imitator
2774 2088 2890 2157 ejus
2913 2102 2990 2151 es,
3032 2086 3075 2140 si
3111 2100 3428 2155 permaneas
3481 2088 3532 2141 in
3583 2089 3762 2143 verbo

2190 2180 2302 2243 Dei,
2333 2184 2376 2234 si
2431 2183 2480 2234 in
2527 2181 2645 2251 lege
2696 2180 2828 2248 ejus,
2847 2180 3130 2234 mediteris
3174 2179 3261 2233 die
3307 2197 3370 2236 ac
3403 2192 3584 2249 nocte,
3621 2185 3668 2239 si
3705 2185 3762 2240 in

2188 2273 2460 2327 mandatis
2496 2273 2614 2340 ejus
2652 2277 2984 2340 exercearis,
3045 2291 3257 2346 semper
3309 2279 3361 2332 in
3418 2279 3624 2333 sanctis
3676 2293 3764 2345 es,

2189 2380 2288 2418 nec
2319 2381 2560 2433 unquam
2592 2367 2712 2419 inde
2743 2367 3001 2422 discedis.
3030 2367 3216 2438 Neque
3241 2371 3382 2425 enim
3413 2371 3465 2424 in
3491 2371 3608 2425 loco
3638 2386 3765 2427 san-

2187 2468 2270 2512 cla
2305 2458 2592 2526 quaerenda
2623 2467 2769 2522 sunt,
2809 2461 2902 2514 sed
2943 2462 2996 2514 in
3022 2463 3252 2528 actilms,
3285 2473 3340 2517 et
3371 2467 3500 2528 vita,
3537 2479 3599 2517 ac
3633 2479 3762 2517 mo-

2191 2552 2358 2605 ribus.
2393 2550 2522 2618 Qua:
2555 2551 2599 2604 si
2641 2552 2936 2605 secundum
2976 2553 3143 2607 Deum
3195 2554 3322 2619 sint,
3354 2564 3410 2609 et
3457 2555 3760 2609 secundum

2188 2655 2512 2714 praaceptum
2548 2644 2642 2699 Dei
2692 2645 3033 2716 habeantur,
3085 2648 3296 2703 etiamsi
3350 2649 3400 2704 in
3447 2650 3607 2705 domo
3654 2649 3761 2713 sis,

2187 2739 2400 2793 etiamsi
2446 2739 2498 2792 iu
2549 2738 2697 2806 foro;
2741 2749 2796 2793 et
2845 2741 2972 2809 quid
3019 2741 3141 2796 dico
3184 2743 3238 2796 in
3288 2743 3426 2808 foro,
3454 2743 3674 2799 etiamsi
3709 2744 3762 2796 in

2192 2832 2401 2884 theatro
2448 2831 2746 2885 inveniaris
2773 2835 2938 2886 verbo
2969 2832 3062 2887 Dei
3097 2835 3429 2899 deserviens,
3463 2841 3513 2888 in
3549 2838 3763 2890 sanctis

2191 2933 2242 2976 te
2287 2938 2410 2978 esse
2457 2940 2561 2978 non
2609 2926 2845 2982 dubites.
2889 2929 2995 2982 Aut
3034 2944 3138 2982 non
3180 2929 3272 2981 tibi
3315 2929 3526 2982 videtur
3554 2927 3763 2983 Paulus

2189 3033 2309 3070 cum
2342 3017 2619 3086 ingressus
2643 3028 2726 3072 est
2764 3020 3063 3084 theatrum,
3103 3019 3184 3073 vel
3215 3036 3335 3074 cum
3374 3021 3650 3089 ingressus
3677 3031 3763 3076 est

2187 3109 2552 3178 Areopagum,
2579 3115 2630 3162 et
2664 3110 2978 3178 praedicavit
3000 3110 3423 3164 Atheniensibus
3444 3109 3757 3178 Christum,

2187 3200 2238 3252 in
2274 3200 2482 3254 sanctis
2513 3199 2724 3254 fuisse?
2758 3201 2860 3256 Sed
2900 3211 2955 3256 et
2985 3218 3104 3256 cum
3155 3203 3586 3271 perambulasset
3631 3217 3762 3257 aras

2185 3301 2239 3344 et
2267 3291 2408 3344 idola
2430 3292 2860 3358 Atheniensium,
2888 3295 2973 3348 ubi
2996 3295 3202 3350 invenit
3231 3296 3494 3364 scriptum
3523 3315 3543 3348 ε
3570 3298 3760 3367 Ignoto

2186 3383 2296 3436 Deo
2314 3383 2383 3448 ⁷⁷,
2405 3400 2423 3433 ι
2461 3392 2515 3437 et
2545 3398 2611 3437 ex
2662 3387 2763 3440 hoc
2817 3387 2983 3440 verbo
3012 3388 3244 3454 sumpsit
3268 3387 3469 3443 Christi
3501 3391 3760 3458 praedica-

2188 3473 2350 3528 tionis
2379 3475 2689 3538 exordium,
2723 3477 2884 3531 etiam
2923 3479 2994 3532 ibi
3026 3495 3149 3535 aras
3183 3481 3463 3550 gentilium
3516 3483 3756 3537 luSIrans

2186 3563 2239 3616 in
2271 3568 2475 3621 sanctis
2518 3571 2730 3638 positus
2763 3581 2904 3639 erat,
2935 3574 3059 3644 quia
3095 3584 3285 3629 sancta
3317 3575 3614 3646 cogitabat.
3647 3577 3758 3632 Sed

2185 3668 2239 3711 et
2267 3661 2578 3732 quicunque
2624 3669 2864 3722 custodit
2913 3684 2971 3722 se
3020 3677 3142 3738 post
3195 3682 3470 3740 acceptam
3519 3675 3755 3740 gratiam

2189 3747 2278 3803 Dei
2331 3766 2395 3805 ne
2446 3753 2650 3808 incidat
2699 3756 2750 3810 in
2803 3759 3176 3828 homicidium,
3221 3762 3273 3815 in
3321 3761 3668 3827 adulterium,
3704 3764 3755 3816 in

2185 3843 2410 3908 l‘urlum,
2441 3844 2493 3898 in
2531 3845 2725 3901 falsum
2754 3851 3142 3916 testimonium,
3167 3862 3220 3906 et
3253 3851 3353 3906 alia
3387 3852 3620 3918 similia;
3659 3853 3755 3908 sed

2184 3946 2462 4006 permanet
2491 3939 2722 3994 mundus
2751 3941 2820 3995 ab
2847 3943 2993 3997 omni
3026 3944 3348 4014 contagione
3378 3946 3613 4012 peccati,
3644 3961 3753 4000 non

2181 4029 2350 4084 exivit
2379 4031 2486 4100 iste
2529 4031 2596 4086 de
2647 4034 2870 4098 sanctis,
2909 4044 2962 4089 et
2993 4051 3096 4090 non
3125 4037 3514 4092 contaminavit
3545 4039 3756 4093 sancti-

2183 4122 2485 4177 licationem
2546 4124 2641 4178 Dei
2685 4125 2766 4178 sui
2824 4125 2878 4178 in
2941 4129 3259 4198 semetipso,
3310 4131 3435 4199 quia
3500 4141 3752 4186 sanctum

2181 4213 2357 4266 oleum
2407 4215 2727 4270 chrismatis
2762 4215 2854 4271 Dei
2904 4219 2984 4273 sui
3031 4235 3195 4289 super
3241 4223 3418 4291 ipsum
3469 4233 3573 4278 est.
3619 4221 3754 4279 Illud

2180 4305 2379 4367 oleum,
2403 4306 2471 4360 de
2497 4321 2602 4376 quo
2651 4308 2701 4360 iu
2739 4308 2921 4362 Exodo
2971 4311 3232 4379 scriptum
3276 4313 3448 4375 est",
3477 4316 3751 4382 quomodo

512 4415 787 4463 cessatum
819 4404 890 4457 sit
919 4419 1049 4458 vero
1075 4413 1352 4472 postquam
1403 4403 1732 4456 credidimus
1761 4405 1772 4455 !
1828 4403 1916 4457 Sic
1950 4420 2078 4472 ergo
2112 4397 2155 4451 ι)
2185 4408 2363 4467 polcsl
2395 4399 2694 4452 secundum
2727 4399 2961 4454 litteram
3007 4403 3224 4471 proprie
3257 4405 3434 4458 oleum
3490 4407 3580 4460 Dei
3609 4407 3744 4470 dici,

512 4501 676 4552 etiam
704 4495 865 4564 252
899 4495 1335 4548 contaminamur
1378 4494 1429 4546 in
1480 4503 1674 4560 tnatre,
1705 4496 1750 4548 si
1794 4495 2080 4550 credentes

515 4591 648 4650 Deo,
681 4590 763 4640 vel
799 4588 1091 4641 Ecclesiam
1129 4587 1395 4652 ltedimns,
1431 4587 1510 4640 vel
1549 4588 1850 4642 libertatem
1889 4593 2079 4644 matris

514 4682 755 4734 ctelestis
812 4681 1027 4748 indigna
1072 4681 1275 4749 peccati
1307 4679 1564 4733 servitute
1599 4680 1886 4734 funiumus.
1922 4681 2079 4736 Solus

513 4786 644 4824 vero
679 4772 932 4824 Dominus
963 4782 1146 4824 noster
1171 4770 1330 4826 Jesus
1358 4772 1628 4833 Christus,
1669 4773 1761 4839 qui
1795 4783 2074 4840 peccatum

518 4863 714 4924 nescit,
747 4876 920 4930 neque
949 4862 999 4914 in
1029 4871 1201 4930 patre,
1235 4877 1409 4928 neque
1445 4862 1494 4914 'ru
1529 4871 1702 4914 matre
1741 4863 2077 4914 contamina-

517 4959 604 5002 tus
635 4959 738 5011 cst,
775 4959 829 5002 et
863 4950 929 5002 de
964 4950 1166 5002 sanctis
1215 4965 1318 5002 non
1352 4949 1541 5003 exivit.
1583 4949 1822 5003 Fuerant
1857 4952 2075 5018 quidem

514 5035 773 5088 nonnulla
802 5044 856 5088 et
886 5037 934 5087 in
969 5037 1342 5105 superioribus
1374 5039 1723 5106 proponenda
1766 5038 1985 5106 ludatis,
2013 5045 2078 5095 ad

513 5144 632 5196 qua:
669 5129 994 5196 respondere
1044 5145 1150 5182 non
1208 5138 1447 5197 possent,
1482 5129 1574 5183 sed
1601 5131 1820 5183 omissis
1849 5131 1977 5197 illis,
2010 5133 2077 5187 de

515 5223 616 5274 hoc
641 5220 851 5273 interim
871 5235 1120 5274 sermone
1149 5221 1274 5289 quid
1309 5221 1461 5274 nobis
1486 5221 1687 5283 dicant,
1717 5221 1803 5275 vel
1837 5223 1958 5291 ipsi,
1997 5226 2078 5276 vel
2121 5283 2125 5287 ,

511 5310 601 5370 qui
627 5309 921 5360 secundum
951 5309 1188 5375 ipsorum
1221 5324 1441 5361 sensum
1480 5309 1704 5377 intelligi
1759 5311 1928 5380 legem
1985 5329 2078 5364 vo-

583 5401 628 5432 "
658 5402 780 5458 Lev.
814 5419 924 5465 xxi,
965 5404 1048 5456 ll.
1123 5405 1168 5434 ⁷³
1195 5403 1295 5458 Job
1345 5420 1452 5468 xiv,
1484 5405 1536 5469 4,
1570 5405 1623 5458 5.

515 5469 564 5504 ⁷⁸
586 5473 752 5526 Exod.
789 5489 940 5528 xxn’.
1019 5474 1220 5528 "Psal.
1253 5490 1394 5540 λων,
1423 5482 1475 5531 8.

515 5651 546 5690 e
588 5564 698 5636 (96)
735 5566 978 5624 Hortale.
1013 5568 1174 5624 Deest
1210 5569 1260 5624 in
1288 5569 1420 5626 libb.
1455 5569 1638 5637 editis,
1671 5571 1762 5625 sed
1799 5565 2078 5642 suppletur

572 5653 696 5690 MSS.

572 5653 696 5690 MSS.

1702 5405 1748 5436 "‘
1775 5407 1902 5477 Sap.
1921 5423 2030 5473 vni,
2052 5408 2140 5462 20.

2187 4493 2328 4559 qttod
2357 4503 2474 4546 arte
2507 4493 2809 4562 myrepsica
2839 4493 3149 4548 confectum
3175 4506 3258 4550 est
3285 4512 3313 4549 a
3343 4499 3752 4566 pigmentario?

2187 4581 2292 4636 Sed
2339 4584 2381 4637 si
2418 4583 2498 4636 vis
2525 4584 2711 4638 videre
2757 4583 2932 4639 oleum
2967 4586 3083 4651 Dei,
3122 4587 3246 4640 audi
3281 4603 3439 4655 quem
3477 4588 3747 4660 Propheta

2187 4676 2331 4728 dicat
2372 4684 2596 4728 unctum
2646 4691 2766 4731 esse
2805 4676 2922 4732 oleo
2974 4677 3092 4743 Dei,
3141 4679 3290 4732 illum
3333 4681 3450 4734 sine
3491 4681 3655 4736 dubio
3687 4683 3752 4736 de

2188 4784 2294 4836 quo
2335 4768 2466 4823 dicit
2488 4769 2531 4801 ⁷⁹
2565 4787 2578 4822 :
2613 4787 2632 4820 ι
2662 4768 2953 4840 Propterea
2979 4773 3132 4826 unxit
3166 4782 3218 4827 te
3264 4775 3427 4839 Deus,
3452 4775 3599 4831 Deus
3628 4786 3750 4831 tuus

2181 4859 2300 4912 oleo
2336 4859 2534 4914 laetitiae
2592 4876 2701 4930 prae
2751 4862 3107 4932 participibus
3156 4866 3277 4918 tuis.
3312 4885 3329 4917 ι
3361 4865 3456 4920 llic
3509 4882 3639 4937 ergo
3670 4878 3751 4923 est

2185 4964 2412 5018 magmts
2451 4951 2731 5016 sacerdos,
2757 4951 2848 5019 qui
2884 4953 3030 5006 solus
3059 4954 3180 5008 oleo
3213 4955 3303 5009 Dei
3337 4966 3529 5010 unctus
3559 4969 3669 5021 est,
3699 4968 3752 5010 et

2183 5039 2234 5090 in
2271 5055 2376 5107 quo
2416 5055 2630 5110 semper
2661 5054 2912 5098 sanctum
2944 5046 3243 5114 permansit
3275 5046 3441 5099 divini
3477 5047 3742 5101 chrisma-

2181 5129 2249 5182 tis
2273 5131 2474 5186 oleum.

2246 5223 2298 5277 5.
2344 5223 2448 5277 Sed
2503 5225 2632 5296 quid
2684 5226 2902 5282 additur
2939 5239 3060 5298 post
3114 5229 3266 5284 haec?
3330 5229 3470 5284 illic
3520 5247 3744 5287 uxorem

2177 5315 2441 5384 virginem
2487 5318 2554 5372 de
2591 5334 2789 5388 genere
2832 5336 2930 5374 suo
2963 5321 3197 5390 accipiet
3235 5321 3496 5375 :viduam
3541 5331 3746 5388 autem,

2218 5412 2262 5441 ⁷⁵
2291 5410 2421 5467 Luc.
2454 5427 2516 5476 tt,
2537 5412 2623 5469 48.
2701 5415 2745 5445 ⁷⁸
2773 5414 2949 5470 Galat.
2979 5431 3050 5479 tv,
3081 5414 3172 5471 26.
3247 5415 3292 5447 ⁷⁷
3319 5417 3440 5470 Act.
3464 5430 3599 5484 xvu,
3647 5417 3739 5472 23.

2188 5639 2225 5695 ἠ
2259 5569 2488 5695 (in’Sic
2523 5590 2652 5629 mss.
2685 5573 2840 5630 Libb.
2879 5588 3011 5631 vero
3053 5575 3206 5644 editi,
3243 5594 3263 5628 ‹
3296 5577 3348 5632 in
3383 5578 3483 5634 hac
3514 5593 3734 5648 genera-

2228 5660 2293 5694 υη
2334 5680 2347 5693 .

2228 5660 2347 5694 oue.
