2012 3073
116 135 161 161 5M
691 124 723 151 IN
744 120 917 151 LEVlTlCU!

969 115 1094 146 [OMILIA
1113 113 1170 141 ΧΗ.
1695 99 1746 127 542

125 202 150 221 et
163 193 288 226 eiectam,
308 196 336 218 et
353 190 524 219 meretricem
547 194 599 215 non
623 186 749 220 accipiet,
765 186 812 213 sed
827 184 910 218 virgi-

131 247 189 267 nem
213 238 246 265 de
270 244 374 271 genere
399 244 458 269 suo,
482 240 509 263 et
532 244 583 263 non
600 233 797 263 contaminabit
819 238 910 259 semen

129 292 205 313 suum
227 285 254 311 in
277 284 380 319 populo
401 291 450 311 suo
468 290 540 317 :ego
558 282 687 309 Dominus
703 281 748 316 qui
771 279 912 307 sanctiﬁco

130 339 193 359 eum
204 330 238 357 ⁸⁸.
255 340 265 356 ι
283 330 350 362 Quia
366 337 429 364 ergo
445 329 527 356 totius
542 329 720 362 expositionis
732 327 799 354 ordo
815 326 847 352 ad
863 332 911 351 ve-

130 386 190 405 rum
207 378 377 404 sacerdotem
394 384 520 411 magnum
539 381 681 403 revocatus
699 381 741 402 est
761 374 911 404 Christum,

127 424 272 450 videamus
288 430 357 449 ntmc
373 426 400 449 et
415 422 478 456 quid
496 422 528 448 de
547 422 648 455 nuptiis
663 421 720 454 eius
740 419 851 452 intelligi
867 419 911 445 de-

131 470 203 496 beat.
221 469 322 496 Paulus
344 468 481 502 apostolus
506 467 603 493 dicit“
620 475 626 493 :
643 476 652 492 ι
667 466 732 493 Volo
754 471 844 492 autem
865 471 914 491 vos

128 523 225 542 omnes
240 515 285 541 uni
300 515 359 541 viro
375 509 507 548 virginem
518 519 620 540 castam
636 513 766 539 exhibere
792 510 927 539 Christ0..

128 561 226 588 Timeo
251 566 340 587 autent
355 567 388 587 ne
401 560 471 587 sicut
486 567 597 594 serpens
617 558 723 585 seduxit
735 557 819 584 Eram
839 561 913 583 astu-

130 608 165 634 tia
187 615 246 639 sua,
265 606 302 633 ita
318 612 526 639 corrumpantur
541 612 636 632 sensus
650 603 732 630 vestri
755 611 768 629 a
785 602 914 636 simplici-

128 658 197 685 tate,
214 660 276 686 qum
294 653 319 679 in
335 650 591 679 Cliristcest.iVult
605 658 669 685 ergo
692 649 791 676 Paulus
820 656 914 675 omnes

127 697 291 724 Corinthios
304 696 433 731 virginem
444 702 547 723 castam
557 696 685 722 exhibere
694 694 803 721 Christo
821 702 828 720 :
843 692 913 728 quod

127 744 226 778 utique
245 751 385 778 nunquam
407 742 500 773 vellet,
518 741 570 768 nisi
594 742 619 768 id
646 740 774 775 possibile
798 740 914 768 videret.

129 789 210 817 Unde
222 793 250 815 et
265 789 362 815 mirum
382 788 497 815 fortaSse
512 788 645 818 videatur,
662 785 796 821 quomodo
815 785 853 816 hi,
869 785 915 818 qui

127 836 248 863 diversis
272 835 392 869 peccatis
416 834 535 868 corrupti
560 834 592 860 ad
612 833 691 860 tidem
714 832 815 859 Christi
838 838 916 858 vene-

128 886 207 912 runt,
224 889 319 908 omnes
329 880 408 908 simul
424 880 498 915 virgo
516 884 589 906 casta
604 880 748 911 dicantur;
765 885 824 912 qua:
837 878 914 912 virgo

127 932 187 953 tam
206 931 312 958 sancta,
329 930 382 953 tam
398 930 472 952 casta
486 926 571 957 sit,ut
587 929 724 951 mereatur
737 924 819 951 etiam
835 924 916 950 Chri‘

127 973 166 1001 sti
191 973 292 1007 nuptiis
308 972 441 1006 copulari.
459 972 560 999 Verum
583 971 710 1006 quoniam
732 971 790 997 haec
806 970 839 996 ad
855 977 916 996 car-

130 1020 176 1046 nis
191 1019 376 1053 integritatem
399 1019 500 1045 rel'erre
519 1026 570 1044 non
586 1026 739 1051 possumus,
757 1022 861 1042 ccrtuin
875 1020 915 1042 est

129 1067 206 1102 quod
221 1066 253 1092 ad
269 1066 450 1099 integritatem
468 1065 564 1090 anima:
575 1067 708 1098 spectent,
728 1062 803 1095 cujus
820 1070 915 1089 secun-

129 1115 195 1139 dum
218 1113 304 1146 ipsius
323 1112 397 1138 Pauli
415 1111 589 1142 sententiam,
606 1108 767 1143 simplicitas
781 1109 839 1135 ﬁdei
857 1115 916 1142 qua:

130 1158 157 1185 in
176 1158 285 1185 Christo
299 1163 349 1189 est,
367 1158 507 1191 virginitas
528 1157 588 1191 eius
611 1155 742 1189 appellata
760 1161 811 1184 est,
825 1159 851 1180 et
869 1161 916 1188 per

129 1206 184 1233 hoc
202 1205 331 1240 quoniam
359 1204 540 1234 cessantibus,
567 1203 608 1229 vel
629 1202 848 1236 philomphorum
872 1208 916 1226 so-

131 1252 326 1287 phismatibus,
349 1253 390 1277 vel
413 1250 650 1280 superstitionibus
675 1248 794 1275 Judaicis
813 1248 837 1273 in
866 1247 915 1272 ﬁde

131 1297 250 1332 simplici
268 1297 392 1324 Christus
419 1297 468 1323 sibi
492 1296 638 1329 assumpsit
656 1294 816 1323 Ecclesium,
835 1292 916 1326 virgi-

131 1351 194 1371 nem
212 1343 245 1370 de
259 1350 356 1377 genere
375 1350 423 1368 suo
438 1342 540 1374 act-epit
558 1348 680 1367 uxorem.
699 1339 783 1373 lluius
800 1345 916 1370 mutique

131 1390 213 1416 ﬁdem
232 1397 285 1416 non
299 1389 446 1421 corrumpit
460 1387 660 1421 pltilosopbictts
679 1394 784 1416 sensus,
798 1392 847 1410 nec
863 1384 915 1410 cir-

133 1435 312 1462 cumcisionis
329 1434 451 1464 ambitio,
467 1434 511 1459 scd
530 1434 555 1459 in
573 1432 745 1465 simplicitate
769 1431 917 1457 confessio—

131 1481 174 1507 nis
192 1485 322 1513 tanquam
340 1479 365 1505 in
383 1478 503 1512 virginali
525 1478 679 1511 integritate
691 1472 856 1510 ‘pertnansit.
873 1477 916 1502 Sic

131 1527 247 1554 enimet
261 1526 360 1552 dudum
373 1524 535 1558 promiserat
551 1531 597 1557 per
609 1523 765 1555 prophetam
776 1523 868 1548 dicens
878 1523 915 1548 Ei:
932 1536 952 1563 Ο

135 1583 143 1599 ε
156 1572 330 1606 Desponsabo
343 1577 368 1597 te
382 1570 442 1596 mihi
455 1571 478 1596 in
492 1569 551 1595 ﬁde.
564 1578 572 1593 ι
587 1567 680 1594 Omnis
693 1576 755 1601 ergo
768 1568 913 1593 secundum

133 1618 310 1652 Apostolum,
325 1618 370 1651 qui
386 1616 411 1642 in
431 1616 539 1642 Christo
556 1620 606 1645 est,
622 1622 689 1640 nova
717 1620 840 1640 creatura
866 1621 915 1640 est.

134 1665 167 1691 Et
179 1665 251 1690 sicut
271 1663 340 1689 idem
359 1662 501 1695 Apostolus
516 1661 607 1687 dicit“3
623 1669 629 1686 :
648 1670 655 1685 ι
669 1660 702 1686 Ut
721 1660 846 1686 exhibeat
861 1660 917 1693 ipso

134 1710 187 1737 sibi
204 1711 348 1742 gloriosam
367 1709 511 1734 licclesiam
536 1716 587 1733 non
607 1707 750 1732 habentem
773 1707 915 1737 maculam,

135 1762 183 1783 aut
203 1764 307 1790 rugam.
322 1762 368 1781 aut
384 1754 484 1787 aliquid
503 1753 645 1787 ejusmodi,
660 1753 704 1778 sed
727 1758 754 1778 ut
777 1753 809 1778 sit
825 1757 917 1778 sancta

135 1808 163 1830 ct
188 1802 372 1829 immaculata.
388 1811 396 1826 ι
419 1800 558 1833 Quomodo
576 1807 638 1833 ergo
655 1806 714 1825 eam
738 1806 796 1831 qua).
819 1805 917 1831 rugosa

135 1854 189 1882 est,
208 1848 274 1875 facit
295 1855 356 1874 esse
382 1847 439 1874 sino
463 1854 537 1880 ruga,
553 1846 603 1871 nisi
627 1845 688 1878 quia
707 1849 821 1870 Fl'llOVlll
839 1844 918 1869 eam?

136 1895 287 1922 secundum
312 1895 381 1927 quod
405 1893 533 1926 scriptum
548 1891 618 1917 est“
635 1899 641 1916 :
657 1899 716 1916 nam
746 1899 754 1914 ‹
771 1890 820 1916 ctsi
838 1890 859 1915 is
873 1891 917 1923 qui

135 1941 239 1968 deforis
252 1946 290 1967 est
310 1940 388 1966 homo
404 1945 494 1965 noster
509 1940 698 1970 corrumpitur,
717 1939 762 1963 sed
785 1938 829 1971 qui
848 1937 918 1962 intus

135 1991 192 2018 est,
214 1990 359 2013 renovatur
387 1985 418 2011 de
446 1985 487 2010 die
516 1984 540 2009 iu
569 1984 649 2010 tliem.
666 1993 675 2008 )
700 1983 810 2009 Viduam
842 1990 918 2011 sane.

138 2039 166 2060 et
188 2032 370 2063 meretricem,
392 2035 419 2057 et
441 2031 554 2065 eiectam
579 2038 629 2055 non
657 2030 770 2064 accipiet
784 2029 917 2060 Christus,

138 2097 190 2116 nec
203 2090 284 2115 intrat
300 2089 362 2115 talis
382 2089 470 2115 anima
488 2087 633 2113 thalamum
658 2088 759 2121 sponsi.
777 2088 826 2119 Qui
848 2087 918 2113 enim

139 2137 277 2170 ingressus
293 2135 373 2162 fuerit
393 2135 454 2161 illuc
481 2143 533 2160 non
563 2136 664 2161 habens
693 2134 848 2161 indumenta
871 2143 920 2161 nu-

139 2181 386 2216 ptialia,perierct
416 2181 480 2207 illud
514 2181 584 2214 quod
625 2180 753 2213 scriptum
793 2188 851 2206 CSse
870 2189 919 2206 no-

926 185 947 214 Α
962 180 1010 207 tiat
1021 186 1036 205 a
1055 178 1113 212 lege
1131 174 1192 206 viri,
1210 176 1241 199 ut
1255 171 1312 206 iatn
1329 177 1381 197 non
1400 168 1435 196 sit
1450 166 1572 194 adultera
1586 164 1607 191 si
1624 162 1747 197 nupserit

962 206 1175 254 ChristoiQuod
1192 218 1213 246 si
1230 217 1348 248 eveniat,
1362 219 1388 240 nt
1406 214 1447 240 lex
1464 211 1571 247 quidem
1585 209 1682 236 anima:
1695 206 1745 241 ipsi

963 269 1107 299 moriatur,
1128 266 1154 293 id
1168 268 1210 292 est
1230 268 1259 289 ut
1278 262 1366 288 anima
1381 259 1505 286 discedat
1523 264 1537 283 a
1554 256 1622 290 lege,
1637 261 1686 280 nec
1704 258 1746 279 ta-

963 323 1023 343 tncu
1042 313 1215 346 constringat
1231 317 1260 336 se
1280 306 1406 335 castioris
1428 303 1556 331 connubii
1581 299 1747 334 disciplinis,

963 368 989 390 et
1000 370 1014 389 a
1032 362 1089 394 lege
1105 345 1261 388 discedens,
1280 345 1428 387 evangelici
1442 349 1576 385 dogmatis
1593 355 1644 374 non
1661 345 1747 373 susci-

962 393 1123 443 piatiugttm
1139 413 1145 430 :
1165 404 1221 430 haec
1239 401 1341 428 nttbere
1359 398 1467 425 Christo
1484 403 1537 422 non
1560 393 1671 428 poterit,
1688 398 1747 425 qua

964 437 1098 481 iibertaiis
1112 449 1250 476 lasciviam
1266 444 1414 480 qumsierit.
1430 449 1482 468 non
1496 439 1555 466 ﬁdei
1567 437 1708 473 virginalis
1721 441 1748 462 et

964 496 1094 532 simplicis
1110 495 1222 522 culttnn.
1245 492 1293 518 llic
1311 497 1379 524 ergo
1395 486 1524 515 sacerdos
1544 491 1658 517 magnus
1679 490 1748 509 uxo—

963 529 1024 571 rem
1045 542 1175 576 virginem
1194 538 1309 572 accipiet
1330 536 1362 562 de
1388 540 1489 569 genere
1514 538 1572 558 suo.
1596 529 1687 556 Potest
1717 532 1745 554 et

964 594 1076 624 propter
1089 573 1150 614 'hoc
1174 586 1275 612 dictum
1304 581 1388 609 videri
1404 580 1437 606 de
1463 584 1564 613 genere
1589 583 1651 606 suo,
1678 573 1750 608 quod

965 618 1055 661 anima
1069 632 1168 660 Christi
1187 638 1220 657 ex
1233 635 1333 664 genere
1348 632 1374 653 et
1386 633 1417 652 ex
1434 622 1587 651 substantia
1603 619 1686 646 fuerit
1699 618 1749 645 hu-

966 686 1105 707 manarum
1123 677 1245 704 omnium
1262 674 1424 700 animarum.
1446 670 1540 696 Potest
1553 672 1580 694 et
1599 665 1749 692 secundum

965 726 1027 757 hoc,
1045 724 1116 759 quod
1130 723 1228 750 fratres
1249 724 1328 747 vocat
1344 718 1487 745 credentes
1501 715 1527 741 in
1544 721 1590 745 se,
1608 713 1640 739 de
1653 718 1751 746 genere

966 780 1016 800 suo
1030 771 1082 798 dici
1102 769 1191 795 anima
1210 774 1269 802 quae
1283 766 1309 792 in
1333 764 1384 790 ﬁde
1401 767 1528 795 tanquam
1547 759 1649 793 nuptiis
1663 756 1751 784 socia-

969 824 1022 845 tur.
1040 816 1105 843 lllud
1126 819 1215 841 tamen
1237 811 1298 838 nolo
1314 818 1362 836 vos
1378 810 1470 838 lateat,
1484 805 1556 840 quod
1580 803 1683 831 liebrmi
1701 810 1750 828 ne-

932 858 953 884 Β
968 868 1032 899 gant
1046 870 1075 890 se
1100 861 1230 893 scriptum
1261 857 1372 886 habere,
1387 854 1458 889 quod
1476 859 1537 879 nos-
1556 850 1624 885 apud
1642 851 1750 882 septua-

968 895 1044 945 ginta
1059 908 1224 940 lnterpretes
1237 902 1401 933 invenimus,
1413 901 1445 927 de
1459 905 1557 933 genere
1568 904 1624 923 suo.
1636 895 1668 922 Et
1679 898 1752 920 recte

969 940 1006 983 illi
1025 962 1077 982 non
1099 953 1201 980 habent
1220 950 1363 982 scriptum.
1382 947 1478 973 Ablata
1504 949 1546 971 est
1561 942 1634 969 enim
1650 942 1683 967 ab
1699 940 1752 967 illis

968 997 1154 1033 propinquitas
1182 994 1239 1025 Dei,
1262 992 1352 1019 ablata
1383 995 1425 1017 est
1446 989 1556 1023 adoptio
1574 987 1702 1016 liliorum,
1725 988 1754 1010 et

970 1042 1100 1070 translata
1126 1044 1168 1067 est
1191 1040 1224 1065 ad
1241 1036 1389 1064 Ecclesium
1411 1034 1522 1061 Christi.
1553 1032 1592 1058 llli
1615 1037 1680 1065 ergo
1699 1037 1753 1055 non

969 1089 1071 1116 habent
1084 1086 1212 1120 scriptum
1224 1083 1287 1118 quia
1301 1083 1334 1108 de
1361 1087 1460 1116 genere
1480 1078 1581 1106 Christi
1600 1077 1664 1107 sint,
1683 1076 1754 1102 sicut

969 1141 1020 1161 nec
1035 1140 1095 1159 esse
1120 1134 1289 1158 meruerunt.
1313 1126 1367 1154 Nos
1381 1131 1470 1153 autem
1489 1124 1533 1159 qui
1556 1124 1607 1149 hoc
1622 1121 1752 1155 scriptum

970 1179 1100 1207 habemus
1118 1183 1145 1204 et
1162 1176 1288 1210 legimus,
1301 1173 1468 1208 gaudeamus
1487 1170 1595 1205 quidem
1611 1168 1643 1194 dc
1659 1168 1754 1201 digna-

971 1226 1044 1252 tione
1066 1224 1124 1254 Dei.
1150 1225 1196 1250 sed
1222 1227 1301 1248 caute
1324 1224 1350 1246 et
1369 1218 1486 1245 sollicite
1499 1222 1640 1244 curemus,
1656 1221 1688 1239 uc
1705 1220 1754 1239 nos

969 1272 1025 1297 vita
1043 1274 1135 1296 nostra
1154 1273 1181 1295 et
1193 1273 1269 1293 acttts
1282 1273 1313 1292 ac
1330 1271 1419 1291 mores
1435 1262 1535 1289 faciant
1546 1259 1691 1294 aliquando
1706 1258 1755 1284 de-~

969 1324 1092 1351 generes,
1108 1323 1141 1342 ne
1160 1319 1183 1341 et
1195 1314 1246 1340 hoc
1261 1313 1347 1347 ipsum
1362 1310 1440 1337 nobis
1460 1308 1492 1335 ad
1505 1306 1755 1335 condemnationem

970 1348 1102 1389 ducatur,
1124 1357 1194 1391 quati
1215 1364 1277 1383 cum
1299 1362 1385 1390 genus
1403 1354 1489 1380 simus
1502 1350 1602 1378 Christi
1620 1348 1755 1382 indignis,

970 1407 997 1428 et
1014 1402 1102 1432 Redis,
1119 1408 1151 1427 ac
1169 1399 1312 1426 diabolicis
1328 1398 1434 1424 actibus
1451 1396 1614 1423 serviamus.
1630 1393 1679 1426 Qui
1702 1393 1756 1419 ha-

974 1446 1019 1472 bet
1035 1453 1098 1479 ergo
1129 1451 1266 1478 sponsam,
1294 1449 1412 1477 sponsus
1439 1444 1494 1467 est.
1516 1437 1600 1464 Audis
1621 1435 1756 1471 quomodo

971 1498 1088 1525 sponsus
1103 1491 1202 1517 dicitur
1217 1488 1342 1516 Christus
1353 1508 1360 1519 ,
1380 1494 1478 1521 sponsa
1493 1491 1557 1512 vero
1575 1483 1666 1510 anima
1687 1481 1756 1508 dici-

971 1543 1023 1569 tur,
1040 1544 1099 1570 quae
1112 1536 1173 1562 ﬁdei
1191 1534 1364 1569 simplicitate
1374 1538 1402 1559 et
1416 1537 1524 1558 actuum
1541 1529 1657 1564 puritate
1671 1528 1758 1554 incor-

973 1587 1048 1615 rupta
1061 1581 1191 1615 probatur
1206 1584 1234 1606 et
1250 1579 1338 1613 virgc.
1356 1577 1426 1603 Dicit
1438 1575 1511 1602 enim
1526 1575 1654 1602 Dominus
1669 1577 1696 1599 et
1708 1579 1756 1606 per

971 1627 1116 1655 Jercmiam
1145 1625 1304 1660 prophetam
1319 1624 1342 1639 ³⁸
1369 1631 1375 1648 :
1396 1622 1490 1649 Nonne
1517 1621 1588 1648 sicut
1614 1619 1755 1646 hominum

972 1681 1014 1699 me
1029 1672 1094 1707 (98),
1112 1676 1139 1698 et
1159 1677 1262 1706 patrem
1276 1669 1392 1700 vocasti,
1407 1673 1434 1695 et
1453 1668 1603 1702 principem
1617 1665 1757 1699 virginita-

972 1720 1006 1747 tis
1024 1719 1092 1746 ιιιίεῖ
1110 1729 1119 1745 ι

1008 1766 1035 1793 6.
1054 1775 1063 1791 ‹
1083 1765 1196 1792 Viduam
1214 1768 1315 1795 autem,
1332 1767 1358 1790 ct
1371 1762 1496 1796 eiectam,
1510 1765 1536 1787 et
1548 1758 1757 1786 contaminatam

973 1820 1025 1838 non
1048 1812 1163 1845 accipiet
1176 1810 1211 1837 ⁸⁸.
1233 1820 1242 1835 ›
1262 1809 1291 1836 Si
1309 1809 1369 1843 quis
1385 1814 1507 1835 nostrum
1528 1804 1693 1840 peccaverit,
1708 1804 1757 1830 ab-

969 1859 1056 1892 iectus
1075 1862 1130 1890 est,
1141 1857 1249 1884 etiamsi
1268 1864 1319 1883 non
1335 1856 1477 1889 abjiciatur
1494 1856 1528 1881 ab
1542 1853 1686 1887 episcopo,
1702 1852 1759 1877 sive

972 1906 1043 1940 quod
1058 1906 1150 1936 lateat,
1171 1904 1229 1931 sive
1244 1903 1315 1937 quod
1330 1902 1464 1928 interdum
1479 1902 1511 1926 ad
1526 1899 1638 1934 gratiam
1652 1897 1758 1931 iudice-

974 1957 1027 1981 tur.
1040 1950 1142 1984 eiectus
1155 1954 1198 1977 est
1215 1954 1302 1975 tamen
1320 1948 1376 1982 ipsa
1389 1946 1557 1974 conscientia
1577 1944 1690 1980 peccati.
1704 1943 1760 1970 Nec

973 1998 1084 2032 prodest
1109 1995 1227 2022 hominis
1244 1994 1348 2029 gratia,
1374 2001 1436 2020 cum
1454 1992 1580 2019 Christus
1605 1989 1758 2023 huiusmodi

973 2044 1092 2070 animam
1123 2046 1249 2075 tanquam
1267 2039 1400 2074 abiectam
1422 2046 1475 2065 non
1494 2037 1609 2072 recipiat
1626 2037 1650 2062 in
1665 2035 1759 2069 conju-

974 2091 1057 2125 gium.
1074 2088 1156 2124 Igitur
1170 2095 1255 2121 neque
1265 2087 1382 2118 viduam,
1400 2085 1470 2112 sicut
1481 2092 1560 2118 supra
1575 2083 1702 2112 diximus,
1716 2088 1761 2106 ac-

974 2135 1065 2170 cipiet,
1076 2141 1164 2169 neque
1175 2133 1288 2168 eiectam
1304 2139 1390 2166 neque
1407 2131 1547 2166 pollutam.
1563 2128 1667 2156 Polluta
1688 2126 1759 2153 dici—

976 2187 1030 2214 tur,
1042 2189 1100 2216 qua’.
1111 2180 1217 2207 etiamsi
1230 2187 1282 2206 non
1296 2186 1327 2205 ex
1336 2179 1441 2211 integro
1454 2174 1596 2209 complevit
1608 2177 1759 2207 peccatum,

138 2227 188 2254 stis
213 2227 240 2253 in
272 2226 429 2261 Evangelio.
457 2225 592 2258 Virginem
626 2233 691 2258 ergo
727 2225 851 2258 accipiet,
880 2226 921 2250 vi—
939 2215 959 2242 θ
976 2215 1065 2252 tamen
1087 2226 1138 2252 hoc
1155 2225 1213 2258 ipso
1237 2224 1307 2258 quod
1325 2222 1462 2256 cogitavit,
1484 2220 1555 2255 quod
1580 2219 1674 2251 voluit,
1687 2217 1759 2253 quod

141 2274 223 2300 duam
252 2281 305 2299 non
337 2273 470 2306 accipiet,
497 2280 583 2305 neque
612 2272 782 2297 meretricem
801 2291 807 2302 ,
836 2278 922 2304 neque

140 2317 220 2352 253
236 2317 359 2350 eiectam,
375 2322 420 2343 aut
433 2318 654 2343 contaminatam.
674 2317 844 2342 Meretricem
866 2316 923 2348 qui—

140 2364 213 2395 dem,
239 2368 265 2390 et
292 2363 421 2396 obiectant
443 2363 577 2394 animam,
604 2367 631 2389 et
653 2363 780 2396 pollutam
805 2370 853 2387 cur
871 2370 921 2387 non
939 2377 948 2382 -

141 2410 273 2443 suscipiat
290 2410 415 2436 Christus
443 2410 468 2436 iu
496 2408 661 2442 coniugium,
685 2417 736 2435 non
758 2413 799 2434 est
823 2408 922 2434 laboris

141 2464 295 2491 exponere;
314 2457 392 2482 vidua
411 2464 474 2483 vero
490 2464 538 2482 cur
554 2464 605 2482 non
625 2456 649 2481 in
668 2463 778 2481 uxorem
808 2455 922 2487 recipia-

142 2507 195 2535 tur,
209 2503 365 2537 diligentius
377 2502 534 2529 intuendum
552 2507 603 2529 est.
624 2501 721 2527 Paulus
736 2501 872 2534 apostolus
890 2501 922 2526 avl

142 2547 278 2575 Romanos
296 2549 432 2579 scribens,
446 2549 531 2574 virum
549 2549 647 2574 animze
663 2547 747 2580 legem
760 2547 839 2577 dicit,
853 2554 925 2572 eam—

142 2601 194 2628 que
211 2602 273 2621 ctun
288 2599 409 2621 mortuus
428 2594 510 2620 fuerit
530 2593 580 2624 vir,
601 2593 715 2619 solutam
731 2600 791 2618 esse
807 2599 925 2625 pI‘OIIlltt-

175 2663 417 2694 “Levit.xxt,1’o.
455 2663 474 2677 ⁸¹
492 2661 511 2688 ll
526 2661 586 2688 Cor.
608 2669 644 2690 χι,
660 2661 686 2686 ‘2.

141 2699 164 2716 "
178 2699 266 2728 chit.
285 2707 343 2730 xxi,
360 2699 401 2724 H.
440 2698 461 2713 ⁸⁷
480 2698 564 2723 ILor.
579 2697 662 2727 “.17.

178 2746 234 2781 (98)
259 2745 354 2772 Nonne
375 2747 441 2781 sicut
457 2744 607 2781 Πριιιὶιιμηι,
623 2742 771 2781 clc._Aputl
794 2740 920 2781 ιλξιιι-

145 2776 274 2816 Ιιῖιέρτέιθδ
286 2781 393 2815 legitur,
404 2780 452 2814 οὐχ
475 2779 512 2809 ὡς
525 2776 609 2816 ὀἷ-κόν
628 2787 660 2813 με
680 2777 820 2807 ἐκάλεσας.
849 2776 924 2803 Unde

146 2812 233 2843 forsan
251 2812 369 2850 suspicio
381 2812 452 2841 oriri
461 2814 544 2849 possit
560 2812 700 2848 legendum
711 2821 769 2838 esse
781 2814 830 2838 hoc
845 2812 901 2837 loco
916 2821 922 2837 :

147 2860 158 2877 ι
176 2860 266 2880 nonne
285 2847 354 2879 sicut
385 2847 508 2882 domum,
534 2858 541 2874 ι
564 2847 615 2875 ctc.
635 2849 663 2875 lu
693 2848 802 2875 IlcbrLL‘o
822 2847 918 2881 legitur

726 2661 747 2676 ἠ
763 2660 826 2686 Ose.
845 2668 875 2693 ιι,
889 2659 934 2686 ‘20.

974 2271 1087 2306 optavit,
1103 2270 1210 2297 etiamsi
1225 2277 1276 2295 non
1292 2268 1412 2298 admisit,
1425 2267 1525 2302 polluta
1535 2270 1588 2297 est,
1604 2268 1654 2291 cla
1664 2270 1760 2297 magno

974 2317 1101 2352 pontiﬁce
1129 2324 1181 2342 non
1207 2315 1328 2349 eligitur.
1350 2314 1432 2340 Valde
1456 2312 1527 2339 enim
1547 2317 1661 2345 puram,
1683 2308 1761 2335 valde

974 2364 1102 2390 mundam
1119 2367 1145 2390 et
1160 2363 1295 2389 sinceram
1316 2359 1431 2394 requirit
1452 2358 1581 2390 animam,
1609 2364 1691 2391 quam
1709 2355 1761 2381 sibi

974 2410 1067 2443 iungat
1083 2417 1089 2435 :
1106 2409 1168 2442 quia
1185 2419 1193 2434 ι
1213 2409 1258 2443 qui
1275 2416 1304 2435 se
1316 2405 1437 2440 iunxerit
1451 2404 1576 2435 Domino,
1596 2410 1666 2429 unus
1682 2401 1762 2436 spiri-

978 2460 1022 2481 tus
1036 2454 1121 2481 est“.
1135 2464 1144 2479 ι
1164 2454 1239 2482 Unde
1256 2454 1339 2481 etiam
1368 2451 1419 2478 hoc
1437 2449 1600 2480 ostenditur,
1624 2447 1694 2482 quod
1708 2446 1762 2472 sint

978 2500 1135 2527 dilferentia:
1157 2505 1326 2535 peccatorum
1355 2503 1382 2525 et
1412 2498 1458 2532 qui
1487 2495 1640 2531 peccaverit
1667 2500 1763 2528 pecca-

978 2551 1033 2573 tum
1047 2548 1080 2574 ad
1094 2552 1206 2574 mortem
1223 2547 1343 2581 abiectus
1357 2546 1391 2572 sit
1407 2553 1413 2571 :
1429 2545 1473 2578 qui
1491 2548 1582 2569 autem
1597 2549 1649 2568 non
1666 2543 1762 2574 peccat

979 2591 1011 2617 ad
1027 2597 1152 2625 mortem,
1167 2592 1214 2618 sed
1228 2591 1341 2619 inferius
1351 2590 1464 2625 aliquid,
1480 2588 1594 2624 pollutus
1604 2586 1760 2619 sit.Sponsa

971 2659 993 2675 ⁸³
1004 2660 1102 2694 Ephes.
1113 2668 1139 2692 v,
1161 2660 1205 2687 27.
1243 2660 1265 2675 ⁸⁵
1281 2660 1301 2686 ll
1316 2659 1377 2687 Cor.
1396 2667 1434 2691 IV,
1449 2657 1490 2684 16.
1528 2656 1550 2672 ⁸³
1564 2654 1663 2683 Jcrcm.
1676 2659 1716 2684 ιιι,
1732 2651 1760 2678 ι.

978 2740 1059 2767 hodie
1082 2744 1166 2771 mm:
1180 2730 1245 2768 m'm
1261 2748 1270 2763 ‹
1293 2745 1382 2765 nonne
1396 2736 1503 2763 amotio.
1523 2745 1532 2761 ι
1548 2732 1699 2771 Verisimile
1712 2740 1761 2758 au-

979 2781 1032 2802 tem
1049 2780 1089 2800 est
1102 2769 1150 2808 pro
1161 2779 1244 2804 unm
1265 2782 1274 2798 ι
1291 2773 1386 2800 antodo
1401 2781 1409 2797 I
1433 2771 1604 2808 septuaginta
1625 2769 1760 2808 Interpre-

980 2817 1021 2837 tes
1035 2802 1132 2844 legisse
1144 2802 1233 2840 main
1243 2807 1325 2839 οἶκης,
1338 2816 1347 2844 ι
1366 2802 1471 2838 domus;
1490 2815 1499 2832 ι
1521 2802 1591 2832 unde
1606 2802 1758 2830 scribarum

973 2843 1076 2872 incuria
1091 2844 1222 2879 prodierit
1241 2853 1249 2869 ι
1270 2843 1406 2870 Dominus.
1427 2851 1437 2866 ι
