4024 6146
524 249 632 308 543

1978 237 2296 300 OlllCENlS

3661 220 3767 277 5“

533 376 714 420 autem
740 363 964 429 Christi,
1003 377 1182 433 neque
1205 361 1412 433 abjeeta
1436 399 1453 427 ,
1489 377 1666 432 neque
1695 362 1894 433 polluta
1928 367 2098 432 potest

2207 367 2322 407 rum
2352 355 2559 420 partus,
2587 345 2689 400 iste
2715 348 3034 410 conceptus,
3068 337 3172 392 ista
3203 346 3330 390 sunt
3357 340 3542 391 sancta
3573 335 3764 398 conju-

467 483 488 500 ν
526 466 688 514 esse,
753 451 847 504 sed
911 451 1063 518 virgo
1121 450 1582 514 incontaminata,
1645 451 1992 520 incorrupta,
2041 462 2097 506 et

528 542 750 595 munda.
791 540 1058 595 Memento
1099 543 1242 595 enim
1285 541 1554 598 sermonis
1581 542 1900 609 apostolici,
1935 559 2096 612 quem

526 636 682 703 paulo
705 645 832 690 ante
864 638 1264 706 proposuimus,
1303 639 1530 692 dicentis
1551 637 1598 669 ⁸³
1631 655 1645 690 :
1679 657 1698 690 ‹
1740 638 1808 694 Ut
1839 640 2098 692 exhibeat

525 727 641 794 Ipse
660 726 758 780 sibi
795 727 1086 795 gloriosam
1121 728 1444 792 Ecclesiam,
1472 744 1575 782 non
1606 731 1894 785 habentem
1919 746 2099 784 macu-

524 819 634 873 lam
664 833 839 887 neque
871 835 1075 888 rugam,
1110 830 1202 873 aut
1245 821 1447 890 aliquid
1481 821 1765 890 ejusmodi,
1801 823 1894 877 sed
1941 832 1998 875 ut
2026 825 2099 877 sit

525 921 715 966 sancta
748 921 802 965 et
825 912 1194 966 immaculata.
1237 932 1257 964 ι
1646 962 1651 968 .

595 1003 650 1057 7.
684 1004 789 1058 Sed
823 1015 878 1058 et
906 1004 1251 1060 meretricem
1283 1021 1388 1059 non
1421 1007 1672 1076 accipiet.
1706 1006 1835 1072 Quae
1871 1016 1954 1060 est
1982 1008 2101 1061 ani-

525 1110 612 1150 ma
640 1097 942 1150 meretrix?
966 1112 1086 1165 quae
1113 1098 1178 1150 ad
1205 1112 1263 1153 se
1291 1099 1498 1167 recepit
1534 1108 1829 1161 amatores,
1875 1101 1940 1154 de
1978 1102 2098 1169 qui-

527 1188 627 1242 bus
653 1189 785 1243 dicit
821 1191 1082 1260 propheta
1109 1192 1154 1222 ⁸⁹
1187 1212 1197 1245 :
1236 1210 1254 1242 ι
1290 1191 1638 1246 Meretricata
1688 1206 1746 1246 es
1786 1203 1912 1261 post
1943 1209 2096 1246 ama-

528 1293 674 1335 tores
705 1291 845 1336 tuos.
877 1301 895 1332 »
929 1282 1032 1347 Qui
1080 1292 1206 1336 sunt
1240 1283 1325 1337 isti
1374 1292 1652 1339 amatores
1676 1285 1766 1353 qui
1795 1287 1999 1339 intrant
2031 1287 2096 1338 ad

528 1374 764 1427 animam
797 1374 1169 1439 meretricem,
1222 1376 1322 1428 nisi
1358 1377 1647 1430 contrariae
1675 1387 1988 1446 potestates,
2042 1387 2100 1433 et

527 1466 836 1528 (heniones,
873 1467 962 1534 qui
1019 1457 1352 1520 desiderium
1405 1469 1629 1535 capiunt
1674 1467 2098 1538 pulchritudinis

524 1557 679 1627 ejus?
707 1559 939 1614 Pulchra
975 1575 1211 1631 namque
1244 1577 1272 1614 a
1320 1559 1431 1615 Deo
1481 1569 1666 1615 creata
1701 1571 1782 1616 est
1811 1562 2015 1625 anima,
2045 1571 2097 1617 et

2202 446 2310 513 gia,
2365 456 2485 510 qu:e
2529 436 2859 492 conveniunt
2883 443 2936 485 et
2976 438 3098 498 apta
3135 437 3259 481 sunt
3291 440 3485 494 magno
3518 421 3764 491 pontiﬁci

2201 536 2422 591 Christo
2443 531 2571 585 Jesu
2604 529 2832 582 Domino
2863 531 3071 582 nostro,
3092 519 3176 572 cui
3203 516 3371 587 gloria
3394 525 3450 570 et
3477 514 3764 585 imperium

2202 629 2253 682 in
2279 625 2472 682 satcula
2501 621 2844 678 satculorum.
2868 616 3058 669 Amen.

2747 751 3024 808 HOMILIA
3067 751 3201 806 XIII.

2201 876 2278 930 De
2307 877 2489 927 diebus
2540 872 2708 936 festis,
2748 878 2797 921 et
2830 869 3064 923 lucerna,
3103 874 3148 915 et
3197 858 3534 936 candelabro,
3561 865 3607 908 et
3647 853 3766 936 pica

2274 951 2340 997 ml
2393 931 2587 1006 lumen,
2622 951 2670 996 et
2720 941 2784 992 de
2836 953 3047 996 meum,
3097 944 3144 985 el
3179 931 3401 999 panibus
3447 931 3770 996 propositio-

2271 1018 2351 1069 m's
2380 1015 2447 1066 ’ἢ

2273 1132 2325 1184 I.
2350 1129 2451 1194 Qui
2485 1126 2756 1195 perfectus
2780 1132 2861 1177 est
2881 1161 2896 1185 ,
2924 1120 2991 1174 ab
3017 1119 3133 1187 ipso
3164 1116 3272 1168 Deo
3315 1116 3540 1166 docetur
3579 1107 3644 1159 dc
3671 1120 3767 1158 so—

2200 1221 2542 1276 lcnmitatum
2574 1217 2804 1278 ratione,
2825 1211 3109 1266 ethomiue
3138 1208 3204 1260 ad
3235 1206 3348 1259 haec
3373 1200 3622 1254 discenda
3649 1213 3770 1249 ma-

2200 1315 2367 1382 gistro
2411 1326 2516 1363 non
2553 1309 2743 1371 utitur,
2779 1306 2873 1359 sed
2913 1319 2941 1356 a
2994 1303 3102 1355 Deo
3131 1298 3316 1360 discit,
3360 1295 3406 1348 si
3441 1293 3560 1362 quis
3588 1297 3768 1358 potest

2199 1419 2396 1472 capere
2421 1402 2514 1455 Dei
2546 1416 2754 1454 vocem.
2784 1397 2884 1463 Qui
2915 1405 3094 1448 autem
3121 1407 3227 1444 non
3261 1397 3344 1442 est
3385 1385 3526 1449 talis,
3555 1384 3646 1436 sed
3683 1384 3769 1434 iu-

2198 1495 2389 1559 ferior,
2421 1495 2579 1548 discit
2619 1493 2688 1546 ab
2721 1505 2786 1542 eo
2823 1489 2910 1556 qui
2949 1484 3199 1540 didicerit
3235 1496 3264 1534 a
3305 1479 3436 1532 Deo.
3486 1476 3607 1529 llaec
3635 1487 3769 1542 ergo

2198 1596 2280 1642 est
2302 1589 2366 1640 de
2386 1582 2819 1640 solemnitatibus
2838 1577 3031 1648 duplex
3049 1575 3294 1644 quadam
3320 1570 3458 1624 ratio
3483 1568 3765 1620 dcc-trium.

526 1649 658 1702 satis
700 1652 919 1704 decora.
968 1651 1106 1703 Audi
1161 1650 1431 1719 quomodo
1479 1651 1592 1719 ipse
1645 1650 1786 1706 Deus
1834 1651 2038 1705 dicit”
2079 1669 2092 1705 :

2206 1678 2342 1743 Una,
2371 1692 2474 1743 qua
2501 1673 2798 1726 illuminata
2831 1683 2926 1737 per
2955 1664 3204 1734 spiritum
3251 1657 3568 1728 prophetica
3610 1666 3768 1706 mens

533 1775 551 1792 .
575 1741 862 1797 Faciamus
886 1744 1158 1798 hominem
1190 1744 1255 1796 ad
1291 1743 1578 1812 imaginem
1603 1753 1658 1797 et
1684 1744 2095 1799 similitudinem

527 1844 796 1889 nostram.
831 1854 849 1886 ›
893 1835 1024 1890 Vide
1055 1835 1206 1902 cujus
1229 1836 1463 1895 decoris,
1495 1835 1652 1905 cujus
1681 1835 2098 1904 pulchritudinis

525 1937 612 1981 est
663 1927 842 1980 anima
899 1943 1020 1994 qua:
1071 1927 1359 1995 imaginem
1395 1927 1556 1980 habet
1589 1938 1643 1981 et
1688 1929 2096 1982 similitudinem

527 2015 645 2068 Dei.
673 2015 819 2069 llanc
847 2017 1302 2084 pulchritudinem
1328 2017 1618 2070 contraria:
1654 2025 1945 2086 potestates
1975 2032 2094 2069 eum

527 2105 820 2174 aspiciunt,
849 2107 899 2159 id
931 2117 1014 2161 est
1059 2107 1308 2161 diabolus
1340 2115 1394 2160 et
1437 2107 1615 2176 angeli
1655 2107 1798 2176 ejus,
1839 2109 2098 2176 concupi-

526 2207 687 2251 scunt
717 2198 953 2265 speciem
1002 2198 1198 2267 ipsius;
1233 2198 1325 2266 qui
1367 2199 1496 2266 quia
1528 2213 1632 2251 non
1664 2209 1889 2265 possunt
1915 2200 2096 2267 sponsi

525 2287 644 2359 ejus
670 2287 809 2353 ﬁeri,
847 2290 1182 2344 meretricari
1215 2291 1440 2359 cupiunt
1473 2306 1595 2345 cum
1621 2290 1782 2345 ea.Si
1821 2307 1951 2361 ergo
1979 2307 2099 2346 sus-

527 2382 762 2449 ceperis.
811 2397 844 2434 ο
897 2382 1083 2447 Ιιοιιιο,
1123 2382 1174 2434 in
1207 2383 1370 2436 cubili
1419 2383 1613 2436 animae
1649 2393 1750 2437 tua:
1794 2384 2096 2437 adulterum

529 2473 822 2536 diabovim,
871 2473 1215 2526 nieretricata
1247 2482 1328 2527 est
1360 2474 1538 2527 anima
1574 2483 1664 2528 tua
1705 2491 1828 2529 eum
1861 2475 2096 2532 diabolo.

529 2561 585 2616 Si
631 2564 902 2632 receperis
938 2564 1158 2634 angelos
1191 2564 1328 2632 ejus,
1368 2566 1412 2620 si
1446 2567 1672 2635 spiritus
1706 2568 1975 2632 diversos,
2006 2567 2098 2636 qui

527 2668 756 2720 peccare
789 2663 838 2708 tc
863 2656 1112 2723 suadent,
1139 2659 1488 2711 meretricata
1534 2667 1617 2712 est
1641 2674 1762 2712 cum
1807 2661 1887 2714 eis
1916 2662 2096 2714 anima

529 2753 619 2797 tua
651 2761 665 2809 ;
695 2747 738 2798 si
767 2747 992 2813 Spir-IIIS
1026 2749 1148 2814 irae,
1186 2751 1228 2803 si
1256 2749 1495 2815 invidiaa,
1529 2751 1573 2804 si
1610 2753 1897 2820 superbiae,
1929 2753 1972 2808 si
2001 2755 2102 2807 im-

527 2835 807 2903 pudicitiae
844 2838 1126 2908 ingressus
1161 2839 1328 2894 fuerit
1355 2841 1424 2894 ad
1462 2841 1703 2894 animam
1734 2851 1900 2907 tuam,
1929 2852 1986 2897 et
2016 2853 2102 2898 re-

527 2927 740 2993 ceperis
781 2943 903 2980 eum
929 2969 943 2992 ,
985 2937 1038 2984 et
1074 2931 1416 2984 consenseris
1447 2932 1494 2985 ei
1528 2931 1771 3001 loquenti
1831 2933 1884 2988 in
1937 2932 2099 2988 corde

2199 1772 2442 1834 docetur,
2473 1781 2615 1834 quae,
2651 1775 2709 1817 ut
2760 1763 2830 1814 ila
2874 1761 3075 1820 dicam,
3121 1752 3293 1822 magis
3330 1749 3522 1804 intuitu
3567 1745 3769 1799 mentis

2200 1861 2426 1915 discitur
2457 1872 2621 1928 quam
2661 1871 2796 1909 sono
2835 1851 3004 1912 vocis,
3041 1865 3140 1918 per
3177 1861 3337 1916 quam
3371 1843 3568 1896 veritas
3612 1839 3727 1908 ipsa
3751 1875 3767 1900 ,

2199 1967 2304 2004 non
2340 1950 2527 2002 umbra
2572 1955 2626 2000 et
2658 1947 2836 2014 imago
2866 1940 3113 1995 veritatis
3157 1933 3494 2004 agnoscitur.
3540 1929 3603 1984 Hi
3637 1941 3772 1980 vero

2199 2041 2290 2110 qui
2319 2041 2490 2108 ipsam
2521 2035 2614 2090 Dei
2641 2034 2945 2090 claritatem
2978 2042 3175 2097 capere
3215 2042 3318 2079 non
3366 2029 3626 2092 possunt,
3665 2033 3772 2072 nec

2199 2139 2371 2186 totum
2405 2127 2672 2194 fulgorem
2707 2122 2955 2178 veritatis
2993 2121 3201 2174 intenta
3253 2115 3448 2168 mentis
3491 2113 3606 2166 acie
3634 2126 3772 2164 eou-

2204 2220 2424 2291 Spicari,
2444 2217 2671 2271 audiunt
2709 2216 2775 2268 de
2803 2209 3236 2267 solemnitatibus
3265 2205 3502 2261 secundo
3544 2203 3664 2255 loco
3700 2199 3772 2253 ab

2202 2313 2312 2374 his,
2345 2310 2435 2379 qui
2473 2307 2652 2377 primo
2683 2305 3019 2368 didicerunt;
3065 2310 3121 2355 et
3167 2316 3289 2354 cum
3344 2299 3448 2352 illis
3481 2295 3768 2350 veritatem

2203 2416 2386 2456 rerum
2413 2401 2531 2468 ipsa
2564 2396 2920 2465 inspectionis
2948 2391 3254 2462 proprietas
3284 2389 3514 2449 dederit,
3537 2387 3602 2440 ad
3635 2386 3772 2438 istos

2201 2491 2448 2545 veritatis
2476 2490 2726 2542 umbram
2759 2486 2970 2554 profert
2999 2485 3148 2540 solus
3183 2481 3423 2537 auditus.
3449 2475 3616 2544 IIujus
3652 2489 3771 2549 my-

2202 2583 2350 2638 sterii
2393 2579 2678 2650 Apostolus
2711 2579 2966 2633 conscius
3002 2577 3216 2632 dicebat
3261 2573 3326 2627 de
3362 2571 3560 2627 Iudaeis
3582 2609 3597 2634 ,
3639 2568 3771 2637 quia

2209 2693 2228 2724 ι
2260 2673 2462 2727 umbra:
2505 2681 2561 2726 et
2600 2668 2896 2738 exemplari
2955 2667 3268 2723 deserviunt
3309 2662 3608 2718 cmlestium
3642 2660 3711 2713 9⁵.
3745 2677 3763 2710 ι

2203 2766 2320 2836 Ipsa
2352 2766 2494 2820 enim
2525 2763 2768 2817 caelestia
2797 2761 3003 2829 Moyses
3022 2758 3220 2813 vidisse
3242 2755 3582 2817 describitur,
3614 2762 3770 2819 typos

2203 2866 2387 2910 autem
2419 2864 2475 2911 et
2508 2855 2774 2924 imagines
2804 2865 2992 2908 eorum
3023 2865 3144 2918 quae
3182 2849 3392 2902 viderat
3424 2845 3624 2915 populo
3661 2855 3769 2896 tra-

2206 2946 2431 3000 didisse.
2474 2945 2565 2999 Sic
2598 2940 2744 2999 enim
2776 2943 2842 2996 ad
2869 2959 2991 2998 eum
3024 2943 3260 2996 divinqu
3285 2939 3420 2994 dicit
3447 2936 3767 3004 eloquium:

528 3023 642 3078 tuo,
679 3016 978 3073 delectatus
1011 3017 1181 3075 fueris
1209 3020 1296 3074 bis
1328 3036 1448 3090 quae
1479 3023 1574 3076 tibi
1615 3026 1908 3078 secundum
1942 3041 2096 3078 suam
2129 3033 2174 3093 (ζ
2209 3057 2228 3090 ε
2271 3038 2422 3102 Vide,
2477 3038 2653 3106 inquit
2680 3036 2750 3100 οδ,
2793 3037 2976 3090 omnia
3006 3033 3169 3089 facito
3201 3031 3494 3087 secundum
3535 3027 3766 3083 formam

527 3116 767 3162 mentem
815 3111 1076 3179 suggerit,
1120 3113 1502 3168 meretricatus
1531 3131 1589 3168 es
1621 3131 1743 3182 cum
1793 3132 1878 3171 eo.
1924 3116 2102 3172 Mere-

527 3199 723 3252 tricem
754 3216 886 3270 ergo
911 3217 1018 3255 non
1058 3204 1290 3267 accipiet
1337 3207 1594 3260 sacerdos
1622 3224 1868 3278 magnus,
1907 3219 1963 3264 et
1994 3223 2102 3262 non

527 3294 930 3346 contaminabit
963 3309 1149 3348 semen
1184 3311 1339 3348 suum
1369 3297 1420 3349 in
1451 3299 1648 3366 populo
1678 3315 1800 3353 suo.
1841 3300 1994 3366 Quod
2019 3309 2104 3356 est

531 3384 682 3438 istud
718 3400 903 3438 semen
933 3388 1074 3454 quod
1122 3389 1483 3442 contaminari
1515 3405 1620 3442 non
1649 3390 1802 3444 vult?
1833 3390 1890 3444 In
1926 3391 2103 3446 Evan-

527 3477 686 3547 geliis
709 3480 976 3545 scriptum
1011 3490 1096 3534 est
1125 3480 1168 3511 ⁹¹
1197 3497 1210 3533 ;
1249 3499 1266 3530 ι
1305 3479 1406 3546 Qui
1441 3482 1710 3551 seminat,
1765 3484 1984 3538 verbum
2017 3501 2103 3540 se-

529 3572 719 3630 minat.
754 3593 772 3624 ι
811 3573 928 3627 Non
957 3573 1070 3628 vult
1099 3589 1228 3644 ergo
1258 3576 1623 3629 contaminari
1653 3577 1875 3632 verbum
1912 3579 2004 3633 Dei
2033 3580 2102 3635 ab

530 3663 617 3717 his
639 3665 729 3733 qui
769 3666 1063 3719 seminant.
1095 3666 1195 3732 Qui
1230 3677 1362 3722 sunt
1389 3683 1523 3736 ergo
1554 3668 1648 3737 qui
1673 3670 1983 3724 sentin-aut?
2010 3671 2101 3740 qui

528 3757 754 3811 verbum
806 3760 899 3813 Dei
955 3763 1009 3815 in
1058 3761 1298 3817 Ecclesia
1332 3761 1639 3832 proferunt.
1682 3763 1919 3818 Audiant
1973 3779 2102 3835 ergo

528 3852 815 3920 doctores,
870 3869 938 3908 ne
988 3854 1127 3910 forte
1168 3857 1364 3910 animze
1420 3856 1836 3922 contaminata},
1897 3860 2098 3913 anima

532 3947 938 4011 meretricanti,
970 3949 1164 4004 animae
1199 3947 1585 4003 inﬁdeliverba
1618 3949 1710 4003 Dei
1739 3952 1998 4018 credant,
2034 3966 2104 4006 ne

529 4035 672 4091 forte
701 4040 916 4092 mittant
946 4054 1193 4095 sanctum
1223 4043 1451 4097 canibus
1504 4053 1559 4096 et
1611 4044 1934 4111 margaritas
1972 4052 2102 4098 ante

529 4145 766 4198 porcos:
800 4132 893 4184 sed
928 4133 1138 4186 animas
1169 4133 1416 4196 mundus,
1471 4134 1716 4203 virgines
1754 4135 1806 4188 ili
1843 4134 2102 4204 simplici-

530 4233 644 4278 tate
683 4223 805 4277 ﬁdei
834 4238 954 4291 qua:
979 4225 1032 4278 in
1069 4225 1283 4280 Christo
1321 4236 1406 4281 est
1429 4227 1654 4295 eligant,
1694 4228 1822 4296 ipsis
1853 4229 2103 4282 commit-

532 4323 651 4370 tant
677 4325 885 4370 secreta
917 4317 1197 4385 mysteria,
1255 4318 1387 4386 ipsis
1418 4317 1645 4372 verbum
1674 4317 1788 4382 Dei,
1820 4329 1874 4372 et
1901 4335 2099 4373 arcana

2202 3146 2324 3200 qua:
2351 3139 2571 3184 ostensa
2605 3137 2688 3183 est
2719 3127 2815 3180 tibi
2851 3127 2905 3181 in
2931 3133 3133 3181 monte.
3167 3143 3187 3177 ι
3222 3123 3352 3178 Tale
3371 3136 3500 3192 ergo
3527 3119 3766 3188 estquod

2203 3233 2258 3276 et
2284 3223 2337 3276 in
2367 3223 2471 3276 hoc
2497 3221 2618 3274 loco
2650 3219 2939 3273 recitatum
2973 3225 3086 3280 est,
3112 3217 3236 3286 quia
3267 3215 3526 3272 Dominus
3557 3215 3769 3268 locutus

2203 3316 2370 3370 fuerit
2405 3315 2472 3368 de
2499 3310 2946 3368 solemnitatibus
2980 3310 3047 3364 ad
3082 3309 3319 3379 Moysen.
3351 3307 3418 3361 Et
3443 3316 3564 3375 post
3603 3305 3718 3358 hinc
3751 3320 3764 3354 :

2209 3425 2228 3459 ι
2251 3407 2315 3461 Ει
2346 3407 2556 3460 locutus
2578 3412 2660 3457 est
2691 3403 2926 3475 Moyses,
2949 3401 3208 3470 inquit",
3233 3401 3350 3454 dies
3367 3399 3637 3454 solemnes
3657 3396 3769 3468 (99)

2205 3497 2416 3552 Domini
2441 3497 2534 3552 Dei
2561 3496 2690 3552 [iliis
2724 3495 2908 3552 Israel.
2933 3515 2951 3548 ι
2976 3495 3266 3549 Transacto
3291 3507 3420 3547 vero
3452 3493 3519 3544 de
3545 3489 3627 3543 his
3654 3504 3771 3542 ser-

2204 3604 2365 3643 mone
2403 3589 2682 3642 videamus
2734 3586 2862 3654 quid
2911 3595 3034 3654 post
3087 3584 3204 3638 hac
3239 3583 3496 3638 edocetur
3535 3579 3767 3648 Moyses.

2204 3677 2388 3732 Primo
2421 3678 2486 3732 de
2511 3675 2731 3731 lucerna
2757 3684 2813 3729 et
2835 3673 3189 3736 candelabro,
3209 3681 3263 3725 et
3280 3669 3399 3724 oleo
3427 3666 3568 3737 quod
3607 3665 3655 3720 ei
3689 3665 3770 3718 in-

2203 3768 2478 3833 funditur;
2506 3767 2742 3822 secundo
2773 3766 2892 3820 loco
2923 3767 2989 3821 de
3023 3778 3204 3818 mensa
3228 3803 3243 3827 ,
3275 3771 3330 3816 et
3371 3760 3602 3830 panibus
3641 3772 3769 3826 pro-

2205 3860 2507 3929 positionis,
2543 3874 2606 3912 ac
2633 3873 2856 3912 numero
2877 3872 3082 3917 eorum,
3110 3863 3163 3908 et
3187 3855 3278 3923 qui
3307 3855 3386 3908 eis
3405 3851 3482 3906 uti
3511 3851 3768 3905 debeant.

2203 3951 2553 4008 lntendamus
2577 3966 2709 4021 ergo
2739 3952 2980 4004 animum
3012 3947 3330 4018 diligentius
3360 3947 3446 4000 his
3476 3959 3597 4014 quae
3633 3944 3772 3999 scri-

2203 4054 2292 4114 pta
2316 4053 2460 4108 sunt,
2493 4054 2546 4098 et
2568 4044 2634 4098 ad
2663 4044 2781 4098 hanc
2813 4040 3178 4110 dignoscenda
3211 4037 3434 4092 concedi
3463 4036 3619 4090 nobis
3641 4050 3769 4103 gra-

2205 4135 2333 4187 tiam
2389 4134 2601 4187 Domini
2644 4133 3018 4200 deprecemur,
3068 4140 3125 4182 ut
3171 4131 3220 4182 in
3268 4130 3350 4182 his
3391 4141 3510 4197 qua!
3539 4125 3770 4196 legimus

2203 4225 2551 4293 litteris,quze
2585 4224 2657 4279 sit
2687 4223 2936 4278 voluntas
2992 4223 3163 4276 sancti
3215 4220 3451 4290 Spiritus
3505 4231 3771 4287 agnosca-

2207 4330 2346 4370 mus.
2388 4333 2407 4365 ι
2445 4316 2702 4384 ιδτωοίρθ,
2732 4313 2998 4384 inquit“,
3031 4313 3157 4367 [iliis
3192 4310 3380 4374 Israel,
3414 4322 3471 4363 ut
3519 4308 3770 4362 deferant

530 4407 655 4462 lidei
692 4407 856 4478 254
876 4377 1290 4477 proloquaritur,
1322 4419 1378 4463 ut
1404 4411 1454 4464 in
1484 4411 1613 4480 ipsis
1635 4377 1882 4465 Christus
1899 4411 2098 4468 forme-
2131 4377 2180 4435 θ
2207 4409 2302 4463 tibi
2329 4409 2510 4464 oleum
2539 4377 3081 4462 declivis-mundum
3107 4419 3424 4475 expressum
3449 4403 3515 4456 ad
3561 4401 3762 4460 lumen,

529 4507 617 4550 tur
643 4513 738 4566 per
765 4498 944 4552 ﬁdem.
974 4499 1054 4552 An
1086 4499 1307 4554 nescitis
1333 4503 1459 4568 quia
1499 4517 1561 4555 ex
1588 4503 1690 4556 isto
1714 4504 1919 4558 semine
1946 4505 2094 4558 verbi

532 4589 622 4641 Dei
657 4590 798 4658 quod
832 4589 1153 4656 seminatur,
1183 4592 1435 4646 Christus
1472 4592 1714 4646 nascitur
1741 4593 1792 4646 in
1820 4593 2097 4646 cordeau-

529 4681 806 4735 dilorum?
835 4680 948 4735 Hoc
973 4681 1114 4736 enim
1137 4682 1429 4750 Apostolus
1457 4684 1588 4738 dicit
1607 4685 1652 4715 ⁹²
1683 4700 1699 4737 :
1739 4702 1757 4736 ι
1781 4683 1960 4738 Donec
1983 4683 2096 4737 for-

530 4781 710 4826 metur
745 4773 998 4828 Christus
1033 4775 1084 4827 in
1121 4775 1295 4829 vobis.
1332 4794 1352 4827 ι
1387 4775 1636 4846 Concipit
1663 4791 1793 4847 ergo
1818 4778 1998 4830 anima
2029 4792 2094 4830 ex

530 4867 632 4920 hoc
675 4867 825 4920 verbi
863 4867 1088 4933 semine,
1121 4877 1175 4921 et
1219 4879 1535 4936 conceptum
1569 4871 1768 4923 format
1805 4872 1855 4923 in
1887 4887 1945 4924 se
1975 4885 2095 4924 ver-

533 4957 685 5021 bum,
710 4957 884 5011 donec
917 4958 1098 5026 pariat
1145 4959 1396 5028 spiritum
1431 4959 1641 5013 timoris
1683 4959 1796 5013 Dei.
1830 4960 1919 5014 Sic
1950 4963 2093 5012 enim

530 5063 631 5118 per
692 5050 1010 5118 pr0pbetam
1071 5051 1261 5106 dicunt
1296 5051 1491 5106 anima:
1529 5062 1842 5106 sanctorum
1873 5051 1917 5082 ⁸³
1951 5068 1965 5104 :
2007 5071 2024 5102 ‹
2055 5052 2101 5105 Α

536 5144 732 5197 timore
761 5153 871 5210 tuo,
901 5143 1147 5210 Domine,
1181 5145 1525 5214 concepimus
1554 5143 1605 5196 in
1633 5153 1806 5210 utero,
1841 5153 2103 5212 etpartu-

536 5233 788 5298 rivimus,
817 5246 872 5287 et
904 5236 1210 5303 peperimus
1230 5237 1478 5305 spiritum
1498 5235 1685 5291 salutis
1716 5244 1817 5289 tua:
1849 5250 2005 5304 quem
2021 5234 2101 5289 fe-

538 5328 713 5381 cimus
752 5343 913 5396 super
950 5338 1172 5384 terram.
1210 5349 1228 5380 ι
1262 5329 1365 5385 Istc
1406 5339 1487 5384 est
1519 5338 1834 5386 sanctarum
1886 5327 2096 5380 anima-

626 5461 671 5491 ⁸³
705 5461 904 5528 Ephes.
932 5478 980 5521 v,
1016 5463 1106 5516 ‘27.
1205 5463 1250 5493 ⁸³
1276 5463 1471 5516 Ezech.
1509 5479 1616 5516 xvi.
1713 5463 1759 5493 ⁹⁰
1783 5461 1922 5516 Gen.
1960 5476 1998 5519 t.
2029 5459 2117 5513 ‘26.

539 5530 622 5588 I8.
699 5533 746 5564 ⁸⁵
783 5531 909 5585 Lev.
944 5548 1074 5586 χχιιι
1101 5541 1155 5587 et
1178 5550 1326 5588 uiv.
1419 5535 1464 5566 ³⁸
1496 5535 1658 5588 llcbr.
1693 5549 1809 5598 vui,
1851 5533 1902 5586 5.

2196 5461 2239 5494 ³³
2277 5458 2441 5513 Marc.
2485 5474 2557 5523 iv,
2605 5460 2689 5512 H.

1979 5532 2026 5563 9°
2052 5530 2181 5584 ibid.

2207 4509 2266 4554 ut
2301 4503 2488 4553 ardeat
2517 4501 2732 4554 lucerna
2781 4513 2993 4570 semper
3027 4507 3180 4553 extra
3211 4498 3390 4552 velum
3431 4497 3484 4550 in
3520 4494 3768 4547 taberna-

2208 4595 2334 4651 culo
2368 4593 2682 4659 testimonii,
2727 4601 2782 4647 et
2814 4593 3113 4646 accendent
3146 4590 3291 4645 illam
3334 4589 3512 4642 Aaron
3558 4596 3611 4641 et
3662 4586 3756 4639 ﬁlii

2203 4687 2322 4757 ejus
2349 4705 2376 4738 τι
2411 4701 2633 4754 vespere
2662 4699 2830 4753 usque
2867 4684 2918 4737 in
2952 4699 3110 4738 mane
3139 4693 3330 4737 contra
3361 4682 3650 4736 Dominum
3687 4679 3767 4731 iu-

2205 4777 2542 4839 desiueuter,
2560 4776 2858 4846 legitimum
2877 4774 3133 4830 :eternale
3153 4775 3206 4828 in
3231 4772 3519 4844 progenies
3535 4781 3763 4826 vestras.

2205 4869 2262 4924 In
2316 4868 2642 4922 candelabro
2677 4869 2877 4921 mundo
2919 4867 3229 4922 accendetis
3276 4863 3527 4918 lucernas
3573 4873 3764 4917 contra

2203 4959 2488 5014 Dominum
2517 4971 2683 5027 usque
2714 4971 2886 5011 mane.
2916 4974 2934 5007 ι
2963 4956 3354 5012 Candelabrum
3389 4955 3644 5008 mundum
3677 4969 3770 5008 no-

2205 5052 2396 5115 miuat,
2427 5051 2675 5104 lucernas
2725 5050 2947 5105 accendi
3000 5065 3096 5120 per
3144 5049 3451 5120 pontiﬁcem
3497 5049 3672 5119 jubet,
3716 5059 3768 5102 et

2202 5155 2389 5195 earum
2425 5141 2602 5195 lumen
2649 5141 2945 5196 ministrari
2990 5157 3057 5197 ex
3095 5140 3213 5195 oleo
3242 5140 3388 5209 quod
3420 5141 3578 5193 datur
3609 5155 3637 5191 a
3670 5153 3763 5208 po-

2206 5234 2334 5303 pulo
2370 5233 2645 5302 praecepit.
2697 5233 2886 5302 Itaque
2916 5232 3018 5286 nisi
3057 5231 3270 5285 dederit
3297 5230 3474 5284 oleum
3508 5228 3762 5297 populus,

2207 5328 2326 5382 sine
2354 5327 2518 5380 dubio
2549 5326 2928 5393 exstinguetur
2955 5325 3172 5379 lucerna
3193 5363 3208 5388 ,
3233 5330 3288 5376 et
3319 5337 3424 5379 non
3450 5322 3557 5376 erit
3589 5321 3764 5373 lumen

2813 5459 2858 5491 θ’
2878 5458 3053 5514 Calai.
3086 5475 3156 5521 Iv,
3185 5458 3272 5512 19.
3377 5456 3423 5488 ⁸³
3450 5455 3550 5510 lsa.
3613 5469 3763 5520 ιιγι,

2259 5531 2302 5561 θ’
2335 5529 2506 5584 Levit.
2543 5546 2703 5590 mn.
2729 5529 2816 5583 44.
2892 5530 2938 5561 ⁸⁸
2965 5527 3136 5586 chit.
3179 5543 3329 5594 utv,
3358 5526 3383 5580 I
3413 5539 3467 5580 et
3493 5540 3649 5597 seqq.

612 5645 724 5713 (99)
764 5646 920 5702 Libb.
968 5648 1118 5712 editi,
1160 5667 1178 5700 ι
1220 5648 1286 5703 de
1317 5649 1507 5704 diebus
1550 5647 1911 5714 solemnibus,
1951 5665 1970 5699 ι
2008 5645 2102 5702 sed
2122 5660 2264 5736 ιιιεε.
2306 5654 2364 5698 ut
2393 5644 2444 5699 in
2475 5653 2658 5700 nostro
2681 5653 2848 5700 textu.
