4024 6146
368 252 472 309 315

1508 258 1576 313 IN
1617 259 1994 316 LEVITICUM
2033 261 2314 317 HOMILIA
2349 262 2485 317 Xill.

3510 269 3618 329 διδ

371 382 424 431 in
452 377 681 433 sanctis.
715 378 1028 434 Secundum
1061 379 1294 434 litteram
1319 397 1447 451 ergo
1476 379 1589 436 haec
1611 394 1730 436 erat
1752 399 1944 438 couse-
1977 396 2013 446 Α
2046 385 2152 437 alio
2189 386 2305 439 loco
2357 386 2564 439 semita:
2595 393 2814 440 aeterna:
2875 387 3244 444 nominantur.
3294 390 3428 459 Quia
3481 408 3616 464 ergo

368 472 626 539 quentia,
665 481 723 524 ιιι
756 473 1033 527 conferret
1074 473 1303 542 populus
1345 476 1522 528 oleum
1565 477 1826 531 mundum
1877 479 1944 532 de

367 565 526 618 olivis
557 579 914 634 expressum,
955 573 1016 619 ut
1072 579 1139 620 ex
1187 580 1252 618 eo
1303 568 1710 622 ministraretur
1764 569 1942 625 lumen

369 656 640 723 lucerna;
679 665 735 711 et
762 655 944 710 Aaron
995 658 1327 712 accendebat
1358 659 1606 713 lucernas
1641 677 1669 712 a
1717 677 1940 729 vespera

369 763 540 817 usque
574 764 762 811 mane,
806 748 1059 804 fomentis
1099 749 1204 803 olei
1239 752 1382 819 quod
1417 752 1724 806 contulerat
1773 769 1938 823 popu-

370 840 474 902 lus,
509 841 696 894 lumini
723 841 976 910 pabulum
1007 845 1272 911 prmbens.

437 933 494 986 2.
530 931 726 986 Verum
769 935 1021 1002 quoniam
1066 934 1152 988 lex
1184 933 1445 1004 Spiritalis
1478 947 1596 998 est,
1629 948 1875 1004 petamus
1908 952 1937 990 a

375 1025 607 1080 Domino
654 1026 724 1094 (si
760 1036 944 1081 tamen
981 1027 1228 1080 conversi
1277 1042 1464 1080 sumus
1516 1029 1582 1080 ad
1635 1027 1938 1099 Dominum)

369 1117 576 1170 auferri
630 1118 792 1172 nobis
821 1117 1072 1172 velamen
1109 1117 1177 1172 de
1222 1117 1452 1172 lectione
1489 1118 1704 1173 Veteris
1747 1117 1937 1173 Testa-

369 1210 562 1273 menti,
600 1216 659 1261 ut
691 1209 966 1277 possimus
992 1209 1274 1264 advertere
1298 1225 1416 1278 qua:
1457 1210 1596 1263 ratio
1623 1211 1693 1265 sit
1737 1213 1938 1266 cande—

371 1300 535 1365 labri,
569 1299 648 1352 vel
679 1299 1022 1353 lucernarum
1051 1297 1167 1368 ejus
1195 1301 1492 1354 secundum
1529 1301 1937 1370 intelligentiam

367 1391 689 1459 spiritalem.
715 1390 858 1446 Ante
880 1391 1169 1445 adventum
1185 1389 1401 1445 Domini
1429 1393 1532 1445 mei
1550 1389 1678 1445 Jesu
1705 1392 1938 1456 Christi,

369 1483 451 1536 sol
478 1497 581 1536 non
609 1484 885 1537 oriebatur
915 1479 1110 1551 pepulo
1153 1481 1454 1547 lsrael,sed
1478 1482 1714 1538 lucerna:
1740 1484 1939 1538 lumine

367 1580 638 1631 utebatur.
671 1575 914 1630 Lucerna
944 1577 1088 1631 enim
1111 1584 1229 1630 erat
1259 1576 1402 1646 apud
1433 1590 1528 1630 cos
1563 1593 1743 1632 sermo
1780 1577 1935 1646 legis,

365 1678 419 1719 et
459 1681 639 1722 sermo
669 1667 1040 1736 propheticus,
1074 1666 1214 1720 intra
1256 1675 1516 1737 angustos
1563 1669 1815 1723 conclusa
1841 1685 1938 1738 pa-

2045 480 2340 533 secundum
2365 480 2657 548 quamdam
2685 481 2971 549 mysticam
3017 485 3280 537 rationem
3327 487 3614 545 inferiores

2044 579 2228 639 partes
2277 579 2549 625 creatura:
2584 572 2817 624 mundus
2862 573 2947 626 hic
2988 573 3328 644 intelligitur,
3371 578 3491 632 ideo
3534 580 3615 633 lu-

2043 676 2208 716 cerna
2245 662 2377 732 legis
2409 664 2518 727 his,
2545 663 2636 731 qui
2695 665 2744 717 in
2793 663 2895 718 hoc
2931 667 3130 719 mundo
3162 677 3416 736 tanquam
3451 673 3614 726 totius

2043 761 2306 806 creatura:
2347 753 2507 820 pedes
2531 763 2676 816 sunt,
2705 768 2934 808 accensa
2964 769 3315 811 memoratur.
3355 759 3468 814 Lux
3512 779 3611 816 au-

2044 851 2150 897 tem
2198 853 2400 896 aaterna
2443 844 2551 897 erit
2592 843 2699 897 illis
2737 847 2968 904 semitis.
3010 862 3105 916 per
3151 865 3287 918 quas
3325 853 3374 904 in
3432 856 3612 910 futuro

2042 934 2238 989 saxqu
2262 936 2634 1004 unusquisque
2673 951 2772 1003 pro
2805 938 3012 992 meritis
3044 941 3277 996 incedet.
3300 945 3402 998 Sed
3435 949 3500 1001 de
3526 951 3612 1004 his

2044 1029 2095 1080 in
2126 1042 2226 1079 suo
2258 1026 2380 1082 loco
2411 1026 2652 1082 suﬁicien
2667 1039 2748 1083 ter
2786 1045 2882 1100 pro
2929 1035 3130 1086 nostris
3160 1037 3368 1092 viribus
3408 1041 3607 1096 dictum

2040 1125 2146 1170 est.
2181 1115 2339 1170 Nunc
2363 1132 2494 1187 ergo
2539 1119 2794 1186 quoniam
2824 1135 3049 1189 vespera
3085 1134 3167 1177 est
3217 1136 3270 1178 et
3299 1143 3403 1182 nox
3439 1146 3609 1199 usque

2041 1207 2107 1259 ad
2134 1210 2656 1262 consummationem
2687 1211 2893 1274 saeculi,
2926 1222 2979 1266 et
3002 1229 3282 1284 usquequo
3307 1235 3475 1276 novus
3491 1224 3610 1278 dies

2042 1299 2203 1354 futuri
2237 1301 2420 1354 saaculi
2449 1312 2503 1356 et
2537 1318 2686 1356 novae
2720 1304 2858 1358 lucis
2884 1308 3161 1377 el'l'ulgcat,
3194 1312 3346 1365 ardet
3392 1315 3608 1369 unicui-

2039 1405 2145 1458 que
2191 1401 2441 1444 nostrum
2500 1391 2723 1446 lucerna
2776 1396 2912 1459 haec,
2955 1398 3222 1452 intantum
3269 1404 3606 1470 splendorem

2039 1481 2257 1535 luminis
2291 1484 2561 1552 prtebens,
2584 1495 2841 1553 quantum
2882 1490 2986 1542 olei
3007 1477 3174 1560 ‘copia
3201 1493 3447 1551 ubertate
3474 1513 3606 1567 open

2038 1589 2156 1626 rmn
2189 1575 2348 1628 fuerit
2390 1576 2727 1632 ministrata.
2773 1579 3016 1650 Denique
3056 1593 3110 1637 et
3153 1583 3255 1639 Job
3290 1587 3340 1640 in
3372 1591 3604 1658 quodam

1988 1720 1992 1723 ,
2038 1662 2174 1728 loco,
2204 1681 2324 1718 eum
2351 1665 2491 1720 bona
2526 1683 2748 1738 operum
2794 1688 3015 1726 suorum
3049 1689 3364 1746 exponeret,
3400 1683 3609 1737 addidit

368 1760 562 1822 rietes,
601 1773 722 1828 qua:
768 1775 874 1813 non
927 1766 1148 1828 poterat
1190 1758 1247 1812 in
1297 1757 1484 1812 orbem
1535 1766 1696 1814 teme
1755 1759 1934 1815 lumen
1969 1746 2009 1801 Β
2038 1757 2202 1810 etiam
2230 1756 2334 1810 hoc
2357 1757 2378 1788 ⁸
2409 1773 2422 1809 :
2463 1777 2479 1808 ι
2507 1758 2640 1812 Cum
2679 1760 3011 1830 splenderet,
3039 1763 3236 1834 inquit,
3266 1768 3481 1823 lucerna
3517 1786 3609 1824 su-

363 1849 665 1904 cﬂnndere.
719 1849 869 1903 intra
921 1849 1167 1904 Judazam
1222 1864 1458 1918 namque
1515 1851 1938 1907 concludebantur

364 1943 594 1995 scientia
622 1941 738 2007 Dei,
771 1944 910 1998 sicut
935 1952 989 1997 et
1029 1943 1297 2012 Propheta
1334 1942 1464 1996 dicit
1484 1943 1528 1976 ’⁸
1566 1960 1580 1997 :
1611 1963 1627 1995 I
1663 1942 1833 1999 Notus
1882 1950 1936 2000 in

363 2034 550 2090 .Indaea
591 2037 750 2090 Deus.
790 2054 810 2087 ι
843 2034 943 2090 Ubi
975 2051 1104 2091 vero
1135 2048 1360 2094 exortus
1382 2049 1466 2095 est
1487 2041 1565 2094 sol
1586 2038 1937 2108 justitiae'Do-

364 2129 548 2181 minus
591 2136 648 2182 et
685 2128 934 2182 Salvator
962 2137 1170 2194 noster,
1209 2140 1264 2184 et
1308 2141 1470 2187 natus
1505 2141 1589 2186 est
1617 2133 1700 2187 vir
1731 2135 1797 2188 de
1827 2149 1935 2202 quo

363 2221 628 2289 scriptum
652 2228 737 2273 est
760 2220 779 2250 ³
813 2241 824 2275 :
862 2237 882 2271 ι
915 2219 1058 2276 Ecce
1083 2220 1187 2290 vir,
1225 2220 1421 2276 Oriens
1454 2239 1648 2278 nomen
1677 2234 1761 2280 est
1785 2227 1870 2291 ei;
1909 2245 1928 2279 ι

364 2325 466 2379 per
503 2312 820 2366 universum
867 2314 1129 2368 mundum
1175 2315 1418 2371 scientiae
1452 2315 1544 2371 Dei
1577 2318 1758 2373 lumen
1799 2318 1935 2373 etfu-

363 2417 484 2455 sum
507 2413 614 2458 est.
638 2403 831 2460 Sermo
858 2421 986 2476 ergo
1009 2407 1158 2478 legis,
1178 2419 1234 2462 et
1251 2423 1428 2463 sermo
1450 2411 1798 2478 propheticus
1817 2421 1936 2466 erat

365 2495 585 2548 lucerna
614 2496 833 2562 ardens,
865 2499 961 2553 sed
999 2500 1231 2554 ardebat
1277 2501 1415 2554 intra
1445 2502 1634 2565 sedem,
1669 2518 1767 2558 nec
1795 2505 1932 2558 ultra

365 2597 576 2655 poterat
626 2591 875 2646 emittere
927 2592 1273 2661 splendorem
1325 2610 1507 2649 suum.
1549 2596 1703 2662 Quod
1749 2608 1928 2651 autem

365 2696 544 2735 sermo
571 2681 707 2752 legis
732 2693 786 2737 et
815 2686 1200 2754 prophetarum
1231 2687 1454 2743 lucerna
1491 2689 1722 2754 dicatur,
1753 2690 1933 2743 Domi-

367 2789 463 2827 nus
511 2775 628 2842 ipse
663 2789 764 2829 nos
791 2777 974 2831 docuit
1007 2777 1196 2833 dicens
1241 2781 1308 2833 de
1355 2779 1564 2836 Joanne
1596 2782 1832 2850 Baptista
1863 2784 1883 2814 ²
1913 2797 1928 2835 :

369 2882 388 2916 ι
409 2865 500 2921 llle
526 2875 645 2921 erat
675 2867 892 2923 lucerna
926 2871 1121 2926 ardens
1151 2880 1204 2926 et
1230 2871 1438 2937 lucens,
1477 2882 1530 2927 et
1559 2888 1654 2928 vos
1685 2874 1931 2929 voluistis

361 2959 425 3010 ad
455 2958 644 3013 horam
673 2959 946 3016 exsultare
975 2962 1028 3015 in
1057 2961 1259 3018 lumine
1284 2963 1422 3032 ejus.
1451 2982 1468 3015 ι
1493 2965 1558 3018 Et
1580 2965 1706 3019 alibi
1735 2967 1865 3019 dicit
1888 2966 1928 3032 ',

2035 1862 2132 1915 per
2161 1859 2328 1916 caput
2384 1864 2586 1904 meum.
2627 1870 2647 1902 ι
2695 1852 2963 1921 Splendet,
3005 1870 3137 1924 ergo
3169 1859 3458 1927 unicuique
3509 1878 3608 1916 no-

2035 1949 2209 1993 strum
2251 1940 2470 1996 lucerna
2509 1943 2649 2008 haec,
2681 1945 3000 2014 inquantum
3029 1949 3150 2004 oleo
3179 1951 3443 2009 bonorum
3478 1970 3607 2024 Ope-

2036 2049 2154 2086 rum
2185 2033 2347 2088 fuerit
2369 2049 2622 2091 accensa.
2649 2036 2900 2091 Siautem
2929 2040 3070 2095 male
3093 2056 3340 2111 agamus,
3363 2057 3418 2100 et
3439 2063 3605 2117 opera

2035 2137 2216 2178 neStra
2251 2125 2392 2178 mala
2424 2128 2552 2194 sint,
2582 2143 2687 2181 non
2730 2129 2905 2183 solum
2950 2147 3054 2184 non
3107 2136 3482 2201 accendimus,
3511 2140 3604 2192 sed

2034 2219 2432 2289 exstinguimus
2462 2221 2617 2274 nobis
2644 2222 2806 2274 istam
2839 2222 3114 2277 lucernam
3160 2243 3174 2277 :
3217 2235 3272 2280 et
3301 2229 3604 2296 completur

2034 2311 2086 2362 in
2141 2312 2295 2365 nobis
2346 2311 2495 2376 illud,
2520 2312 2664 2380 quod
2717 2312 2999 2382 Scriptura
3033 2317 3164 2371 dicit
3191 2320 3244 2384 ⁷,
3275 2321 3402 2390 quia
3455 2340 3474 2372 ι
3511 2326 3604 2392 qui

2035 2405 2174 2459 male
2230 2406 2359 2475 agit,
2422 2407 2475 2460 in
2533 2407 2772 2462 tenebris
2829 2418 2933 2472 est,
2967 2420 3022 2463 et
3068 2412 3158 2479 qui
3210 2413 3325 2466 odit
3375 2413 3601 2470 fratrem

2033 2511 2212 2561 suum,
2241 2498 2293 2550 in
2331 2499 2570 2553 tenebris
2593 2501 2849 2554 ambulat.
2883 2521 2901 2553 ι
2933 2503 3203 2558 Exstiuxit
3251 2509 3392 2560 enim
3424 2508 3604 2563 lucer-

2032 2604 2158 2643 nam
2191 2591 2494 2655 charitatis,
2527 2601 2583 2645 et
2620 2593 2743 2647 ideo
2768 2595 2819 2648 in
2843 2597 3078 2651 tenebris
3112 2597 3372 2652 ambulat.
3406 2602 3602 2656 Annon

2032 2682 2129 2736 tibi
2156 2683 2367 2737 videtur
2398 2685 2726 2740 exstinxisse
2756 2685 3054 2752 lucernam,
3086 2692 3176 2757 qui
3207 2691 3386 2745 lumen
3418 2694 3603 2747 chari-

2029 2775 2160 2829 tatis
2186 2777 2483 2831 exstinxit?
2505 2778 2606 2844 Qui
2638 2789 2817 2832 autem
2841 2780 3013 2850 diligit
3048 2781 3294 2848 fratrem,
3331 2784 3383 2839 in
3419 2787 3601 2840 chari—

2034 2867 2164 2920 tatis
2190 2869 2308 2922 luce
2337 2870 2613 2938 perdurat,
2648 2881 2702 2926 et
2727 2888 2848 2926 cum
2878 2872 3074 2928 ﬁducia
3108 2885 3284 2944 potest
3313 2878 3495 2934 dicere
3525 2880 3547 2911 ⁸
3583 2897 3596 2930 ;

2034 2974 2056 3011 ι
2094 2959 2206 3028 Ego
2240 2969 2416 3014 autem
2449 2962 2590 3016 sicut
2617 2963 2755 3016 oliva
2797 2964 3075 3020 fructifera
3116 2967 3172 3020 in
3219 2970 3378 3024 domo
3426 2973 3542 3035 Dei,
3575 2992 3596 3024 ρ

260 3125 273 3138 .
357 3052 480 3121 quia
518 3069 536 3103 ι
576 3050 660 3105 lex
688 3061 741 3107 et
775 3056 1048 3122 propheta!
1074 3071 1243 3124 usque
1271 3058 1338 3110 ad
1363 3057 1646 3112 Joannem.
1669 3077 1689 3110 ι
1724 3057 1930 3114 Lucer-
1955 3091 2000 3152 ο
2031 3052 2134 3106 et“:
2155 3052 2307 3106 (Filii
2339 3051 2452 3119 ejus
2480 3054 2620 3108 sicut
2653 3055 2874 3109 novella:
2904 3056 3164 3111 olivarum
3185 3059 3260 3130 (l)
3293 3061 3344 3114 in
3369 3062 3598 3117 circuitu

361 3159 426 3196 na
479 3144 666 3213 itaque
706 3145 905 3200 ardens
929 3145 1272 3210 estJoannes,
1295 3150 1466 3216 inquo
1493 3147 1926 3205 lexconcluditur

354 3248 407 3289 et
437 3237 737 3305 prophetae.
776 3235 952 3291 Donec
974 3251 1101 3307 ergo
1123 3241 1348 3309 populus
1369 3240 1458 3294 ille
1487 3241 1720 3295 habebat
1745 3241 1922 3296 oleum

349 3333 493 3400 quod
522 3330 802 3386 conferret
821 3333 886 3386 ad
914 3331 1121 3398 lumen,
1148 3333 1372 3387 lucerna
1395 3348 1498 3386 non
1521 3340 1606 3387 est
1635 3334 1920 3388 exstincta.

352 3423 455 3479 Ubi
492 3438 624 3478 vero
661 3422 857 3478 defecit
890 3424 940 3478 in
973 3424 1054 3479 eis
1085 3423 1264 3478 oleum
1310 3424 1716 3488 misericordiae,
1745 3425 1921 3478 oleum

343 3531 576 3585 operum
611 3515 1016 3579 bonorum,nec
1044 3515 1261 3570 inventa
1292 3525 1377 3570 est
1399 3516 1537 3584 apud
1568 3531 1662 3571 eos
1689 3517 1919 3585 puritas,

341 3624 545 3677 purum
573 3623 806 3677 namque
829 3608 1006 3664 oleum
1031 3610 1371 3678 quaerebatur
1392 3610 1456 3664 ad
1485 3608 1690 3675 lumen,
1714 3619 1768 3662 et
1793 3609 1920 3677 quia

339 3701 547 3757 defecit
583 3702 632 3754 in
662 3703 740 3757 eis
773 3701 950 3756 oleum
994 3703 1412 3766 misericordia},
1465 3702 1773 3756 necessario
1823 3717 1921 3755 ex-

335 3798 546 3851 stincta
584 3796 799 3852 lucerna
829 3804 928 3850 est.
959 3793 1066 3850 Sed
1095 3795 1221 3865 quid
1248 3795 1487 3850 dicemus
1511 3796 1640 3866 quia
1667 3795 1770 3850 illis
1805 3795 1919 3849 haec

334 3896 671 3951 evenerunt,
702 3901 732 3939 a
768 3887 923 3942 nobis
952 3900 1088 3942 vero
1119 3885 1298 3939 aliena
1330 3895 1455 3938 sunt
1494 3885 1633 3938 ista?
1657 3885 1770 3940 lmo
1799 3903 1913 3938 ma-

328 3983 424 4054 jor
453 3996 588 4036 cura
617 3991 700 4037 est
730 3981 1044 4036 Christiano
1066 3981 1170 4036 olei
1205 3983 1580 4049 conquirendi.
1612 3981 1744 4036 Vide
1772 3985 1916 4036 enim

339 4075 512 4147 255
539 4075 808 4142 quomodo
839 4075 1099 4128 Dominus
1119 4075 1170 4126 in
1195 4073 1538 4143 Evangeliis"
1557 4089 1655 4143 per
1688 4078 1917 4143 parabo-

336 4170 452 4222 lam
493 4168 688 4222 stultas
711 4167 947 4237 virgines
973 4167 1373 4235 nominat,quze
1402 4166 1577 4220 oleum
1609 4183 1714 4221 non
1735 4182 1916 4237 porta-

333 4261 478 4313 bant
510 4261 564 4313 in
591 4259 823 4314 vasculis
843 4258 994 4324 suis;
1024 4267 1078 4312 et
1118 4257 1391 4311 intantum
1436 4258 1648 4320 stultas.
1684 4270 1744 4313 ut
1783 4276 1914 4328 quo-

337 4353 492 4406 niam
545 4348 715 4405 defuit
742 4350 822 4405 eis
861 4351 1038 4405 oleum
1073 4350 1138 4403 ad
1172 4351 1583 4406 succendeudas
1632 4351 1912 4421 lampades

337 4461 498 4508 suas,
532 4442 786 4498 thalamis
810 4442 1044 4496 exclusa:
1073 4443 1183 4496 sint
1216 4444 1544 4511 nuptiarum,
1578 4460 1676 4498 nec
1696 4446 1914 4514 pulsan-

342 4539 491 4592 tibus
521 4551 642 4605 quae
671 4536 774 4591 olei
808 4550 993 4588 curam
1021 4535 1390 4604 neglexerant,
1421 4536 1558 4588 ultra
1583 4537 1914 4606 aperirijus-

341 4630 478 4684 serit
513 4643 764 4698 sponsus.
791 4627 1003 4682 Memini
1053 4637 1230 4681 tamen
1275 4628 1473 4680 dudum
1500 4642 1597 4681 nos
1631 4644 1752 4682 cum
1783 4647 1914 4684 cen-

342 4722 524 4776 tesimi
575 4705 772 4776 decimi
825 4719 1003 4774 octavi
1063 4719 1255 4788 psalmi
1305 4734 1707 4788 exponeremus
1759 4720 1909 4775 illum

342 4811 694 4876 versiculum,
724 4811 777 4865 in
819 4827 926 4881 quo
955 4812 1218 4878 scriptum
1251 4821 1334 4864 est
1360 4810 1381 4840 ⁵
1415 4824 1429 4862 :
1471 4828 1490 4861 ι
1542 4810 1790 4866 Lucerna
1821 4828 1910 4880 pe-

342 4906 500 4960 dibus
556 4905 690 4959 meis
735 4908 818 4958 lex
867 4914 976 4971 tua,
1031 4904 1281 4969 Domine,
1337 4913 1392 4958 et
1456 4905 1634 4957 lumen
1695 4906 1910 4959 semitis

340 5000 500 5065 meis,
531 5017 551 5052 ι
581 4998 955 5052 diversitatem
1002 4997 1237 5052 lacerum
1289 5005 1338 5049 et
1375 4997 1513 5051 lucis
1560 5012 1657 5067 pro
1705 4998 1914 5054 viribus

338 5089 661 5144 ostendisse.
693 5087 1013 5143 Dicebamus
1042 5089 1190 5142 enim
1223 5088 1368 5156 quod
1389 5087 1667 5141 lucernam
1694 5089 1914 5156 quidem

340 5184 591 5252 pedibus,
640 5179 694 5234 id
734 5188 816 5234 est
852 5178 1198 5235 inferioribus
1232 5179 1475 5246 corporis
1525 5179 1773 5246 partibus
1820 5181 1914 5232 de-

341 5273 565 5340 putarit,
588 5271 768 5327 lucem
803 5284 932 5325 vero
966 5269 1174 5324 semitis
1197 5269 1431 5337 dederit,
1473 5283 1594 5338 quae
1617 5272 1828 5324 semitae
1861 5270 1914 5323 in

405 5437 449 5469 ”
479 5436 623 5494 Psal.
653 5451 837 5499 Lxxvt,
880 5436 930 5489 1.
997 5436 1014 5467 ί
1045 5435 1210 5489 Zach.
1240 5450 1313 5498 vr,
1342 5435 1429 5490 12.
1489 5435 1508 5464 ²
1531 5432 1745 5497 Joan.v,
1783 5433 1872 5487 55.

342 5509 361 5537 ⁸
389 5505 487 5560 Job
517 5524 674 5568 xxix,
707 5509 760 5562 5.
837 5507 857 5537 ⁷
892 5506 908 5557 l
938 5504 1096 5559 Joau.
1120 5521 1179 5569 tt,
1213 5506 1300 5559 11.
1375 5508 1397 5538 ⁸
1426 5503 1682 5570 Psal.l.tt,
1711 5504 1764 5558 8.

345 5579 385 5612 "
422 5580 754 5642 Levit.’xXtv,
782 5575 815 5630 5
863 5585 916 5631 et
958 5592 1115 5646 seqq.

1953 5433 1972 5464 ³
2004 5433 2134 5490 Luc.
2170 5450 2284 5498 xvi,
2321 5434 2408 5490 l6.

1840 5507 1861 5536 ’
1891 5502 2035 5560 Psal.
2062 5520 2268 5570 cxxvn,
2304 5505 2360 5560 5.

2034 3141 2234 3199 mensae
2257 3146 2396 3215 ejus.
2433 3165 2453 3198 ι
2484 3144 2673 3202 Oleum
2703 3162 2834 3217 ergo
2864 3146 3050 3202 olIerri
3079 3150 3300 3218 jubetur
3328 3169 3356 3205 a
3381 3154 3596 3222 populo,

2030 3247 2086 3290 et
2115 3237 2298 3291 oleum
2341 3253 2447 3292 non
2497 3239 2896 3310 qualecunque,
2944 3243 3036 3295 sed
3084 3243 3372 3310 mundum,
3405 3256 3458 3297 et
3491 3261 3597 3297 non

2031 3345 2099 3383 ex
2123 3329 2537 3399 quibuseunque
2563 3333 2866 3385 seminibus
2894 3334 2972 3401 (ut
3027 3333 3140 3386 fieri
3173 3334 3402 3390 diversis
3431 3335 3483 3388 in
3515 3351 3600 3390 re-

2029 3423 2278 3492 gionibus
2312 3439 2429 3478 mos
2458 3427 2584 3491 est),
2619 3425 2713 3479 sed
2743 3426 2810 3480 de
2831 3426 2987 3481 olivis
3015 3441 3356 3496 expressum,
3389 3431 3440 3482 in
3477 3434 3599 3500 qui-

2029 3517 2127 3573 bus
2152 3517 2406 3571 indicium
2439 3518 2591 3587 pacis
2619 3520 2945 3573 ostenditur.
2989 3519 3172 3588 Neque
3200 3521 3346 3575 enim
3376 3533 3598 3590 accepta

2027 3617 2255 3675 possunt
2282 3622 2403 3660 esse
2435 3607 2544 3660 Deo
2579 3623 2743 3676 opera
2780 3620 2890 3672 tua,
2932 3609 3034 3663 nisi
3067 3611 3119 3662 in
3157 3626 3291 3678 pace
3329 3627 3600 3682 peragan-

2032 3711 2117 3753 tur
2150 3717 2165 3753 :
2195 3704 2338 3753 sicut
2363 3710 2416 3753 et
2443 3700 2679 3755 Jacobus
2710 3703 2988 3769 apostolus
3017 3703 3151 3756 dicit
3182 3703 3225 3734 “
3258 3724 3269 3758 :
3304 3720 3322 3753 ι
3363 3703 3599 3759 Fructus

2026 3801 2207 3843 autem
2249 3790 2477 3855 justitize
2529 3791 2582 3843 iu
2616 3799 2777 3861 mace
2827 3793 3148 3846 seminatur.
3189 3811 3208 3844 ι
3254 3795 3322 3847 Ει
3371 3795 3596 3859 ideirco,

2025 3880 2212 3938 credo.
2241 3882 2403 3934 etiam
2438 3882 2697 3937 Dominus
2728 3883 3006 3952 discipulis
3024 3886 3137 3940 suis
3165 3887 3410 3940 tradebat
3441 3888 3598 3942 fidele

2023 3975 2330 4044 depositum
2360 3975 2544 4030 dicens
2576 3975 2617 4006 “
2647 3993 2662 4028 :
2698 3995 2717 4027 ι
2749 3975 2944 4031 Pacem
2981 3994 3155 4032 meam
3191 3980 3260 4034 do
3293 3980 3466 4042 vobis,
3499 3996 3597 4050 pa-

2022 4090 2137 4132 cem
2157 4091 2332 4129 meam
2362 4073 2612 4143 relinquo
2639 4073 2809 4127 vobis.
2840 4091 2857 4122 ι
2880 4072 2953 4124 De
2982 4072 3084 4127 hac
3101 4087 3233 4141 ergo
3261 4073 3400 4126 oliva
3417 4073 3592 4127 oleum

2024 4181 2334 4236 premamus
2369 4181 2592 4236 operum
2617 4174 2954 4231 nostrorum,
2991 4179 3056 4217 ex
3081 4179 3188 4233 quo
3222 4164 3445 4219 lucerna
3485 4167 3590 4218 Do-

2023 4262 2169 4315 mino
2208 4261 2379 4330 possit
2407 4258 2652 4324 accendi,
2687 4267 2744 4312 ut
2764 4274 2868 4312 non
2886 4259 2936 4312 in
2971 4257 3205 4312 tenebris
3236 4259 3589 4313 ambulemus.

2022 4352 2144 4407 Haec
2177 4352 2395 4423 quidem
2426 4366 2455 4404 a
2491 4352 2646 4406 nobis
2676 4349 2820 4404 dicta
2855 4358 3005 4413 sunt,
3028 4360 3286 4417 quantum
3313 4349 3378 4402 ad
3410 4349 3590 4402 lucero

1946 4457 1989 4512 ι)
2022 4461 2144 4499 nam
2177 4442 2494 4499 candelabri
2525 4451 2581 4497 et
2611 4441 2790 4496 oleum
2827 4441 2946 4508 ejus
2973 4449 3204 4509 spectat.

2093 4537 2146 4590 5.
2180 4535 2334 4589 Nunc
2354 4549 2484 4589 vero
2509 4533 2788 4586 videamus
2805 4532 2933 4600 quid
2966 4532 3130 4584 etiam
3168 4532 3218 4583 in
3249 4543 3588 4596 consequen-

2025 4631 2167 4682 tibus
2202 4628 2268 4681 de
2298 4626 2528 4696 panibus
2570 4625 2959 4694 propositionis
3014 4623 3282 4692 scriptum
3326 4627 3416 4678 sit.
3449 4642 3468 4675 ι
3521 4624 3590 4679 Et

2021 4720 2270 4784 sumetis,
2313 4717 2486 4788 inquit.
2522 4717 2586 4782 “,
2630 4715 3014 4786 similaginem,
3065 4725 3118 4771 et
3173 4716 3382 4772 facietis
3421 4718 3486 4772 de
3523 4732 3588 4772 ea

2017 4809 2300 4864 duodecim
2325 4823 2512 4877 panes.
2541 4807 2616 4862 De
2630 4808 2836 4864 duabus
2859 4808 3085 4864 decimis
3108 4809 3214 4863 erit
3241 4825 3378 4864 unus
3410 4809 3587 4878 panis,

2016 4915 2068 4959 et
2094 4903 2382 4972 imponetis
2415 4917 2509 4957 eos
2533 4903 2669 4956 duas
2693 4903 3014 4971 positiones,
3047 4917 3142 4958 sex
3165 4919 3331 4973 panes
3359 4919 3462 4957 una
3489 4919 3586 4972 po-

2013 4997 2143 5048 sitio
2173 5010 2335 5063 super
2360 5008 2603 5048 mensam
2644 4995 2900 5049 mundam
2936 5004 3126 5048 contra
3163 4995 3469 5049 Dominum.
3521 4995 3587 5048 lit

2015 5086 2306 5155 imponetis
2345 5102 2510 5156 super
2551 5087 2873 5156 positionem
2928 5087 3052 5141 thus
3105 5087 3389 5151 mundum,
3413 5096 3469 5140 et
3498 5101 3585 5141 sa-

2015 5176 2144 5245 lem,
2175 5189 2231 5232 et
2257 5187 2418 5232 erunt
2452 5193 2622 5249 panes
2661 5177 2714 5232 in
2751 5180 3325 5234 commemorationem
3351 5178 3582 5247 appositi

2015 5269 2246 5325 Domino
2279 5288 2292 5324 :
2341 5271 2429 5326 die
2475 5269 2825 5325 sabbatorum
2855 5279 3228 5340 proponentur
3257 5278 3448 5324 contra
3478 5268 3588 5323 Do-

2971 5434 2993 5466 ³
3024 5434 3164 5489 Psal.
3196 5447 3393 5498 exvttt,
3455 5431 3582 5487 105.

3068 5507 3107 5536 ¹¹
3143 5504 3302 5559 Juan.
3347 5518 3458 5568 xtv,
3485 5502 3578 5556 ‘27.
3641 5539 3650 5545 -

2485 5432 2507 5464 ⁸
2541 5433 2730 5488 Matth.
2768 5451 2895 5489 xxv.

2445 5505 2488 5537 ¹⁰
2516 5503 2704 5561 Jacob.
2740 5523 2822 5573 ιιι,
2872 5506 2956 5560 18.

396 5721 472 5794 (ι)
510 5719 676 5776 Libb.
711 5718 864 5785 editi,
894 5733 914 5769 ι
948 5716 1091 5772 oliva
1121 5714 1352 5773 novella.
1392 5733 1413 5769 ι
1445 5714 1571 5772 Mss.
1607 5733 1626 5768 ι
1654 5708 1877 5773 novellae
1896 5712 2180 5772 olivarum.
2215 5731 2236 5766 ι
