4024 6146
516 226 618 281 M7

1966 210 2286 268 ORIGENIS

3649 213 3758 268 iii-8

516 345 720 395 u.inum
752 353 963 408 semper
992 351 1020 390 a
1061 335 1185 390 filiis
1211 333 1400 397 Israel,
1431 333 1482 386 in
1517 339 1899 387 testamentum
1923 339 2083 383 :eter-
2113 335 2154 388 Λ
2186 327 2288 380 bus
2326 325 2610 395 apposuit;
2673 337 2777 376 non
2813 321 2951 389 quod
2996 321 3068 374 i'a
3120 335 3322 389 pauper
3350 326 3516 387 esset,
3545 323 3607 373 ut
3640 336 3755 373 non

516 449 666 486 num.
693 431 754 483 Et
785 436 944 482 erunt
989 427 1195 485 Aaron,
1229 436 1283 478 et
1317 425 1544 478 liliormn
1577 421 1714 488 ejus,
1750 429 1804 474 et
1830 422 1990 473 edent
2018 433 2091 471 ea.

515 523 571 576 in
613 522 730 574 loco
761 527 950 572 sancto
982 535 994 568 :
1021 528 1147 569 sunt
1178 517 1321 569 enim
1353 516 1552 567 Sancta
1587 520 1924 567 sanctorum.
1967 512 2082 565 Iloc

512 614 618 667 erit
651 611 754 663 illis
807 610 874 662 de
921 609 1000 662 eis
1027 623 1145 675 qua.-
1174 607 1482 660 oﬂ'eruntur
1513 605 1739 659 Domino
1779 604 2078 673 legitimum

512 714 771 754 aeternum
811 699 906 768 (2).
943 719 960 750 ι
998 699 1303 751 Secundum
1341 713 1403 750 ea
1439 712 1559 764 quae
1596 697 1795 764 scripta
1845 707 1992 755 sunt,
2026 696 2077 747 in

515 793 797 845 duodecim
828 789 1061 860 panibus
1096 789 1374 842 duodecim
1411 789 1644 842 tribuum
1675 786 1835 842 Israel
1867 786 2078 838 videtur

514 882 960 934 conmiemoratio
1011 891 1134 932 ante
1172 881 1453 932 Dominum
1495 877 1632 941 fieri,
1664 887 1718 930 et
1748 884 2076 945 praeceptum

513 975 650 1035 dari,
684 983 741 1025 ιιι
763 974 884 1025 sine
917 970 1220 1023 cessatione
1247 969 1330 1022 isli
1363 969 1644 1022 duodecim
1675 983 1840 1036 panes
1873 967 1923 1018 in
1953 980 2080 1018 con-

512 1073 700 1130 Speetu
733 1061 942 1116 Domini
972 1070 1380 1128 proponantur;
1413 1071 1469 1112 ut
1503 1070 1556 1112 et
1589 1057 1847 1113 memoria
1877 1056 2081 1111 duode-

514 1157 618 1207 cim
649 1155 882 1207 tribuum
921 1151 1060 1224 apud
1099 1167 1219 1204 eum
1259 1167 1473 1218 semper
1512 1151 1796 1212 habeatur,
1827 1163 1934 1216 quo
1967 1147 2080 1200 vel-

515 1246 592 1298 uti
640 1248 886 1299 exoratio
927 1247 1170 1314 quaedam
1204 1254 1256 1295 et
1304 1241 1627 1311 supplicatio
1678 1255 1773 1308 per
1816 1241 1933 1293 Iure
1981 1255 2081 1307 pro

514 1338 746 1407 singulis
794 1337 910 1391 fieri
966 1339 1232 1390 videatur.
1280 1334 1387 1388 Sed
1433 1350 1595 1402 parva
1634 1333 1766 1386 satis
1810 1343 1863 1384 et
1907 1333 2082 1388 tenuis

515 1439 598 1481 cst
631 1428 1002 1495 hujuscemodi
1031 1425 1373 1480 intercessio.
1414 1424 1684 1488 Quantum
1720 1423 1864 1476 enim
1901 1422 2081 1491 profe-

514 1522 590 1573 cit
628 1523 692 1572 ad
735 1521 1221 1588 rcpropitiandmn,
1277 1519 1366 1572 tibi
1424 1516 1850 1585 uniuscujusque
1879 1515 2081 1572 .tribus

515 1627 612 1678 per
659 1627 851 1678 panem
885 1613 1111 1676 fructus,
1145 1627 1238 1679 per
1267 1609 1472 1663 fructus
1500 1623 1661 1676 Opera
1688 1606 2078 1661 consideranda

2187 419 2439 474 habuerit
2467 417 2544 488 (6)
2568 416 2821 479 similam,
2853 413 2942 481 qui
2971 414 3023 466 in
3049 414 3246 465 divitiis
3274 429 3377 465 non
3403 411 3629 465 inferior
3659 425 3750 479 pa-

2187 525 2306 566 truo
2345 511 2632 572 scribitur;
2666 508 2758 561 sed
2791 506 3068 574 utriusque
3103 507 3420 558 meritorum
3450 503 3753 557 differentia

2185 621 2280 674 per
2326 605 2441 657 lucc
2477 602 2792 668 designatur
2833 598 3024 649 indicia
3076 597 3260 663 :quod
3298 597 3342 648 is
3392 595 3609 662 quidem
3663 596 3755 650 cui

2183 706 2333 750 erant
2368 710 2396 746 a
2422 693 2648 747 Domino
2673 690 2926 761 mysteria
2971 689 3279 749 revelanda,
3311 698 3365 740 et
3391 689 3455 740 ad
3481 703 3638 754 quem
3670 688 3760 740 diu

2184 789 2405 840 cebatur
2431 787 2496 851 ‘5,
2526 805 2544 836 ‹
2582 800 2686 838 nou
2719 783 2904 837 celabo
2931 798 2958 834 a
2984 797 3149 850 puero
3168 795 3284 833 meo
3312 779 3585 833 Abraham
3608 779 3754 846 qod

2185 880 2428 940 facturus
2456 893 2593 940 sum,
2639 897 2656 930 ι
2699 878 2788 945 qui
2836 874 3156 928 imbuendus
3184 882 3302 926 erat
3353 883 3406 924 et
3446 872 3756 924 edocendns

2183 974 2250 1027 de
2283 972 2510 1025 occultis
2551 981 2606 1023 et
2655 969 2883 1023 secretis
2941 967 3059 1032 Dei,
3096 967 3186 1020 ille
3239 980 3402 1034 panes
3441 979 3504 1017 ex
3567 963 3755 1018 simila

2183 1067 2440 1119 scribitur
2463 1065 2756 1126 habuisse;
2807 1063 2894 1115 ille
2926 1075 3056 1114 vero
3083 1060 3146 1112 ad
3177 1074 3335 1128 quem
3386 1057 3520 1110 nihil
3563 1071 3756 1110 sacra-

2187 1157 2352 1208 menti
2391 1153 2752 1213 deferebatur,
2806 1153 2896 1205 sed
2959 1150 3096 1202 ratio
3148 1147 3428 1217 prmseutis
3466 1146 3655 1200 salutis
3694 1155 3757 1199 et

2183 1249 2328 1309 vita},
2359 1262 2529 1316 panes
2559 1258 2873 1299 communes
2908 1258 2974 1296 ex
3007 1243 3122 1296 sola
3158 1240 3330 1293 farina
3369 1238 3628 1292 scribitur
3649 1236 3753 1288 Ila-

2183 1340 2367 1393 buisse
2405 1336 2700 1391 confectos.
2737 1334 2801 1388 Et
2834 1343 2884 1387 tu
2917 1349 3046 1402 ergo
3073 1332 3116 1384 si
3143 1331 3307 1384 habes
3337 1328 3618 1382 scientiam
3657 1342 3757 1380 se-

2183 1441 2485 1491 cretorum,
2518 1428 2560 1481 si
2616 1427 2682 1480 de
2726 1427 2828 1480 lide
2867 1425 2982 1489 Dei,
3031 1425 3096 1476 de
3143 1421 3400 1492 mysterio
3429 1420 3654 1482 Christi,
3683 1419 3758 1472 de

2182 1522 2350 1576 sancti
2377 1520 2612 1588 Spiritus
2631 1519 2836 1571 unitate
2856 1527 3009 1585 potes
3033 1516 3265 1568 scienter
3289 1523 3555 1582 cauteque
3578 1513 3757 1566 disse-

2184 1630 2321 1675 rere,
2356 1628 2520 1682 panes
2561 1626 2624 1664 ex
2663 1610 2841 1664 simila
2869 1608 3031 1662 offers
3059 1607 3303 1661 Domino.
3349 1605 3406 1658 Si
3435 1620 3561 1658 vero
3602 1620 3760 1657 coni-

517 1703 672 1755 sttnl!
711 1703 818 1756 Sed
846 1704 888 1756 si
925 1703 1230 1755 refcrantur
1257 1703 1369 1755 haec
1397 1699 1460 1753 ad
1483 1700 1725 1768 mysterii
1753 1698 2079 1769 magnitudi-
2111 1704 2152 1758 B
2183 1709 2432 1762 munibus
2461 1706 2628 1760 uteris
2681 1706 2749 1757 ad
2795 1705 3051 1772 populum
3097 1700 3336 1764 monitis,
3383 1710 3438 1753 et
3488 1700 3756 1754 moralem

515 1811 660 1858 nem,
701 1796 943 1849 invenies
977 1793 1548 1849 con‘itnemorationem
1578 1792 1736 1844 istam
1761 1792 1960 1844 habere
1992 1791 2077 1843 in-

513 1893 689 1954 gentis
717 1889 1179 1957 repropitiationis
1212 1885 1484 1940 effectum.
1519 1885 1574 1939 Si
1609 1885 1796 1938 redeas
1831 1884 1894 1937 ad
1931 1884 2078 1937 illum

515 1996 710 2048 panem
745 1981 835 2048 qui
868 1981 932 2032 de
973 1979 1112 2032 coelo
1141 1978 1439 2041 descendit,
1476 1986 1530 2032 ct
1565 1975 1660 2030 dat
1705 1973 1833 2032 huic
1879 1976 2080 2030 mundo

515 2073 679 2126 vitam
716 2089 729 2126 :
760 2073 910 2125 illttm
941 2087 1132 2140 panem
1163 2069 1576 2138 propositionis,
1607 2084 1766 2137 quem
1796 2069 2081 2137 proposuit

517 2164 656 2217 Deus
686 2164 1122 2232 proliitiationem
1157 2161 1232 2232 (5)
1263 2175 1357 2228 per
1379 2160 1538 2214 ﬁdem
1569 2161 1619 2212 in
1645 2160 1904 2229 sanguine
1932 2158 2077 2226 ejus:

513 2257 630 2310 etsi
665 2257 924 2324 reSpicias
956 2257 1020 2307 ad
1056 2256 1198 2308 illam
1226 2254 1816 2313 commemorationem,
1873 2251 1940 2305 de
1975 2267 2078 2320 qua

513 2350 645 2403 dicit
681 2349 934 2402 Dominus
962 2350 1005 2379 ¹³
1038 2366 1050 2401 :
1093 2367 1111 2400 ι
1143 2347 1252 2401 IIoc
1281 2350 1440 2401 facite
1472 2349 1522 2400 iu
1551 2363 1722 2401 meam
1751 2360 2080 2399 commemo-

515 2445 816 2508 rationem;
858 2461 875 2494 ι
916 2443 1158 2494 invenies
1198 2441 1340 2508 quod
1374 2441 1473 2494 ista
1510 2448 1594 2492 est
1637 2439 2082 2492 commemoratio

515 2534 650 2598 sola,
676 2549 795 2600 quae
823 2533 1110 2601 propitium
1151 2531 1285 2584 facit
1310 2531 1620 2584 hominibus
1647 2531 1832 2583 Demn.
1863 2529 1920 2584 Si
1955 2544 2082 2597 ergo

515 2625 772 2677 intentius
801 2621 1171 2678 ecclesiastica
1226 2622 1480 2691 mysteria
1519 2622 1846 2684 recorderis,
1899 2622 1948 2674 in
2000 2622 2083 2674 his

512 2729 632 2782 quae
657 2713 737 2767 lex
769 2716 976 2776 scribit,
1010 2713 1205 2765 futura:
1236 2712 1483 2765 veritatis
1515 2713 1760 2766 invenies
1794 2713 2080 2781 imaginem

513 2806 939 2875 praefurniatatn.
999 2803 1103 2858 Sed
1164 2805 1230 2856 de
1285 2803 1370 2856 his
1415 2820 1518 2856 non
1577 2813 1659 2856 est
1713 2803 1864 2871 plura
1909 2803 2081 2856 disse.

515 2914 636 2951 rere
669 2902 766 2967 (ι),
815 2899 955 2966 quod
1008 2897 1384 2950 recordatione
1429 2898 1537 2949 sola
1593 2897 1816 2964 intelligi
1867 2893 2080 2948 sufficit.

515 2990 811 3044 Possumus
854 3006 978 3042 vero
1009 3000 1063 3043 et
1091 2989 1248 3042 aliter
1276 2990 1478 3043 dicere.
1541 2988 1731 3044 Omnis
1780 3002 1960 3041 sermo
1990 2987 2080 3040 Dei

516 3083 670 3144 panis
697 3093 803 3144 est,
839 3083 928 3134 sed
967 3093 1052 3135 est
1099 3084 1400 3138 differentia
1437 3083 1488 3136 in
1540 3083 1784 3150 panibus.
1818 3081 1912 3134 Est
1939 3081 2081 3133 enim

514 3176 714 3242 aliquis
767 3191 974 3236 sermo,
1007 3175 1099 3241 qui
1133 3175 1199 3228 ad
1255 3189 1594 3227 coznmunem
1639 3172 1868 3239 proferri
1921 3153 2088 3237 possit

520 3266 790 3327 auditum,
839 3276 893 3317 et
931 3267 1158 3317 edorere
1206 3264 1412 3332 plebem
1468 3267 1532 3316 de
1575 3263 1831 3330 operibus
1874 3261 2088 3314 miseri-

517 3358 738 3420 cordite,
776 3373 840 3410 ac
873 3356 1036 3410 totius
1063 3358 1452 3420 beneficentim,
1491 3366 1542 3409 et
1575 3357 1675 3408 iste
1705 3365 1786 3408 est
1817 3355 1970 3423 panis
1996 3354 2084 3422 qui

520 3450 820 3502 communis
868 3447 1159 3502 videbitur.
1216 3447 1310 3500 Est
1350 3461 1478 3499 vero
1535 3446 1694 3510 alius,
1727 3446 1819 3515 qui
1876 3456 2085 3500 secreta

514 3541 814 3606 contineat,
847 3549 900 3592 et
938 3540 1004 3592 de
1055 3539 1160 3592 fide
1204 3538 1294 3592 Dei
1333 3537 1496 3609 256
1527 3548 1584 3592 et
1629 3554 1806 3591 rerum
1855 3539 2082 3592 scientia

517 3632 766 3687 disserat.
801 3630 903 3684 Iste
958 3631 1114 3698 panis
1159 3631 1388 3682 mundus
1419 3639 1520 3695 est,
1554 3637 1609 3683 et
1643 3644 1710 3682 ex
1749 3628 1923 3684 simila
1953 3645 2084 3684 con-

493 3722 710 3778 fectus.
741 3722 845 3775 Iste
874 3721 926 3774 in
959 3729 1249 3789 COIISPCCIU
1283 3719 1491 3772 Domini
1531 3733 1745 3787 semper
1773 3719 1847 3790 l5)
1877 3735 2084 3788 ponen-

515 3817 616 3868 dus
645 3823 749 3878 est,
785 3823 838 3868 et
875 3829 1037 3881 super
1093 3828 1331 3866 mensam
1389 3812 1643 3865 mundam
1683 3813 2080 3881 proponendus.

514 3904 621 3960 Iste
673 3906 803 3959 solis
850 3906 1230 3958 sacerdotibus
1282 3913 1666 3972 scquestratus
1708 3914 1812 3968 est,
1861 3913 1913 3959 et
1963 3905 2085 3960 filiis

513 4000 695 4053 Aaron
729 4007 931 4052 acterno
975 4013 1200 4052 munere
1238 3997 1802 4052 condonatus.Vernm
1836 4013 1903 4052 ne
1931 4009 2085 4067 putes

514 4089 635 4144 lucc
682 4104 780 4142 nos
819 4090 1053 4157 propriis
1106 4089 1355 4141 sensibus
1410 4088 1719 4156 excogitata
1768 4103 2010 4151 narrare,
2033 4098 2087 4141 et

515 4197 621 4236 non
671 4181 723 4234 iu
781 4180 980 4233 divinis
1029 4180 1350 4232 observasse
1387 4179 1772 4246 voluminibus,
1812 4181 2083 4247 proferam

516 4272 611 4325 tibi
644 4274 708 4326 de
739 4271 1034 4340 Scripturis
1071 4271 1340 4338 quomodo
1383 4273 1522 4338 apud
1549 4271 1795 4324 diversos
1818 4273 1961 4324 viros
1993 4287 2086 4338 pa-

2182 1803 2290 1854 scis
2315 1799 2683 1853 tantummodo
2723 1797 2903 1849 loeum
2933 1803 3172 1847 tractare
3202 1793 3292 1859 qui
3325 1794 3598 1845 adomnes
3633 1806 3762 1862 per-

2185 1891 2340 1952 tinet,
2364 1902 2703 1942 communem
2741 1896 2790 1938 te
2825 1885 3086 1938 obtulisse
3117 1883 3332 1936 noveris
3359 1898 3570 1951 panem.

2250 1982 2301 2036 4.
2339 1980 2442 2034 Sed
2489 1980 2766 2031 videamus
2798 1976 2904 2044 jam
2955 1991 3077 2045 qua:
3109 1976 3178 2029 sit
3205 1974 3475 2028 confectio
3530 1976 3580 2027 in
3631 1976 3762 2029 istis

2183 2071 2411 2144 panibus
2436 2067 2844 2139 propositionis,
2872 2067 2962 2134 qui
2987 2078 3114 2120 ante
3145 2067 3429 2120 Dominum
3460 2068 3581 2133 poni
3609 2080 3763 2120 sein-

2185 2166 2586 2238 perjubentur.
2621 2181 2640 2213 ι
2684 2161 2756 2215 De
2809 2161 3035 2219 duabus,
3089 2159 3263 2225 inquit
3301 2157 3364 2222 ‘°,
3413 2157 3640 2210 decimis
3679 2159 3761 2209 sit

2183 2260 2340 2328 panis
2379 2273 2540 2311 unus.
2582 2274 2600 2306 ι
2652 2256 2794 2308 Duas
2821 2251 3037 2320 quidem
3071 2252 3311 2305 decimas
3338 2251 3494 2314 dixit,
3530 2251 3623 2302 sed
3653 2267 3761 2302 eu-

2179 2353 2267 2423 jus
2293 2362 2558 2404 tnensurtc
2599 2347 2706 2401 sint
2741 2347 2860 2399 ista:
2909 2345 3130 2398 decima:
3167 2359 3269 2396 non
3296 2344 3703 2410 comprehendit
3741 2358 3758 2406 ;

2183 2458 2305 2498 cum
2335 2443 2520 2509 utique
2549 2455 2890 2509 consequens
2917 2438 3128 2499 fuisset,
3159 2437 3201 2490 si
3231 2435 3298 2489 de
3331 2437 3637 2503 quantitate
3674 2437 3756 2490 si-

2183 2535 2323 2590 mila-2
2367 2533 2584 2587 volebat
2633 2532 2874 2604 agnosci,
2923 2531 3095 2600 ipsam
3135 2527 3288 2596 cujus
3321 2531 3455 2583 duas
3505 2530 3760 2584 decimas

2183 2627 2320 2681 sumi
2348 2625 2590 2693 jubebat,
2623 2623 2905 2678 nominare
2946 2635 3275 2673 mensuram.
3314 2619 3442 2686 Quae
3471 2635 3603 2689 ergo
3649 2621 3756 2673 ista

2185 2734 2273 2772 res
2301 2726 2402 2782 est,
2443 2716 2596 2783 cujus
2640 2730 2892 2769 mensura
2935 2723 2988 2766 ct
3034 2713 3221 2765 modus
3249 2713 3325 2781 (7)
3363 2728 3460 2765 nec
3503 2727 3759 2779 compre-

2185 2808 2345 2862 hcttdi
2369 2806 2541 2877 potuit
2574 2821 2672 2859 nec
2707 2804 3022 2858 numerari?
3050 2803 3239 2856 Decem
3271 2819 3526 2857 nmnerus
3555 2805 3760 2870 ubique

2185 2899 2459 2970 perfectus
2508 2897 2799 2951 invenitur.
2843 2895 3028 2949 Totius
3066 2895 3208 2948 enim
3252 2896 3459 2947 numeri
3517 2909 3582 2946 ex
3634 2895 3760 2962 ipso

2191 2991 2332 3044 ratio
2361 2999 2415 3044 et
2448 2989 2598 3056 origo
2624 2989 2924 3055 consurgit.
2961 2987 3345 3053 Competenter
3377 2986 3538 3053 igitur
3563 2995 3760 3040 auctor

2189 3098 2246 3136 et
2275 3083 2430 3149 origo
2476 3081 2716 3135 omnium
2771 3078 2931 3139 Deus,
2981 3079 3082 3131 sub
3125 3079 3228 3130 hoc
3278 3091 3503 3130 numero
3542 3078 3760 3130 videtur

2188 3175 2424 3230 ostendi.
2455 3172 2560 3227 Sed
2591 3173 2633 3226 si
2665 3173 2716 3224 in
2756 3170 2997 3224 Ecclesia
3030 3170 3095 3222 de
3122 3169 3235 3222 solo
3269 3167 3432 3222 Patre
3463 3169 3674 3236 loquar,
3703 3181 3762 3224 el.

2191 3270 2360 3337 ipsius
2390 3267 2558 3321 solius
2586 3266 2773 3318 Iaudes
2797 3264 3091 3329 proferam,
3126 3263 3283 3316 unius
3315 3262 3537 3315 decima:
3559 3277 3758 3331 panem

2190 3359 2316 3412 feci.
2351 3360 2458 3410 Aut
2509 3355 2554 3408 si
2603 3356 2668 3408 de
2708 3354 2925 3408 Christo
2964 3353 3080 3406 solo
3115 3351 3295 3406 fecero
3339 3366 3672 3414 sermonem,
3697 3360 3759 3405 et

2190 3450 2360 3518 ipsius
2383 3447 2737 3502 enuntiavero
2754 3445 2828 3513 (8)
2861 3444 3188 3511 passionem,
3219 3453 3274 3495 et
3303 3444 3755 3496 resurrectionem

2189 3541 2582 3610 praadicavero,
2623 3537 2787 3589 unius
2816 3536 3037 3588 decimae
3070 3536 3239 3588 obtuli
3273 3549 3488 3603 pauent.
3536 3534 3592 3588 Si
3625 3549 3757 3588 vero

2190 3635 2380 3688 dixero
2419 3633 2459 3664 ”
2490 3633 2614 3702 quia
2646 3630 2808 3684 Pater
2837 3645 2958 3682 cum
3006 3628 3143 3681 Filio
3172 3644 3386 3697 semper
3415 3636 3517 3689 est,
3550 3637 3606 3680 et
3641 3627 3757 3695 ipse

2192 3727 2324 3780 facit
2348 3740 2510 3794 opera
2543 3741 2635 3777 sua
2669 3741 2683 3778 :
2717 3723 2801 3776 vel
2829 3725 2990 3777 etiam
3023 3723 3068 3774 si
3099 3723 3287 3775 dixero
3345 3721 3469 3788 quia
3512 3719 3674 3775 Pater
3701 3723 3754 3774 in

2187 3819 2325 3874 Filio
2353 3829 2454 3881 est,
2483 3827 2535 3870 et
2562 3815 2728 3869 Filius
2761 3815 2812 3868 in
2842 3814 3023 3878 Patre,
3049 3822 3102 3868 et
3133 3814 3223 3879 qui
3254 3814 3396 3866 videt
3420 3813 3640 3878 Filium,
3672 3816 3758 3865 vi-

2187 3913 2276 3966 det
2304 3921 2358 3964 et
2385 3910 2622 3970 Patrem,
2657 3919 2708 3961 et
2740 3907 2863 3974 quia
2896 3906 3057 3961 Pater
3082 3917 3135 3960 et
3165 3906 3331 3959 Filius
3358 3921 3521 3958 unum
3563 3917 3688 3960 sunt
3735 3920 3751 3958 :

2187 4017 2255 4055 ex
2281 4001 2487 4054 duabus
2526 3998 2754 4052 decimis
2787 3997 2978 4051 similae
3008 3996 3219 4049 munda:
3255 3995 3420 4049 obtuli
3449 4011 3615 4049 unum
3654 4013 3755 4066 pa-

2188 4109 2309 4147 nem
2353 4110 2366 4146 :
2417 4107 2608 4161 panem
2656 4106 2838 4143 verum
2892 4091 2981 4158 qui
3029 4089 3192 4142 vitam
3225 4088 3315 4141 dat
3363 4088 3488 4141 huic
3533 4089 3752 4141 mundo.

2187 4182 2434 4236 Ilteretici
2462 4197 2564 4234 nou
2599 4180 2803 4234 faciunt
2835 4179 2901 4232 de
2931 4179 3137 4231 duabus
3185 4179 3409 4232 decimis
3454 4194 3618 4230 unum
3655 4194 3754 4244 pa-

2189 4287 2311 4327 uent
2345 4289 2360 4326 :
2393 4280 2590 4341 negant
2619 4271 2764 4324 enim
2796 4278 3093 4322 creatorem
3122 4270 3288 4321 Deum
3317 4267 3528 4321 Patrem
3553 4267 3752 4322 Christi

515 4366 600 4418 nis
633 4363 919 4417 diversitas
949 4377 1047 4430 pro
1081 4362 1273 4414 merito
1297 4362 1717 4432 uniuscujusque
1740 4373 1952 4416 servata
1977 4373 2080 4418 est.
2112 4378 2163 4438 ι)
2191 4380 2332 4430 esse,
2369 4378 2544 4432 neque
2579 4361 2746 4417 Vetus
2793 4373 2848 4416 et
2880 4361 3089 4416 Novum
3133 4361 3538 4414 Testamentum
3586 4377 3750 4414 unum

513 4451 766 4506 Refertur
796 4454 846 4506 in
879 4453 1075 4508 Genesi
1111 4453 1153 4483 “
1177 4454 1316 4520 quod
1345 4452 1614 4506 Abraham
1651 4454 1954 4523 patriarcha
1987 4471 2080 4508 an-

513 4544 662 4611 gelos
721 4546 959 4612 suscepit
1008 4544 1261 4612 hospitio,
1317 4543 1567 4597 similiter
1626 4557 1806 4598 autem
1847 4555 1897 4599 et
1952 4544 2076 4600 Lot.

514 4636 618 4687 Sed
644 4637 935 4698 Abraham,
963 4637 1051 4704 qui
1084 4638 1288 4690 meritis
1315 4637 1675 4706 pra-cellebat,
1717 4653 1879 4706 panes
1903 4654 1968 4691 ex
2000 4639 2076 4692 si-

515 4728 640 4780 mila
674 4731 989 4798 apposnisse
1015 4730 1368 4793 describitur,
1411 4745 1546 4798 quos
1579 4742 1632 4783 et
1662 4731 1982 4803 ἐγκρυφίας,
2025 4729 2075 4783 id

511 4828 597 4871 est
621 4823 858 4874 occultos
901 4837 962 4874 ac
999 4821 1306 4875 reconditos
1343 4821 1660 4874 nominavit.
1703 4821 1800 4874 Lot
1836 4837 1962 4875 vero
2013 4835 2077 4874 eo

513 4909 654 4978 quod
687 4925 791 4964 non
822 4911 1012 4965 habuit
1061 4912 1318 4978 similam,
1351 4926 1418 4965 ex
1452 4911 1624 4964 farina
1659 4928 1823 4980 panes
1854 4912 2077 4982 hospiti-

582 5049 929 5110 ”Luc.xxu.
955 5057 1041 5110 19.
1118 5053 1164 5085 ”
1203 5053 1337 5109 Gen.
1377 5070 1529 5108 xvur.
1610 5055 1653 5086 ¹⁵
1687 5055 1846 5122 ibid.,
1876 5055 1962 5111 I7.

582 5161 656 5236 (ξ’.)
693 5165 878 5236 Codex
918 5166 1230 5236 Sangerm.,
1272 5188 1289 5219 ι
1327 5169 1604 5224 mtcruale.
1641 5189 1658 5222 ι

581 5235 659 5303 (5)
691 5235 858 5297 Idem,
895 5255 913 5286 ι
950 5235 1378 5305 propitiatoretn.
1426 5260 1443 5290 ι

583 5305 660 5370 (4)
680 5305 780 5358 Sed
804 5307 866 5358 de
887 5309 966 5358 Itis
997 5325 1096 5359 non
1126 5321 1199 5359 est
1231 5310 1380 5376 plura
1405 5312 1677 5374 disserere,
1706 5319 1810 5364 ctc.
1835 5309 1989 5363 Plura
2013 5313 2077 5364 de

514 5378 772 5454 mysterio
801 5377 1152 5454 Iguebaristia:
1197 5383 1836 5454 uou_sermocinabantttr
1867 5393 2077 5434 vetet-es

513 5447 942 5499 inconciouibus
969 5451 1037 5500 ob
1075 5450 1414 5511 praesentiant
1459 5453 1972 5505 catechumenorum
2024 5465 2078 5506 et

511 5514 811 5591 gentilium.
851 5518 978 5591 Vide
1012 5533 1173 5590 supra
1220 5530 1404 5575 notam
1447 5522 1514 5578 ad
1551 5521 1738 5577 homil.
1771 5522 1804 5580 9
1830 5524 1882 5578 in
1917 5520 2077 5577 Levi-

513 5589 700 5651 ticutn,
735 5602 882 5641 num.
915 5589 1005 5643 I0.

1118 5053 1164 5085 ”
1203 5053 1337 5109 Gen.
1377 5070 1529 5108 xvm.

2039 5057 2080 5088 ¹⁶
2113 5055 2282 5110 Levit.
2324 5072 2474 5122 xxrv,
2504 5057 2556 5110 5.

2184 4454 2389 4508 faciunt
2427 4467 2644 4522 panem,
2673 4467 2772 4506 nec
2811 4467 2974 4504 unmn
3006 4450 3265 4519 Spiritum
3305 4451 3358 4504 in
3403 4460 3636 4518 utroque
3672 4452 3755 4504 in-

2185 4556 2490 4602 strumento
2512 4546 2858 4614 profitentur.
2891 4543 2998 4598 Nos
3043 4555 3220 4598 autem
3255 4546 3306 4598 in
3338 4544 3452 4612 lege
3490 4554 3544 4598 et
3575 4545 3753 4598 Evan-

2186 4639 2342 4708 geliis
2375 4654 2537 4691 unmu
2569 4649 2731 4706 atque
2754 4637 3001 4690 eumdem
3031 4637 3207 4690 inesse
3225 4647 3470 4691 sanctum
3489 4638 3749 4706 Spiritum

2187 4732 2439 4794 dicimus,
2471 4740 2525 4783 et
2565 4731 2668 4784 isto
2715 4745 2928 4798 quoque
2980 4733 3140 4785 modo
3171 4746 3235 4783 ex
3279 4731 3488 4785 duabus
3529 4731 3752 4784 decimis

2186 4839 2350 4876 unum
2396 4838 2588 4892 panem
2638 4825 3022 4892 propositionis
3050 4823 3352 4876 offerimus.
3389 4824 3487 4889 Qui
3514 4838 3645 4892 ergo
3674 4823 3748 4891 (9)

2185 4921 2439 4982 separant
2461 4913 2733 4967 Christum
2772 4930 2802 4968 a
2834 4927 3079 4970 creatore
3119 4917 3224 4970 Dco
3258 4914 3416 4970 Patre
3457 4931 3554 4971 suo
3582 4917 3752 4968 hatre-

2636 5057 2677 5089 ¹⁷
2705 5055 2861 5111 Joan.
2890 5074 2999 5122 xrv,
3043 5059 3097 5112 7.

2254 5171 2328 5240 (5)
2362 5172 2692 5226 Adverbium
2737 5193 2754 5225 ι
2790 5190 3026 5243 semper,
3066 5193 3084 5225 ›
3121 5176 3272 5228 deest
3298 5175 3350 5228 in
3396 5174 3526 5228 libb.
3568 5173 3747 5239 editis,

2181 5247 2274 5296 sed
2304 5243 2580 5309 suppletur
2611 5260 2640 5295 e
2671 5261 2798 5298 mss.

2255 5315 2330 5380 (6;
2365 5314 2520 5365 Ltbb.
2549 5315 2700 5378 editi,
2740 5333 2757 5366 ι
2794 5330 2896 5367 non
2933 5315 3203 5381 habuerit,
3253 5335 3272 5368 ι
3303 5315 3395 5369 sed
3438 5332 3594 5381 mss.,
3638 5335 3657 5368 ι
3696 5325 3750 5369 ut

2185 5397 2290 5435 nou
2324 5383 2592 5436 habuerit.
2627 5403 2644 5434 ι

2353 5452 2528 5531 Codex
2574 5452 2879 5523 Sangerm.,
2916 5472 2934 5505 ε
2974 5453 3126 5520 cujus
3165 5470 3431 5511 mensura:
3476 5458 3688 5512 ntodus.
3723 5474 3742 5507 ι

2253 5521 2328 5588 (8)
2379 5521 2546 5589 Idem,
2584 5542 2602 5574 ι
2636 5521 3041 5578 enumeravere.
3092 5544 3111 5577 ι

2253 5591 2328 5658 (9)
2355 5591 2519 5662 Idem,
2553 5611 2574 5647 ι
2613 5595 2739 5665 quia
2776 5609 2927 5664 ergo,
2965 5614 2983 5646 ι
3011 5603 3115 5652 etc.
