4024 6146
271 243 366 301 549

1400 239 1467 295 IN
1505 237 1882 294 LEVlTICUM
1918 236 2205 294 HOMILIA
2230 237 2369 294 XIII.

3421 242 3527 298 550

273 360 381 422 ticl,
404 354 460 413 et
484 354 666 414 Judaei
694 360 785 429 qui
815 358 990 415 solum
1031 357 1247 414 Patrem
1288 361 1579 430 recipiunt,
1616 370 1672 415 et
1708 361 1845 415 Ver—
1871 362 1918 420 Α
1948 358 2365 427 intelligibiliter
2390 357 2632 430 intellige
2659 374 2779 430 quae
2808 365 3154 429 apponuntur
3182 357 3302 414 tibi.
3335 377 3354 413 ι
3393 359 3525 427 Quae

274 453 396 509 bum
441 460 497 504 et
553 454 889 522 sapientiam
921 454 1042 523 ejus
1079 454 1357 508 Christum
1409 469 1516 508 non
1549 454 1843 521 recipiunt,

274 560 379 600 non
413 543 626 599 faciunt
662 560 731 598 ex
773 545 982 600 duabus
1013 545 1237 601 decimis
1273 560 1436 598 unum
1487 559 1701 614 panem.
1740 544 1847 599 Nos

271 645 451 689 autem
500 649 776 689 mensurae
808 635 1024 704 quidem
1063 634 1258 704 ipsius,
1311 634 1362 688 id
1401 645 1483 689 est
1527 634 1848 689 substantiae

272 740 472 780 nomen
518 725 608 780 vel
649 725 913 781 rationem
963 725 1423 796 comprehendere
1464 734 1559 778 aut
1603 724 1847 779 invenire

271 831 385 870 non
413 828 705 884 possumus
740 817 1109 870 :contitentes
1156 823 1336 867 tamen
1378 813 1618 877 Patrem,
1656 824 1708 867 et
1753 813 1847 868 Fi-

271 907 433 969 lium,
476 922 646 960 unum
702 905 931 960 facimus
969 920 1163 975 panem
1213 920 1279 960 ex
1316 906 1523 960 duabus
1571 905 1845 959 decimis:

271 1015 387 1055 non
413 1009 473 1053 ut
506 1000 662 1069 panis
687 1015 827 1054 unus
849 1014 918 1055 ex
970 1015 1077 1053 una
1117 999 1327 1054 decima
1369 998 1485 1066 ﬂat,
1520 1010 1575 1055 et
1622 1000 1757 1054 alius
1780 1014 1847 1054 ex

271 1090 405 1155 alia,
449 1101 510 1144 ut
558 1092 669 1146 sint
721 1092 853 1160 ipsae
882 1092 1003 1146 dure
1034 1093 1261 1148 decima:
1293 1102 1579 1161 separatae,
1608 1093 1700 1147 sed
1739 1094 1850 1148 sint

270 1183 398 1238 dure
424 1183 543 1238 ista:
570 1183 796 1238 decima?
831 1199 936 1237 una
986 1199 1189 1248 massa,
1229 1192 1284 1239 et
1311 1199 1449 1238 unus
1477 1184 1652 1254 panis.
1697 1184 1846 1252 Quo-

273 1271 441 1324 modo
478 1271 601 1325 duae
624 1271 848 1327 decimae
879 1287 985 1326 una
1021 1288 1202 1328 massa
1235 1273 1335 1327 ﬁt?
1364 1276 1489 1344 quia
1523 1291 1628 1328 non
1654 1290 1849 1344 separo

271 1359 479 1416 Filium
528 1375 560 1414 a
588 1361 769 1425 Patre,
800 1377 904 1418 nec
948 1363 1164 1419 Patrem
1199 1379 1232 1418 a
1276 1364 1415 1420 Filio
1449 1384 1462 1421 :
1500 1385 1519 1418 ι
1565 1368 1667 1434 Qui
1704 1369 1846 1421 enim

270 1454 546 1518 viditme,
590 1455 767 1522 inquit
810 1454 875 1521 ³⁸,
922 1456 1057 1510 vidit
1083 1466 1138 1511 et
1186 1457 1421 1512 Patrem.
1458 1478 1477 1510 ι
1514 1459 1679 1514 Fiunt
1717 1474 1850 1530 ergo

273 1560 449 1615 panes
481 1546 678 1616 singuli
720 1562 785 1601 ex
840 1549 1048 1604 duabus
1098 1548 1350 1615 decimis,
1375 1561 1432 1607 et
1473 1564 1850 1622 proponuntur

274 1637 490 1690 duabus
535 1638 921 1705 positionibus,
956 1640 1007 1694 id
1064 1648 1150 1696 est
1188 1639 1398 1697 duobus
1447 1643 1745 1700 ordinibus.
1789 1646 1846 1701 Si

278 1728 434 1783 enim
465 1744 573 1782 una
605 1730 802 1800 positio
831 1731 1007 1800 ﬁeret,
1038 1734 1300 1791 contusus
1333 1744 1388 1790 et
1424 1737 1718 1805 permistus
1762 1752 1851 1792 es-

275 1829 368 1874 set
400 1835 582 1875 sermo
609 1822 674 1877 de
701 1822 861 1880 Patre
888 1840 950 1879 ac
982 1825 1139 1880 Filio.
1172 1825 1324 1881 Nunc
1345 1839 1521 1883 autem
1562 1845 1704 1884 unus
1732 1831 1853 1900 qui-

276 1911 405 1965 dem
435 1922 521 1966 est
552 1913 729 1981 panis,
756 1930 864 1969 una
909 1917 1057 1971 enim
1090 1918 1346 1974 voluntas
1387 1931 1470 1975 est
1505 1931 1560 1976 et
1591 1938 1695 1977 una
1724 1923 1852 1977 sub-

278 2003 483 2058 stantia
528 2019 544 2055 :
579 2003 673 2058 sed
703 2005 825 2060 dua:
855 2015 985 2061 sunt
1031 2008 1346 2077 positiones,
1396 2010 1447 2065 id
1472 2020 1555 2065 est
1586 2012 1704 2067 dua:
1730 2029 1854 2083 per-

278 2110 541 2150 sonarum
575 2097 962 2167 proprietates.
987 2098 1138 2154 Illum
1167 2101 1317 2156 enim
1351 2101 1593 2168 Patrem,
1624 2105 1715 2172 qui
1746 2119 1850 2158 non

280 2187 358 2241 sit
390 2187 585 2253 Filius,
609 2199 664 2244 et
688 2189 830 2244 hunc
853 2190 1046 2247 Filium
1072 2193 1306 2249 dicimus
1324 2195 1415 2264 qui
1439 2210 1545 2249 non
1570 2196 1642 2251 sit
1669 2196 1849 2252 Pater.

283 2278 476 2334 Etboc
505 2283 668 2335 modo
704 2281 839 2337 duas
865 2282 1103 2338 decimas
1136 2284 1190 2339 in
1241 2299 1349 2340 uno
1382 2301 1520 2353 pane
1552 2301 1852 2349 servamus.

285 2379 341 2426 et
365 2371 501 2428 duas
538 2372 841 2442 positiones
870 2385 997 2431 ante
1031 2376 1314 2430 Dominum
1358 2377 1697 2446 proﬁtemur.
1747 2377 1851 2433 Sed

288 2477 477 2518 revera
508 2467 718 2535 magni,
750 2476 812 2522 ut
846 2467 920 2520 ita
956 2468 1154 2533 dicam,
1201 2467 1480 2538 cujusdam
1533 2471 1755 2540 pistoris
1799 2482 1855 2526 ct

288 2553 432 2609 docti
467 2555 702 2612 artiﬁcis
728 2565 831 2622 est,
857 2559 1015 2614 valde
1036 2561 1444 2631 diligenterUO)
1471 2562 1606 2617 istas
1639 2578 1856 2618 servare

293 2661 596 2712 mensuras,
644 2659 699 2704 et
728 2650 801 2703 ita
829 2661 1136 2721 temperare
1167 2654 1233 2707 de
1270 2652 1434 2709 Patre
1471 2662 1525 2709 et
1556 2653 1694 2709 Filio
1735 2670 1853 2710 ser-

292 2752 528 2807 monem,
578 2740 906 2812 conjungere
963 2744 1051 2798 ubi
1109 2753 1342 2813 oportet,
1386 2756 1442 2800 et
1500 2761 1716 2801 rursum
1765 2747 1854 2801 ubi

290 2835 553 2901 cornipetit
596 2848 877 2903 separare,
929 2844 991 2890 ut
1059 2850 1233 2905 neque
1267 2838 1388 2891 duae
1425 2851 1694 2893 mensura:
1755 2839 1855 2892 ali-

290 2925 510 2994 quando
539 2924 739 2992 desint,
781 2941 956 2996 neque
989 2943 1227 2997 unquam
1258 2928 1364 2983 nisi
1401 2945 1541 2985 unus
1576 2931 1730 2999 panis
1763 2945 1858 3000 ap-

1947 459 2034 502 8st
2067 464 2197 520 ergo
2233 464 2416 504 mensa
2459 452 2698 519 potentis
2724 494 2739 520 ,
2772 451 2875 507 nisi
2910 466 3063 505 mens
3100 448 3214 521 (ll)
3246 451 3391 506 illius
3429 452 3523 522 qui

1949 543 2262 596 dicebat“:
2301 542 2533 598 «Omnia
2566 561 2787 615 possum
2819 544 2873 599 in
2904 559 2969 599 eo
2998 545 3091 613 qui
3123 560 3211 598 me
3244 546 3524 600 confortat

1947 635 2188 699 Christo,
2216 655 2234 687 ι
2262 647 2314 690 et
2341 637 2417 691 ²¹ε
2455 655 2474 688 t
2500 637 2631 691 Cum
2659 638 2925 701 inﬁrmor,
2953 646 3080 692 tunc
3106 646 3299 706 potens
3319 637 3478 690 sum?
3500 657 3518 688 ι

1948 729 2004 783 1η
2051 730 2208 784 istius
2255 729 2491 797 potentis
2525 745 2708 784 mensa
2750 728 2947 783 munda
2974 767 2991 796 ,
3023 731 3125 783 hoc
3159 740 3242 783 est
3277 731 3328 782 in
3369 729 3525 783 istius

1947 824 2131 887 corde,
2171 824 2222 876 in
2257 823 2426 891 ipsius
2471 832 2672 887 mente,
2704 822 2937 876 Domino
2972 823 3130 891 panis
3162 821 3408 880 offertur.
3440 823 3521 877 Ad

1951 913 2111 983 hujus
2137 914 2374 981 potentis
2397 914 2639 981 Apostoli
2671 928 2913 966 mensam
2942 914 2986 966 si
3013 915 3168 967 sedes
3188 923 3522 978 coartatur-us,

1949 1003 2358 1072 intelligibiliter
2399 1004 2642 1074 intellige
2691 1019 2810 1072 qua:
2847 1013 3197 1072 apponuntur
3250 1004 3345 1057 tibi
3375 1044 3390 1068 ,
3422 1007 3526 1057 hoc

1949 1105 2032 1147 est
2070 1092 2386 1162 Spiritaliter
2429 1093 2652 1149 adverte
2696 1109 2816 1162 quae
2855 1094 3112 1147 dicuntur
3144 1096 3211 1147 ab
3241 1108 3307 1146 eo
3333 1133 3347 1155 ,
3380 1103 3438 1146 ut
3468 1103 3526 1147 et

1954 1194 2006 1237 tu
2042 1182 2219 1238 facere
2247 1187 2422 1252 possis
2450 1185 2591 1253 quod
2622 1185 2858 1238 additur.
2880 1183 2971 1237 Ait
2996 1183 3142 1236 enim
3173 1184 3248 1231 ”:
3283 1199 3303 1232 ι
3334 1181 3526 1235 Sciens

1950 1274 2076 1344 quia
2109 1274 2234 1328 talia
2270 1284 2323 1329 te
2352 1281 2567 1344 Oportet
2608 1289 2935 1344 praeparare.
2967 1291 2987 1326 ι

2021 1367 2076 1421 5.
2114 1366 2221 1421 Sed
2273 1367 2556 1420 videamus
2601 1367 2876 1437 quomodo
2929 1366 2981 1419 hi
3021 1364 3306 1419 duodecim
3356 1379 3527 1432 panes

1950 1469 2358 1528 proponantur:
2398 1476 2416 1508 ι
2451 1459 2596 1523 Dum,
2629 1458 2825 1526 inquit,
2857 1457 3176 1527 positiones,
3212 1456 3261 1507 in
3290 1470 3396 1507 una
3425 1470 3526 1523 po-

1949 1551 2147 1605 sitione
2175 1566 2271 1605 sex
2300 1565 2489 1619 panes.
2521 1568 2539 1601 ι
2579 1551 2837 1611 Putasne,
2870 1549 3041 1602 otiosa
3064 1557 3147 1601 est
3173 1546 3275 1600 ista
3299 1545 3529 1599 divisio?

1949 1645 2087 1711 Quid
2117 1655 2197 1699 est
2224 1645 2367 1715 quod
2393 1643 2744 1697 duodecimus
2773 1655 3035 1695 numerus
3068 1639 3262 1693 iterum
3292 1638 3528 1707 partitur

1953 1739 2004 1792 in
2035 1737 2170 1791 sex?
2198 1737 2367 1789 liabet
2398 1736 2541 1787 enim
2575 1732 3038 1803 propinquitatem
3074 1731 3365 1797 quamdam
3398 1744 3524 1784 cum

1950 1830 2057 1885 hoc
2087 1828 2288 1882 mundo
2319 1827 2568 1881 senarius
2611 1838 2888 1878 numerus.
2922 1824 2977 1876 ln
3019 1837 3112 1876 sex
3146 1823 3289 1874 enim
3336 1822 3529 1876 diebus

1951 1921 2127 1976 factus
2172 1932 2256 1975 est
2284 1920 2389 1974 iste
2420 1917 2648 1972 visibilis
2677 1918 2935 1971 mundus.
2970 1917 3085 1971 Duo
3116 1916 3279 1983 igitur
3307 1914 3530 1970 ordines

1956 2016 2224 2069 habentur
2252 2012 2305 2066 in
2342 2012 2446 2066 hoc
2475 2011 2695 2074 mundo,
2727 2009 2780 2063 id
2833 2019 2917 2063 est
2955 2007 3063 2062 duo
3102 2005 3302 2077 populi,
3335 2007 3423 2075 qui
3460 2005 3530 2058 li-

1953 2106 2074 2159 dem
2104 2104 2282 2159 Patris
2312 2119 2377 2158 ac
2402 2102 2523 2156 Filii
2556 2101 2609 2154 in
2649 2115 2754 2154 una
2784 2098 3021 2154 Ecclesia
3059 2109 3312 2167 tanquam
3344 2096 3395 2149 in
3425 2111 3529 2150 una

1955 2212 2137 2251 mensa
2195 2196 2391 2250 munda
2428 2193 2768 2249 custodiunt.
2820 2210 2839 2243 ε
2866 2191 2934 2245 Ει
2987 2189 3411 2259 superponitur.
3447 2187 3532 2240 in-

1954 2287 2069 2356 quit
2098 2286 2165 2350 ”,
2204 2301 2367 2354 super
2406 2285 2734 2355 positionem
2775 2283 2906 2336 thus
2943 2283 3228 2337 mundum.
3264 2301 3284 2335 ›
3327 2282 3531 2339 Thuris

1955 2379 2163 2448 species
2196 2378 2425 2431 formam
2463 2385 2610 2430 tenet
2640 2375 2971 2430 orationum.
3008 2372 3234 2442 Oportet
3268 2389 3396 2443 ergo
3430 2390 3529 2444 pa-

1956 2472 2115 2525 nibus
2182 2471 2303 2523 ﬁdei
2364 2470 2672 2523 orationum
2729 2464 3071 2535 vigilantiam
3127 2466 3533 2535 puritatemque

1957 2561 2306 2631 conjungere.
2342 2559 2481 2614 Pura
2509 2572 2686 2612 autem
2711 2557 2891 2611 oratio
2921 2563 3038 2620 est,
3073 2557 3214 2611 sicut
3240 2556 3532 2626 Apostolus

1954 2656 2088 2709 dicit
2125 2653 2208 2704 ’δι
2254 2672 2272 2704 ι
2302 2652 2570 2705 Levantes
2610 2664 2773 2718 puras
2804 2663 2997 2702 manus
3027 2649 3144 2702 sine
3177 2649 3255 2703 ira
3284 2659 3338 2703 et
3363 2650 3535 2703 disce-

1956 2748 2217 2817 ptatione.
2259 2764 2277 2796 ι
2331 2743 2504 2797 Simul
2542 2754 2599 2798 el.
2646 2743 2831 2797 odoris
2863 2741 3105 2795 suavitas
3156 2740 3365 2809 impleri
3418 2740 3530 2811 (ιε)

1956 2839 2089 2894 facit
2121 2838 2250 2893 illud
2281 2836 2424 2906 quod
2458 2835 2722 2905 scriptum
2755 2842 2839 2888 est
2864 2833 2940 2886 ²¹⁵ε
2992 2849 3012 2883 t
3035 2832 3315 2902 Dirigatur
3355 2834 3534 2888 oratio

1958 2945 2077 2985 mea
2123 2930 2265 2985 sicut
2320 2929 2601 2981 incensum
2653 2925 2704 2979 in
2759 2933 3052 2993 conspectu
3111 2934 3220 2979 tuo.
3250 2943 3270 2976 ι
3315 2924 3370 2978 Si
3413 2925 3535 2995 quis

291 3026 501 3086 pareat.
552 3016 849 3073 Duodecim
900 3034 1031 3090 ergo
1080 3035 1249 3090 panes
1284 3036 1350 3076 ex
1396 3022 1498 3077 ista
1534 3022 1708 3076 simila
1740 3023 1852 3078 ﬁeri
1881 3036 1929 3098 (ς
1960 3039 2089 3093 ergo
2115 3022 2391 3078 orationes
2416 3019 2635 3089 quidem
2666 3016 2859 3071 oﬂ‘erat
2894 3018 3006 3072 Deo
3027 3056 3044 3081 ,
3076 3032 3180 3070 non
3227 3026 3404 3069 tamen
3436 3017 3535 3070 ha-

293 3109 626 3163 mandantur
661 3111 960 3165 secundum
993 3127 1279 3167 numerum
1315 3112 1551 3168 tribuum
1577 3128 1698 3182 qua:
1730 3124 1858 3171 tunc

293 3217 450 3263 erant
502 3204 741 3260 carnalis
791 3206 981 3263 Israel.
1017 3207 1074 3261 In
1110 3223 1219 3278 quo
1254 3208 1389 3263 mihi
1424 3209 1637 3264 videtur
1683 3209 1856 3265 forma

289 3298 453 3353 totius
472 3307 741 3353 creaturae
759 3298 1037 3356 rationalis
1066 3301 1353 3359 contineri.
1383 3301 1675 3358 Duodecim
1705 3318 1858 3357 nam-

290 3401 399 3454 que
424 3395 687 3457 putantur
704 3403 823 3443 esse
848 3391 1131 3469 generales
1150 3391 1369 3447 ordines
1400 3391 1681 3448 rationalis
1704 3409 1860 3447 crea-

292 3486 452 3545 turae,
479 3494 711 3549 quorum
735 3480 901 3549 ﬁgura
917 3492 1034 3536 erat
1074 3483 1126 3537 in
1161 3483 1264 3538 illis
1287 3482 1568 3539 duodecim
1590 3484 1856 3541 tribubus.

291 3572 349 3627 In
378 3575 580 3641 quibus
609 3583 727 3629 erat
756 3591 894 3630 unus
925 3576 1142 3645 quidam
1171 3576 1306 3632 ordo
1339 3577 1555 3648 regalis,
1580 3578 1668 3646 qui
1691 3577 1860 3633 Judas

290 3662 456 3735 257
503 3664 829 3720 nominatur.
867 3665 1019 3721 Alius
1054 3675 1173 3721 erat
1220 3667 1352 3721 ordo
1381 3669 1736 3723 sacerdotalis
1760 3710 1775 3736 ,
1807 3679 1862 3723 et

288 3753 423 3810 Levi
453 3755 773 3827 appellatur.
821 3757 954 3812 Erat
981 3767 1038 3813 et
1070 3758 1209 3812 alius
1249 3759 1385 3814 ordo
1415 3758 1566 3814 Judte
1608 3760 1818 3815 vicinus
1840 3800 1855 3823 ,

291 3847 389 3916 qui
446 3846 721 3915 Beniamin
753 3849 952 3904 dicitur
977 3888 993 3914 ,
1044 3850 1096 3904 in
1131 3867 1240 3920 quo
1269 3852 1460 3905 ordine
1496 3858 1552 3906 et
1604 3852 1857 3922 templum

294 3937 413 4004 Dei,
444 3949 502 3995 et
530 3940 701 3995 altare
733 3941 1055 3997 collocatum
1086 3952 1188 3998 est.
1218 3943 1373 3999 Alius
1407 3944 1539 3999 ordo
1568 3944 1819 3999 Issachar
1842 3983 1858 4010 ,

294 4040 350 4086 et
376 4032 640 4097 Zabulon,
669 4042 722 4087 et
750 4033 1004 4104 Ephrem,
1039 4035 1239 4105 aliique
1264 4051 1402 4107 quos
1424 4037 1743 4093 nominatim
1771 4039 1863 4093 de-

295 4127 476 4196 signat
519 4127 800 4196 Scriptura
836 4128 1042 4193 divina,
1075 4143 1301 4198 quorum
1351 4131 1614 4186 rationem
1643 4147 1746 4184 non
1778 4143 1862 4186 est

299 4235 444 4273 nunc
481 4220 739 4289 temporis
768 4219 1062 4288 explicare.
1097 4220 1195 4275 Est
1229 4235 1406 4277 tamen
1437 4223 1863 4293 uniuscujusque

302 4313 492 4377 tribus,
521 4311 603 4366 vel
628 4313 832 4367 ordinis
866 4312 1019 4382 panis
1046 4323 1170 4367 ante
1203 4315 1509 4372 Dominum.
1544 4315 1607 4370 Et
1635 4319 1765 4373 licet
1790 4319 1861 4372 sit

298 4404 478 4474 aliqua
508 4404 703 4470 tribus,
732 4380 989 4475 quae—non
1021 4420 1086 4459 ex
1119 4405 1309 4471 libera,
1342 4408 1435 4461 sed
1467 4422 1533 4462 ex
1562 4410 1862 4464 concubina
1881 4380 1941 4437 θ

302 4497 463 4553 Israel
498 4499 829 4564 descendat,
856 4509 911 4553 et
945 4515 1010 4553 ex
1044 4508 1194 4569 parte
1227 4500 1394 4554 libera
1417 4542 1433 4568 ,
1468 4516 1534 4555 ex
1567 4510 1718 4570 parte
1747 4519 1866 4557 ser-

299 4590 423 4646 vilis
451 4590 562 4657 sit,
594 4600 774 4645 tamen
823 4607 921 4661 pro
967 4592 1219 4647 omnibus
1265 4606 1331 4645 ex
1384 4592 1595 4649 duabus
1643 4593 1866 4647 decimis

300 4683 458 4755 panis
501 4685 825 4754 proponitur
866 4697 992 4738 ante
1046 4685 1367 4749 Dominum,
1409 4692 1464 4737 et
1504 4684 1557 4736 in
1602 4684 1868 4739 universis

299 4776 421 4831 dum
455 4775 681 4830 decimae
733 4775 1058 4844 similaginis
1095 4785 1363 4831 constant.
1396 4774 1628 4843 Proponi
1680 4785 1859 4830 autem

292 4866 557 4938 jubentur
584 4882 751 4936 supra
785 4882 1023 4921 mensam
1067 4867 1344 4922 mundam.
1392 4864 1523 4933 Quis
1556 4876 1735 4922 autem
1768 4881 1867 4921 no-

299 4970 474 5016 strum
509 4968 613 5025 est,
642 4959 732 5030 qui
767 4960 838 5013 ita
865 4959 1064 5014 habeat
1093 4973 1335 5014 mensam
1369 4958 1645 5022 mundam,
1681 4967 1739 5013 ttt
1770 4974 1866 5029 pa-

299 5068 398 5107 nes
456 5066 616 5122 super
664 5066 782 5106 eam
827 5050 1057 5105 Domino
1108 5049 1450 5105 olferautur?
1501 5068 1520 5102 σ
1562 5050 1619 5104 Si
1663 5052 1868 5108 sederis

297 5144 501 5215 (inquit
547 5140 800 5197 Salomon
836 5143 922 5211 ιο)
956 5155 1176 5197 ctenare
1213 5142 1281 5196 ad
1313 5156 1557 5197 mensam
1590 5144 1825 5211 potentis
1851 5183 1867 5209 ,

368 5284 415 5317 "
435 5279 595 5338 Joan.
623 5297 734 5345 xlv,
763 5284 818 5339 9.
896 5282 938 5314 ¹⁹
967 5280 1126 5337 Prov.
1163 5296 1320 5345 χχιιι,
1361 5281 1415 5334 1.

297 5367 448 5418 Inv,
473 5353 529 5406 7.

302 5472 484 5599 .410)
510 5473 664 5527 Libh.
685 5474 846 5555 editi,
870 5491 890 5526 ο
921 5480 974 5524 et
1000 5472 1157 5527 valde
1186 5471 1494 5539 artiﬁciosi,
1523 5471 1861 5542 diligenter,»

432 5559 563 5599 mss.
593 5554 652 5597 ul.
685 5559 737 5596 tn
769 5553 957 5598 nostro
993 5553 1163 5596 textu.

432 5544 563 5599 mss.
593 5554 652 5597 ut
685 5544 737 5596 in
769 5553 957 5598 nostro
993 5553 1163 5596 textu.

400 5614 488 5681 ll)
527 5613 682 5677 Mss”
717 5632 735 5664 ‹
763 5628 936 5667 mens.
970 5630 989 5664 ι
1029 5612 1184 5667 Lihb.
1221 5612 1350 5668 editi
1378 5655 1394 5681 ,
1449 5631 1467 5664 ι
1499 5626 1703 5669 mensa.
1732 5631 1751 5664 ι

404 5683 489 5751 t2)
537 5683 689 5740 Libb.
738 5685 913 5751 editi,
967 5699 986 5733 ι
1018 5683 1267 5739 similiter
1308 5694 1364 5739 et
1409 5684 1588 5740 odoris
1622 5683 1863 5738 suavitas

1490 5282 1536 5313 ὀ
1579 5282 1772 5351 Philip.
1805 5297 1880 5347 ιν,
1911 5282 1999 5336 ιδ.

604 5352 651 5384 ³⁸
681 5352 702 5407 l
731 5353 870 5409 Tim.
902 5368 964 5419 ιι,
999 5351 1048 5406 8.
1129 5353 1174 5384 ³⁸
1199 5352 1342 5409 Psal.
1377 5366 1524 5418 cm,
1551 5351 1605 5406 2.
1677 5348 1734 5385 ³⁸⁷
1755 5353 1931 5409 Levit.
1960 5366 2110 5416 xstv,
2147 5351 2201 5414 Ἰ,
2233 5348 2290 5402 8.

1962 3118 2084 3170 beat
2127 3114 2381 3169 mundam
2413 3109 2803 3166 conscientiam
2844 3109 2911 3163 ab
2946 3109 3199 3178 operibus
3230 3108 3415 3161 malis:
3447 3108 3535 3162 hic

1962 3209 2084 3262 thus
2109 3207 2325 3276 quidem
2357 3204 2579 3257 videtur
2618 3201 2851 3270 panibus
2882 3215 3270 3270 superponere,
3301 3202 3394 3254 sed
3429 3216 3535 3253 non

1961 3301 2175 3372 penitus
2209 3296 2322 3368 (l3)
2353 3296 2631 3350 mundmn.
2670 3292 2805 3347 Nam
2834 3293 2879 3347 si
2918 3307 3080 3346 onme
3116 3294 3240 3347 thus
3273 3293 3535 3345 mundum

1959 3399 2101 3446 esset
2124 3432 2140 3458 ,
2170 3405 2274 3443 non
2305 3388 2492 3456 utique
2526 3386 2824 3439 addidisset
2858 3384 3164 3454 Scriptura,
3202 3384 3326 3438 thus
3374 3398 3538 3436 mun-

1959 3485 2085 3534 dum
2109 3495 2272 3549 super
2305 3493 2468 3548 panes
2514 3475 2901 3546 pr0positionis
2930 3476 3239 3545 ponendum
3278 3484 3402 3529 ante
3436 3474 3540 3527 Do-

1963 3577 2190 3628 minmn.
2219 3572 2328 3626 Nec
2355 3571 2500 3624 enim
2531 3578 2688 3637 putes
2716 3570 2858 3636 quod
2888 3568 3236 3635 omnipotens
3264 3569 3405 3622 Dens
3436 3568 3539 3620 hoc

1965 3665 2276 3726 mandabat,
2298 3672 2349 3716 et
2382 3661 2484 3715 hoc
2515 3660 2630 3729 lege
2656 3658 2961 3719 sanciebat,
2991 3670 3052 3711 ut
3081 3658 3203 3711 thus
3227 3658 3278 3713 ei
3311 3674 3377 3711 ex
3402 3658 3541 3710 Ara-

1963 3761 2047 3815 bia
2079 3756 2406 3811 deferretur.
2439 3754 2545 3809 Sed
2589 3753 2692 3806 hoc
2722 3761 2805 3806 est
2836 3751 2963 3805 thus
2993 3755 3133 3819 quod
3171 3752 3309 3805 Dens
3339 3751 3406 3805 ab
3436 3752 3539 3805 ltu-

1964 3850 2195 3907 minibus
2246 3849 2347 3903 sibi
2383 3847 2579 3916 qumrit
2609 3843 2791 3898 oﬂ'erri
2817 3883 2832 3908 ,
2869 3858 2934 3897 ex
2968 3859 3076 3911 quo
3113 3844 3258 3912 capit
3312 3845 3535 3896 odorem

1962 3944 2247 3998 suavitatis
2275 3981 2290 4005 ,
2328 3939 2607 3994 orationes
2642 3952 2708 3990 ex
2746 3937 2908 3990 corde
2941 3951 3079 4005 puro
3107 3946 3164 3989 et
3202 3936 3537 3990 conscientia

1963 4038 2099 4091 bona
2128 4074 2143 4099 ,
2179 4034 2232 4087 in
2301 4033 2497 4101 quibus
2536 4045 2663 4084 vere
2714 4030 2855 4084 Deus
2909 4029 3136 4100 suscipit
3176 4027 3535 4098 fragrantiam

1963 4128 2268 4182 suavitatis.
2312 4142 2331 4175 ι
2359 4124 2426 4178 Ει
2456 4132 2639 4184 erunt,
2672 4121 2850 4190 inquit
2885 4122 2954 4189 ",
3000 4135 3168 4191 panes
3204 4122 3256 4175 in
3296 4137 3540 4176 comme-

1965 4221 2316 4277 morationem
2342 4216 2604 4287 propositi
2635 4225 2758 4270 ante
2786 4215 3091 4269 Dominum.
3127 4215 3182 4269 ln
3209 4216 3295 4269 die
3327 4214 3544 4269 Subba-

1964 4320 2144 4364 torutn
2179 4305 2494 4379 proponetis
2522 4320 2606 4359 ea.
2639 4324 2658 4358 ι
2699 4304 2756 4360 Si
2787 4306 3024 4359 nondmn
3059 4305 3155 4358 tibi
3188 4305 3538 4359 manifestum

1966 4413 2048 4457 est
2070 4403 2183 4473 (14)
2211 4402 2337 4468 quia
2370 4412 2544 4469 panes
2577 4398 2667 4453 isti
2691 4399 2914 4451 verbum
2940 4397 3032 4451 Dei
3061 4405 3166 4461 est,
3200 4411 3264 4450 ex
3295 4396 3377 4450 his
3400 4411 3542 4450 nunc

1967 4494 2310 4551 sermonibus
2344 4494 2686 4547 conﬁrmare.
2728 4489 2867 4556 Quid
2902 4499 2986 4543 est
3023 4489 3168 4545 enim
3214 4488 3357 4558 quod
3387 4485 3542 4541 nobis

1967 4587 2542 4643 commemorationem
2585 4582 2682 4638 Dei
2721 4582 2935 4637 iaciat?
2971 4582 3110 4648 Quid
3149 4590 3232 4636 est
3269 4582 3411 4650 quod
3445 4596 3543 4634 nos

1972 4681 2039 4733 ad
2073 4678 2386 4732 memoriam
2416 4675 2642 4747 iustitiae
2667 4714 2682 4740 ,
2710 4684 2765 4729 et
2796 4675 2960 4728 totius
2996 4673 3121 4729 boni
3157 4682 3409 4737 revocet,
3436 4671 3540 4726 nisi

1970 4771 2191 4826 verbum
2227 4769 2368 4823 Dei?
2404 4769 2529 4822 ideo
2581 4781 2708 4837 ergo
2742 4766 2914 4828 dicit,
2944 4767 3070 4835 quia
3106 4775 3265 4819 erunt
3295 4764 3347 4818 in
3391 4779 3543 4819 com-

1972 4862 2416 4918 memorationem
2453 4858 2712 4929 propositi
2754 4868 2882 4911 ante
2934 4858 3239 4911 Dominum.
3286 4855 3451 4910 Addit
3487 4862 3544 4909 et

1973 4957 2027 5011 in
2060 4956 2144 5009 die
2170 4953 2553 5012 Sabbatorum,
2584 4950 2637 5005 id
2684 4957 2769 5004 est
2812 4951 2867 5004 in
2900 4950 3087 5018 requie
3117 4950 3441 5003 animarum.
3478 4948 3545 5001 Et

1973 5064 2094 5119 quae
2118 5045 2289 5114 major
2318 5043 2459 5099 ﬁdeli
2488 5043 2683 5096 anima:
2706 5043 2922 5112 requies
2944 5059 3104 5111 quam
3137 5041 3394 5095 memoria
3425 5040 3547 5096 Dei?

1977 5158 2136 5214 quam
2173 5140 2225 5194 in
2255 5144 2545 5208 conspectu
2578 5136 2671 5190 Dei
2694 5135 2936 5191 versari?
2961 5151 3121 5205 quam
3148 5136 3201 5190 in
3233 5135 3339 5189 [ide
3367 5133 3547 5188 Patris

2101 5278 2146 5311 ²¹
2177 5277 2218 5331 Il
2256 5277 2382 5331 Cor.
2413 5289 2514 5343 ιιι,
2552 5274 2638 5330 10.
2714 5273 2935 5329 “Prov.
2969 5289 3123 5335 χχιιι,
3162 5272 3216 5326 2.
3293 5271 3339 5303 ’³
3367 5269 3543 5327 Levit.

1975 5469 2222 5538 implere,
2260 5486 2280 5519 ι
2316 5466 2411 5520 sed
2426 5479 2583 5538 _mss.
2617 5451 2763 5519 utin
2798 5476 2985 5538 nostro
3021 5474 3188 5538 textu:

2043 5528 2156 5609 (1⁸5)
2199 5528 2381 5592 Codex
2416 5536 2728 5604 Sangerm.,
2780 5534 3058 5605 tpcnitus.
3093 5552 3111 5585 ι
3172 5532 3323 5587 Libb.
3377 5528 3542 5596 editi,

1977 5629 1994 5662 ι
2015 5621 2164 5678 ponit
2193 5610 2342 5678 thus.
2369 5625 2388 5657 ι

2046 5677 2158 5751 (14)
2190 5676 2344 5732 Libb.
2391 5675 2556 5744 editi,
2593 5692 2613 5728 ί
2643 5685 2778 5732 erat.
2813 5693 2837 5728 ι
