4024 6146
508 264 609 318 551

1986 255 2311 312 ORIGENIS

3650 258 3770 313 552

506 393 573 430 ac
609 375 728 429 Filii
783 375 1149 444 permanere?
1191 389 1352 444 quam
1386 376 1663 428 orationes
1708 372 1935 426 Domino
1965 382 2085 426 tan-
2113 375 2157 430 Α
2187 371 2459 442 parabolis
2484 413 2498 437 ,
2531 373 2620 440 qui
2665 372 2968 428 communis
3015 383 3101 427 est
3143 372 3311 443 vulgi.
3352 389 3382 453 ~t
3437 369 3768 440 Legitimum

507 483 668 535 quam
719 467 939 518 odorem
976 467 1264 520 suavitatis
1298 465 1531 521 oﬂ'erre?
1569 483 1589 516 ι
1631 465 2036 518 Testamentum
2062 503 2078 528 ,

507 559 688 628 inquit
715 559 782 622 ³⁷,
807 569 1070 612 aeternum
1098 559 1203 611 erit
1228 559 1406 610 Aaron
1435 567 1487 610 et
1517 557 1643 610 tiliis
1671 557 1808 622 ejus,
1844 565 1898 609 et
1928 571 2080 608 man-

507 646 786 699 ducabunt
809 662 870 699 ea
901 646 953 699 in
984 646 1101 700 loco
1130 657 1340 700 saneto.
1369 665 1388 698 ι
1431 647 1607 700 Aaron
1639 655 1694 700 et
1720 647 1811 700 lilii
1841 647 1956 716 ejus
1990 662 2081 716 ge-

509 753 609 791 nus
642 749 725 793 est
773 739 1004 795 electum
1035 781 1050 805 ,
1094 756 1266 810 genus
1305 741 1642 796 sacerdotale
1668 781 1682 806 ,
1716 743 1915 810 quibus
1967 742 2082 796 haec

507 830 687 898 portio
742 842 1054 886 sanctorum
1109 835 1340 886 donatur
1393 848 1420 884 a
1485 833 1638 898 Deo,
1688 835 1830 902 quod
1895 850 2079 888 sunms

507 935 700 973 omnes
740 921 830 989 qui
864 921 1137 975 credimus
1169 922 1222 974 in
1249 923 1490 976 Christo.
1515 921 1716 976 Locum
1749 931 1925 976 autem
1956 939 2081 976 san-

505 1021 652 1066 ctmn
685 1028 786 1082 ego
824 1016 874 1066 in
929 1013 1092 1068 terris
1137 1030 1240 1067 non
1292 1014 1510 1082 reqttiro
1563 1015 1834 1082 po:-itum.
1883 1015 1974 1068 sed
2024 1014 2076 1067 in

506 1104 690 1158 corde.
728 1103 910 1166 Locus.
932 1106 1074 1159 enim
1111 1106 1314 1160 dicitur
1343 1116 1604 1168 sanctus,
1638 1105 1922 1160 rationalis
1961 1105 2080 1159 ani-

507 1212 616 1262 ma,
651 1205 868 1266 propter
895 1198 1036 1266 quod
1067 1209 1118 1252 ct
1143 1197 1433 1267 Apostolus
1459 1197 1593 1250 dicit
1621 1197 1666 1229 ³⁸
1692 1212 1706 1246 :
1745 1215 1764 1247 ι
1792 1197 1969 1251 Nolite
1999 1198 2080 1251 Io-

508 1306 630 1343 cum
653 1289 784 1341 dare
803 1289 1036 1342 diabolo.
1056 1287 1546 1357 tAnimaergomea
1571 1289 1721 1343 locus
1742 1303 1816 1344 es:
1831 1331 1844 1353 ,
1865 1290 1908 1343 si
1940 1291 2078 1346 male

505 1397 628 1452 ago,
657 1381 855 1435 diaboli
893 1398 906 1435 :
937 1382 980 1436 si
1011 1382 1167 1444 bene,
1199 1381 1316 1435 Dei.
1349 1380 1590 1450 Denique
1617 1393 1669 1436 et
1701 1383 1924 1452 spiritus
1958 1400 2073 1436 ma-

503 1471 682 1542 lignus
726 1490 742 1522 ι
769 1488 888 1526 cum
914 1511 931 1537 ,
964 1473 1136 1542 inquit
1164 1473 1231 1535 ’⁸,
1267 1474 1462 1527 exierit
1503 1474 1570 1528 ab
1605 1475 1819 1528 homine
1845 1514 1858 1536 ,
1889 1485 1942 1529 et
1969 1475 2075 1528 cir-

504 1566 704 1618 cuierit
734 1564 848 1617 loca
883 1564 1031 1617 arida
1055 1603 1070 1626 ,
1103 1574 1155 1616 et
1189 1565 1428 1630 requiem
1462 1580 1567 1617 non
1609 1565 1879 1618 invenerit
1903 1605 1916 1625 .
1949 1575 2078 1618 tunc

503 1654 660 1708 dicit:
691 1654 953 1707 Revertar
979 1651 1044 1706 ad
1079 1652 1253 1707 locum
1286 1667 1461 1705 meum
1492 1655 1632 1707 unde
1661 1653 1824 1706 exivi.
1855 1672 1871 1698 ι
1905 1653 2076 1706 Locus

2182 457 2435 513 aeternale
2458 459 2560 512 hoc
2597 461 2702 512 erit
2729 459 2794 513 ³³.
2827 479 2846 512 ι
2896 459 3219 530 Legitimum
3259 452 3494 529 namque
3522 469 3577 512 et
3600 452 3772 512 aeter-

2182 565 2308 604 num
2339 559 2422 604 est
2459 565 2619 604 omne
2653 552 2796 619 quod
2832 553 3126 622 mysticum
3161 561 3268 607 est.
3301 552 3436 606 Nam
3469 549 3770 620 praesentia

2182 642 2298 697 haec
2345 653 2400 697 et
2430 643 2629 711 passim
2657 642 2923 706 visibilia,
2956 644 3274 713 temporalia
3309 653 3434 697 sunt
3457 682 3471 704 ,
3503 653 3558 695 et
3593 641 3768 695 ﬁnem

2181 739 2292 792 cito
2346 736 2654 804 accipiunt:
2693 755 2712 786 ι
2737 735 2983 792 Praeterit
3008 737 3150 790 enim
3177 735 3396 789 habitus
3421 734 3580 800 hujus
3605 748 3766 785 num-

2182 829 2234 882 di
2272 827 2336 880 “.
2361 846 2380 879 ι
2415 826 2567 893 Quod
2599 827 2642 880 si
2675 827 2833 894 hujus
2859 827 3044 880 mundi
3073 826 3334 896 praeterit,
3360 823 3480 879 sine
3509 823 3674 877 dubio
3705 830 3770 876 ct.

2182 920 2373 974 litterae
2401 918 2617 973 habitus
2651 920 2912 988 prteterit,
2934 929 2990 974 et
3027 927 3248 972 manent
3282 916 3371 970 illa
3411 930 3531 983 quae
3553 925 3771 968 aeterna

2182 1019 2330 1077 sunt,
2355 1025 2474 1079 quae
2495 1025 2690 1065 sensus
2714 1011 2963 1066 continet
2979 1009 3262 1080 spiritalis.
3293 1005 3349 1062 Si
3381 1022 3507 1077 ergo
3543 1006 3770 1062 intelle-

2180 1103 2360 1157 ximus
2389 1103 2567 1169 primo
2599 1104 2872 1172 quomodo
2905 1103 3047 1156 Deus
3073 1101 3396 1171 loquebatur
3417 1100 3484 1153 ad
3511 1099 3765 1170 Moysen,

2180 1204 2232 1249 et
2262 1194 2474 1266 Moyses
2504 1195 2630 1249 [iliis
2657 1195 2844 1263 Israel,
2877 1195 3115 1251 secundo
3141 1193 3303 1248 etiam
3338 1194 3601 1247 rationem
3633 1207 3769 1248 can-

2181 1288 2387 1343 delabri
2427 1289 2634 1351 mundi,
2659 1299 2717 1344 et
2745 1289 3118 1352 lucernarum,
3155 1298 3316 1356 atque
3343 1287 3446 1341 olei
3478 1289 3616 1354 ejus.
3651 1297 3766 1340 ter-

2183 1383 2255 1435 tio
2281 1397 2497 1450 quoque
2535 1397 2704 1450 panes
2757 1380 3144 1452 propositionis
3191 1393 3254 1432 ex
3288 1380 3498 1434 duabus
3529 1378 3764 1434 decimis

2180 1475 2425 1544 singulos
2464 1473 2741 1528 coniectos
2775 1473 3075 1528 secundum
3125 1469 3236 1542 (l8)
3270 1470 3605 1525 voluntatem
3647 1469 3764 1538 spi-

2180 1564 2320 1620 ritus
2358 1564 2743 1628 intelleximus,
2781 1565 2972 1616 demus
3009 1577 3228 1631 operam
3258 1560 3530 1630 quomodo
3559 1571 3616 1615 et
3658 1573 3763 1614 nos

2181 1656 2283 1710 hoc
2318 1665 2468 1710 tanto
2496 1668 2549 1710 et
2588 1665 2694 1708 tam
2728 1654 2952 1710 sublimi
2996 1653 3274 1708 intellectu
3321 1666 3426 1706 non
3461 1649 3763 1706 elﬁciamur

500 1759 630 1814 ergo
662 1755 884 1800 sanctus
915 1745 1090 1797 anima
1118 1755 1201 1798 est
1226 1760 1382 1812 pura.
1415 1744 1470 1798 In
1507 1759 1614 1814 quo
1642 1744 1758 1799 loco
1788 1747 1952 1800 edere
1978 1762 2077 1798 uo-
2109 1735 2151 1789 Β
2181 1745 2383 1814 indigni
2412 1762 2426 1798 :
2457 1745 2552 1799 sed
2597 1756 2656 1798 ut
2695 1744 2876 1799 anima
2910 1754 3091 1799 nostra
3133 1742 3281 1810 prius
3311 1741 3404 1795 liat
3443 1742 3595 1797 locus
3633 1757 3763 1796 san-

503 1837 586 1890 bis
616 1838 899 1890 mandatur
930 1837 1107 1888 cibum
1144 1837 1293 1888 verbi
1330 1835 1444 1890 Dei.
1482 1835 1666 1904 Neque
1703 1836 1848 1890 enim
1881 1851 2078 1890 conve-

504 1925 585 1978 nit
635 1935 692 1978 nt
735 1934 922 1980 sancta
963 1927 1126 1979 verba
1166 1928 1347 1978 anima
1395 1941 1503 1980 non
1535 1935 1721 1980 sancta
1773 1927 2074 1996 suscipiat;

503 2017 596 2070 sed
624 2033 744 2070 cum
771 2017 1141 2087 puriﬁcaverit
1170 2032 1227 2070 se
1252 2023 1318 2070 ab
1341 2017 1488 2070 onmi
1523 2016 1934 2084 inquinamento
1962 2031 2079 2070 car-

503 2110 590 2162 nis
620 2118 677 2162 et
725 2123 938 2162 morum
970 2148 986 2173 ,
1039 2119 1168 2161 tunc
1219 2107 1370 2163 locus
1415 2118 1638 2163 sanctus
1669 2105 1858 2162 eli'ecta
1893 2108 2074 2162 cibum

505 2199 685 2267 capiat
710 2201 865 2268 panis
889 2200 1029 2254 illius
1051 2200 1162 2268 (15)
1183 2201 1274 2269 qui
1298 2202 1365 2255 de
1384 2199 1524 2255 coelo
1552 2200 1855 2256 descendit.
1885 2197 2076 2256 Nonne

503 2290 696 2343 melius
728 2291 807 2344 sic
840 2290 1162 2361 intelligitur
1207 2293 1356 2346 locus
1389 2300 1626 2358 sanctus,
1657 2307 1820 2360 quam
1847 2293 1890 2346 si
1923 2303 2078 2361 pute-

501 2397 624 2435 mus
656 2391 992 2436 structuram
1031 2383 1264 2451 lapidum
1297 2383 1691 2438 insensibilium
1736 2383 1914 2438 locum
1947 2399 2076 2439 San-

499 2484 648 2531 ctutn
688 2475 997 2529 nominari?
1041 2475 1194 2530 Unde
1241 2477 1406 2530 simili
1459 2475 1618 2529 modo
1650 2476 1814 2532 etiam
1863 2478 1957 2531 tibi
1990 2477 2075 2531 lex

501 2568 604 2620 ista
635 2567 972 2636 preponitur,
1013 2574 1071 2618 ut
1099 2581 1223 2619 cum
1258 2569 1538 2635 acceperis
1565 2580 1760 2634 panem
1788 2567 2076 2637 mysticum

501 2657 554 2710 in
590 2657 707 2713 loco
756 2659 958 2712 mundo
994 2659 1285 2712 manduces
1313 2673 1472 2712 eum:
1506 2657 1609 2712 hoc
1641 2668 1746 2722 est,
1777 2674 1843 2712 ne
1873 2659 1925 2712 in
1956 2661 2077 2712 ani-

498 2763 587 2801 ma
620 2749 989 2802 contaminata
1038 2758 1094 2802 et
1137 2749 1374 2818 peccatis
1405 2749 1610 2818 polluta
1640 2749 1908 2804 Dominici
1955 2767 2078 2805 cor-

498 2839 648 2910 poris
696 2849 1039 2894 sacramenta
1103 2841 1418 2908 percipias:
1493 2858 1512 2889 ι
1568 2840 1890 2908 Quicunque
1933 2841 2075 2895 enim

498 2933 937 2991 manducaverit.
980 2933 1152 3001 inquit
1182 2934 1246 2995 ³ο.
1284 2947 1498 3001 panem,
1531 2942 1584 2986 et
1611 2931 1811 2985 biberit
1853 2931 2076 2987 calicem

499 3023 710 3076 Domini
747 3022 986 3092 indigne,
1020 3037 1145 3076 reus
1169 3024 1276 3076 erit
1307 3022 1553 3088 corporis
1587 3030 1641 3076 et
1670 3021 1950 3092 sanguinis
1981 3021 2079 3075 Do-

499 3116 655 3168 mini.
687 3114 890 3167 Probet
915 3124 1096 3166 autem
1131 3129 1190 3167 se
1220 3113 1610 3183 unusquisque,
1645 3123 1700 3167 et
1735 3123 1860 3169 tunc
1885 3115 1951 3168 de
1976 3129 2075 3185 pa-

497 3224 568 3264 ne
599 3209 906 3271 manducet,
936 3218 990 3259 et
1021 3207 1086 3259 de
1117 3205 1290 3259 calice
1323 3205 1488 3260 bibat.
1517 3223 1538 3258 ι

566 3299 619 3351 6.
665 3316 682 3349 ι
711 3296 908 3351 Sancta
943 3297 1086 3349 enim
1117 3305 1430 3350 sanctorum
1454 3305 1581 3349 sunt
1610 3295 1676 3348 ³¹.
1698 3315 1716 3347 ι
1752 3293 1913 3349 Vides
1940 3311 2073 3364 quo-

497 3391 658 3444 modo
702 3405 807 3442 non
859 3388 996 3442 dixit
1044 3396 1230 3440 sancta
1272 3386 1680 3452 tantummodo,
1731 3385 1826 3440 sed
1872 3387 2072 3442 Sancta

495 3490 845 3534 sanctorum:
888 3492 946 3531 ut
991 3478 1040 3532 si
1091 3477 1333 3540 diceret,
1367 3477 1519 3531 cibus
1573 3478 1676 3531 iste
1709 3486 1930 3532 sanctus
1963 3492 2072 3532 non

497 3585 582 3627 est
612 3573 917 3627 communis
947 3571 1192 3625 omnium
1223 3584 1325 3624 nec
1354 3569 1721 3640 cujuscunque
1748 3571 1914 3642 258
1935 3572 2074 3628 indi-

494 3666 583 3734 gni
613 3704 627 3730 ,
677 3665 771 3719 sed
815 3673 1124 3718 sanctorum
1169 3672 1274 3716 est.
1307 3662 1522 3726 Quanto
1569 3663 1743 3732 magis
1774 3664 1878 3717 hoc
1921 3672 1975 3718 et
2005 3663 2074 3717 de

494 3758 663 3811 verbo
696 3757 788 3812 Dei
821 3770 966 3811 recte
999 3757 1308 3824 meritoque
1345 3754 1608 3821 dicemus,
1640 3755 1729 3810 hic
1756 3769 1936 3810 sermo
1967 3771 2070 3811 non

492 3860 575 3904 est
608 3851 849 3904 omnium
882 3888 898 3914 ,
928 3865 1030 3904 nec
1059 3847 1434 3918 cujuscunque
1457 3886 1473 3912 ,
1501 3847 1593 3901 sed
1624 3859 1934 3901 sanctorum
1966 3859 2070 3904 est.

493 3941 616 3999 Non
647 3942 876 4011 quilibet
904 3941 1053 3995 verbi
1092 3941 1253 4008 hujus
1292 3948 1473 4009 potest
1507 3939 1698 3992 audire
1731 3942 2071 4008 mysterium,

495 4050 622 4090 nam
652 4034 1022 4087 tantummodo
1047 4032 1162 4104 (l6)
1187 4032 1278 4101 qui
1303 4031 1571 4102 puriticati
1598 4042 1723 4085 sunt
1751 4043 1950 4098 mente,
1981 4035 2072 4102 qui

497 4123 682 4176 mundi
726 4131 850 4174 sunt
894 4122 1091 4186 corde,
1125 4123 1218 4190 qui
1265 4121 1542 4192 simplices
1576 4123 1756 4176 animo
1785 4161 1800 4187 ,
1845 4124 1935 4191 qui
1966 4125 2070 4177 vita

498 4213 1003 4283 irreprehensibiles
1029 4253 1043 4276 ,
1088 4217 1179 4281 qui
1226 4214 1569 4268 conscientia
1607 4214 1760 4268 liberi
1787 4255 1799 4275 ,
1834 4217 2070 4285 ipsorum

499 4318 582 4360 est
617 4307 682 4360 de
714 4307 815 4360 hoc
843 4307 1032 4358 audire
1067 4320 1374 4360 sermonem
1403 4345 1418 4370 ,
1470 4306 1603 4375 ipsis
1630 4319 1858 4375 possunt
1891 4308 2074 4375 expla-

2185 1845 2308 1891 ctus
2332 1875 2348 1901 ,
2383 1846 2438 1890 et
2471 1837 2523 1892 in
2567 1836 2688 1890 loco
2725 1847 2912 1893 sancto
2947 1838 3228 1906 capiamus
3274 1845 3461 1893 sancta
3493 1833 3758 1904 mysteria

2178 1941 2276 1998 per
2317 1927 2548 1996 gratiam
2604 1927 2842 1997 Spiritus
2874 1930 3087 1994 sancti,
3131 1945 3197 1985 ex
3228 1944 3336 2000 quo
3378 1926 3760 1983 sanctiﬁcatur

2179 2033 2342 2074 omne
2367 2019 2513 2089 quod
2544 2029 2793 2074 sanctum
2824 2030 2927 2075 est.
2959 2019 3064 2090 Ipsi
3095 2020 3268 2092 gloria
3298 2030 3352 2075 et
3381 2018 3670 2090 imperium
3697 2015 3758 2070 in

2179 2111 2373 2168 smcula
2411 2111 2754 2169 saeculorum.
2776 2112 2971 2166 Amen.

2728 2227 3008 2284 IIOMILIA
3051 2227 3190 2284 XIV.

2178 2339 2256 2396 De
2292 2342 2400 2411 ﬁlio
2434 2343 2666 2396 mulieris
2697 2341 3043 2405 Israelitidis,
3064 2353 3114 2393 et
3148 2341 3388 2412 ngyptii
3425 2342 3590 2411 patris
3613 2383 3628 2402 ,
3661 2339 3756 2412 qui

2249 2409 2529 2536 remittatis
2560 2431 2745 2467 nomen
2774 2451 2790 2477 ,
2823 2413 3131 2478 maledixit,
3179 2409 3322 2466 etde
3360 2409 3617 2465 sententia
3657 2409 3754 2463 Det'

2274 2493 2362 2536 ata
2394 2486 2445 2536 in
2472 2501 2612 2536 eum.

2250 2575 2304 2627 I.
2338 2572 2576 2627 Historia
2609 2573 2760 2628 nobis
2792 2573 3016 2628 recitata
3048 2583 3155 2636 est,
3193 2572 3350 2640 cujus
3385 2569 3638 2639 quamvis
3670 2569 3756 2623 vi-

2179 2665 2371 2719 deatur
2398 2672 2583 2732 aperta
2614 2663 2879 2726 narratio,
2915 2672 3094 2717 tamen
3137 2662 3241 2717 nisi
3275 2661 3595 2730 diligentius
3622 2673 3756 2714 con-

2185 2756 2466 2810 tinentiam
2520 2755 2638 2824 ejus
2667 2770 2788 2822 qua:
2825 2763 2909 2808 est
2946 2753 3241 2809 secundum
3284 2752 3518 2806 litteram
3561 2765 3759 2806 conse-

2179 2865 2432 2917 quamur,
2477 2848 2708 2902 interior
2737 2847 2894 2902 nobis
2935 2861 3131 2902 sensus
3166 2847 3308 2901 haud
3341 2845 3499 2900 facile
3525 2844 3752 2913 patebit.

2181 2941 2273 2994 Est
2309 2956 2438 3010 ergo
2472 2939 2770 3009 Scriptum
2809 2954 2989 2994 sermo
3018 2939 3084 2993 de
3113 2954 3222 3008 quo
3253 2937 3624 2992 disserendum
3671 2941 3759 2988 est.

2179 3035 2307 3090 hic:
2350 3054 2368 3084 ι
2400 3034 2466 3090 Et
2491 3034 2648 3099 exiit,
2677 3032 2851 3098 inquit
2874 3031 2940 3093 ³⁸,
2965 3029 3109 3084 [ilius
3135 3029 3380 3084 mulieris
3407 3027 3755 3096 Israelitidis,

2181 3137 2235 3181 ct
2264 3125 2354 3180 hic
2389 3133 2508 3178 erat
2538 3123 2680 3177 ﬁlius
2710 3121 2950 3192 Egyptii
2982 3121 3126 3174 inter
3154 3121 3296 3176 lilios
3322 3119 3526 3174 Israel:
3553 3129 3607 3173 et
3639 3119 3758 3172 liti-

2180 3225 2444 3286 gaverunt
2474 3215 2527 3268 in
2553 3211 2776 3277 castris,
2799 3211 2847 3266 is
2871 3210 2967 3281 qui
2984 3217 3102 3266 erat
3120 3226 3188 3266 ex
3208 3209 3511 3266 Israelitide
3542 3210 3676 3281 (I9),
3704 3218 3761 3264 et

2179 3308 2344 3362 homo
2369 3305 2642 3361 Israelita.
2679 3304 2747 3359 Et
2772 3305 3060 3359 nominans
3090 3306 3234 3359 lilius
3266 3301 3512 3358 mulieris
3540 3301 3756 3375 Israeli-

2182 3398 2308 3452 tidis
2334 3411 2528 3452 nomen
2563 3395 2876 3450 maledixit:
2909 3405 2962 3449 et
2990 3396 3335 3450 adduxerunt
3357 3408 3480 3449 eum
3513 3395 3579 3448 ad
3615 3392 3760 3462 Moy-

2181 3503 2277 3543 sen
2303 3507 2316 3543 :
2359 3497 2414 3544 et
2443 3503 2640 3543 nomen
2672 3488 2863 3542 matris
2885 3489 3002 3558 ejus
3032 3487 3300 3543 Salomith
3325 3487 3437 3542 (ilia
3471 3485 3659 3549 Dabri,
3686 3499 3758 3539 ex

2186 3582 2327 3635 tribu
2361 3580 2475 3634 Dan
2505 3601 2518 3634 :
2552 3590 2610 3634 et
2638 3579 2902 3634 miserunt
2944 3595 3067 3634 eum
3097 3581 3148 3633 in
3173 3593 3474 3642 carcerem,
3506 3587 3569 3632 ut
3605 3577 3754 3646 judi-

2181 3680 2372 3728 carent
2397 3672 2465 3726 de
2488 3671 2578 3726 illo
2603 3684 2698 3740 per
2725 3677 3056 3739 praeceptum
3079 3670 3315 3724 Domini.
3349 3669 3416 3723 Et
3437 3669 3650 3724 locutus
3671 3676 3756 3722 est

2182 3765 2442 3820 Dominus
2473 3765 2538 3818 ad
2569 3764 2788 3834 Moysen
2822 3765 3011 3818 dicens
3037 3780 3050 3817 :
3084 3763 3231 3830 Ejice
3261 3763 3415 3817 illum
3441 3761 3534 3831 qui
3583 3761 3754 3814 male-

2189 3859 2326 3913 dixit
2355 3867 2509 3912 extra
2545 3867 2762 3919 castra,
2807 3866 2861 3910 et
2916 3858 3188 3926 imponent
3242 3870 3432 3910 omnes
3461 3853 3555 3922 qui
3601 3854 3756 3907 audi-

2181 3959 2340 4002 erunt
2356 3963 2549 4001 manus
2569 3962 2694 4002 suas
2707 3962 2868 4015 super
2885 3956 3051 4014 caput
3072 3947 3208 4015 ejus,
3234 3944 3618 4012 etlapidabunt
3639 3943 3753 4013 (‘20)

2180 4054 2301 4092 eum
2345 4039 2522 4092 omnis
2549 4054 2841 4109 synagoga.
2872 4058 2890 4091 ι
2931 4037 3225 4093 Videamus
3272 4053 3400 4107 ergo
3427 4037 3599 4105 primo
3626 4034 3755 4104 quid

2181 4133 2284 4187 sibi
2311 4134 2444 4187 velit
2481 4132 2712 4187 historia
2753 4147 2914 4201 quam
2948 4131 3329 4200 proposuimus
3354 4171 3368 4195 ,
3397 4142 3451 4184 et
3498 4129 3749 4198 quamvis

2182 4225 2338 4292 plana
2376 4223 2622 4277 videatur
2650 4262 2665 4287 ,
2702 4235 2880 4276 tamen
2913 4221 3091 4276 adhuc
3134 4220 3435 4274 evidentius
3463 4235 3584 4274 eam
3631 4229 3753 4272 ten-

2184 4321 2357 4366 temus
2395 4313 2497 4367 sub
2527 4311 2700 4366 oculis
2746 4325 2970 4381 ponere.
3015 4310 3290 4364 Ponamus
3329 4325 3460 4380 ergo
3489 4325 3656 4363 unum
3688 4324 3748 4361 ex

499 4403 616 4456 nari
644 4403 746 4455 ista
771 4401 1048 4471 mysteria.
1078 4417 1096 4450 ι
1121 4398 1284 4454 Vobis
1305 4401 1447 4454 enim
1473 4401 1656 4454 datum
1681 4408 1784 4462 est,
1810 4399 1984 4468 inquit
2005 4401 2072 4463 ³³,
2106 4439 2151 4494 D
2181 4415 2333 4475 patre
2363 4416 2416 4457 et
2448 4415 2622 4458 matre
2653 4403 2940 4458 Israelitici
2968 4404 3206 4457 nominis
3237 4405 3603 4472 generositate
3625 4416 3755 4470 gau-

498 4509 658 4549 uosse
690 4495 944 4566 mysteria
976 4493 1087 4563 (l7)
1114 4493 1262 4560 regni
1296 4490 1426 4558 Dei;
1461 4511 1480 4546 ι
1516 4493 1621 4546 illis
1652 4502 1856 4557 autem,
1888 4493 1940 4547 id
1991 4503 2073 4548 est

498 4586 591 4656 qui
625 4602 730 4638 non
768 4596 1047 4639 merentur
1080 4625 1096 4649 ,
1133 4585 1224 4653 qui
1258 4600 1363 4637 non
1395 4595 1521 4638 sunt
1561 4586 1696 4640 tales
1728 4595 1784 4638 ut
1819 4600 2070 4640 merean-

502 4687 626 4741 tur,
663 4693 763 4733 nec
787 4693 1012 4746 capaces
1032 4693 1152 4731 esse
1183 4687 1407 4747 possunt
1443 4677 1508 4730 ad
1541 4677 1947 4748 intelligentiam
1979 4694 2070 4732 se-

499 4782 819 4835 cretorum;
873 4770 980 4823 illis
1011 4785 1116 4822 non
1169 4777 1346 4838 potest
1396 4769 1510 4822 dari
1575 4769 1664 4823 ille
1717 4771 2072 4825 sacerdotalis

498 4862 676 4935 panis,
715 4862 805 4930 qui
839 4871 920 4915 est
950 4869 1210 4924 secretus,
1240 4869 1296 4914 et
1330 4863 1591 4929 mysticus
1639 4876 1848 4929 sermo,
1890 4865 1984 4918 sed
2019 4863 2070 4917 in

1155 5001 1200 5033 ’⁸
1225 5001 1454 5069 Eph-1v,
1488 5001 1578 5055 27.

1395 5074 1440 5104 ’δ
1471 5073 1487 5126 l
1520 5075 1644 5128 Cor.
1677 5089 1774 5139 vn,
1803 5075 1892 5128 5|.

570 5004 616 5042 ’τ
633 5001 766 5061 Lev.
784 5017 932 5055 χχιιι.
953 5001 1002 5060 8.
1025 5002 1077 5056 9.

500 5089 626 5137 xm,
653 5075 740 5127 Il.
805 5074 848 5104 ³³
875 5073 1046 5126 Levit.
1081 5088 1228 5136 xxnv,
1268 5075 1321 5128 9.

573 5193 682 5263 (l5)
717 5192 867 5246 Libb.
903 5193 1062 5256 editi,
1100 5210 1119 5242 ι
1149 5192 1326 5261 eapiat
1354 5205 1548 5262 panem
1591 5192 1763 5258 illum,
1796 5211 1814 5244 ι
1852 5208 1984 5247 mss.
2015 5203 2075 5247 ut

503 5264 560 5320 in
595 5273 775 5317 nostro
811 5275 976 5316 texui.

577 5336 686 5402 (16)
717 5333 895 5387 Codex
941 5332 1256 5399 Saugerm.,
1306 5349 1325 5383 ι
1355 5347 1454 5386 nec
1480 5331 1705 5401 quilibet
1733 5333 1875 5386 verbi
1909 5332 2068 5398 hujus

506 5416 684 5472 potest
706 5403 894 5456 audire
920 5404 1252 5472 mysterium.
1280 5402 1695 5466 Tantummodo,
1723 5422 1740 5454 ι
1771 5411 1877 5460 etc.
1899 5403 2067 5469 Inl’ra,

512 5489 531 5522 ι
559 5474 654 5539 ipsi
685 5483 905 5539 possunt
937 5473 1229 5540 explanare
1257 5474 1357 5526 ista
1389 5476 1668 5541 mysteria.
1701 5493 1720 5526 ι

579 5543 690 5622 (1.7)
719 5541 873 5598 Libb.
904 5543 1063 5607 editi,
1105 5560 1124 5594 ι
1155 5543 1494 5615 mysterium,
1521 5564 1538 5595 I
1573 5545 1668 5598 sed
1699 5558 1852 5610 mss.,
1894 5560 1914 5594 ι
1950 5557 2068 5614 my-

509 5621 692 5666 steria.
724 5629 742 5662 ι

582 5681 692 5751 (18)
717 5681 869 5738 Libb.
902 5682 1063 5749 editi,
1104 5699 1124 5735 ι
1157 5681 1402 5754 singulos
1431 5698 1675 5755 quosque
1707 5681 1987 5743 confectos
2020 5682 2068 5739 si
2126 5744 2132 5750 _

1655 5003 1902 5066 "Matth.
1929 5021 2026 5062 xu.
2063 5005 2152 5064 45.
2187 5002 2276 5056 44.
2352 5001 2399 5034 ³⁰
2427 5001 2443 5054 I
2470 5001 2594 5056 Cor.
2629 5017 2707 5067 xt,
2735 4999 2827 5055 27.

1969 5076 2014 5107 ³⁵
2044 5075 2217 5130 Levit.
2251 5089 2398 5138 xxiv,
2433 5073 2498 5126 10
2529 5081 2585 5126 et
2616 5087 2768 5141 seqq.

2182 4501 2394 4554 dentem
2419 4517 2432 4550 :
2467 4496 2630 4550 alium
2662 4510 2730 4551 ex
2761 4505 2934 4549 matre
2964 4505 3172 4572 tantum
3197 4534 3214 4556 ,
3242 4495 3346 4547 non
3379 4493 3540 4546 etiam
3568 4508 3634 4547 ex
3664 4507 3754 4560 pa-

2183 4598 2284 4656 tre,
2310 4599 2365 4644 et
2398 4588 2543 4643 velut
2576 4602 2643 4641 ex
2687 4597 2844 4656 parte
2869 4587 3129 4650 nobilem,
3163 4596 3216 4640 et
3245 4602 3311 4641 ex
3345 4597 3496 4654 parte
3524 4601 3629 4640 non
3658 4601 3752 4654 pa-

2182 4683 2281 4735 tris
2301 4722 2316 4745 ,
2347 4696 2468 4751 quae
2505 4683 2693 4748 utique
2723 4679 2913 4734 melior
2943 4680 3159 4732 videtur
3183 4718 3199 4739 ,
3231 4679 3325 4732 sed
3370 4676 3560 4732 matris
3587 4715 3604 4740 ,
3639 4690 3756 4744 (pia:

2180 4775 2406 4829 interior
2443 4782 2546 4826 est.
2593 4771 2648 4826 Si
2679 4772 2821 4825 enim
2852 4779 3006 4840 pater
3035 4771 3229 4826 fuisset
3261 4770 3524 4833 Israelita,
3556 4782 3609 4824 et
3641 4786 3755 4824 ina-

2182 4877 2262 4921 ter
2290 4863 2570 4936 Egyptia,
2602 4873 2746 4918 esset
2775 4863 2982 4934 aliquid
3018 4864 3269 4933 amplius.
3315 4861 3427 4917 lloc
3463 4862 3606 4916 enim
3641 4861 3755 4915 tue—

2903 5001 2943 5032 ³¹
2977 4996 3148 5054 Levit.
3177 5014 3325 5065 xxiv,
3355 4999 3409 5053 9.
3483 4997 3529 5029 ³²
3563 4995 3752 5050 Matth.

2183 5194 2480 5247 secundum
2510 5231 2525 5256 ,
2563 5210 2581 5243 ι
2636 5201 2769 5253 etc.,
2821 5189 2913 5242 sed
2967 5185 3318 5254 manuscripti
3368 5194 3428 5238 ut
3481 5185 3532 5238 in
3570 5194 3754 5240 nostro

2177 5277 2361 5402 ωἲῖἓί)
2400 5332 2572 5402 ιιω),
2596 5331 2761 5392 editi,
2797 5347 2814 5379 ι
2839 5343 2902 5381 ex
2935 5325 3232 5402 Israelitide
3267 5325 3520 5388 muliere,
3543 5344 3562 5375 ι
3594 5325 3689 5378 sed
3723 5341 3751 5378 a

2177 5395 2308 5458 mss.
2344 5395 2408 5457 ἐι
2461 5421 2487 5455 a
2537 5401 2726 5457 Grazco
2777 5398 3115 5468 septuaginta
3187 5395 3546 5464 Interpretutn
3605 5404 3750 5448 textu

2178 5476 2326 5529 abest
2369 5492 2386 5524 ι
2419 5471 2666 5526 muliere.
2702 5489 2720 5520 ι

2249 5543 2359 5609 (20)
2388 5543 2567 5596 Codex
2605 5543 2890 5607 Sangerm.
2925 5557 2942 5588 ι
2966 5535 3311 5609 lapidabunt,
3339 5553 3357 5586 ι
3390 5533 3534 5590 LXX
3550 5532 3750 5602 Interp.

2177 5605 2608 5693 λιθοϐὸλήσουσι.
2640 5605 2799 5666 Libb.
2836 5610 2990 5676 editi,
3025 5605 3053 5658 ι
3080 5605 3363 5677 lapidabit.
3394 5624 3415 5659 ι
