4024 6146
273 231 378 285 555

1389 219 1457 274 IN
1492 215 1862 274 LEVITICUM
1906 214 2192 270 IIOMILIA
2218 212 2358 268 XIV.

3405 213 3510 269 554

271 359 396 404 rant
426 346 698 421 Manasses
721 352 775 400 et
797 344 1050 413 Ephrem.
1091 340 1240 395 Nunc
1277 355 1406 394 vero
1449 341 1710 408 scriptum
1736 347 1843 402 est,
1871 334 1921 397 Α
1947 350 2078 391 vero
2114 333 2454 404 professione
2483 331 2699 403 quidem
2733 331 3068 388 Christianus
3093 340 3196 394 est,
3237 329 3509 385 inlellectu

275 442 401 511 quia
438 439 577 493 ﬁlius
623 439 694 492 sit
725 435 966 489 mulieris
995 433 1316 488 lsraelitidis
1337 472 1351 495 ,
1383 444 1437 485 et
1463 431 1704 502 Egyptii
1744 446 1841 500 pa-

275 534 395 587 tris.
431 532 486 585 Si
523 545 656 600 ergo
685 528 978 599 diligenter
1009 537 1226 580 secutus
1256 539 1314 578 es
1342 525 1477 579 duos
1509 525 1644 578 istos
1675 525 1842 588 viros,

274 638 438 676 unum
479 636 544 676 ex
575 623 787 689 integro
816 620 1051 674 nobilem
1080 657 1094 678 ,
1124 618 1287 671 alium
1311 632 1374 672 ex
1409 624 1565 686 parte
1590 655 1604 678 ,
1634 615 1844 669 intuere

274 730 417 768 nunc
466 728 562 766 eos
609 713 890 779 litigantes
933 710 1270 763 adinvicem:
1321 709 1374 762 in
1409 723 1512 777 qua
1540 709 1634 761 lite
1677 707 1723 761 is
1752 707 1843 777 qui

272 818 427 876 patre
457 805 718 876 Egyptio
744 815 800 860 et
828 814 1008 859 matre
1039 803 1151 857 sola
1181 802 1475 857 lsraelitide
1515 803 1728 873 genitus
1760 803 1844 857 vi-

272 902 453 963 detur,
492 899 781 953 nominans
809 895 1176 958 maledixerit,
1208 905 1262 949 et
1306 897 1376 950 ob
1421 895 1524 949 hoc
1555 894 1846 964 perductus

269 992 339 1044 sit
369 992 416 1044 is
458 989 551 1060 qui
589 988 936 1043 maledixerat
975 986 1043 1040 ad
1074 986 1314 1057 Moysen.
1343 985 1556 1058 Moyses
1591 1003 1720 1041 vero
1751 1001 1844 1041 ne-

268 1099 373 1152 que
413 1082 701 1137 absolvere
749 1095 872 1134 eum
909 1093 1072 1133 ausus
1101 1087 1222 1142 est,
1259 1093 1434 1147 neque
1481 1079 1845 1132 coadeinnare

269 1178 386 1230 sine
432 1176 563 1229 Deo.
608 1172 856 1228 Tradidit
885 1172 1030 1224 enim
1064 1187 1187 1226 eum
1219 1171 1476 1226 custodite
1505 1186 1780 1241 usquequo
1814 1188 1841 1224 a

269 1268 380 1322 Deo
408 1269 685 1335 acciperet
716 1281 1032 1336 responsum
1061 1266 1189 1336 quid
1221 1264 1348 1320 velit
1377 1263 1493 1319 ﬁeri
1521 1265 1586 1318 de
1611 1279 1694 1318 eo.
1720 1264 1846 1318 Ilaec

261 1370 350 1414 est
382 1360 638 1414 historia:
661 1360 1016 1424 continentia,
1051 1374 1192 1414 nunc
1221 1368 1399 1412 autem
1428 1357 1704 1411 videamus
1727 1373 1845 1425 quae

263 1454 336 1506 sit
387 1454 449 1506 in
483 1467 549 1506 ea
582 1452 842 1522 spiritalis
889 1452 1027 1506 ratio
1052 1492 1067 1516 ,
1110 1466 1228 1521 quae
1257 1449 1530 1505 aediﬁcare
1557 1449 1715 1503 debet
1745 1449 1844 1504 Ec-

263 1545 516 1601 clesiam.

331 1639 390 1690 2.
452 1637 634 1691 Primo
671 1635 912 1689 omnium
949 1649 1129 1704 sermo
1165 1634 1337 1698 dicit,
1375 1634 1500 1702 quia
1532 1634 1668 1688 exiit
1699 1633 1843 1688 filius

264 1728 512 1782 mulieris
542 1727 858 1782 Israelitidis
885 1737 939 1780 et
971 1724 1210 1798 Egyptii
1265 1727 1434 1795 patris
1455 1766 1470 1789 ,
1499 1733 1554 1780 et
1586 1727 1728 1781 unde
1755 1727 1839 1781 vel

264 1837 372 1888 quo
399 1819 630 1884 exierit,
660 1834 766 1874 non
799 1821 991 1876 refert.
1025 1819 1382 1873 Inveniuntur
1413 1820 1555 1873 enim
1588 1821 1747 1874 ambo
1788 1820 1840 1873 in

262 1916 467 1971 castris
491 1915 678 1984 positi,
708 1913 1066 1970 sicutindicat
1098 1927 1278 1967 sermo
1299 1911 1534 1976 Domini,
1566 1911 1750 1966 dicens
1773 1912 1840 1967 "z

271 2027 290 2058 ε
315 2006 472 2061 Educ
496 2007 767 2061 hominem
793 2005 882 2074 qui
916 2004 1195 2058 maledixit
1228 2003 1372 2058 foras
1401 2013 1553 2057 extra
1581 2013 1781 2059 castra.
1817 2022 1836 2054 i

262 2099 323 2153 Si
365 2114 503 2168 ergo
537 2099 604 2152 de
631 2097 829 2153 castris
861 2097 1143 2162 educitur,
1183 2096 1492 2150 necessario
1543 2097 1595 2151 in
1648 2098 1843 2153 castris

265 2197 408 2242 erat.
452 2189 592 2254 Quid
622 2201 750 2257 ergo
787 2195 870 2240 est
900 2186 1045 2255 quod
1081 2201 1204 2238 cum
1261 2185 1496 2240 nondum
1541 2187 1744 2241 exisset
1779 2188 1844 2242 de

263 2280 465 2335 castris
488 2320 506 2345 ,
543 2279 674 2334 dicit
719 2278 785 2332 de
814 2292 880 2332 eo
933 2277 1217 2345 Scriptura
1257 2277 1438 2331 divina
1469 2277 1512 2309 ³⁷
1536 2318 1550 2342 ,
1585 2297 1604 2328 ι
1631 2289 1685 2333 et
1712 2279 1845 2333 exiit

264 2373 414 2427 ﬁlius
455 2370 700 2425 mulieris
743 2369 1104 2424 lsraelitidis?
1132 2388 1150 2420 ι
1191 2369 1303 2439 Ego
1332 2379 1462 2438 puto
1495 2371 1619 2439 quia
1647 2373 1842 2426 docere

266 2480 364 2520 nos
393 2464 510 2518 vult
544 2475 721 2517 sermo
753 2460 990 2524 divinus,
1028 2461 1167 2528 quod
1197 2460 1286 2528 qui
1320 2469 1528 2529 peccat,
1559 2460 1846 2529 dupliciter

265 2555 422 2609 exire
448 2555 669 2609 dicitur.
694 2553 878 2606 Primo
905 2551 1046 2605 enim
1077 2551 1188 2604 exit
1219 2569 1244 2602 ει
1282 2553 1562 2621 proposito
1599 2553 1759 2616 bono,
1793 2563 1846 2609 et

269 2657 422 2702 recta
457 2645 730 2700 sententia
759 2686 772 2709 ,
796 2645 911 2699 exit
937 2658 966 2696 a
996 2643 1081 2695 via
1109 2643 1346 2710 iustitiae,
1375 2646 1488 2698 exit
1516 2661 1544 2699 a
1583 2645 1698 2716 lege
1729 2647 1843 2701 Dei.

261 2735 622 2791 Postmodum
647 2748 774 2789 vero
789 2749 914 2789 cum
940 2734 1252 2788 confutatus
1285 2735 1446 2788 fuerit
1476 2751 1575 2804 pro
1601 2745 1842 2804 peccato,

262 2827 380 2880 exit
406 2825 577 2878 etiam
603 2824 669 2877 de
699 2832 842 2877 coetu
878 2831 933 2877 et
963 2823 1379 2894 congregatione
1411 2834 1744 2878 sanctorum.
1779 2824 1847 2878 Ut

265 2923 307 2975 si
342 2920 508 2976 verbi
541 2935 702 2975 causa
733 2921 979 2975 dicamus
1013 2941 1026 2973 :
1074 2920 1326 2974 Peccavit
1360 2921 1554 2988 aliquis
1589 2921 1842 2987 ﬁdelium,

1949 434 2125 480 autem
2152 425 2272 479 fidei
2305 424 2587 479 haereticus
2621 431 2676 476 et
2702 438 2985 492 perversus
3013 433 3116 488 εει,
3147 422 3250 476 ἱειε
3281 431 3506 476 matrem

1943 519 2159 588 quidem
2185 517 2561 580 Israelitidem,
2597 528 2804 586 patrem
2833 532 2958 571 vero
2984 515 3295 586 Egyptium
3323 515 3504 570 habet.

1944 613 2222 680 Quomodo
2270 627 2400 682 ergo
2453 613 2554 665 hoc
2584 608 2817 663 accidit?
2861 607 2995 662 Cum
3043 605 3353 678 Scripturas
3384 609 3506 677 quis

1943 709 2090 778 legit,
2138 717 2192 762 et
2222 708 2454 760 litteram
2489 704 2704 773 quidem
2737 705 3000 773 sequitur,
3049 703 3380 758 intellectum
3411 717 3507 756 au-

1947 812 2052 856 tem
2082 802 2330 870 repudiat
2358 799 2680 869 spiritalem,
2709 801 2793 853 hic
2830 808 3056 852 matrem
3091 799 3305 866 quidem
3332 795 3512 852 Israe-

1945 896 2150 950 liticam
2190 895 2373 956 habet,
2408 893 2461 947 id
2491 903 2592 957 est,
2644 891 2880 944 litteram
2920 905 2936 944 :
2966 905 3186 945 sensum
3218 904 3345 944 vero
3383 891 3511 959 quia

1945 986 2242 1057 Spiritalem
2278 999 2384 1037 non
2419 984 2687 1052 sequitur,
2719 983 2810 1036 sed
2857 981 3147 1043 carnalem,
3188 982 3273 1037 isti
3303 992 3384 1037 est
3415 982 3514 1036 ΑΞ-

1945 1077 2162 1146 gyptfus
2206 1085 2394 1144 pater;
2447 1083 2503 1127 et
2533 1075 2654 1127 ideo
2681 1075 2966 1128 adversum
3002 1071 3423 1128 ecclesiasticum
3458 1084 3513 1128 et

1943 1165 2267 1222 catholicum
2310 1165 2512 1234 litigat,
2565 1165 2616 1218 id
2661 1175 2744 1218 est
2768 1172 2954 1218 contra
2997 1179 3119 1218 eum
3153 1165 3243 1232 qui
3272 1179 3338 1216 ex
3369 1174 3514 1217 utra-

1945 1274 2050 1328 que
2085 1268 2238 1327 parte
2270 1256 2514 1310 Israelita
2552 1265 2656 1318 est,
2707 1258 2797 1324 qui
2838 1265 2893 1309 et
2937 1257 3231 1310 secundum
3282 1255 3511 1310 litteram

1943 1350 2187 1404 Israelita
2240 1358 2343 1411 est,
2398 1359 2451 1401 et
2478 1349 2768 1402 secundum
2799 1347 3070 1414 spiritum,
3121 1350 3244 1418 quia
3279 1349 3393 1417 ipse
3425 1363 3512 1403 se-

1944 1442 2180 1496 cundum
2231 1441 2463 1494 litteram
2520 1441 2733 1509 quidem
2777 1439 3016 1494 Israelita
3066 1450 3168 1504 est,
3216 1443 3511 1495 secundum

1946 1533 2192 1602 spiritum
2224 1548 2353 1586 vero
2400 1530 2709 1601 AEgyptius.
2771 1532 2911 1598 Quid
2961 1549 3092 1602 ergo
3139 1544 3218 1587 est
3269 1535 3515 1602 utrisque

1949 1625 2320 1697 litigantibus?
2354 1623 2673 1678 Necessario
2713 1624 2800 1679 ille
2826 1625 2914 1694 qui
2960 1625 3232 1679 carnalem
3269 1627 3516 1696 sequitur

1945 1733 2184 1782 sensum,
2222 1729 2477 1787 tanquam
2508 1717 2576 1770 de
2601 1715 2856 1786 Egyptio
2885 1730 3055 1787 genus
3081 1718 3285 1771 ducens
3317 1733 3512 1773 nomen

1947 1812 2209 1878 nominat,
2257 1821 2313 1866 et
2349 1812 2642 1866 maledicit.
2681 1811 2936 1866 Nominat
2988 1813 3129 1866 enim
3164 1829 3358 1867 nomen
3395 1814 3511 1878 Dei,

1945 1915 2147 1958 etcum
2185 1904 2466 1958 maledicto
2498 1904 2744 1958 nominat
2780 1923 2792 1957 :
2831 1912 2990 1973 negat
3020 1907 3164 1958 enim
3194 1920 3316 1958 eum
3348 1903 3510 1960 Crea-

1946 2006 2120 2053 torem
2156 2012 2280 2051 esse
2308 1996 2518 2063 mundi,
2554 2008 2713 2065 negat
2744 2011 2866 2051 esse
2897 1996 3111 2051 Patren:
3141 1995 3362 2052 Christi.
3405 1997 3514 2053 Nos

1947 2108 2074 2148 vero
2107 2093 2196 2160 qui
2227 2107 2292 2145 ex
2322 2099 2548 2159 utroque
2581 2105 2776 2160 genere
2806 2091 3058 2146 Israelita:
3097 2108 3305 2159 sumus,
3348 2105 3400 2148 et
3430 2095 3516 2148 lit-

1949 2192 2120 2237 teram
2149 2193 2204 2237 et
2232 2183 2481 2251 spiritum
2515 2181 2566 2235 in
2591 2181 2886 2249 Scripturis
2920 2185 3120 2238 sanctis
3150 2185 3512 2250 defendimus,

1945 2287 1999 2330 et
2034 2276 2310 2346 litigamus
2345 2277 2630 2330 adversum
2666 2289 2784 2340 eos,
2820 2277 2908 2344 qui
2943 2289 3006 2329 ex
3044 2277 3215 2331 media
3248 2288 3400 2347 parte
3434 2278 3513 2332 Is-

1953 2370 2157 2424 raelita:
2185 2371 2460 2432 videntur,
2493 2379 2547 2423 et
2579 2369 2806 2424 dicimus
2845 2369 2969 2437 quia
3008 2384 3180 2438 neque
3217 2371 3514 2425 secundum

1948 2461 2178 2514 litteram
2209 2459 2456 2514 maledici
2492 2469 2729 2526 oportet,
2762 2475 2936 2530 neque
2968 2463 3264 2516 secundum
3296 2463 3516 2533 spirita-

1949 2553 2050 2608 lem
2101 2554 2510 2623 intelligentiam
2572 2553 2962 2623 lilasphemari.
3033 2555 3324 2611 Maledicus
3370 2558 3513 2612 enim

1948 2661 2052 2700 non
2091 2645 2262 2699 solum
2315 2645 2366 2698 in
2401 2645 2587 2708 Deum,
2622 2647 2715 2700 sed
2747 2647 2909 2699 etiam
2960 2646 3010 2700 in
3042 2647 3343 2716 proximum
3380 2667 3515 2719 apo-

1948 2739 2069 2793 stoli
2100 2737 2248 2790 Pauli
2298 2738 2570 2792 sententia
2620 2753 2650 2791 a
2683 2753 2844 2808 regno
2889 2738 2982 2792 Dei
3015 2739 3338 2794 excluditur.
3390 2741 3521 2794 Vide

1949 2832 2094 2885 enim
2131 2830 2403 2898 quomodo
2436 2830 2568 2884 dicit
2619 2830 2907 2900 Apostolus
2933 2831 2975 2862 ³⁹
3006 2847 3019 2883 :
3056 2850 3073 2880 ‹
3101 2829 3271 2886 Nolite
3312 2847 3515 2911 errare,

1950 2938 2120 2992 neque
2152 2922 2453 2992 fornicarii,
2487 2937 2659 2993 neque
2691 2923 2939 2988 adulteri,
2975 2939 3146 2992 neque
3176 2924 3382 2990 molles,
3423 2942 3518 2980 tie-

266 3011 370 3066 iste
395 3011 618 3065 etiamsi
655 3011 894 3065 nondum
924 3011 1213 3080 abjiciatur
1244 3025 1340 3078 per
1365 3013 1600 3080 episcopi
1629 3027 1846 3066 senten-
1874 3023 1914 3077 ο
1949 3030 2055 3084 que
2087 3014 2449 3069 masculorum
2481 3016 2875 3079 concubitores,
2931 3031 3106 3084 neque
3141 3015 3306 3082 fures,
3345 3032 3519 3086 neque

269 3105 423 3168 tiam,
449 3104 561 3173 jam
596 3113 775 3158 tamen
805 3118 898 3172 per
927 3103 1098 3172 ipsum
1132 3111 1409 3171 peccatum
1443 3104 1584 3172 quod
1609 3105 1845 3170 admisit,

267 3195 479 3262 ejectus
509 3203 628 3259 est;
683 3204 737 3247 et
785 3195 1038 3263 quamvis
1073 3195 1238 3248 intret
1292 3195 1613 3262 ecclesiam,
1668 3205 1846 3250 tamen

265 3287 476 3354 ejectus
505 3295 608 3354 est,
628 3295 682 3340 et
703 3285 835 3340 foris
853 3295 938 3340 est
967 3297 1282 3356 segregatus
1301 3287 1616 3341 aconsortio
1637 3298 1688 3341 et
1720 3304 1850 3340 una-

267 3379 818 3434 nimitatelidelium.
863 3381 1006 3434 Exiit
1042 3395 1173 3446 ergo
1207 3379 1350 3436 ﬁlius
1397 3383 1565 3449 patris
1602 3379 1846 3452 Egyptii

270 3485 323 3524 et
355 3474 548 3526 matris
596 3471 933 3528 Israelitidis.
969 3472 1068 3538 Qui
1102 3473 1318 3540 penitus
1338 3483 1495 3526 extra
1536 3473 1693 3526 ﬁdem
1727 3486 1843 3537 est,

275 3575 423 3617 tutus
469 3563 758 3635 Egyptius
799 3573 902 3618 est.
955 3563 1061 3629 Qui
1105 3573 1286 3618 autent
1337 3565 1480 3617 inter
1513 3581 1610 3618 nos
1656 3577 1757 3631 est,
1795 3577 1848 3619 et

270 3663 500 3724 peccat,
551 3671 619 3710 ex
677 3671 783 3708 una
835 3656 1055 3724 quidem
1107 3665 1261 3724 parte
1319 3671 1424 3724 qua
1480 3655 1588 3710 Deo
1631 3658 1847 3732 credit,

272 3746 439 3816 259
461 3745 771 3802 Israelitica:
809 3747 1022 3802 videtur
1051 3749 1279 3817 originis
1312 3768 1324 3802 :
1351 3763 1413 3800 ex
1443 3763 1504 3801 ea
1541 3764 1670 3802 vero
1697 3761 1852 3818 parte

272 3855 384 3907 qua
432 3849 642 3906 peccat,
691 3837 760 3892 de
793 3837 1050 3909 ngyptio
1094 3855 1269 3909 genus
1306 3841 1477 3894 ducit.
1541 3840 1686 3896 Duos
1718 3858 1851 3913 ergo

274 3932 564 4000 Scriptura
619 3933 900 4000 proposuit
955 3931 1253 4001 litigantes,
1304 3949 1468 3986 unum
1518 3947 1583 3987 ex
1639 3935 1851 4004 integro

275 4024 605 4085 Israelitam,
660 4023 750 4090 qui
797 4022 1028 4092 litigavit
1057 4023 1276 4091 quidem
1306 4025 1398 4078 sed
1433 4040 1538 4079 non
1569 4029 1846 4094 peccavit:

279 4118 444 4171 istum
492 4131 618 4170 vero
646 4115 802 4184 cujus
850 4124 1130 4181 peceatqu
1188 4115 1456 4185 designat,
1509 4117 1742 4170 maxima
1783 4132 1850 4171 ex

276 4221 435 4278 parte
492 4211 715 4262 mistum
771 4223 891 4262 esse
943 4207 1201 4278 Egyptio
1252 4208 1436 4276 generi
1492 4208 1718 4274 indicat,
1749 4212 1846 4264 ad-

275 4318 493 4357 versum
559 4316 719 4371 quem
773 4301 949 4372 litigat
995 4301 1258 4366 Israelita,
1312 4310 1368 4355 et
1425 4301 1564 4356 forte
1626 4319 1844 4373 compe-

277 4406 458 4451 tenter
495 4407 550 4447 et
595 4394 988 4448 rationabiliter
1047 4395 1239 4463 litigat.
1295 4393 1430 4448 Nam
1481 4403 1534 4448 et
1588 4395 1640 4447 in
1701 4396 1844 4451 Exo-

278 4491 347 4544 do
393 4490 641 4545 lsraelita
693 4500 748 4546 et
799 4490 1092 4563 [Egyptius
1166 4493 1400 4561 litigant,
1465 4493 1553 4548 ubi
1603 4493 1843 4548 Israelita

278 4594 519 4653 superat,
569 4583 859 4655 ASgyptius
909 4586 1054 4640 cadit
1086 4585 1154 4638 ³⁸.
1217 4585 1384 4655 Igitur
1433 4596 1489 4641 et
1537 4603 1636 4658 ego
1688 4589 1848 4642 hodie

278 4679 324 4731 si
377 4677 664 4731 veritatem
717 4675 1024 4740 defendam,
1080 4676 1126 4729 si
1177 4691 1408 4746 pugnem
1458 4692 1554 4745 pro
1589 4679 1850 4732 ecclesia-

280 4769 413 4824 stica
447 4767 552 4822 ﬁde
581 4766 864 4820 adversum
899 4781 1044 4833 eum,
1079 4768 1166 4835 qui
1209 4782 1275 4821 ex
1303 4778 1458 4836 parte
1484 4769 1703 4837 quidem
1733 4785 1854 4823 cre-

283 4862 360 4914 dit
386 4859 623 4922 Christo,
670 4868 723 4913 et
761 4859 952 4928 recipit
982 4857 1313 4928 Scripturas,
1368 4861 1462 4915 sed
1511 4876 1618 4916 non
1646 4862 1856 4932 integre

283 4966 501 5007 sensum
550 4965 738 5004 earum
770 4965 870 5006 nec
905 4951 1138 5006 ﬁdeliter
1183 4952 1421 5021 recipit:
1463 4951 1614 5020 lit’go
1662 4953 1855 5008 adver-

283 5060 399 5100 sum
426 5059 573 5109 eum,
623 5043 713 5112 qui
759 5058 826 5098 ex
870 5052 1043 5098 matre
1095 5043 1312 5114 quidem
1362 5042 1606 5100 Israelita
1650 5055 1756 5110 est,
1786 5061 1854 5100 ex

285 5152 440 5210 patre
462 5158 594 5197 vero
625 5142 937 5214 Egyptius.
991 5141 1048 5196 Si
1089 5143 1210 5210 quis
1238 5155 1368 5208 ergo
1404 5151 1460 5194 ot
1506 5141 1628 5195 ﬁdei
1661 5142 1856 5195 credu-

285 5235 456 5305 litate,
497 5246 553 5291 et
605 5237 844 5292 nominis
895 5234 1236 5308 professione
1282 5234 1627 5290 Christianus
1677 5244 1760 5294 est
1802 5245 1857 5289 et

1951 3109 2100 3161 avari
2146 3107 2281 3180 (Sil),
2335 3123 2507 3176 neque
2557 3109 2806 3162 maledici
2858 3124 3083 3176 regnum
3139 3109 3230 3164 Dei
3279 3112 3520 3178 posside-

1952 3199 2104 3253 bunt.
2129 3218 2148 3250 ι
2195 3199 2386 3253 Videte
2419 3198 2560 3252 inter
2597 3213 2716 3266 quae
2748 3200 2998 3263 crimina,
3053 3201 3194 3254 inter
3226 3202 3516 3264 adulteros,
3555 3265 3562 3273 ,

1953 3292 2092 3344 inter
2121 3290 2480 3345 masculorum
2520 3289 2921 3357 concubitores,
2950 3291 3094 3346 inter
3123 3308 3340 3358 avaros,
3384 3310 3519 3362 quos

1952 3382 2081 3437 alibi
2112 3383 2241 3437 dicit
2273 3379 2430 3436 idolis
2462 3381 2781 3444 servientes,
2809 3383 2972 3436 etiam
3003 3383 3291 3438 maledicos
3319 3385 3518 3453 posuit,

1951 3486 2005 3530 et
2035 3491 2066 3529 a
2102 3489 2266 3542 regno
2299 3475 2390 3528 Dei
2446 3474 2651 3541 pariter
2687 3489 2809 3526 cum
2843 3474 2948 3528 illis
2995 3476 3247 3530 exclusit.
3289 3477 3521 3532 Videant

1950 3583 2080 3637 ergo
2115 3568 2156 3620 si
2189 3567 2281 3636 qui
2312 3581 2374 3620 os
2419 3582 2574 3620 suum
2609 3549 2925 3637 quotidiana
2961 3584 3094 3637 pene
3132 3572 3522 3626 consuetudine

1955 3662 2054 3716 hoc
2085 3661 2215 3713 vitio
2266 3661 2597 3728 insuescunt,
2635 3662 2761 3730 quid
2814 3661 2893 3715 eis
2940 3661 3163 3730 periculi
3214 3663 3516 3720 immineat.

1952 3751 2210 3806 Pntautes
2239 3753 2381 3805 enim
2413 3752 2530 3806 leve
2551 3761 2605 3806 et
2633 3752 2789 3808 facile
2817 3753 2919 3807 hoc
2943 3769 3065 3808 esse
3097 3767 3373 3822 peccatum
3411 3772 3520 3811 non

1956 3843 2113 3897 facile
2142 3854 2360 3908 cavent,
2391 3844 2482 3898 sed
2508 3844 2857 3898 considerent
2904 3845 3220 3914 Apostolum
3250 3849 3520 3915 quomodo

1955 3935 2276 3988 maledicum
2306 3951 2334 3987 a
2373 3949 2540 4004 regno
2576 3933 2668 3987 Dei
2710 3934 2966 4003 excludit,
3000 3947 3052 3990 et
3079 3936 3218 3991 Deus
3248 3953 3343 4007 per
3373 3938 3522 4009 Moy-

1954 4047 2047 4088 sen
2077 4033 2342 4101 quomodo
2373 4032 2692 4086 maledicum
2729 4031 2905 4099 puniri
2930 4031 3104 4099 jubet.
3167 4033 3316 4089 Unde
3346 4042 3399 4089 et
3420 4050 3521 4105 ego

1955 4125 2111 4179 valde
2133 4123 2432 4177 admiratus
2464 4138 2604 4188 sum,
2641 4124 2783 4192 quod
2817 4124 2867 4176 in
2897 4122 2997 4179 hoc
3025 4123 3140 4178 loco
3166 4139 3322 4194 quem
3353 4125 3519 4180 habe--

1954 4231 2074 4271 mus
2117 4216 2170 4269 in
2217 4215 2490 4279 manibus,
2527 4215 2805 4283 Scriptura
2844 4230 2948 4269 non
2976 4226 3161 4285 aperte
3200 4217 3520 4286 designavit,

1956 4309 2080 4378 quia
2109 4307 2210 4363 iste
2251 4308 2345 4376 qui
2385 4323 2448 4362 ex
2484 4305 2736 4377 Egyptio
2765 4322 2930 4375 genus
2981 4308 3153 4371 ducit,
3183 4310 3522 4363 maledixerit

1951 4402 2140 4466 Deum,
2162 4401 2254 4454 sed
2289 4408 2490 4452 tantum
2517 4399 2692 4468 posuit
2716 4399 2839 4466 quia
2859 4399 3520 4466 nominansmaledixerit,

1955 4507 2006 4550 et
2038 4494 2254 4563 reliquit
2288 4493 2340 4546 in
2369 4493 2546 4546 medio
2579 4492 2659 4547 vel
2691 4492 2758 4546 de
2796 4492 2923 4558 Deo,
2966 4492 3048 4546 vel
3078 4493 3144 4546 de
3180 4495 3393 4548 homine
3426 4509 3519 4548 su-

1955 4588 2299 4659 spicandum.
2369 4585 2522 4641 Unde
2572 4585 2701 4638 mihi
2755 4588 2965 4642 videtur
3033 4587 3237 4641 idcirco
3289 4588 3524 4642 noluisse

1957 4691 2144 4750 aperte
2170 4680 2234 4734 de
2284 4678 2393 4732 Deo
2420 4677 2792 4746 pronuntiare,
2844 4693 2912 4733 ne
2940 4679 3005 4732 de
3037 4679 3349 4734 hominibus
3379 4680 3524 4732 vide-

1962 4779 2112 4824 retur
2140 4771 2352 4824 dedisse
2386 4769 2686 4832 licentiam,
2739 4779 2795 4824 et
2825 4769 2944 4823 ideo
2979 4769 3060 4822 vel
3108 4772 3172 4824 de
3203 4771 3312 4824 Deo
3345 4770 3425 4823 vel
3457 4772 3523 4822 de

1962 4863 2179 4917 homine
2205 4862 2442 4921 siluisse,
2479 4869 2538 4914 ut
2570 4860 2637 4915 de
2663 4870 2894 4930 utroque
2921 4870 3222 4915 caveretur.

2031 4955 2084 5009 5.
2125 4954 2320 5008 Verum
2347 4951 2602 5021 quoniam
2627 4952 2950 5005 sententiam
2979 4952 3218 5020 Apostoli
3250 4954 3522 5022 proposui-

1964 5060 2107 5109 mus,
2143 5047 2234 5115 qui
2265 5045 2398 5099 dicit
2425 5043 2712 5098 maledicos
2744 5057 2774 5096 a
2805 5058 2972 5112 regno
3013 5045 3105 5098 Dei
3140 5044 3522 5110 excludendos,

1962 5141 2168 5212 aliquid
2201 5141 2446 5210 exposcit
2491 5139 2592 5194 iste
2647 5153 2827 5192 sermo
2861 5138 3038 5192 solatii
3074 5154 3140 5191 ne
3183 5139 3402 5192 omnino
3432 5138 3520 5191 de-

1961 5235 2321 5303 Sperationem
2369 5232 2646 5285 videamur
2675 5230 2914 5284 indicere
2961 5231 3047 5294 iis,
3083 5231 3175 5299 qui
3209 5229 3520 5299 quotidiana

287 5331 610 5395 catholicus,
646 5330 750 5384 iste
780 5346 843 5385 ex
881 5341 1110 5399 utraque
1137 5339 1293 5398 parte
1322 5329 1561 5382 Israelita
1599 5337 1701 5384 est.
1742 5329 1842 5392 Qui
1949 5343 2088 5397 pene
2112 5324 2465 5380 maledicendi
2489 5323 2878 5380 consuetudine
2900 5324 3202 5392 rapiuntur,
3230 5333 3284 5376 et
3308 5321 3390 5375 ori
3427 5336 3522 5374 suo

359 5496 403 5528 ³⁸
434 5496 611 5551 Levit.
665 5511 817 5561 xxiv,
850 5495 941 5550 14.
1017 5495 1060 5526 ³⁷
1092 5494 1222 5550 ibid.
1253 5495 1340 5549 10.
1418 5493 1463 5524 ³⁸
1488 5491 1659 5547 Exod.
1687 5508 1780 5545 xx.

1869 5491 1912 5524 ³⁸
1937 5491 1952 5544 I
1974 5491 2100 5546 Cor.
2128 5505 2200 5557 vr,
2230 5489 2285 5556 9,
2315 5489 2402 5546 I0.

365 5640 470 5716 fill
494 5640 552 5696 In
585 5640 772 5696 codice
801 5638 1079 5708 Sangerm.
1105 5638 1275 5703 deest,
1312 5657 1330 5712 ς
1359 5651 1532 5706 neque
1559 5635 1724 5702 fures,
1760 5647 1930 5703 neque
1956 5633 2124 5686 avari.
2148 5651 2168 5690 ρ

607 5734 879 5794 Ρηιιοι.
925 5732 1043 5794 (iu.
1091 5732 1231 5792 XII.

3146 5723 3219 5779 18
