4024 6146
482 188 588 244 555

1939 180 2094 237 ORIG
2106 180 2258 235 ENIS

3612 192 3719 250 553

481 305 738 362 adhibere
789 303 1090 360 custodiam
1123 301 1202 357 vel
1233 302 1429 356 ostium
1478 303 1774 373 negligant.
1815 299 2054 354 Promis-
2084 302 2128 358 Α
2157 297 2345 352 xisset.
2389 296 2532 352 Exiit
2557 298 2701 353 enim
2729 314 2757 352 a
2792 301 3046 368 veritate,
3083 301 3217 356 exiit
3254 318 3284 357 a
3319 303 3514 359 timore
3543 305 3657 373 Dei,
3687 323 3718 362 a

481 398 653 452 sionis
697 396 888 450 futurae
923 408 1025 446 non
1064 407 1206 446 unus
1235 400 1318 446 est
1369 391 1582 455 modus,
1617 405 1792 460 neque
1822 390 2052 458 simplex

480 488 689 559 Species
724 504 739 552 ;
770 485 863 540 sed
897 483 1039 537 sicut
1071 481 1254 536 docuit
1301 481 1413 550 ipse
1439 481 1698 536 Dominus
1724 483 1776 535 in
1807 480 2052 549 Evange-

478 581 553 635 lio
576 579 642 644 “,
691 593 813 631 cum
864 577 1050 630 beatos
1097 574 1228 629 dicit
1260 590 1527 645 pauperes
1553 575 1770 644 spiritu,
1815 584 1870 630 et
1909 574 2054 644 ipso-

479 685 599 724 rum
632 667 765 722 dicit
799 681 921 721 csse
973 680 1195 736 regnum
1245 665 1530 720 caelorum.
1588 665 1652 720 Et
1699 666 1826 720 item
1863 667 2053 721 beatos

476 759 609 814 dicit
661 761 843 827 mites,
904 774 1003 815 nec
1054 768 1236 814 tamen
1289 761 1368 815 eis
1422 760 1680 814 caelorum
1724 775 1910 830 regna,
1956 761 2051 816 sed

479 860 637 906 terra:
670 852 1041 907 haereditatem
1090 851 1380 921 promittit.
1439 853 1574 906 Dicit
1610 853 1796 908 beatos
1824 865 1879 908 et
1908 854 2054 923 paci-

478 943 629 1008 ﬁcos,
660 943 754 997 sed
786 957 852 997 ne
886 941 1017 1011 ipsis
1042 941 1260 1011 quidem
1309 941 1570 995 cmlornm
1625 959 1848 1011 regnum
1883 944 2049 1006 dedit,

476 1035 618 1089 ﬁlios
645 1043 825 1090 tamen
855 1049 947 1088 eos
979 1033 1070 1088 Dei
1101 1048 1221 1088 esse
1256 1034 1589 1104 pronuntiat.
1626 1033 1692 1087 Et
1723 1050 1841 1087 cum
1874 1035 2054 1088 diver-

473 1127 550 1181 sis
581 1126 794 1180 diversa
829 1127 1193 1196 repromittat,
1250 1142 1437 1182 omnes
1485 1131 1673 1181 beatos
1703 1128 1831 1181 dicit
1862 1129 1950 1197 qui
1983 1129 2048 1183 ad

476 1217 741 1287 promissa
791 1219 1163 1288 pervenerint,
1219 1233 1324 1272 non
1382 1225 1559 1271 tamen
1595 1219 1848 1273 omnibus
1882 1219 2047 1274 CIBIO-

477 1323 595 1362 rum
629 1323 795 1377 regna
840 1307 1093 1377 promisit
1125 1307 1258 1380 (22).
1303 1307 1492 1362 Potest
1527 1323 1659 1379 ergo
1693 1309 1833 1375 Iieri,
1865 1319 1921 1364 ut
1946 1311 2047 1364 ali-

472 1399 596 1467 quis
626 1398 678 1452 in
706 1398 924 1453 caeteris
955 1398 1091 1452 forte
1119 1399 1374 1470 Operibus
1404 1408 1459 1454 et
1490 1401 1702 1455 actibus
1728 1403 2048 1458 emendatus

470 1493 542 1546 sit
576 1503 631 1548 et
652 1493 945 1562 perl‘ectus,
963 1493 1309 1563 subripiatur
1334 1494 1382 1548 ei
1415 1503 1592 1548 tamen
1616 1496 1908 1566 aliquando
1936 1498 2048 1553 oris

470 1585 624 1653 vitio,
680 1585 940 1654 lapsuque
973 1585 1241 1640 sermonis
1278 1604 1291 1640 :
1333 1587 1459 1641 huic
1501 1588 1716 1642 etiamsi
1745 1591 2040 1644 secundum

2157 389 2283 455 Iide,
2321 407 2348 443 a
2387 391 2679 457 cbaritate,
2720 391 2864 447 sicut
2887 393 3135 464 superius
3164 395 3417 460 diximus,
3454 403 3721 466 quomodo

2153 498 2252 552 per
2283 484 2398 538 haec
2431 483 2552 552 quis
2574 493 2731 538 exeat
2762 487 2827 538 de
2850 485 3042 539 castris
3076 483 3350 552 Ecclesiae,
3380 488 3592 544 etiamsi
3628 505 3726 560 per

2152 575 2389 645 episcopi
2428 589 2618 629 vocem
2649 575 2870 630 minime
2895 576 3201 646 abiiciatur.
3241 577 3395 633 Sicut
3416 584 3724 639 econtrario

2154 668 2420 724 interdum
2452 667 2531 734 Iit,
2559 677 2618 720 ut
2648 666 2843 736 aliquis
2873 682 2978 721 non
3013 681 3158 725 recto
3183 671 3388 739 judicio
3411 687 3596 727 eorum
3631 673 3723 743 qui

2152 771 2394 831 praesunt
2446 759 2703 815 Ecclesiae
2757 759 3083 827 depellatur,
3131 773 3186 816 et
3239 762 3384 819 foras
3448 766 3716 822 mittatur.

2155 855 2260 908 Sed
2310 855 2425 923 ipse
2471 866 2577 905 non
2619 860 2744 905 ante
2794 852 2946 916 exiit,
2987 853 3094 908 hoc
3127 863 3232 919 est,
3289 857 3331 910 si
3364 870 3470 910 non
3501 856 3575 911 ita
3617 858 3724 929 egit

2153 956 2212 998 ut
2248 953 2544 1000 mereretur
2574 943 2747 1005 exire,
2797 942 2932 997 nihil
2979 943 3193 998 laeditur
3238 945 3292 1000 in
3326 961 3410 1010 eo,
3443 949 3584 1015 quod
3616 964 3721 1002 non

2156 1044 2303 1089 recto
2328 1033 2534 1101 judicio
2568 1032 2636 1086 ab
2657 1031 2975 1090 hominibus
3009 1035 3223 1090 videtur
3249 1037 3520 1106 expulsus.
3554 1038 3622 1092 Et
3651 1040 3724 1093 ita

2111 1151 2117 1155 ι
2156 1125 2214 1178 Iit
2261 1133 2316 1177 ut
2348 1123 2618 1178 interdum
2667 1121 2758 1174 ille
2796 1123 2886 1191 qui
2942 1123 3087 1178 foras
3121 1127 3373 1190 mittitur,
3422 1130 3567 1182 intus
3607 1131 3721 1184 sit:

2150 1229 2205 1272 et
2235 1217 2322 1271 ille
2347 1215 2593 1285 foris,qui
2619 1219 2765 1270 intus
2789 1215 3013 1271 retineri
3041 1217 3273 1271 videtur.
3310 1217 3401 1273 Vis
3427 1219 3519 1273 tibi
3545 1229 3722 1275 osten-

2151 1311 2273 1365 dam
2318 1319 2372 1363 et
2407 1308 2596 1376 alium,
2637 1310 2731 1379 qui
2777 1324 2806 1362 a
2844 1308 2990 1363 nullo
3013 1307 3216 1376 ejectus
3258 1310 3460 1365 exiisse
3487 1311 3725 1367 dicitur?

2152 1398 2422 1467 Scriptum
2454 1410 2537 1454 est
2572 1401 2638 1454 de
2666 1399 2799 1454 Cain
2824 1399 2891 1464 “,
2933 1402 3056 1468 quia
3109 1418 3128 1450 ι
3153 1400 3286 1454 exiit
3319 1417 3349 1454 a
3381 1401 3520 1456 I‘acie
3551 1402 3666 1458 Dei.
3691 1421 3714 1455 ι

2149 1490 2264 1557 Quo
2300 1490 2432 1546 exiit
2475 1507 2504 1545 a
2555 1489 2692 1545 facie
2720 1491 2856 1545 Dei?
2907 1489 3007 1545 Ubi
3059 1493 3205 1546 enim
3243 1508 3348 1546 non
3401 1503 3520 1548 erat
3547 1495 3719 1551 facies

2151 1582 2288 1637 Dei?
2321 1583 2427 1637 Sed
2457 1582 2655 1636 exiisse
2686 1582 2904 1647 dicitur,
2951 1597 3049 1651 pro
3083 1597 3147 1636 eo
3174 1585 3317 1653 quod
3353 1583 3526 1652 legem
3561 1595 3721 1639 natu-

467 1674 711 1744 Apostoli
759 1675 1086 1729 sententiam
1124 1685 1392 1743 negantur
1421 1691 1584 1746 regna
1621 1676 1902 1742 malorum,
1936 1694 2040 1731 non
2076 1665 2118 1722 Β
2149 1689 2222 1729 rae
2269 1689 2516 1745 egressus
2565 1685 2672 1739 est,
2721 1683 2774 1728 et
2814 1675 3059 1746 ignaram
3091 1676 3230 1729 tanti
3265 1676 3486 1732 sceleris
3515 1688 3716 1732 terram

472 1779 649 1822 tamen
677 1766 903 1822 alterius
951 1767 1302 1822 beatitudinis
1339 1767 1676 1823 abscinditur
1727 1768 1896 1824 locus.
1941 1769 2043 1824 Ve-

469 1869 772 1915 rumtamen
823 1874 888 1916 eo
933 1860 1108 1931 magis
1156 1861 1200 1914 si
1252 1860 1374 1929 quis
1423 1860 1475 1913 in
1513 1861 1724 1915 caeteris
1771 1861 2042 1929 perfectus

465 1962 574 2019 est,
604 1953 889 2008 elaborare
923 1954 1084 2008 etiam
1121 1954 1171 2006 in
1202 1953 1306 2007 hoc
1355 1951 1533 2019 debet,
1567 1968 1634 2007 ne
1665 1953 1714 2008 ei
1743 1955 2041 2024 subrepens

467 2059 647 2111 pravae
676 2043 1085 2098 consuetudinis
1134 2044 1326 2098 vitium
1365 2043 1627 2098 caelorum
1676 2059 1867 2114 regna,
1899 2047 2040 2116 quod

467 2144 549 2188 est
598 2133 836 2188 omnium
870 2131 1263 2187 beatitudinum
1313 2134 1553 2198 culmen,
1597 2134 1814 2203 eripiat,
1851 2151 2040 2204 quam-

466 2225 548 2280 vis
584 2225 838 2282 Dominus
867 2226 1065 2281 dixerit
1087 2226 1130 2256 “
1171 2246 1184 2282 :
1224 2245 1243 2278 ε
1273 2227 1328 2280 In
1359 2225 1518 2281 domo
1546 2224 1725 2282 Patris
1748 2229 1854 2283 mei
1886 2245 2039 2282 man-

463 2319 644 2374 siones
673 2318 853 2372 multaa
878 2328 1024 2372 sunt.
1057 2337 1076 2370 ι
1117 2317 1410 2373 Possumus
1441 2317 1617 2372 adhuc
1650 2319 1848 2373 addere
1871 2321 2034 2375 etiam

465 2409 619 2478 illud,
670 2409 812 2478 quod
845 2419 1033 2464 natura
1060 2411 1266 2479 peccati
1302 2409 1495 2465 similis
1524 2421 1608 2466 est
1646 2413 1885 2466 materiae
1916 2429 2036 2482 quae

466 2503 570 2572 igni
599 2501 960 2567 consumitur,
991 2516 1151 2569 quam
1179 2502 1438 2557 aedificari
1477 2500 1670 2558 Paulus
1699 2505 1972 2573 apostolus
2003 2522 2032 2559 a

459 2595 836 2662 peccatoribus
867 2594 1019 2660 dicit,
1073 2595 1162 2665 qui
1191 2610 1350 2663 supra
1399 2594 1804 2652 fundamentum
1833 2589 2033 2654 Christi

458 2687 732 2740 {diﬁcant
764 2687 930 2754 ligna,
967 2685 1174 2752 fenum,
1228 2686 1478 2754 stipulam
1505 2687 1572 2741 δ’.
1629 2688 1685 2742 In
1720 2705 1830 2760 quo
1862 2691 2033 2745 mani-

459 2780 600 2836 I'este
638 2781 938 2836 ostenditur
988 2794 1110 2834 esse
1158 2780 1400 2848 quaedam
1430 2790 1651 2850 peccata
1681 2783 1752 2835 ita
1785 2781 1944 2848 levia,
1975 2793 2033 2838 ut

456 2872 669 2943 stipula:
691 2879 1088 2940 comparentur,
1125 2873 1210 2925 cui
1243 2873 1427 2940 utique
1455 2874 1592 2942 ignis
1614 2873 1793 2928 illatus
1813 2876 1900 2929 diu
1925 2891 2028 2930 non

457 2975 634 3034 potest
663 2964 962 3018 immorari.
1005 2963 1118 3017 Alia
1147 2978 1278 3018 vero
1321 2963 1447 3018 feno
1483 2981 1605 3020 esse
1637 2966 1858 3032 similia,
1906 2983 2030 3038 qua:
2055 3005 2098 3063 ο

456 3058 571 3125 ipsa
601 3071 707 3111 non
737 3054 1025 3110 diﬂiculter
1053 3054 1195 3125 ignis
1229 3057 1504 3121 absumat,
1536 3071 1722 3111 verum
1751 3059 2028 3128 aliquanto

459 3151 668 3205 tardius
694 3165 856 3220 quam
887 3150 939 3202 in
964 3149 1174 3218 stipulis
1203 3150 1541 3206 immoretur.
1579 3153 1699 3208 Alia
1727 3169 1858 3208 vero
1880 3169 2026 3222 esse,

454 3257 573 3311 qum
607 3240 766 3310 lignis
795 3239 1165 3308 conferantur,
1197 3242 1249 3295 in
1280 3243 1474 3313 quibus
1497 3258 1595 3311 pro
1622 3245 1887 3314 qualitate
1916 3247 2026 3301 cri-

455 3331 659 3384 minum
687 3330 955 3384 diutinum
987 3339 1039 3384 et
1071 3332 1276 3400 grande
1302 3333 1558 3402 pabulum
1590 3337 1729 3405 ignis
1761 3337 2024 3393 inveniat.

454 3423 530 3477 Ita
597 3438 728 3492 ergo
772 3423 1194 3492 unumquodque
1257 3433 1540 3493 peccatum
1593 3441 1692 3495 pro
1739 3428 2022 3497 qualitate,

452 3517 615 3589 260
646 3519 730 3573 vel
763 3516 1071 3587 quantitate
1116 3519 1220 3585 sui,
1253 3535 1536 3589 poenarum
1563 3521 1710 3591 justa
1745 3522 2024 3592 persolvit.

458 3611 836 3667 Verumtamen
864 3612 993 3681 quid
1027 3627 1163 3682 opus
1193 3622 1278 3667 est
1309 3613 1575 3681 fidelibus,
1611 3624 1666 3671 et
1701 3615 1785 3671 bis
1811 3617 1900 3685 qui
1927 3632 2024 3672 co-

453 3712 754 3772 gnoverunt
799 3702 991 3768 Deum,
1043 3704 1111 3758 de
1144 3719 1430 3773 poenarum
1479 3706 1830 3775 qualitatibus
1877 3710 2024 3777 cogi-

455 3796 614 3850 tare?
671 3796 812 3862 Quid
850 3812 986 3866 opus
1013 3807 1096 3854 est
1145 3799 1316 3868 ligna,
1343 3799 1472 3866 quid
1522 3799 1729 3866 fenum,
1777 3803 1905 3870 quid
1938 3803 2022 3858 vel

454 3892 625 3959 ipsam
677 3889 929 3958 stipulam
980 3890 1337 3946 fundamento
1367 3892 1571 3947 Christi
1622 3897 2020 3964 superponere?

451 3983 560 4037 Cur
589 3997 696 4037 non
725 3983 897 4049 magis
927 3997 1142 4046 aurum,
1173 3984 1256 4037 vel
1286 3993 1592 4053 argentum,
1637 3984 1724 4038 vel
1754 3987 2020 4054 pretiosos

450 4074 680 4146 lapides,
725 4075 963 4144 pretioso
1009 4074 1422 4142 superponimus
1492 4075 1861 4141 fundamento,
1924 4076 2014 4130 ubi

451 4184 573 4222 cum
608 4167 750 4236 ignis
777 4165 1092 4229 accesserit,
1124 4165 1254 4218 nihil
1287 4165 1527 4220 inveniat
1557 4167 1700 4234 quod
1731 4167 2020 4220 absumat?

451 4263 582 4316 Nam
616 4261 659 4315 si
692 4259 984 4314 accesserit
1033 4259 1099 4311 ad
1149 4259 1421 4327 stipulam,
1471 4274 1538 4312 ex
1564 4259 1756 4326 stipula
1805 4260 2017 4315 favillas

2146 1767 2389 1822 fraterno
2440 1770 2706 1839 sanguine
2761 1771 2970 1839 prinms
3004 1768 3212 1825 infecit.
3275 1769 3414 1824 Sunt
3452 1780 3633 1826 tamen
3663 1781 3720 1826 et

2145 1859 2235 1927 qui
2264 1859 2404 1913 bene
2428 1869 2648 1926 exeunt,
2681 1870 2735 1915 et
2780 1861 2921 1914 beati
2955 1871 3083 1915 sunt
3117 1861 3209 1931 qui
3256 1871 3479 1915 exeunt.
3519 1862 3719 1918 Osten-

2143 1948 2267 2001 dam
2320 1948 2480 2002 etiani
2520 1949 2621 2002 hoc
2673 1951 2737 2003 de
2771 1949 3084 2020 Scripturis.
3126 1950 3180 2004 In
3214 1950 3399 2005 Exodo
3451 1953 3715 2024 scriptum

2142 2045 2224 2092 est
2246 2035 2293 2068 ⁸⁵
2331 2053 2345 2090 :
2384 2055 2404 2089 ‹
2429 2037 2646 2100 Omnes,
2675 2038 2871 2105 inquit,
2913 2041 3000 2107 qui
3036 2042 3350 2110 quaerebant
3382 2058 3576 2097 nomen
3605 2043 3714 2098 Do-

2143 2129 2294 2193 mini,
2331 2129 2580 2183 exierunt
2607 2128 2752 2184 foras
2803 2131 2868 2184 ad
2899 2131 3113 2202 Moysen
3140 2140 3291 2186 extra
3323 2143 3521 2188 castra.
3553 2153 3572 2185 ι
3616 2134 3716 2189 Isti

2139 2219 2279 2274 bene
2307 2221 2556 2275 exierunt
2596 2231 2747 2274 extra
2781 2230 2984 2286 castra,
3022 2222 3110 2291 qui
3162 2224 3534 2291 sequebantur
3560 2224 3711 2296 Moy—

2140 2327 2258 2378 sen,
2292 2313 2344 2368 id
2372 2326 2476 2379 est,
2506 2313 2677 2383 legem
2700 2316 2816 2371 Dei.
2859 2315 2926 2369 Et
2956 2316 3022 2370 de
3047 2315 3168 2371 aliis
3197 2317 3396 2371 dicitur
3418 2317 3463 2348 ⁸⁸
3489 2335 3503 2372 ;
3541 2336 3560 2370 ι
3583 2318 3712 2372 Exi-

2143 2416 2218 2472 te,
2250 2407 2481 2476 populus
2511 2423 2684 2472 meus,
2714 2409 2781 2462 de
2811 2410 2985 2462 medio
3025 2425 3234 2474 eorum,
3284 2419 3336 2464 et
3369 2411 3707 2466 immundum

2137 2499 2305 2552 nolite
2335 2500 2670 2568 contingere.
2702 2519 2720 2551 ι
2753 2500 2896 2556 Exiit
2922 2515 3073 2572 ergo,
3114 2501 3306 2570 inquit,
3345 2502 3483 2558 [ilius
3515 2504 3708 2558 mulie-

2137 2599 2212 2652 ris
2245 2596 2583 2662 Israelitidis,
2615 2605 2667 2650 et
2699 2598 2785 2650 hie
2812 2606 2932 2650 erat
2982 2597 3123 2650 Iilius
3155 2595 3416 2667 Egyptii,
3463 2599 3606 2654 inter
3641 2600 3708 2654 li-

2135 2691 2237 2745 lios
2266 2690 2453 2754 Israel,
2485 2698 2540 2744 et
2591 2689 2941 2758 litigaverunt
2975 2689 3026 2742 in
3078 2689 3291 2756 castris,
3344 2690 3432 2744 ille
3465 2692 3556 2760 qui
3585 2701 3708 2746 erat

2135 2782 2248 2854 (‘25)
2283 2797 2348 2835 ex
2380 2781 2679 2835 Israelitide
2729 2780 2953 2834 muliere
2987 2789 3040 2834 et
3075 2780 3237 2834 homo
3269 2781 3531 2836 Israelita.
3573 2783 3704 2838 Vide

2131 2885 2331 2946 quanta
2386 2874 2594 2928 cautela
2626 2873 2922 2943 Scriptum
2974 2874 3191 2941 divinat,
3241 2875 3283 2930 si
3313 2884 3490 2930 tamen
3521 2878 3704 2932 inten-

2133 2971 2250 3032 das,
2279 2969 2324 3023 si
2347 2968 2632 3034 diligenter
2659 2967 2916 3034 inspicias
2945 2984 2957 3020 :
2992 2967 3137 3021 illum
3175 2969 3268 3038 qui
3304 2970 3368 3022 de
3396 2969 3700 3026 Israelitide

2132 3072 2307 3117 matre
2357 3070 2412 3115 et
2456 3061 2523 3116 de
2582 3059 2837 3132 Egyptio
2881 3069 3032 3129 patre
3083 3070 3241 3115 natus
3271 3072 3376 3125 est,
3421 3079 3526 3116 non
3564 3063 3700 3118 dixit

2133 3154 2409 3208 hominem
2445 3170 2460 3217 ;
2497 3152 2644 3206 illum
2680 3166 2808 3205 vero
2842 3152 2933 3219 qui
2961 3167 3024 3205 ex
3058 3161 3285 3220 utroque
3307 3167 3502 3222 genere
3526 3151 3701 3206 Israe-

2128 3245 2225 3299 Iita
2255 3256 2372 3297 erat
2407 3243 2680 3297 hominem
2718 3243 3036 3296 nominavit.
3079 3241 3334 3295 Putamus
3363 3245 3478 3298 haec
3509 3244 3700 3299 fortui-

2127 3346 2181 3391 tit
2219 3336 2456 3405 scripta?
2496 3335 2752 3389 Putamus
2783 3349 2909 3387 casu
2946 3334 3240 3404 adjectum,
3275 3344 3330 3388 ut
3362 3335 3449 3388 ille
3478 3352 3584 3389 non
3613 3337 3724 3390 di-'

2127 3438 2342 3484 ceretur
2373 3428 2556 3491 homo,
2605 3434 2660 3480 et
2690 3426 2778 3480 hic
2812 3426 3121 3480 diceretur?
3157 3425 3271 3480 Non
3302 3437 3425 3480 sunt
3453 3427 3552 3480 ista
3583 3426 3665 3481 I'or

2127 3521 2282 3584 tuita,
2341 3520 2480 3574 ratio
2532 3529 2638 3574 est.
2680 3516 2823 3572 Nihil
2849 3518 2992 3572 enim
3044 3518 3095 3571 in
3136 3519 3317 3572 verbis
3347 3518 3440 3572 Dei
3491 3520 3694 3589 absque

2125 3612 2393 3686 profunda
2422 3612 2632 3666 ratione
2659 3609 3025 3678 conscriptum
3069 3619 3173 3664 est.
3217 3611 3308 3664 Ille
3337 3627 3569 3680 namque
3601 3613 3690 3682 qui

2124 3723 2192 3762 ex
2227 3714 2381 3777 parte
2418 3703 2727 3775 Egyptius,
2780 3718 2843 3757 ex
2890 3711 3044 3773 parte
3091 3701 3337 3756 Israelita
3366 3713 3506 3769 erat,
3556 3719 3694 3758 non-

2124 3800 2251 3852 dum
2287 3797 2597 3852 merebatur
2622 3795 2808 3865 Lhomo
2861 3793 3154 3848 nominari.
3196 3790 3300 3846 iste
3331 3807 3460 3846 vero
3491 3795 3585 3864 qui
3622 3808 3690 3848 ex

2124 3891 2335 3962 integro
2361 3887 2608 3942 Israelita
2635 3895 2773 3949 erat,
2800 3883 2903 3938 hoc
2931 3895 3034 3950 est,
3081 3883 3172 3954 qui
3205 3893 3384 3938 mente
3413 3884 3576 3938 Deum
3609 3884 3690 3938 vi-

2122 3985 2302 4049 debat,
2357 3983 2462 4038 iste
2510 3983 2672 4037 homo
2721 3980 3044 4048 appellatur,
3093 3979 3180 4032 ille
3225 3980 3386 4033 homo
3437 3977 3686 4044 interier,

2122 4078 2212 4146 qui
2249 4080 2316 4131 ad
2361 4074 2648 4145 imaginem
2700 4072 2796 4128 Dei
2843 4071 3018 4126 factus
3050 4080 3154 4136 est,
3203 4080 3258 4125 et
3286 4081 3462 4140 potest
3503 4073 3686 4127 videre

2123 4169 2314 4222 Deum.

2189 4260 2245 4315 4.
2283 4258 2408 4313 Post
2444 4261 2558 4313 haec
2583 4257 2693 4326 jam
2725 4272 2842 4327 qua:
2869 4255 2922 4310 in
2955 4252 3344 4324 posterioribus
3376 4251 3687 4308 referuntur

449 4351 636 4405 reddet
655 4357 708 4402 et
737 4347 968 4401 cineres.
1012 4345 1066 4399 Si
1098 4359 1225 4397 vero
1256 4347 1548 4399 accesserit
1579 4348 1644 4399 ad
1673 4361 1886 4414 aurum,
1915 4361 2013 4399 auo
2044 4364 2088 4419 ο
2122 4369 2226 4408 non
2261 4354 2463 4422 absque
2497 4352 2728 4420 quadam
2761 4348 3060 4418 quaestione
3108 4355 3256 4410 sunt,
3291 4345 3356 4400 de
3399 4361 3504 4414 qua
3532 4345 3686 4397 multi

450 4458 569 4496 rum
620 4441 806 4510 purius
853 4437 1058 4492 reddet.
1101 4435 1227 4490 Haec
1275 4437 1430 4490 nobis
1477 4439 1617 4490 dicta
1647 4438 1757 4492 sint
1785 4453 1879 4508 pro
1908 4438 2012 4503 his,

448 4535 540 4603 qui
567 4532 842 4602 negligunt
860 4531 971 4585 oris
999 4529 1242 4583 maledici
1269 4531 1710 4585 consuetudinem
1731 4544 2013 4586 resecare:

447 4626 536 4694 qui
567 4623 782 4678 etiamsi
813 4637 919 4676 non
971 4637 1037 4674 ex
1069 4621 1232 4675 corde
1270 4621 1614 4685 maledicam,
1661 4621 1876 4678 etiamsi
1905 4638 2011 4677 non

449 4724 576 4771 voto
605 4724 661 4770 et
712 4714 894 4768 animo
943 4713 1127 4781 iniquo
1179 4711 1456 4782 proferant
1498 4713 1802 4778 maledicta,
1835 4724 2010 4769 tamen

448 4807 842 4864 immunditiam
877 4804 1139 4860 labiorum
1186 4807 1479 4862 secundum
1507 4806 1658 4860 Isaiae
1692 4809 1914 4864 verbum
1939 4809 2007 4876 “,

447 4909 501 4954 et
529 4899 937 4966 inquinamenta
968 4898 1078 4951 oris
1129 4899 1434 4951 incurrunt.
1474 4895 1580 4951 Iste
1616 4907 1792 4951 tamen
1821 4901 1911 4969 qui
1947 4900 2013 4954 Ii-

448 5003 534 5051 eet
564 5003 735 5048 matre
770 4993 1092 5056 Israelitide,
1140 4991 1392 5062 IEgyptio
1431 5001 1608 5046 tamen
1639 5003 1792 5060 patre
1820 5008 2012 5063 proge-

448 5088 594 5140 nitus
627 5093 732 5148 est,
764 5084 896 5138 exiit
943 5092 997 5136 et
1029 5085 1312 5137 nominans
1361 5097 1557 5136 nomen
1596 5082 1892 5136 maledixit.
1934 5083 2010 5139 De

449 5167 555 5244 quo
585 5189 684 5245 ego
729 5184 858 5243 puto
904 5172 1045 5242 quod
1099 5173 1204 5226 nisi
1233 5171 1474 5233 exiisset,
1502 5187 1598 5226 nec
1627 5171 1892 5243 litigasset
1916 5175 2013 5227 ad-

448 5280 667 5321 versum
703 5278 892 5318 verum
942 5263 1260 5329 Israelitam,
1317 5280 1418 5318 nec
1454 5264 1735 5319 nominans
1785 5265 2012 5319 maledi-

517 5429 564 5462 “
587 5428 772 5482 Matth.
795 5443 848 5492 v,
871 5427 922 5481 3.
1033 5428 1074 5459 ’δι
1099 5428 1255 5483 Joan.
1280 5445 1390 5494 xiv,
1415 5430 1470 5484 2.

445 5498 493 5532 ⁸⁵
513 5497 618 5554 Isa.
645 5514 740 5566 LII,
762 5499 848 5551 II.
918 5498 964 5530 ⁸⁷
989 5498 1164 5554 Levit.
1188 5514 1338 5566 xxiv,
1365 5500 1452 5554 15.

519 5613 631 5758 (22,;
655 5615 834 5671 Codex
863 5617 1168 5686 Sangerm.,
1205 5636 1224 5669 ι
1248 5617 1531 5696 concessit.
1568 5635 1588 5670 ι

521 5686 611 5758 (25
689 5685 844 5743 Erat.
946 5687 1106 5745 Deest
1138 5688 1191 5744 in
1218 5688 1347 5745 libb.
1375 5698 1532 5744 antea
1556 5705 1585 5744 e

521 5685 631 5759 (25)
689 5685 844 5770 Erat.

1583 5430 1629 5463 ’⁸³
1655 5429 1822 5487 ICor.
1847 5447 1930 5499 ut,
1961 5431 2049 5485 I2.

2121 4455 2445 4517 quaerentes,
2495 4460 2598 4498 non
2649 4443 2816 4497 multa
2849 4440 3120 4509 explicare
3153 4447 3465 4508 patuerunt.
3505 4435 3608 4490 Sed
3640 4437 3684 4490 si

2118 4537 2314 4592 vestris
2347 4551 2433 4590 me
2471 4533 2813 4590 orationibus
2841 4530 3121 4601 juveritis,
3164 4527 3494 4582 tentabimus
3520 4527 3683 4580 etiam

2117 4644 2218 4684 nos
2265 4629 2318 4681 in
2375 4625 2608 4681 medium
2660 4623 2924 4692 proferre,
2978 4637 3099 4691 quae
3147 4619 3404 4674 Dominus
3452 4618 3680 4672 dederit.

2121 4715 2359 4782 «Homo,
2407 4713 2669 4783 inquit",
2718 4714 2761 4767 si
2793 4709 3350 4774 maledixeritDeum,
3399 4711 3680 4778 peccatum

2117 4808 2366 4876 accipiet.
2409 4807 2510 4873 Qui
2553 4814 2732 4859 autem
2757 4805 3210 4858 nominatnomen
3248 4802 3480 4866 Domini,
3512 4814 3686 4858 morte

2115 4899 2397 4951 moriatur.
2428 4915 2448 4950 ι
2514 4895 2651 4962 Quid
2685 4903 2766 4946 est
2803 4893 2937 4947 hoc?
2992 4892 3092 4957 Qui
3140 4891 3480 4945 maledixerit
3515 4893 3682 4947 Deum

2114 5005 2221 5044 non
2253 4988 2417 5042 habet
2446 5002 2657 5056 poenam
2687 4985 2898 5045 mortis,
2933 4983 3024 5036 sed
3056 4984 3143 5050 qui
3189 4983 3549 5036 nominaverit
3584 4998 3686 5035 no-

2114 5096 2236 5135 men
2270 5079 2524 5134 Domini?
2575 5076 2765 5132 Nonne
2792 5075 2958 5129 multo
2988 5077 3205 5142 gravius
3244 5082 3328 5126 est
3356 5073 3683 5127 maledicere

2115 5174 2302 5237 Deum,
2335 5187 2494 5240 quam
2545 5172 2844 5230 nominare,
2881 5166 3128 5234 quamvis
3170 5165 3223 5218 in
3275 5179 3472 5217 vanum
3508 5163 3684 5217 nomi-

2112 5279 2272 5320 nasse
2301 5261 2552 5318 dicatur?
2595 5261 2662 5315 Et
2710 5260 2978 5330 quomodo
3021 5257 3111 5328 qui
3162 5256 3451 5322 maledicit,
3487 5269 3684 5325 pecca-

2161 5427 2208 5459 ”
2231 5425 2336 5481 Isa.
2359 5438 2436 5489 vr,
2461 5420 2511 5474 5.
2626 5421 2673 5452 “
2691 5419 2827 5476 Gen.
2855 5435 2927 5488 IV,
2954 5417 3041 5472 I6.
3128 5415 3173 5448 “
3199 5415 3367 5472 Exod.
3397 5432 3568 5471 xxxiii
3618 5416 3674 5473 'l.

946 5673 1106 5745 DVeeSt
1138 5673 1191 5744 in
1218 5688 1347 5764 libb.
1375 5685 1532 5744 ante'a
1556 5687 1736 5757 editis,
1768 5687 1863 5744 sed
1887 5683 2163 5756 sappletur
2190 5696 2221 5736 e
2257 5673 2663 5746 manuscriptls.
