4024 6146
300 293 411 353 5237

1444 298 1511 354 IN
1551 297 1925 357 LEVlTiCUM
1964 300 2249 360 IIOMILIA
2285 305 2401 361 XV.

3457 304 3567 371 555'

300 429 418 471 tum
473 416 700 488 suscipit
749 427 989 486 tantum;
1029 421 1118 489 qui
1172 430 1348 476 autem
1399 423 1664 490 nominat,
1713 435 1887 478 morte
1915 427 1959 485 Α
1993 425 2101 478 vita
2143 425 2275 481 nihil
2310 421 2591 497 patiuntur
2622 428 2858 495 adversi,
2886 430 2985 487 sed
3017 441 3207 489 cuncta
3256 433 3337 491 eis
3402 450 3560 506 pros-

299 509 612 563 mnltalur?
664 509 790 565 Haec
821 525 954 582 ergo
996 522 1142 580 sunt,
1190 529 1309 582 quae
1340 514 1391 569 in
1426 515 1528 570 hoc
1558 515 1677 571 loco
1708 517 1885 572 solent

299 602 668 667 quaestionem
732 618 970 671 movere,
1033 619 1155 673 quae
1215 607 1592 675 ignorantibus
1663 625 1882 665 sensum

301 692 752 761 Scripturarum,
808 695 1267 767 inconsequenter
1325 699 1467 755 dicta
1517 700 1769 756 videntur
1833 712 1887 757 et

299 780 628 852 incongrue.
669 781 869 839 Putant
900 787 1044 841 enim
1079 787 1220 857 quod
1270 789 1358 843 ille
1407 789 1499 859 qui
1549 807 1743 846 nomen
1791 794 1882 848 Dei

302 875 610 941 maledicit,
660 878 842 930 statim
899 881 1073 948 puniri
1109 879 1334 946 debeat;
1370 881 1458 936 ille
1504 898 1632 938 vero
1663 885 1753 954 qui
1786 900 1881 940 no-

304 967 628 1033 minaverit,
679 970 906 1025 su'lliciat
950 971 1224 1041 accepisse
1269 985 1569 1043 peccatum.
1632 978 1741 1032 Sed
1786 992 1883 1033 nos

302 1061 761 1129 consequentiam
810 1066 1077 1119 sermonis
1122 1066 1215 1121 tali
1253 1068 1485 1136 quodam
1517 1083 1677 1124 sensu
1715 1079 1884 1125 tente-

295 1166 422 1204 tnns
450 1153 689 1220 aperire.
728 1154 903 1225 Majas
939 1171 1057 1212 esse
1103 1167 1380 1226 peccatum
1428 1160 1480 1213 in
1516 1176 1623 1230 quo
1655 1163 1880 1217 maledi-

297 1238 447 1296 citur
472 1244 639 1311 Deus,
691 1263 852 1317 quam
902 1249 954 1303 in
993 1265 1096 1319 quo
1132 1252 1465 1318 nominatur,
1498 1255 1745 1311 dubitare
1773 1273 1877 1312 non

299 1347 619 1400 possumus.
679 1337 870 1396 llestat
898 1350 957 1394 ut
1006 1343 1354 1398 ostendamus
1403 1345 1570 1400 multo
1607 1361 1727 1403 esse
1756 1364 1881 1418 gra-

299 1423 425 1479 vius
471 1427 722 1495 accipere
774 1441 1075 1499 peccatum,
1129 1443 1180 1487 et
1217 1435 1418 1490 habere
1461 1452 1665 1500 secum,
1716 1455 1880 1509 quam

296 1528 481 1574 morte
531 1520 767 1576 multari.
828 1522 970 1578 Mors
1026 1539 1145 1593 quae
1191 1541 1364 1596 paena:
1432 1544 1594 1584 causa
1650 1529 1882 1587 infertur

293 1630 398 1684 pro
432 1621 682 1683 peccato,
712 1616 963 1684 purgatio
983 1626 1065 1670 est
1086 1618 1297 1687 peccati
1331 1618 1500 1688 ipsius
1529 1636 1626 1690 pro
1663 1637 1773 1692 quo
1794 1623 1881 1690 ju-

296 1708 464 1762 bctur
500 1706 716 1762 inferri.
757 1708 1068 1763 Absolvitur
1102 1724 1231 1779 ergo
1287 1721 1568 1779 peccatum
1615 1728 1711 1781 per
1761 1730 1877 1783 pte-

298 1814 426 1851 nam
481 1799 695 1862 mortis,
754 1812 854 1852 nec
902 1807 1150 1867 superest
1202 1798 1427 1868 aliquid,
1479 1803 1620 1872 quod
1648 1818 1746 1872 pro
1771 1803 1875 1859 hoc

295 1891 533 1945 crimine
577 1890 765 1960 judicii
799 1891 913 1945 dies
946 1900 1001 1945 et
1026 1902 1184 1959 poena
1225 1893 1411 1948 αξιοι-ιιί
1443 1895 1580 1964 ignis
1607 1896 1870 1951 inveniat.

296 1974 400 2037 Ubi
430 1997 563 2038 vero
597 1983 716 2052 quis
745 1983 942 2054 accipit
970 1996 1270 2054 peccatum,
1305 1986 1468 2042 habet
1497 1987 1625 2042 illud
1665 2005 1870 2059 secum,

298 2092 362 2132 ac
392 2076 682 2146 permanet
732 2093 853 2134 cum
885 2080 1022 2148 ipso,
1063 2095 1162 2134 nec
1191 2080 1371 2150 aliquo
1421 2083 1684 2151 supplicio
1711 2098 1869 2154 ptena

296 2184 418 2240 qua:
447 2170 674 2225 diluitur
703 2171 917 2235 transit,
949 2186 1069 2225 cum
1119 2172 1232 2243 ipso
1259 2187 1344 2228 est
1371 2174 1533 2228 etiam
1580 2185 1700 2245 post
1728 2192 1873 2230 mor-

300 2260 404 2316 tem
438 2281 453 2317 :
487 2272 542 2318 et
569 2262 694 2332 quia
743 2265 1057 2332 temporalia
1103 2265 1193 2320 hic
1224 2281 1328 2321 non
1360 2266 1638 2335 persolvit,
1672 2268 1744 2324 ibi
1776 2283 1871 2324 ex-

296 2340 488 2423 pendit
518 2364 720 2410 aeterna
752 2356 1035 2425 supplicia.
1075 2354 1236 2415 Vides
1262 2373 1393 2429 ergo
1422 2372 1623 2430 quanto
1651 2363 1870 2432 gravius

297 2448 369 2500 sit
401 2448 655 2518 accipere
697 2461 1004 2527 peccatum,
1042 2466 1203 2520 quam
1237 2464 1409 2507 morte
1458 2454 1729 2510 mulctari.
1770 2456 1871 2513 llic

295 2540 440 2594 enim
482 2555 628 2595 mors
654 2555 754 2611 pro
779 2541 1011 2596 vindicta
1044 2543 1220 2611 datur,
1249 2553 1305 2599 et
1329 2545 1470 2614 apud
1495 2546 1699 2613 justum
1719 2547 1867 2617 judi-

295 2646 414 2684 cem
447 2629 735 2684 Dominum
765 2648 871 2685 non
901 2633 1207 2690 vindicatur
1245 2637 1331 2692 bis
1361 2639 1414 2692 in
1448 2639 1701 2708 idipsum,
1728 2643 1869 2697 sicut

297 2723 560 2792 propheta
583 2722 718 2776 dixit
739 2719 808 2776 ⁸⁸.
852 2721 951 2778 Ubi
976 2735 1153 2780 autem
1180 2742 1284 2783 non
1308 2729 1581 2785 estsoluta
1605 2733 1865 2801 vindicta,

297 2826 576 2883 peccatum
616 2827 802 2872 manet
842 2816 950 2873 illis
989 2822 1207 2878 aeternis
1255 2824 1469 2894 ignibus
1519 2829 1868 2898 exstinguen—

298 2907 444 2962 dmn.
496 2908 649 2974 Quod
687 2919 863 2964 autem
889 2910 998 2983 (24)
1029 2912 1141 2967 hare
1180 2915 1249 2968 ita
1275 2931 1332 2970 se
1356 2918 1608 2982 habeant,
1645 2936 1865 2989 possum

294 3001 391 3056 tibi
418 3011 586 3059 testes
608 3020 675 3059 ex
695 3005 894 3062 divinis
918 3008 1283 3065 voluminibus
1312 3011 1571 3068 adhibere
1593 3014 1787 3072 Ruben
1812 3027 1866 3074 et

1990 519 2138 586 peris
2169 519 2510 576 successibus
2538 522 2755 587 cedunt,
2784 524 3040 591 honores,
3089 527 3311 593 divitiae,
3364 541 3558 600 poten-

1989 611 2084 673 tia,
2109 613 2317 667 sanitas
2341 627 2557 683 quoque
2581 615 2660 669 eis
2711 616 2825 685 ipsa
2880 628 2937 671 et
2992 621 3234 689 corporis
3293 622 3561 682 habitudo

1988 699 2370 758 famulantur?
2404 703 2639 761 Econtra
2666 708 3069 777 innocentibus,
3097 727 3162 768 ac
3193 714 3320 783 piis,
3367 725 3420 771 et
3457 733 3553 773 co-

1987 791 2220 850 lentibus
2271 795 2440 850 Deum
2499 799 2921 854 innumerabiles
2975 817 3232 859 aerumna:
3291 821 3553 878 superve-

1984 887 2162 954 niunt,
2187 887 2379 955 abiecti
2405 897 2459 944 et
2484 888 2752 955 humiles,
2785 896 3080 963 contempti
3137 905 3191 950 et
3250 901 3350 955 sub
3400 902 3553 957 cola-

1984 978 2108 1047 phis
2135 981 2434 1049 potentium
2466 983 2677 1051 vivunt,
2711 1000 3096 1056 nonnunquam
3147 990 3310 1044 etiam
3354 994 3554 1050 saevius
3640 992 3650 1005 '

1984 1069 2064 1123 eis
2091 1070 2264 1125 morbi
2295 1086 2511 1141 quoque
2536 1074 2707 1142 ipsius
2740 1079 2991 1146 corporis
3032 1080 3410 1140 dominantur.
3443 1083 3553 1140 Sed

1985 1160 2121 1227 haec,
2148 1171 2208 1216 ut
2254 1163 2383 1230 dixi,
2439 1178 2841 1236 conquerantur
2884 1171 3196 1240 ignorantes
3225 1173 3317 1243 qui
3346 1174 3419 1229 sit
3461 1188 3555 1230 or-

1984 1252 2053 1305 do
2087 1252 2139 1305 in
2173 1253 2372 1310 divinis
2403 1254 2646 1324 judiciis.
2703 1258 2917 1326 Quanto
2976 1263 3119 1316 enim
3180 1265 3399 1334 gratius
3454 1282 3552 1322 eos

1983 1344 2164 1411 puniri
2203 1345 2411 1412 volunt,
2445 1347 2512 1402 de
2531 1362 2761 1417 quorum
2794 1354 3034 1420 potentia
3070 1363 3125 1409 et
3171 1354 3549 1425 iniqu..:atihus

1984 1436 2368 1507 ingemiscunt,
2395 1447 2547 1496 tanto
2576 1444 2943 1498 necessarium
2979 1453 3062 1501 est
3098 1445 3301 1503 differri
3333 1462 3548 1518 poenas,

1982 1543 2102 1598 quae
2127 1529 2171 1584 si
2205 1545 2310 1585 non
2339 1530 2710 1602 diti‘errentur,
2735 1536 3059 1605 temporales
3089 1540 3274 1609 utique
3294 1549 3349 1597 et
3374 1541 3546 1599 levio-

1984 1634 2070 1675 res
2093 1631 2295 1687 essent,
2325 1627 2448 1692 quia
2481 1624 2640 1679 linem
2675 1642 2798 1680 cum
2824 1638 2998 1683 morte
3025 1631 3368 1700 reciperent;
3399 1649 3547 1688 nunc

1981 1723 2109 1764 vero
2166 1711 2288 1780 quia
2340 1712 2704 1780 diﬂeruntur,
2750 1728 2960 1772 certum
3020 1729 3102 1775 est
3148 1726 3291 1792 quod
3330 1733 3548 1783 retenta:

1979 1809 2138 1854 erunt
2167 1814 2223 1856 et
2242 1817 2369 1857 cum
2393 1805 2608 1860 saeculis
2633 1809 3014 1865 extendentur.
3044 1810 3275 1868 Econtra
3305 1815 3470 1887 igitur
3497 1820 3545 1873 si

1976 1891 2144 1946 velint
2182 1893 2346 1962 justis
2408 1905 2463 1951 et
2514 1898 2898 1956 innocentibus
2939 1902 2993 1957 in
3044 1909 3293 1972 prteseuti
3347 1912 3547 1966 saeculo

1975 1984 2114 2039 bona
2140 1987 2311 2052 reddi,
2350 1999 2533 2045 essent
2564 1990 2731 2046 etiam
2766 1995 2879 2061 ipsa
2924 1995 3064 2051 bona
3123 2001 3438 2069 temporalia
3490 2015 3546 2059 et

1974 2076 2136 2131 ceteri
2169 2079 2401 2134 termino
2426 2082 2820 2139 concludenda.
2856 2083 3077 2151 Quanto
3136 2099 3316 2144 autem
3370 2094 3546 2163 magis

1974 2166 2302 2224 differuntur
2333 2171 2387 2225 in
2414 2171 2675 2240 futurum,
2710 2184 2858 2230 tanto
2888 2178 3059 2248 magis
3083 2191 3238 2236 erunt
3279 2196 3539 2255 perpetua

1974 2269 2030 2315 et
2053 2261 2301 2316 nescient
2332 2261 2519 2319 ﬁnem.
2546 2264 2659 2320 Hoc
2686 2275 2771 2322 est
2803 2280 2956 2337 ergo,
2987 2272 3130 2339 quod
3173 2289 3270 2329 nos
3293 2275 3541 2347 Scriptu-

1974 2373 2047 2412 rae
2080 2356 2241 2425 hujus
2272 2359 2423 2414 locus
2480 2362 2668 2430 paucis
2712 2367 3057 2422 sermonibus
3119 2372 3542 2440 comprehensus

1970 2443 2208 2509 edocuit,
2253 2454 2311 2499 ut
2339 2447 2577 2503 sciamus
2614 2451 2783 2505 multo
2835 2468 2957 2508 esse
3008 2459 3227 2526 gravius
3288 2462 3537 2530 accipere

1971 2546 2274 2607 peccatum,
2309 2546 2362 2592 et
2387 2539 2612 2606 habere,
2647 2554 2713 2597 ac
2737 2557 2918 2599 secum
2950 2548 3016 2600 ad
3060 2548 3266 2604 inferna
3299 2552 3535 2622 deferre,

1970 2641 2131 2697 quam
2163 2628 2215 2681 in
2254 2630 2506 2698 praesenti
2532 2646 2751 2701 poenam
2789 2636 2917 2691 dare
2945 2641 3243 2696 commissi.
3291 2643 3359 2699 Et
3413 2646 3533 2704 ideo

1970 2720 2089 2774 haec
2108 2721 2290 2776 sciens
2317 2723 2574 2791 expedire
2625 2724 2873 2781 ﬁdelibus
2915 2731 3190 2796 apostolus
3225 2733 3422 2793 Paulus
3449 2741 3530 2794 di-

1969 2810 2133 2864 citde
2164 2824 2233 2865 eo
2255 2811 2347 2880 qui
2376 2823 2697 2880 peccaverat
2724 2831 2739 2869 :
2771 2835 2791 2869 t
2820 2815 2992 2883 Quem
3026 2823 3242 2892 tradidi,
3276 2826 3534 2897 inquit",

1975 2893 2192 2950 Satana
2255 2898 2307 2952 in
2372 2899 2649 2955 interitum
2724 2907 2931 2970 carnis,
2988 2928 3011 2962 ι
3060 2911 3163 2966 hoc
3215 2923 3300 2969 cst
3351 2893 3535 2975 morte

1971 2986 2254 3042 inuitasse.
2322 2987 2426 3055 Qui
2471 2999 2650 3045 autem
2710 2993 2783 3047 sit
2845 2993 3055 3054 fructus
3109 3004 3300 3060 mortis
3349 3008 3530 3078 hujus,
3595 3011 3605 3014 ’

290 3098 483 3157 Judam
506 3104 841 3174 patriarchas
860 3106 1144 3177 loquentes
1164 3109 1233 3164 ad
1266 3117 1473 3180 patrem
1497 3127 1653 3167 suum
1673 3100 1859 3183 Iacob,
1890 3120 1934 3176 ο
1968 3082 2293 3183 οθιθίξδίι,ί“
2320 3086 2699 3183 ξθίῖῗθυιξδνδν
2726 3088 2913 3183 diog“?
2941 3107 2954 3144 ³
2981 3112 3000 3144 ¹
3039 3093 3107 3150 υι
3161 3101 3382 3167 θυίνίιιιε
3420 3105 3531 3158 Sal-

291 3213 413 3253 cnm
437 3202 639 3256 vellent
657 3218 935 3260 assumere
954 3222 1137 3261 secum
1160 3207 1460 3278 Benjamin,
1486 3220 1541 3265 et
1573 3211 1773 3269 ducere
1793 3216 1861 3270 ad

292 3292 449 3373 2,61
507 3293 833 3367 Egyptum,
882 3309 1105 3369 propter
1142 3302 1489 3370 sponsionem
1527 3320 1689 3373 quam
1735 3322 1859 3363 cum

299 3368 501 3450 Ioseph
526 3385 693 3441 fratre
727 3388 1059 3458 pepigerant.
1093 3368 1187 3445 lbi—
1202 3407 1333 3462 ergo
1388 3368 1578 3450 Ruben
1612 3398 1684 3453 ita
1730 3400 1863 3456 dicit

303 3474 370 3524 ad
398 3483 601 3541 patrem
630 3476 673 3509 ⁸³
715 3499 727 3532 :
757 3496 777 3528 t
813 3478 1016 3533 Atnbos
1050 3480 1189 3537 ﬁlios
1228 3499 1375 3539 meos
1402 3487 1607 3550 occide,
1641 3488 1745 3544 nisi
1776 3507 1861 3546 re-

300 3565 505 3621 duxero
540 3568 601 3622 ad
636 3578 685 3622 te
721 3570 1021 3637 Benjamin.
1062 3592 1082 3625 ›
1114 3572 1279 3631 .ludas
1304 3591 1435 3631 vero
1461 3579 1537 3632 ait
1565 3581 1612 3613 ⁸ο
1644 3599 1659 3636 :
1697 3583 1860 3640 «Pec-

296 3665 450 3709 cator
471 3673 565 3712 ero
596 3659 648 3713 in
686 3670 737 3716 te
793 3661 897 3717 nisi
949 3666 1218 3720 reduxero
1271 3684 1393 3723 eum
1451 3670 1567 3726 tibi.
1611 3692 1634 3725 ι
1694 3672 1860 3732 Jacob

297 3766 425 3820 ergo
450 3762 609 3819 pater
634 3753 875 3822 ipsorum
906 3757 1085 3813 sciens
1121 3758 1288 3815 multo
1324 3777 1445 3817 csse
1471 3766 1689 3834 gravius
1715 3769 1857 3837 quod

296 3843 622 3909 promiserat
653 3845 841 3916 Judas,
873 3850 962 3919 qui
1017 3851 1250 3915 dixerat,
1294 3872 1313 3905 ι
1345 3851 1610 3911 Peccator
1655 3875 1750 3912 ero
1802 3860 1859 3914 in

294 3943 368 3999 te,
405 3955 425 3989 ι
466 3938 535 3990 ab
560 3954 626 3994 eo
645 3942 736 4009 qui
761 3940 991 4011 dixerat,
1030 3961 1049 3994 ι
1089 3943 1285 4002 Occide
1313 3949 1449 4004 filios
1473 3966 1655 4031 .meos,
1687 3972 1708 4006 ι
1749 3954 1859 4008 llu-

296 4025 396 4082 ben
427 4028 645 4098 quidem
677 4046 783 4085 non
814 4034 1046 4090 credidit
1077 4037 1244 4092 lilium
1276 4025 1531 4110 tanquam
1561 4043 1651 4112 qui
1692 4043 1859 4099 levio-

292 4136 404 4176 rem
435 4122 658 4191 elegerit
684 4125 1084 4196 pmnamJudze
1118 4146 1245 4186 vero
1268 4135 1508 4204 tradidit,
1541 4135 1718 4191 sciens
1742 4153 1860 4206 gra-

290 4216 413 4271 vius
439 4232 561 4273 esse
599 4221 739 4287 quod
767 4219 1025 4290 elegerat.
1081 4224 1197 4280 lloc
1255 4241 1388 4296 ergo
1442 4228 1605 4284 modo
1658 4245 1858 4285 conve-

291 4305 509 4360 nienter
534 4311 743 4377 aptavit
777 4310 1053 4379 Scriptura
1106 4314 1284 4368 divina
1331 4316 1379 4370 ei
1430 4318 1522 4385 qui
1579 4319 1858 4375 maledixit

289 4395 482 4463 Deum,
519 4407 579 4452 ut
617 4411 899 4467 peccatum
931 4412 1109 4457 sumat
1136 4420 1151 4469 ;
1188 4404 1238 4458 ei
1269 4419 1398 4459 vero
1428 4407 1524 4475 .qui
1560 4406 1730 4462 levius
1758 4411 1854 4464 de-

288 4488 469 4556 liquit,
492 4491 633 4557 quod
661 4502 836 4547 morte
873 4495 1157 4549 moriatur.
1181 4495 1273 4551 Vis
1309 4470 1486 4553 autem
1514 4507 1567 4553 et
1588 4502 1652 4556 de
1683 4502 1853 4556 Evan-
1884 4470 1930 4528 Β

287 4580 447 4648 geliis
473 4596 701 4637 noscere
726 4586 875 4654 quod
903 4586 995 4654 qui
1027 4590 1292 4657 receperit
1340 4589 1390 4644 in
1443 4589 1548 4646 hac
1572 4592 1678 4647 vita
1710 4596 1847 4648 mala

284 4685 407 4735 sua,
439 4672 510 4725 ibi
530 4673 642 4741 jam
678 4690 781 4728 non
812 4678 1072 4748 recipiat;
1096 4680 1190 4749 qui
1221 4692 1403 4736 autem
1441 4683 1529 4738 hic
1558 4701 1666 4740 non
1695 4701 1851 4742 rece-

283 4764 446 4830 perit,
482 4765 552 4818 ibi
588 4778 880 4822 serventur
916 4769 964 4824 ei
1011 4771 1236 4825 omnia?
1295 4771 1464 4828 Docet
1517 4789 1615 4830 nos
1665 4791 1854 4832 exem-

282 4856 432 4927 plum
459 4855 652 4919 Lazari
684 4862 958 4931 pauperis,
983 4873 1038 4917 et
1066 4863 1208 4918 illius
1234 4864 1440 4932 divitis,
1469 4867 1536 4922 ad
1570 4883 1728 4937 quem
1770 4870 1854 4923 di-

280 4949 427 5003 citur
460 4950 516 5003 in
550 4950 775 5006 infernis
797 4968 825 5006 a
857 4955 1168 5023 patriarcha
1201 4955 1475 5013 Abraham
1508 4961 1552 4993 ⁸⁸
1586 4979 1599 5015 :
1661 4980 1679 5012 ι
1739 4960 1849 5019 Me-

279 5052 487 5102 mento,
521 5040 618 5104 tili,
647 5042 903 5109 quoniam
947 5053 1001 5096 tu
1026 5046 1280 5115 recepisti
1313 5060 1449 5103 ooua
1482 5050 1533 5104 in
1589 5052 1695 5106 vita
1738 5063 1849 5119 tua,

277 5137 331 5181 et
363 5126 609 5184 Lazarus
637 5131 886 5187 similiter
908 5133 1074 5187 mala.
1107 5135 1258 5192 Nune
1306 5148 1486 5194 autem
1525 5150 1578 5194 tu
1630 5143 1847 5212 quidem

279 5220 564 5286 eruciaris,
595 5220 683 5275 hic
709 5236 836 5277 vero
874 5224 1186 5293 requiescit.
1235 5244 1256 5278 ι
1312 5227 1378 5281 Et
1403 5228 1579 5282 solent
1605 5229 1850 5285 homines

278 5309 589 5379 ignorantes
624 5312 830 5379 judicia
871 5313 990 5377 Dei,
1027 5330 1146 5383 qua:
1196 5325 1325 5371 sunt
1374 5319 1606 5388 abyssus
1655 5321 1847 5385 multa,

276 5404 537 5471 conqueri
567 5405 857 5459 adversum
878 5406 1088 5478 .Deum,
1116 5418 1172 5462 et
1191 5408 1377 5466 dicere
1412 5427 1426 5463 :
1457 5409 1568 5465 Cur
1601 5412 1847 5468 homines

277 5492 468 5563 iniqui,
497 5505 553 5551 et
576 5495 758 5565 iujusti
793 5509 1058 5568 raptores,
1109 5502 1283 5571 impii,
1325 5503 1566 5568 scelesti,
1626 5506 1677 5559 in
1745 5510 1848 5565 hac

304 5614 307 5617 ’
343 5631 390 5666 ⁸⁸
408 5633 641 5704 Nahum,
664 5653 705 5705 ι,
728 5638 781 5707 8,
808 5639 862 5695 9.
957 5640 1001 5675 ⁸³
1032 5641 1166 5698 Gen.
1200 5660 1331 5714 XLII,
1361 5646 1451 5703 57.

1543 5648 1589 5680 ⁸⁰
1616 5646 1750 5706 Gen.
1781 5665 1940 5720 xun,
1964 5651 2021 5707 9.

1968 3190 2065 3230 vus
2097 3174 2188 3229 fiat
2216 3175 2268 3229 in
2302 3175 2386 3230 die
2424 3177 2632 3232 Domini
2677 3181 2848 3235 nostri
2881 3180 3011 3239 Jesu
3044 3186 3268 3246 Christi.
3307 3211 3326 3244 ι
3372 3192 3532 3251 Vides

1965 3283 2093 3338 ergo
2123 3269 2391 3337 quomodo
2422 3278 2608 3339 aperte
2654 3271 2945 3342 Apostolus
2996 3280 3283 3338 utilitatem
3341 3291 3533 3345 mortis

1964 3357 2122 3426 hujus
2151 3358 2419 3428 exposuit.
2453 3357 2605 3425 Quod
2641 3363 2784 3416 enim
2812 3364 2966 3429 dicit,
3001 3366 3220 3425 Tradidi
3255 3374 3304 3428 in
3340 3376 3532 3434 interi~

1966 3458 2078 3503 tum
2108 3449 2311 3516 carnis,
2341 3448 2445 3505 hoc
2472 3459 2579 3516 est,
2617 3452 2669 3505 in
2705 3451 3051 3512 aillictionetn
3090 3466 3356 3533 corporis,
3408 3482 3530 3538 quae

1962 3539 2098 3594 solet
2117 3554 2147 3593 a
2182 3539 2566 3608 paenitentibus
2591 3544 2845 3611 expendi,
2869 3559 3103 3616 eumque
3147 3554 3333 3611 carnis
3351 3556 3523 3614 inter-

1957 3631 2096 3693 itum
2167 3633 2488 3697 nominavit,
2518 3634 2607 3702 qui
2641 3643 2817 3690 tamen
2850 3639 3033 3693 carnis
3056 3639 3330 3709 interitus,
3361 3646 3527 3701 vitam

1961 3724 2170 3793 spiritui
2196 3726 2459 3779 conferat.
2489 3724 2640 3780 Unde
2664 3736 2721 3781 et
2743 3744 2887 3783 nunc
2913 3730 2959 3784 si
2976 3732 3100 3800 quis
3123 3732 3264 3791 forte
3280 3747 3526 3794 nostrum

1962 3817 2277 3872 recordatur
2320 3817 2373 3871 in
2398 3820 2712 3889 ~semetipso
2742 3820 2975 3891 alicujus
3009 3826 3217 3893 peccati
3249 3832 3531 3887 conscien-

1961 3908 2112 3971 tiam,
2140 3909 2184 3962 si
2219 3909 2344 3978 quis
2369 3922 2431 3963 se
2454 3910 2749 3966 obnoxium
2783 3914 2932 3968 novit
2960 3930 3084 3971 esse
3112 3918 3308 3974 delicto
3334 3963 3349 3986 ,
3394 3937 3526 3977 cou-

1960 4001 2131 4070 fugiat
2166 4002 2233 4056 ad
2292 4002 2714 4072 paenitentiam,
2764 4015 2819 4059 et
2856 4020 3213 4077 spontaneum
3266 4018 3530 4086 suscipiat

1958 4095 2139 4148 carnis
2161 4094 2465 4161 interitum,
2514 4105 2574 4150 ut
2622 4107 2959 4169 expurgatus
3000 4103 3053 4156 in
3103 4111 3359 4172 praesenti
3410 4112 3520 4164 vita

1959 4186 2185 4255 spiritus
2221 4196 2427 4250 noster,
2465 4189 2699 4245 mundus
2747 4201 2805 4245 et
2833 4206 3000 4261 purus
3030 4208 3218 4266 pergat
3252 4201 3318 4254 ad
3366 4200 3525 4257 Chri-

1956 4289 2099 4333 stum
2129 4279 2415 4333 Dominttm
2446 4289 2712 4347 nostrum,
2745 4284 2833 4338 cui
2856 4295 2939 4341 est
2963 4287 3135 4359 gloria
3161 4292 3518 4364 etimperium

1958 4370 2010 4424 in
2040 4371 2233 4426 saecula
2258 4372 2596 4428 saeculorum.
2624 4374 2816 4431 Amen.

2519 4552 2795 4611 IIOMILIA
2835 4556 2946 4613 XV.

2026 4684 2099 4739 De
2141 4674 2527 4744 venditionibus
2570 4690 2846 4747 domorum
2887 4704 2938 4749 et
2978 4698 3443 4769 redemptiouibus.

2028 4779 2077 4832 l.
2110 4779 2245 4834 Tres
2270 4781 2514 4837 diversas
2550 4783 2697 4853 leges
2745 4786 2813 4842 de
2862 4789 3147 4847 domorum
3191 4799 3522 4854 venditioni-

1954 4871 2054 4925 bus
2074 4880 2130 4925 et
2164 4872 2621 4944 redemptionibus
2644 4892 2741 4947 per
2761 4879 2979 4953 Moysen
3013 4884 3062 4938 in
3093 4884 3333 4946 Levitico
3362 4891 3519 4947 datas

1957 4960 2228 5027 videmus,
2264 4979 2492 5032 quarum
2549 4967 2941 5026 continentiam
2996 4976 3170 5043 primo
3220 4984 3518 5037 secundum

1954 5053 2237 5109 historiam
2266 5067 2687 5126 pertractemus,
2717 5069 2779 5116 ut
2808 5073 2933 5131 post
2956 5064 3056 5120 hoc
3078 5069 3238 5123 etiam
3263 5072 3330 5125 ad
3353 5075 3517 5143 spiri-

1956 5145 2118 5198 talem
2148 5162 2365 5203 sensum
2396 5150 2669 5221 possimus
2709 5156 3022 5212 ascendere.
3059 5159 3347 5218 Domorum
3370 5182 3518 5235 quac-

1955 5236 2075 5290 dam
2111 5245 2235 5293 sunt
2270 5242 2323 5296 in
2382 5242 2607 5298 urbibus
2641 5246 2901 5312 muralis,
2949 5251 3191 5316 quaedam
3248 5254 3301 5308 in
3355 5259 3515 5322 vicis,

1954 5328 2038 5382 vel
2063 5330 2209 5397 agris
2238 5346 2344 5384 non
2373 5331 2700 5389 habentibus
2729 5351 2936 5391 muros.
2962 5339 3052 5393 Ait
3071 5356 3223 5411 ergo,
3266 5355 3326 5399 ut
3369 5347 3414 5400 si
3460 5348 3515 5402 in

1953 5418 2170 5472 civitate
2201 5434 2412 5475 murata
2453 5423 2754 5479 vendiderit
2774 5430 2895 5495 quis
2920 5430 3159 5501 domum,
3186 5449 3282 5504 per
3310 5452 3511 5493 annum

1954 5510 2225 5581 integrum
2257 5513 2454 5569 habeat
2504 5515 2716 5585 copiam
2762 5519 3084 5586 redimendi,
3141 5537 3259 5594 post
3311 5543 3514 5586 annum

2110 5653 2153 5687 "
2188 5652 2322 5709 Luc.
2346 5669 2458 5721 xw,
2483 5653 2575 5711 25.
2651 5656 2697 5689 ⁸⁸
2735 5655 2897 5712 lCor.
2924 5673 2976 5723 ν,
3001 5659 3053 5715 5.

340 5748 452 5832 (24)
483 5758 578 5817 Sic
612 5762 788 5818 codex
821 5762 1344 5837 Sangcrmanensis;
1378 5769 1496 5827 libri
1530 5786 1658 5828 vero
1686 5772 1867 5840 editi,t
1889 5774 2232 5845 exigendum.
2276 5776 2409 5842 Quia
2453 5784 2654 5845 autem,
2681 5795 2697 5827 ι
2734 5784 2839 5831 etc.
