4024 6146
475 246 582 304 559

1914 245 2230 302 ORIGENIS

3603 254 3706 333 550

475 385 607 426 vero
646 375 888 438 potestas
919 364 1272 434 recuperandi
1308 363 1452 418 nulla
1485 364 1820 420 conceditur.
1867 382 1888 416 ι
1921 364 2041 419 Erit
2068 368 2113 424 Α
2142 367 2400 435 scriptum
2435 373 2518 420 est
2546 366 2673 436 quia
2697 366 3044 424 aediﬁcaverit
3074 368 3177 425 sibi
3210 368 3451 435 domum,
3481 370 3570 439 qui
3601 387 3703 426 non

475 464 644 527 enim,
672 457 938 530 inquit",
965 458 1155 513 domus
1180 456 1351 525 ipsius
1397 457 1660 527 emptoris
1710 465 1861 511 certa
1897 464 2039 526 “pos-

481 557 670 618 sessio,
700 553 744 608 si
770 553 909 606 intra
932 565 1131 604 annum
1163 549 1399 605 liberare
1424 564 1543 605 eam
1604 564 1711 605 non
1775 548 2036 619 potuerit,

477 650 568 718 qui
597 645 873 700 distraxit.
914 662 935 696 ν
972 642 1218 698 Secunda
1248 641 1328 697 lex
1356 651 1459 707 est,
1501 650 1561 696 ut
1596 641 1642 697 si
1681 643 1872 699 domus
1921 658 2041 712 qua:

475 741 731 795 distracta
759 735 929 798 est,in
960 733 1081 788 vico
1116 732 1283 787 fuerit
1311 732 1402 801 qui
1446 747 1655 787 murum
1687 747 1794 787 non
1850 733 2037 799 habet,

474 832 559 886 cui
591 840 768 884 tamen
810 829 935 883 vico
969 842 1104 898 ager
1157 827 1421 897 adjaceat,
1466 825 1627 881 liceat
1676 826 1944 881 venditori
1986 835 2042 881 et

474 934 596 995 post
625 937 848 986 annum,
877 929 931 975 et
963 919 1393 991 quandocunque
1425 919 1693 987 potuerit,
1754 917 2040 974 restituere

476 1016 731 1084 pretium,
759 1023 1162 1082 etrecaperare
1194 1025 1358 1080 quam
1407 1010 1734 1065 distraxerat
1796 1011 2037 1065 domum.

471 1108 654 1164 Tertia
681 1106 765 1161 lex
791 1116 894 1171 est,
923 1116 982 1160 ut
1010 1104 1054 1160 si
1087 1104 1227 1159 forte
1253 1103 1444 1157 domus
1465 1102 1533 1156 sit
1556 1102 1774 1169 Levitae,
1809 1104 1893 1157 vel
1946 1117 2037 1157 sa-

469 1199 730 1264 cerdotis,
762 1197 1067 1265 ubicunque
1095 1193 1256 1248 fuerit
1288 1192 1413 1246 talis
1446 1191 1656 1258 domus,
1689 1193 1803 1247 sive
1829 1193 1881 1246 in
1906 1193 2040 1248 civi-

474 1301 582 1346 tatc
614 1299 849 1353 murata,
884 1287 1001 1342 sive
1032 1286 1085 1340 in
1110 1286 1230 1340 vico
1258 1283 1345 1336 cui
1380 1298 1568 1337 murus
1593 1300 1697 1338 non
1729 1295 1833 1349 est,
1880 1284 2040 1341 liceat

470 1397 682 1452 semper
702 1391 753 1436 et
787 1380 840 1436 in
889 1378 1036 1435 omni
1063 1388 1322 1446 tempore,
1373 1388 1429 1430 ut
1459 1379 1888 1448 quandocunque
1943 1393 2040 1448 po-

473 1477 637 1531 tuerit
665 1474 847 1529 Levita
874 1472 959 1528 vel
989 1470 1243 1527 sacerdos
1270 1470 1504 1524 redimat
1554 1471 1773 1526 domum
1838 1488 1989 1528 suam
2018 1488 2033 1526 :

470 1583 576 1623 nec
595 1580 830 1636 unquam
872 1564 955 1619 vel
998 1561 1400 1618 sacerdotalem
1442 1560 1526 1614 vel
1564 1560 1865 1618 Leviticam
1918 1578 2039 1632 pos-

469 1659 768 1716 sessionem
787 1655 1102 1712 conllrmari
1132 1654 1186 1710 in
1214 1653 1381 1708 alium
1412 1654 1502 1724 qui
1539 1670 1642 1708 non
1673 1654 1746 1710 sit
1793 1655 2037 1724 ejusdem

467 1752 698 1814 ordinis,
722 1751 902 1806 divina
922 1747 1042 1817 jura
1064 1746 1404 1818 permittunt.
1431 1746 1548 1801 Istae
1570 1754 1694 1800 sunt
1713 1734 1842 1813 ετεο
1865 1745 2034 1814 leges,

468 1845 665 1915 quibus
693 1843 947 1899 utebatur
974 1839 1203 1909 populus
1226 1837 1315 1893 ille
1345 1838 1512 1907 prior,
1547 1837 1712 1892 etiam
1738 1836 2033 1891 secundum

469 1937 572 1991 hoc
598 1936 772 2005 ipsum
796 1932 939 2003 quod
968 1946 1065 2002 per
1094 1930 1377 1984 historiam
1414 1928 1749 1997 designatur,
1788 1927 2036 1997 religiose

467 2031 603 2085 satis
627 2038 685 2084 et
710 2029 800 2099 pie
842 2024 1275 2082 sacerdotalibus
1313 2022 1399 2079 vel
1447 2020 1704 2077 Leviticis
1748 2021 2035 2078 ordinibus

465 2124 829 2179 consulentes.

533 2217 589 2273 2.
620 2214 728 2271 Sed
757 2212 919 2268 citius
952 2212 1067 2266 haec
1096 2210 1400 2265 referamus
1427 2208 1492 2263 ad
1539 2223 1658 2276 nos,
1694 2208 1892 2278 quibus
1945 2206 2033 2261 lex

465 2306 693 2371 Christi,
727 2304 774 2359 si
834 2317 953 2358 eam
1008 2315 1343 2370 sequamur,
1391 2314 1492 2354 nec
1552 2298 1926 2369 possessiones
1977 2299 2032 2353 in

468 2410 633 2462 terra,
669 2410 769 2452 nec
825 2396 880 2450 in
919 2392 1145 2447 urbibus
1175 2391 1366 2447 domos
1398 2390 1597 2445 habere
1653 2390 1940 2461 permittit.
1969 2389 2036 2444 Et

464 2491 594 2564 quid
625 2490 746 2546 dico
773 2486 1011 2543 domos?
1042 2485 1153 2541 Nec
1182 2486 1366 2557 plures
1407 2486 1639 2550 tunicas,
1668 2498 1766 2538 nec
1806 2483 2030 2537 multam

464 2583 720 2641 concedit
771 2580 1054 2651 possidere
1085 2578 1370 2648 pecuniam
1408 2596 1422 2632 :
1478 2595 1497 2627 ε
1540 2574 1814 2630 [labentes
1862 2575 2029 2643 enim,

466 2678 643 2748 inquit
669 2675 739 2737 ⁸⁵.
779 2675 975 2729 victum
998 2681 1054 2726 et
1082 2670 1358 2736 vestitum,
1391 2668 1481 2725 bis
1511 2669 1751 2724 contenti
1787 2670 1976 2724 simus.
2005 2685 2028 2721 ι

465 2767 750 2837 Quomodo
775 2780 904 2836 ergo
939 2778 1039 2819 nos
1066 2763 1221 2817 datas
1246 2762 1311 2817 de
1332 2763 1603 2827 domibus,
1634 2761 1749 2817 sive
1780 2762 1920 2816 intra
1961 2761 2036 2816 ci-

465 2863 686 2918 vitatem
718 2867 984 2915 moratam
1020 2856 1235 2928 positis,
1270 2856 1384 2911 sive
1405 2856 1460 2910 in
1492 2856 1628 2912 vicis
1667 2854 1866 2925 quibus
1892 2853 2033 2909 muri

463 2970 573 3012 που
601 2953 763 3024 262
788 2958 935 3017 sum.
967 2948 1380 3024 observabimus
1412 2946 1598 3018 leges?
1650 2948 1954 3004 invenimus
1978 2946 2031 3001 in

2142 459 2394 515 habuerit
2426 461 2675 515 timorem
2713 461 2832 517 Dei.
2875 462 3006 528 Quae
3058 472 3142 517 est
3170 479 3301 532 ergo
3341 463 3444 518 iSta
3489 464 3703 531 donius,

2140 557 2193 604 et
2221 550 2379 618 quale
2408 550 2691 605 aedificium
2723 561 2829 618 est,
2853 552 3051 608 Paulus
3078 552 3557 624 exponitapertius
3586 569 3707 610 cum

2141 642 2275 696 dicit
2299 641 2385 696 '7:
2446 660 2473 695 ι
2513 643 2738 699 Domum
2797 644 3061 702 habemus
3111 661 3220 701 non
3269 662 3430 700 manu
3486 646 3705 715 factam,

2141 742 2401 789 aeternam
2430 734 2482 788 in
2505 733 2680 789 caelis.
2724 754 2744 788 ι
2784 734 2908 791 Haec
2954 752 3086 807 ergo
3133 749 3219 793 est
3275 738 3490 801 domus,
3545 754 3704 807 quam

2140 822 2409 879 aedificare
2434 839 2593 881 nemo
2633 836 2812 894 potest
2852 828 2953 881 nisi
2989 830 3179 884 timeat
3220 828 3410 886 Deum.
3467 829 3594 885 Haec
3627 840 3709 887 est

2142 917 2332 972 domus
2355 932 2514 987 quam
2542 931 2844 987 exstruere,
2877 922 2960 974 vel
2996 921 3247 978 habitare
3290 938 3456 979 nemo
3502 934 3706 993 potest,

2142 1005 2242 1059 nisi
2269 1005 2323 1061 in
2351 1007 2701 1077 simplicitate
2729 1013 2930 1066 mentis
2982 1022 3040 1068 et
3074 1013 3307 1081 puritate
3335 1014 3553 1069 cordis.‘
3599 1012 3705 1068 Sed

2140 1098 2392 1166 quoniam
2424 1100 2674 1157 accidere
2701 1102 2862 1164 solet,
2890 1112 2949 1157 ut
2978 1104 3143 1158 etiam
3168 1104 3260 1173 qui
3291 1105 3429 1159 bene
3464 1105 3705 1161 aedifica-

2139 1189 2295 1254 verit,
2318 1198 2373 1243 et
2394 1190 2611 1246 domum
2645 1191 2750 1247 sibi
2775 1192 3054 1249 cmlestem
3086 1194 3223 1250 bene
3255 1198 3462 1266 agendo
3487 1205 3543 1253 et
3566 1199 3708 1254 bene

2138 1280 2390 1347 vivendo,
2426 1298 2490 1338 ac
2522 1293 2671 1340 recte
2697 1287 2971 1342 credendo
3014 1288 3405 1356 construxerit,
3463 1290 3710 1346 incurrat

2139 1370 2367 1442 alicujus
2401 1374 2611 1442 peccati
2661 1376 2926 1445 debitum,
2984 1387 3038 1433 et
3072 1379 3212 1435 hanc
3245 1396 3274 1433 a
3329 1380 3709 1437 crudelissimo

2139 1462 2452 1521 feneratore
2513 1467 2627 1538 (25)
2679 1475 2989 1526 venundare
3056 1485 3316 1543 cogatur,
3374 1489 3439 1528 ac
3491 1475 3709 1529 labores

2140 1570 2268 1613 suos
2301 1559 2683 1616 transfundere
2737 1563 2791 1616 in
2843 1563 3031 1629 alium,
3085 1563 3258 1634 pietas
3305 1573 3360 1621 et
3417 1565 3708 1623 clementia

2141 1648 2467 1720 legislatoris
2500 1655 2794 1718 succurrit,
2821 1664 2886 1709 ut
2936 1654 3081 1708 intra
3110 1665 3319 1710 certum
3360 1664 3575 1725 tempus
3621 1670 3710 1711 re-

2139 1741 2266 1795 dimi
2298 1742 2487 1811 possit.
2527 1760 2547 1794 t
2573 1740 2631 1799 Si
2664 1752 2840 1798 tamen
2896 1745 3187 1811 invenerit,
3212 1745 3383 1817 inquit
3410 1746 3482 1813 ⁸⁸,
3515 1763 3710 1800 manus

2141 1841 2229 1886 tua
2260 1835 2491 1901 pretium
2531 1836 2675 1904 quod
2707 1837 2989 1892 restituas.
3021 1855 3041 1889 ι
3073 1836 3245 1903 Quale
3281 1839 3557 1907 pretium?
3584 1839 3711 1895 Po:-

2138 1923 2383 1978 nitentia:
2408 1923 2532 1979 sine
2556 1924 2719 1979 dubio
2761 1924 3013 1997 larrymis
3047 1940 3457 2000 congregatum,
3502 1940 3558 1986 et
3592 1946 3711 1984 ma-

2136 2013 2317 2075 nibus,
2377 2014 2430 2068 id
2463 2023 2541 2070 est
2594 2016 2784 2071 labore
2810 2017 2936 2072 boni
2980 2019 3161 2087 operis
3194 2019 3486 2074 inventum.
3518 2024 3709 2076 Annus

2133 2113 2313 2160 autem
2346 2106 2449 2160 iste
2477 2105 2703 2177 intelligi
2737 2117 2912 2177 potest
2935 2124 3096 2179 quem
3121 2110 3266 2165 venit
3290 2126 3486 2166 vocare
3514 2111 3703 2168 Domi-

2135 2214 2242 2253 nus
2261 2213 2464 2252 annum
2502 2209 2806 2269 acceptum,
2864 2216 2971 2270 quo
3010 2202 3251 2257 dimittat
3294 2203 3605 2261 confractos
3648 2206 3703 2260 in

2136 2291 2541 2357 remissionem,
2569 2300 2624 2345 et
2649 2293 2876 2347 salutem
2916 2292 3110 2348 delicta
3169 2308 3264 2349 sua
3315 2296 3705 2354 confitentibus

2134 2385 2391 2453 praebeat.
2421 2379 2575 2448 Quod
2596 2392 2776 2438 autem
2807 2383 2939 2438 dicit
2972 2384 3192 2439 domum
3230 2387 3282 2440 in
3322 2386 3543 2444 civitate
3588 2406 3705 2443 mu-

2137 2482 2298 2529 rata:
2336 2483 2501 2539 recte,
2529 2483 2586 2528 ut
2619 2489 2719 2544 ego
2755 2474 3014 2540 arbitror,
3044 2476 3237 2533 domus
3270 2463 3403 2547 quae
3449 2481 3503 2534 iu
3559 2480 3705 2537 caelo

2135 2580 2256 2620 esse
2309 2566 2527 2633 dicitur,
2559 2567 2611 2621 in
2659 2566 2879 2622 civitate
2923 2579 3137 2623 murata
3180 2586 3302 2626 esse
3360 2573 3705 2646 intelligitur.

2133 2655 2320 2713 Murus
2352 2666 2438 2712 est
2459 2657 2601 2712 enim
2627 2656 2936 2727 hujusmodi
2968 2658 3219 2715 domibus
3251 2663 3426 2733 ipsum
3453 2667 3576 2720 coeli
3610 2666 3707 2719 tir-

2136 2755 2491 2803 mamentum.
2519 2747 2624 2803 Sed
2669 2749 2831 2805 talem
2865 2751 3082 2806 domum
3116 2754 3225 2808 rari
3263 2757 3465 2827 quique
3502 2758 3706 2815 habere

2134 2849 2380 2911 possunt,
2406 2840 2485 2894 illi
2522 2841 2771 2898 fortassis
2793 2844 2886 2912 qui
2926 2860 3090 2914 super
3130 2854 3329 2902 terram
3359 2850 3705 2907 ambulantes

2134 2933 2603 2989 conversationem
2630 2933 2830 2991 habent
2854 2937 2906 3010 in
2934 2938 3109 3002 caelis,
3140 2950 3197 2995 et
3229 2939 3296 2995 de
3337 2941 3538 3010 quibus
3575 2944 3705 3001 dicit

465 3004 1098 3111 aliisgci'i-pturm'locis,
1142 3037 1286 3108 quod
1305 3004 1499 3095 sermo
1534 3038 1771 3124 Ldivinus
1831 3039 2034 3109 majore
2058 3064 2102 3124 ρ
2134 3022 2424 3124 Al3_°3_10"1_‘5
2443 3023 2544 3124 _”_3
2637 3023 2727 3124 DQ
2753 3004 3037 3124 ξθάίῇεθιίο
3063 3029 3215 3124 ςεῑίει
3246 3047 3266 3081 ³
3298 3004 3489 3088 επέιθνὶ
3520 3045 3702 3090 autem

464 3137 696 3207 quodam
727 3145 1075 3189 sacramento
1110 3132 1354 3188 nominet
1376 3132 1617 3197 domu‘r’n,
1642 3140 1700 3186 ut
1731 3147 1854 3187 cum
1899 3132 2032 3187 dicit

465 3229 532 3283 de
562 3224 753 3288 Iacob,
782 3234 837 3279 et
859 3224 1012 3294 quasi
1059 3238 1158 3292 pro
1202 3223 1361 3278 laude
1392 3221 1509 3290 ejus
1568 3223 1767 3291 ponit:
1827 3240 1848 3274 ο
1901 3223 2032 3278 Erat

463 3320 630 3384 enini,
656 3316 913 3388 inquit",
946 3315 1112 3372 Jacob
1140 3317 1302 3371 homo
1349 3315 1575 3384 simplex
1632 3314 1885 3370 habitans
1934 3316 2037 3370 do—

464 3427 635 3469 mum.
672 3429 693 3465 ι
732 3410 802 3465 Et
826 3410 1022 3465 iterum
1085 3409 1304 3464 invenio
1359 3406 1428 3462 de
1484 3407 1874 3462 obstetricibus
1922 3405 2032 3462 He-

467 3509 731 3561 braeorum
758 3505 1018 3575 scriptum
1055 3521 1070 3558 :
1119 3522 1139 3555 ι
1182 3503 1249 3557 Ει
1283 3502 1427 3572 quia,
1461 3501 1727 3571 inquit",
1769 3501 2032 3558 timebant

466 3596 635 3653 Deum
663 3595 1014 3660 obstetrices,
1049 3593 1298 3648 fecerunt
1320 3592 1425 3648 sibi
1468 3594 1680 3648 domos.
1720 3610 1741 3645 ο
1772 3591 2033 3648 Videmus

464 3703 593 3758 ergo
622 3689 763 3757 quod
793 3686 1173 3742 obstetricibus
1199 3685 1416 3754 quidem
1446 3683 1817 3739 faciendarum
1848 3684 2034 3740 domo-

466 3798 586 3837 rum
630 3795 793 3836 causa
825 3779 993 3835 fuerit
1022 3779 1182 3833 timor
1211 3777 1339 3843 Dei;
1363 3775 1533 3832 Jacob
1557 3790 1687 3831 vero
1712 3776 2035 3847 simplicitas

462 3884 520 3927 et
569 3870 874 3925 innocentia
905 3884 1124 3925 causam
1152 3867 1383 3932 dederit,
1408 3878 1468 3923 ut
1492 3867 1763 3923 habitaret
1788 3869 2032 3922 domum.

462 3965 705 4034 Denique
728 3962 895 4028 Esau,
925 3963 1051 4033 quia
1086 3964 1263 4017 malus
1293 3960 1416 4027 fuit,
1463 3975 1571 4015 non
1631 3970 1716 4016 est
1767 3960 2034 4032 scriptum

461 4060 531 4113 de
561 4072 626 4113 eo
659 4055 786 4127 quia
818 4054 1145 4110 habitaverit
1173 4055 1416 4120 domum,
1446 4069 1546 4110 nec
1595 4054 1662 4111 de
1688 4054 1796 4110 alio
1853 4054 2035 4125 aliquo

532 4210 578 4243 ⁸³
604 4208 778 4264 Levii.
811 4221 937 4269 xxv,
958 4205 1046 4260 50.
1122 4203 1170 4237 ”
1195 4203 1216 4257 Ι
1247 4204 1390 4262 Tim.
1416 4221 1488 4270 vt,
1514 4206 1565 4262 8.

461 4281 509 4314 "
536 4281 553 4335 ι
590 4281 722 4336 Cor.
750 4294 833 4344 tu,
860 4276 912 4331 9.
961 4275 1007 4307 '°
1037 4275 1224 4329 Matth.
1250 4290 1304 4341 v,
1337 4278 1391 4329 4.

533 4392 650 4463 (25)
684 4391 854 4463 Libh.
872 4389 1025 4453 editi,
1052 4387 1220 4442 thanc
1239 4386 1614 4444 crudelissimo
1672 4390 2020 4455 feneratori,»

463 4462 559 4520 sed
591 4462 722 4515 mss.
755 4470 813 4514 ut
844 4462 896 4513 in
930 4468 1119 4513 nostro
1157 4468 1328 4511 textu.

535 4532 649 4603 (26)
679 4529 741 4585 Si
771 4546 863 4603 nos
886 4527 1258 4603 aliquosupo
1294 4528 1830 4603 mortalisiuvenerit
1853 4568 1866 4594 ,
1911 4538 2020 4603 etc.

463 4595 732 4658 Antonius
759 4595 1026 4653 Arualdns
1058 4597 1194 4651 libro
1220 4595 1425 4650 Gallice
1450 4599 1655 4666 scripto
1684 4600 1771 4652 cui
1819 4599 2025 4663 titulus,

463 4675 540 4727 De
565 4672 821 4741 frequenti
842 4671 1226 4741 communione,
1256 4681 1377 4741 cap.
1405 4667 1460 4730 4,
1491 4669 1792 4741 scribarum
1837 4671 2024 4741 vitium

463 4737 692 4798 ascribit
722 4742 847 4794 huic
876 4739 1115 4802 lectioni,
1145 4746 1200 4790 et
1256 4737 1394 4800 loco,
1425 4754 1444 4789 ι
1477 4738 1637 4806 culpa
1698 4739 1963 4803 mortalis,
2001 4757 2020 4790 ο

465 4812 752 4882 legendum
779 4825 950 4882 esset
986 4809 1141 4882 culpa
1164 4806 1404 4882 trioralis,
1427 4827 1454 4882 _i
1488 4808 1817 4882 contendit__:
1855 4810 2025 4882 loiEr-

468 4876 578 4948 ro'r,
607 4880 802 4949 inquit,
831 4879 988 4932 facile
1040 4876 1251 4931 admitti
1292 4879 1466 4946 potuit
1495 4880 1659 4949 unius
1723 4878 2026 4945 adjectiune

465 4947 694 5007 litterae.
716 4950 773 5004 2°
795 4949 1026 5003 Evideus
1051 4956 1155 5011 est,
1186 4962 1307 5000 cum
1364 4947 1646 5002 manifeste
1681 4961 1862 5001 secum
1921 4964 2024 5016 pu-

464 5021 771 5094 gnenthaec
812 5036 889 5094 :_¢
918 5018 1076 5088 culpa
1111 5019 1506 5094 mortalisqua
1551 5033 1658 5071 non
1707 5018 2025 5094 iqcrimine

467 5086 1061 5150 mortaliconsistatii
1096 5102 1196 5142 nec
1245 5087 1386 5155 apud
1441 5096 1651 5141 veteres
1712 5086 1877 5140 ullum
1926 5104 2026 5140 un-

464 5160 965 5232 quamrreperiatur
996 5159 1227 5232 positum
1261 5158 1725 5232 discrimenninter
1757 5174 1777 5209 ι
1811 5157 2023 5226 culpam

469 5227 745 5286 mortalem
773 5248 794 5282 ›
830 5239 885 5283 et
915 5246 936 5280 ι
972 5230 1178 5283 crimen
1208 5229 1457 5282 mortale.
1496 5245 1517 5280 ι
1548 5227 1783 5283 Econtra
1803 5236 2024 5294 apertus

464 5312 549 5357 est
574 5316 786 5364 sensus,
820 5302 865 5354 si
892 5299 1125 5369 legatur,
1162 5314 1191 5369 ιγ
1219 5297 1372 5366 culpa
1408 5301 1629 5353 moralis
1652 5313 1772 5367 qua:
1813 5312 1925 5369 non,
1967 5297 2020 5351 iu

465 5372 694 5426 crimine
736 5369 975 5427 mortali.
1004 5387 1023 5420 ι
1058 5370 1116 5423 5ο
1154 5368 1346 5423 Verbis
1391 5370 1741 5438 sequentibus
1787 5368 2024 5436 explicat

466 5441 583 5510 ipse
616 5441 872 5511 Origenes
901 5440 1028 5511 quid
1052 5439 1219 5507 culpa:
1242 5440 1476 5511 moralis
1498 5440 1716 5511 nomine
1736 5439 2021 5511 intelligat,

468 5508 588 5578 quae
619 5508 810 5579 neuipe
846 5527 864 5561 ι
900 5508 983 5564 vel
1016 5511 1070 5564 in
1098 5511 1364 5565 sermonis
1396 5508 1480 5563 vel
1534 5510 1588 5564 in
1638 5523 1846 5565 morum
1892 5509 2024 5563 vitio

469 5581 756 5635 consistat.
793 5600 811 5633 ι
848 5581 905 5633 4ο
926 5580 1123 5650 (lulpas
1163 5594 1299 5648 quas
1337 5580 1659 5635 criminibus
1699 5578 2021 5634 mortalibus

468 5651 710 5718 opponit,
740 5651 999 5715 veniales,
1027 5666 1129 5705 non
1170 5652 1428 5706 mortales
1466 5651 1629 5705 fuisse
1678 5650 1801 5705 inde
1850 5656 2017 5719 patet,

471 5709 612 5789 quod
632 5709 811 5776 in'tine
837 5709 1112 5793 hujusloci
1142 5731 1400 5779 vocentur
1443 5738 1462 5773 ε
1498 5721 1805 5778 communia
1827 5709 2016 5792 peccat;
2071 5709 2078 5716 ’

1670 4207 1715 4238 ⁸⁸
1745 4203 1881 4261 Gen.
1913 4222 2039 4272 xxv,
2062 4204 2155 4264 27.

2136 3114 2228 3186 (ιυί
2265 3115 2321 3169 in
2350 3113 2487 3169 vicis
2512 3112 2711 3170 habent
2737 3115 2951 3183 domos,
2984 3119 3180 3187 quibus
3226 3135 3336 3175 non
3366 3132 3450 3177 est
3488 3140 3700 3193 murus,

2132 3217 2217 3264 est
2247 3217 2427 3264 tamen
2461 3209 2540 3264 eis
2573 3209 2839 3280 adjacens-
2858 3224 2984 3281 ager
3025 3208 3310 3275 fecundus,
3344 3210 3420 3265 illi
3456 3212 3704 3269 fortassis

2129 3305 2222 3376 qui
2249 3306 2351 3362 sibi
2380 3307 2742 3362 habitaculum
2787 3317 3093 3378 praeparant
3119 3308 3175 3362 in
3204 3318 3346 3363 terra
3376 3310 3697 3379 viventium,

2129 3411 2186 3459 et
2214 3403 2268 3457 in
2297 3404 2383 3459 illa
2413 3415 2554 3460 terra
2582 3422 2742 3476 quam
2777 3408 3077 3463 mansuetis
3105 3406 3366 3466 Dominus
3408 3412 3693 3481 promittit,

2129 3500 2318 3558 dicens
2341 3502 2427 3556 ‘°:
2468 3523 2487 3555 ι
2520 3503 2670 3559 Beati
2712 3504 2902 3570 mites,
2947 3507 3203 3576 quoniam
3250 3508 3353 3578 ipsi
3384 3510 3696 3566 haereditate

2127 3594 2483 3667 possidebunt
2533 3606 2748 3651 terram.
2798 3616 2817 3647 ›
2861 3597 2996 3653 Istas
3033 3615 3162 3671 ergo
3209 3601 3428 3665 domos,
3470 3604 3514 3656 si
3558 3604 3695 3658 forte

2137 3689 2322 3759 alicui,
2357 3690 2501 3746 sicut
2555 3706 2722 3762 supra
2777 3691 3148 3762 exposuimus,
3199 3690 3381 3761 lapsus
3419 3692 3701 3755 acciderit,

2135 3795 2349 3851 semper
2368 3777 2450 3838 est
2477 3784 2833 3853 recuperandi
2862 3782 3115 3851 facultas,
3144 3792 3202 3838 ut
3226 3782 3372 3838 verbi
3415 3784 3592 3853 gratia
3621 3785 3704 3839 di-

2137 3890 2347 3941 camus,
2379 3877 2424 3931 si
2455 3890 2553 3931 nos
2584 3875 2761 3945 aliqua
2793 3874 2947 3946 culpa
2979 3876 3227 3930 mortalis
3268 3875 3534 3930 invenerit
3564 3876 3697 3949 (26),

2137 3981 2258 4035 qua:
2307 3981 2417 4021 non
2466 3967 2518 4021 in
2560 3968 2788 4021 crimine
2833 3965 3075 4032 mortali,
3107 3982 3209 4021 non
3261 3967 3315 4021 iu
3371 3967 3702 4038 blasphemia

2138 4050 2285 4124 ﬁdei,
2316 4072 2436 4126 quae
2484 4072 2640 4113 muro
2668 4057 3023 4113 ecclesiastici
3057 4067 3113 4112 et
3162 4058 3443 4129 apostolici
3477 4061 3704 4131 dogma-

2233 4207 2280 4238 ε·
2303 4206 2476 4262 Exod.
2510 4206 2655 4270 κει.
2727 4205 2771 4237 ιτ
2793 4205 2833 4260 ιι
2855 4208 3044 4272 Com,
3061 4206 3115 4264 ι.
3189 4205 3236 4237 ³⁸
3260 4204 3435 4261 Levit.
3457 4222 3588 4276 xxv.
3607 4209 3698 4264 28.

2131 4397 2181 4443 ta
2203 4404 2325 4458 qum
2359 4390 2671 4458 frequenter
2692 4390 3045 4457 incurrimus,
3070 4402 3284 4458 semper
3315 4389 3692 4459 paenitentiam

2057 4450 2101 4505 Ι)
2133 4450 2423 4530 rccipiunt,
2455 4450 2510 4513 ct
2539 4460 2656 4514 sine
2708 4450 3119 4530 intermissione
3161 4450 3523 4514 redimuntur.
3558 4479 3581 4513 ›
3630 4464 3700 4516 At

2133 4528 2261 4585 vero
2283 4531 2404 4600 quis
2442 4530 2705 4583 tantillum
2734 4529 2786 4583 in
2824 4532 3055 4584 lectione
3091 4528 3313 4582 Patrum
3342 4542 3592 4586 versatus
3643 4536 3697 4586 iu

2128 4600 2370 4654 animum
2404 4600 2506 4654 sibi
2553 4601 2771 4653 inducat
2830 4600 2993 4656 tertio
3042 4600 3295 4654 Ecclesiae
3341 4600 3539 4655 saeculo
3588 4611 3697 4655 tam

2128 4670 2341 4738 facilem
2379 4671 2547 4724 fuisse
2573 4680 2917 4738 peccatorum
2949 4669 3229 4724 lcthalium
3274 4670 3645 4725 remissionem
3674 4670 3700 4727 ι

2125 4737 2184 4792 5³
2211 4740 2428 4794 Addere
2451 4737 2662 4808 poterat
2688 4740 2984 4804 Arualdus,
3029 4742 3081 4794 in
3111 4739 3351 4793 editione
3372 4739 3695 4805 Basileensi,

2126 4820 2182 4863 et
2206 4810 2258 4863 iu
2284 4809 2455 4864 altera
2484 4809 2683 4864 (ἓνίηωί
2716 4812 2891 4865 locum
2931 4825 3054 4864 esse
3082 4811 3265 4863 datum
3300 4809 3422 4863 huic
3453 4809 3691 4873 lectioni,

2140 4896 2158 4929 ι
2194 4880 2239 4933 si
2263 4894 2363 4934 nos
2382 4879 2562 4948 aliqua
2606 4881 2763 4946 culpa
2792 4880 3012 4934 moralis
3039 4879 3327 4939 invenerit,
3367 4897 3387 4931 ι
3417 4888 3525 4934 etc.
3595 4879 3695 4935 Ve-

2125 4964 2242 5002 rum
2281 4949 2410 5004 licet
2442 4951 2573 5004 mihi
2611 4951 2838 5003 multum
2866 4948 3420 5003 arrideatArualdina
3478 4965 3697 5005 correc‘

2127 5020 2223 5084 tio,
2255 5021 2544 5087 quominus
2604 5030 2784 5074 tamen
2814 5035 2935 5074 eam
2996 5034 3215 5088 sequar,
3277 5019 3443 5072 multa
3512 5022 3697 5074 deter-

2126 5098 2249 5160 rent
2277 5091 2380 5160 :rl°
2403 5088 2558 5144 Nulla
2588 5093 3079 5160 manuscriptornm
3125 5090 3450 5160 auctoritate
3475 5090 3690 5160 nititur.

2123 5157 2183 5211 2°
2216 5159 2273 5213 Si
2301 5159 2463 5215 lectio
2486 5176 2608 5230 quae
2633 5157 2884 5215 Arnaldo'
2907 5160 3231 5229 displicebat
3266 5158 3565 5228 rejicienda
3610 5162 3692 5212 fo-

2127 5240 2231 5292 ret,
2266 5230 2539 5285 lubeutius
2594 5230 2959 5297 amplecterer
2984 5231 3210 5283 alteram
3240 5245 3402 5299 quam
3450 5239 3693 5297 quatuor

2123 5315 2260 5371 quos
2276 5302 2543 5371 consului,
2572 5301 2927 5371 manuscripti
2963 5301 3199 5371 codices,
3222 5314 3361 5371 uitus
3377 5299 3689 5365 Becceusis,

2125 5370 2266 5423 alter
2310 5369 2724 5437 Gemeticensis,
2783 5365 2976 5426 tertius
3031 5365 3409 5434 tiado‘mensis,
3458 5378 3688 5439 quartus

2123 5439 2610 5508 Saugermaneusis
2638 5453 2721 5497 sat
2749 5456 2958 5507 recens,
2992 5441 3247 5495 exhibent
3298 5439 3385 5494 bis
3432 5439 3618 5493 verbis
3668 5454 3685 5494 :

2128 5525 2147 5558 t
2180 5510 2235 5563 Si
2272 5510 2454 5579 aliqua
2485 5512 2636 5579 culpa
2672 5512 2964 5575 invenitur,
3007 5527 3111 5565 non
3155 5510 3208 5563 in
3254 5508 3488 5564 crimine
3540 5524 3687 5564 mor-

2127 5581 2238 5633 tali.
2274 5598 2293 5631 i
2323 5578 2397 5633 lbi
2425 5596 2524 5636 nec
2561 5578 2799 5645 moralis,
2826 5597 2926 5635 nec
2965 5580 3204 5634 mortalis
3261 5578 3418 5649 culpa
3447 5580 3683 5647 opponi-

2120 5655 2210 5703 tur
2232 5650 2439 5703 crimini
2482 5651 2711 5704 mortali.
2743 5652 2815 5705 At
2860 5650 3191 5720 suspicionis
3237 5660 3419 5704 notam
3465 5664 3577 5718 pne
3618 5664 3680 5703 se

2121 5719 2225 5775 fert
2252 5721 2517 5790 ejusmodi
2550 5723 2708 5776 lectio
2764 5738 2794 5777 e
2832 5719 3065 5791 quatuor
3119 5720 3245 5775 licet
3290 5721 3679 5789 manuscriptis
