4024 6146
359 278 458 336 56!

1488 269 1556 325 IN
1595 264 1967 325 LEVITICUM
2007 259 2293 319 HOMILIA
2326 258 2466 315 XVI.

3492 242 3599 310 562

364 405 433 458 tis
459 403 636 458 cincta
663 410 769 466 est,
799 400 898 457 sed
930 400 1013 455 vel
1054 399 1108 455 in
1136 395 1415 453 sermonis
1437 393 1575 467 (27),
1609 394 1693 451 vel
1724 393 1775 447 in
1812 406 1930 446 mo-
1960 398 2009 456 Α
2035 401 2213 441 rerum
2248 384 2552 439 futurarum
2575 377 2642 443 “,
2662 393 2768 434 non
2799 377 3374 450 quibusarguerentur
3396 370 3596 428 delicta

362 512 479 551 rum
504 495 642 550 vitio
665 497 980 552 consistat:
1036 494 1139 548 hoc
1187 500 1272 547 est
1323 490 1631 545 vendidisse
1685 487 1927 548 domum,

358 602 478 656 qum
507 587 564 641 in
599 601 735 657 agro
767 597 871 652 est,
906 585 993 639 vel
1019 585 1074 640 in
1102 584 1223 639 vico
1269 583 1357 638 cui
1422 596 1613 637 murus
1670 593 1777 634 non
1823 583 1928 631 est.

360 675 487 733 Haec
544 689 680 746 ergo
716 675 958 729 venditio
994 681 1051 729 et
1098 670 1476 740 hujuscemodi
1511 667 1667 738 culpa
1717 681 1932 736 semper

364 769 612 836 reparari
644 775 843 837 potest,
876 781 975 821 nec
997 763 1291 836 aliquando
1331 762 1429 818 tibi
1474 760 1816 817 interdicitur
1864 758 1931 813 de

356 860 672 917 commissis
698 858 1007 931 hujusmodi
1042 855 1438 924 paenitudinem
1472 868 1657 925 agere.
1707 855 1760 908 ln
1800 866 1929 922 gra-

357 950 609 1005 vioribus
642 950 791 1005 enim
825 947 1148 1003 criminibus
1172 943 1341 1003 semel
1387 954 1595 1000 tantum
1662 942 1932 1014 paeniten-

358 1042 448 1097 tia:
482 1041 599 1112 (28)
650 1040 975 1097 conceditur
1019 1038 1220 1105 locus;
1267 1038 1369 1093 ista
1413 1052 1543 1092 vero
1601 1035 1925 1097 communia,

354 1148 479 1204 quae
505 1133 822 1203 frequenter
875 1131 1247 1197 incurrimus,
1290 1142 1506 1197 semper
1555 1127 1929 1197 paenitentiam

356 1224 652 1293 recipiunt,
682 1234 739 1279 et
782 1224 900 1279 sine
928 1220 1328 1277 intermissione
1357 1218 1720 1274 redimuntur.

424 1317 481 1372 '5.
507 1335 527 1369 ι
540 1315 691 1384 Quod
706 1314 752 1371 si
768 1313 1122 1371 sacerdotalis
1134 1310 1318 1376 fuerit,
1345 1310 1520 1382 inquit
1534 1310 1602 1374 σί,
1621 1311 1720 1365 ista
1739 1308 1931 1366 domus

356 1411 441 1465 vel
463 1410 727 1475 Levitica,
764 1409 1074 1477 ubicunque
1102 1405 1290 1473 fuerit,
1322 1407 1442 1462 sive
1475 1406 1528 1460 in
1550 1405 1791 1469 civitate,
1816 1403 1932 1458 sive

357 1506 412 1559 in
443 1520 597 1576 agro,
630 1517 845 1574 semper
869 1503 1037 1559 habet
1067 1504 1549 1575 redemptionem.»
1577 1502 1632 1557 In
1672 1503 1776 1558 hoc
1810 1501 1931 1558 loco

355 1596 756 1655 sacerdotalem
812 1610 1028 1650 sensum
1056 1605 1111 1651 et
1159 1595 1455 1651 Leviticam
1515 1594 1928 1663 intelligentiam

353 1709 561 1766 quaero.
593 1691 710 1749 Non
744 1692 890 1748 enim
928 1691 1155 1748 inferior
1177 1706 1296 1749 esse
1319 1690 1479 1746 debet
1507 1691 1720 1745 auditor
1735 1690 1928 1745 horum

2031 486 2363 540 sanctorum,
2412 473 2505 528 sed
2533 470 2730 542 quibus
2766 468 3140 525 ostenderetur
3181 474 3494 537 peccatores
3541 469 3598 518 et

2029 570 2222 639 impios
2237 569 2288 623 in
2313 576 2520 639 partem
2539 574 2848 622 sanctorum
2867 563 3290 631 societatemque
3303 559 3593 616 conscisci.

2028 656 2313 729 Nunquam
2353 673 2482 726 ergo
2530 654 2881 711 sacerdotalis
2906 653 3176 724 possessio
3226 665 3257 703 a
3310 649 3596 704 sacerdote

2028 760 2332 817 separatur,
2361 746 2572 802 etiamsi
2605 746 2670 800 ad
2708 757 2914 816 tempus
2957 743 3118 799 fuerit
3143 740 3346 806 ablata,
3380 740 3593 795 etiamsi

2028 841 2194 897 fuerit
2231 840 2515 906 distracta,
2542 853 2757 908 semper
2781 836 3083 900 redimitur,
3116 848 3329 904 semper
3375 846 3596 901 repara-

2031 940 2135 995 tur,
2156 929 2299 985 velut
2320 930 2364 984 si
2398 930 2633 984 diceret:
2661 947 2680 980 t
2706 927 2977 995 Charitas,
3005 946 3025 979 ι
3067 940 3189 995 quae
3218 923 3456 996 perfecta
3488 930 3593 988 est,

2035 1042 2055 1075 ι
2089 1023 2269 1078 omnia
2305 1022 2528 1093 patitur,
2572 1020 2752 1075 omnia
2781 1028 2963 1090 sperat
2994 1016 3128 1089 (51),
3166 1015 3345 1071 omnia
3374 1016 3596 1079 tolerat,

2030 1113 2266 1169 cbaritas
2311 1127 2582 1183 nunquam
2614 1111 2760 1166 cadit
2796 1109 2862 1164 ⁸⁸.
2903 1129 2922 1161 ι
2964 1108 3056 1163 Sic
3092 1121 3222 1177 ergo
3245 1113 3301 1161 et
3327 1105 3596 1174 possessio

2029 1222 2095 1262 ac
2123 1207 2314 1262 domus
2345 1213 2661 1261 sanctorum
2689 1216 2964 1272 nunquam
2996 1200 3166 1267 cadit,
3201 1212 3480 1268 nunquam
3508 1211 3599 1250 au-

2029 1301 2222 1365 fertur,
2250 1314 2520 1369 nunquam
2546 1298 2611 1353 ab
2632 1313 2817 1353 eorum
2844 1296 2965 1367 jure
2987 1301 3288 1364 separatur.
3315 1291 3598 1359 Quomodo

2030 1390 2271 1463 separari
2306 1405 2336 1443 a
2359 1389 2732 1445 sacerdotibus
2761 1396 2938 1459 potest
2965 1387 3158 1441 domus
3184 1398 3303 1455 qua:
3328 1383 3595 1438 aedificata
3662 1412 3666 1415 η

2028 1493 2113 1539 est
2152 1497 2317 1553 supra
2366 1482 2772 1537 fundamentum
2818 1478 3191 1550 apostolorum
3224 1485 3277 1531 et
3302 1476 3597 1546 propheta-

2029 1590 2174 1640 rum,
2202 1576 2254 1631 in
2266 1590 2371 1646 qua
2391 1577 2506 1644 ipse
2529 1582 2612 1629 est
2635 1572 2909 1645 angularis
2933 1571 3066 1641 lapis
3082 1568 3237 1626 Jesus
3254 1567 3499 1624 Christus
3518 1566 3600 1621 “7

2031 1667 2183 1735 Quod
2212 1677 2389 1722 autem
2434 1667 2602 1737 possit
2632 1663 2922 1735 aliquando
2962 1664 3157 1718 domus
3189 1661 3295 1717 ista
3343 1658 3595 1726 distrahi,

355 1752 493 1860 ('29),
523 1787 571 1841 si
593 1786 709 1841 ﬁeri
746 1793 925 1854 ροιεει
956 1824 974 1850 ,
1025 1785 1117 1841 mo
1148 1787 1264 1854 ipso
1295 1785 1388 1856 qui
1438 1785 1552 1840 hac
1600 1784 1820 1853 scripsi,
1868 1793 1926 1839 et
1959 1757 2002 1813 Β
2033 1758 2133 1814 hoc
2160 1757 2593 1827 est,diujusmodi
2623 1754 2912 1811 aediﬁcatio
2943 1754 3182 1809 incidere
3208 1752 3259 1860 in
3286 1759 3595 1822 peccatum,

356 1879 566 1935 sanxit.
589 1876 729 1945 Quid
761 1886 845 1931 est
872 1877 1012 1947 fergo
1045 1879 1188 1947 quod
1224 1877 1486 1934 sacerdos
1517 1885 1571 1932 et
1616 1876 1800 1931 Levita
1831 1876 1927 1931 do-

357 1986 480 2026 mus
516 1984 630 2024 sua:
657 1982 891 2038 semper,
931 1976 987 2022 ct
1033 1970 1343 2038 ubicunque
1390 1966 1576 2032 fuerit,
1623 1968 1786 2024 habet
1841 1982 1930 2022 re-

358 2058 779 2130 demptionem?
862 2054 1173 2113 Secundum
1242 2057 1542 2126 spiritalem
1625 2057 1930 2128 intelligen-

358 2150 490 2204 tiam
545 2150 803 2205 sacerdos
856 2162 1010 2203 mens
1062 2147 1173 2202 Deo
1229 2158 1551 2205 consecrata
1603 2149 1823 2213 dicitur,
1874 2158 1928 2206 et

354 2241 523 2314 233
571 2240 699 2296 Levi
752 2239 1050 2310 appellatur
1087 2239 1134 2294 is
1164 2239 1255 2309 qui
1317 2240 1685 2296 indesinenter
1721 2240 1931 2298 assistit

357 2333 471 2388 Deo
506 2340 564 2387 et
592 2330 855 2387 voluntati
897 2332 1013 2402 ejus
1044 2331 1338 2387 ministrat.
1382 2330 1652 2388 Perfectio
1697 2347 1828 2403 ergo
1873 2334 1928 2390 in

356 2423 638 2479 intellectu
689 2432 743 2476 et
789 2437 977 2491 apere,
1015 2423 1069 2477 in
1101 2422 1204 2478 iide
1231 2432 1287 2480 et
1318 2423 1531 2479 actibus
1574 2425 1831 2481 sacerdos
1877 2433 1931 2481 et

357 2515 543 2574 Levita
579 2514 931 2584 accipiendus
966 2523 1070 2569 est.
1106 2513 1242 2568 Huic
1272 2514 1454 2583 itaque
1482 2512 1736 2583 perfecta:
1759 2516 1928 2570 menti

354 2609 400 2665 si
424 2605 692 2662 acciderit
720 2604 1010 2674 aliquando
1039 2603 1283 2669 domum,
1306 2619 1466 2674 quam
1495 2603 1654 2659 habet
1678 2619 1787 2661 non
1816 2620 1932 2659 ma-

355 2714 428 2752 nu
464 2695 665 2752 factam
698 2707 956 2750 aeternam
990 2695 1042 2750 in
1093 2694 1271 2761 cmlis,
1305 2695 1538 2751 vendere
1571 2704 1625 2750 et
1653 2695 1704 2749 in
1739 2710 1931 2752 manus

353 2790 583 2845 alterius
621 2789 793 2844 dare:
839 2788 979 2843 sicut
1027 2785 1578 2857 contigitaliquando
1610 2802 1806 2856 magno
1832 2802 1930 2857 pa-

356 2881 617 2936 triarchae
655 2878 849 2945 David,
878 2893 1000 2932 cum
1032 2877 1268 2932 detecto
1307 2891 1405 2931 suo
1444 2874 1587 2931 Uriai
1618 2874 1820 2932 Cetbaei
1846 2890 1934 2930 as-

353 2972 510 3043 pexit
530 2985 757 3027 uxorem
792 2988 806 3023 :
846 2969 1032 3025 statim
1060 2982 1179 3023 eam
1217 2969 1452 3034 redimit,
1485 2969 1667 3024 statim
1693 2979 1929 3037 reparat,

354 3065 543 3122 statim
582 3064 728 3120 enim
763 3063 899 3119 dixit
929 3064 1014 3119 “:
1049 3082 1068 3116 ι
1097 3061 1352 3119 Peccavi.
1382 3082 1402 3115 ι
1441 3063 1552 3119 lmo
1578 3078 1708 3120 vero
1730 3064 1930 3134 aliquid
1956 3102 2000 3159 ο

357 3159 538 3213 adhuc
572 3155 864 3212 sublimius
910 3156 965 3211 in
997 3157 1100 3211 hoc
1131 3169 1291 3210 sensu
1321 3153 1432 3227 (50)
1461 3154 1716 3211 debemus
1761 3155 1931 3226 inspi-

355 3265 509 3316 cere,
537 3248 816 3319 quomodo
842 3247 1033 3303 domus
1069 3245 1410 3302 sacerdotum
1435 3254 1489 3301 et
1514 3245 1847 3310 Levitarum,
1876 3245 1930 3300 id

353 3350 465 3407 est,
492 3339 862 3410 perfectarum
883 3337 1172 3400 mentium,
1204 3351 1418 3406 semper
1431 3335 1625 3391 delicta
1659 3335 1931 3390 rediman-

358 3442 468 3497 tur,
516 3445 846 3500 semperque
898 3435 1214 3500 purgentur.
1263 3427 1321 3483 Si
1361 3426 1580 3497 quando
1612 3425 1928 3497 Scripturas

358 3525 574 3581 divinas
599 3523 854 3594 legimus,
883 3531 938 3577 et
965 3528 1275 3576 sanctorum
1307 3518 1529 3573 Patrum
1560 3519 1611 3573 in
1638 3519 1708 3572 iis
1733 3518 1930 3575 delicta

360 3615 540 3686 aliqua
570 3628 918 3672 recensentus
949 3631 964 3667 :
992 3612 1038 3667 si
1061 3612 1355 3666 secundum
1377 3608 1605 3679 apostoli
1628 3608 1780 3664 Pauli
1803 3624 1928 3664 sen-

362 3705 586 3761 tentiam
609 3703 838 3759 dicimus
861 3700 928 3765 ⁸³,
961 3698 1086 3771 quia
1120 3717 1138 3751 ι
1175 3698 1289 3753 haec
1311 3697 1491 3752 omnia
1525 3696 1576 3750 in
1604 3695 1774 3767 figura
1799 3711 1931 3751 con-

359 3795 645 3866 tingebant
674 3793 800 3861 illis,
842 3793 1043 3862 scripta
1068 3798 1197 3846 sunt
1228 3798 1410 3844 autem
1438 3798 1658 3860 prapter
1684 3801 1931 3842 commo-

358 3888 622 3943 nitionem
647 3895 916 3951 nostram;
945 3902 963 3937 ι
996 3884 1101 3938 hoc
1118 3881 1277 3938 modo
1302 3895 1520 3950 semper
1541 3880 1732 3935 domus
1747 3892 1934 3932 eorum

360 3976 672 4044 redimitur,
700 3977 825 4046 quia
871 3989 1091 4049 semper
1126 3987 1224 4042 pro
1252 3971 1426 4041 culpis
1459 3984 1649 4026 eorum
1680 3967 1934 4038 purgatio

359 4077 417 4123 et
453 4066 755 4123 satisfactio
782 4082 813 4121 a
845 4065 1157 4122 doctoribus
1185 4063 1492 4129 adhibetur,
1520 4059 1934 4117 ostendentibus

361 4176 433 4218 ex
458 4160 659 4217 divinis
693 4160 992 4231 Scripturis
1018 4158 1219 4215 formas
1248 4156 1416 4212 fuisse
1442 4157 1559 4211 hare
1587 4166 1640 4211 et
1670 4153 1933 4224 imagines

432 4276 477 4312 ⁶¹
516 4272 694 4329 Levit.
728 4286 858 4333 xxv,
887 4270 977 4324 52.
1054 4272 1098 4302 ⁶²
1122 4270 1160 4323 ΙΙ
1191 4268 1326 4335 Reg.
1362 4283 1458 4335 xu,
1491 4266 1576 4322 l5.

364 4363 425 4416 tt,
452 4344 544 4401 20.
621 4343 709 4399 ⁸⁷1
738 4341 866 4398 Cor.
899 4357 982 4408 ιιι,
1011 4341 1099 4408 10,
1127 4339 1331 4407 11,12.

1678 4265 1725 4298 ⁸³
1769 4262 1939 4319 lCor.
1969 4278 2023 4328 ιι,
2052 4263 2141 4317 ll.

2029 1853 2153 1908 audi
2186 1852 2458 1923 apostolus
2503 1849 2702 1904 Paulus
2751 1848 3019 1915 quomodo
3063 1846 3129 1901 de
3182 1844 3383 1900 talibus
3419 1844 3596 1899 dicit:

2035 1962 2054 1997 ι
2094 1943 2166 2000 Ut
2209 1944 2427 2014 sapiens
2464 1942 2794 1997 architectus
2829 1938 3257 2001 fundamentum,
3298 1935 3474 2005 inquit
3523 1933 3597 1999 θ’,

2030 2035 2202 2107 posui,
2229 2035 2367 2090 alius
2383 2031 2796 2105 superedilicat,
2824 2031 3194 2101 unusquisque
3216 2036 3397 2083 autem
3415 2025 3600 2080 videat

2030 2126 2298 2197 quomodo
2340 2125 2754 2196 superasdilicet.
2800 2121 3229 2178 Fundamentum
3265 2120 3413 2175 enim
3454 2117 3599 2172 aliud

2030 2228 2377 2288 nemo.pote3t
2394 2231 2592 2289 ponere
2620 2226 2816 2287 praeter
2840 2216 2890 2270 id
2914 2214 3055 2286 quod
3076 2214 3308 2284 positum
3325 2222 3433 2276 est,
3456 2209 3601 2281 quod

2028 2316 2112 2364 est
2146 2308 2396 2362 Christus
2424 2304 2603 2360 Jesus.
2645 2303 2703 2359 Si
2725 2304 2846 2375 quis
2875 2312 3053 2358 autem
3079 2317 3243 2374 supra
3274 2301 3598 2356 fundamen-

2033 2409 2144 2452 tum
2174 2398 2279 2453 hoc
2295 2397 2530 2452 aedificat
2558 2412 2772 2463 aurum,
2810 2404 3118 2466 argentum,
3149 2393 3356 2462 lapides
3387 2390 3596 2462 pretio-

2031 2507 2142 2556 sos,
2172 2490 2338 2562 ligna,
2362 2489 2567 2558 fenum,
2592 2488 2864 2559 stipulam.
2897 2507 2917 2541 ι
2950 2487 3110 2543 Vides
3136 2501 3265 2559 ergo
3284 2486 3411 2556 quia
3436 2493 3598 2554 potes

2033 2600 2193 2653 supra
2223 2583 2630 2638 fundamentum
2654 2582 2853 2637 Christi
2883 2582 3156 2638 :editicare
3194 2580 3363 2650 ligna,
3385 2577 3597 2644 fenum,

2033 2679 2307 2749 stipulam,
2330 2678 2433 2733 hoc
2454 2689 2557 2739 est,
2575 2691 2739 2746 opera
2769 2674 3006 2745 peccati:
3036 2687 3156 2744 quae
3180 2670 3589 2742 aadificau'dl‘),

2033 2770 2151 2824 sine
2199 2767 2361 2823 dubio
2388 2766 2629 2823 vendidit
2658 2767 2875 2822 domum
2919 2779 3070 2820 suam
3100 2762 3331 2833 emptori
3365 2761 3603 2832 pessimo

2034 2860 2268 2926 diabolo,
2292 2876 2322 2915 a
2353 2875 2461 2930 quo
2495 2858 2864 2929 unusquisque
2882 2857 3221 2930 peccantium
3253 2855 3457 2927 peccati
3475 2868 3602 2923 pre-
3680 2906 3691 2919 ί

2032 2955 2167 3009 tium
2213 2952 2327 3026 (52)
2367 2952 2718 3021 consequitur
2751 2949 3174 3007 satisfactionem
3211 2946 3461 3003 desiderii
3493 2945 3601 3002 sui.

2035 3045 2148 3101 Hoc
2177 3044 2223 3100 si
2252 3043 2392 3100 forte
2419 3042 2717 3097 incurrerit
2739 3041 2955 3111 aliquis,
2986 3040 3130 3111 quod
3160 3037 3332 3095 absit!
3365 3038 3478 3093 cito
3516 3053 3604 3095 re-

2033 3138 2223 3204 dimat,
2246 3137 2355 3193 cito
2383 3143 2615 3207 reparet,
2639 3136 2766 3190 dum
2796 3144 3004 3204 tempus
3027 3142 3108 3189 est
3131 3133 3437 3203 reparandi,
3471 3132 3600 3187 dum

2034 3230 2366 3302 pmnitentia:
2400 3228 2546 3285 locus
2567 3237 2669 3294 est,
2713 3228 3064 3297 deprecantes
3092 3226 3146 3281 in
3180 3240 3487 3289 commune,
3535 3239 3605 3279 ne

2032 3335 2246 3378 aeternae
2260 3322 2451 3379 domus
2472 3319 2806 3376 habitatione
2835 3318 3175 3386 fraudemur,
3209 3317 3304 3374 sed
3329 3317 3474 3387 digni
3508 3316 3606 3370 ha-

2035 3418 2260 3473 beamur
2291 3414 2455 3486 recipi
2482 3414 2535 3469 in
2580 3423 2780 3469 aeterna
2811 3410 3178 3476 tabernacula,
3205 3425 3304 3480 per
3326 3410 3603 3466 Christum

2033 3508 2321 3564 Dominum
2362 3515 2625 3568 nostrum,
2656 3504 2743 3561 cui
2784 3512 2868 3559 est
2886 3503 3056 3574 gloria
3089 3513 3144 3559 et
3166 3502 3456 3573 imperium
3487 3499 3604 3573 (53)

2037 3600 2092 3656 in
2120 3599 2316 3657 saecula
2346 3598 2691 3655 saeculorum.
2726 3597 2920 3651 Amen.

2592 3685 2876 3741 HOMILIA
2902 3683 3045 3740 XVI.

2396 3778 2470 3832 De
2526 3776 2970 3832 benedictionibus
3013 3773 3255 3828 Levitici.

2113 3874 2164 3929 l.
2217 3871 2273 3925 In
2325 3869 2587 3938 agonibus
2630 3867 3003 3938 corporalibus
3046 3866 3247 3936 gradus
3275 3865 3496 3934 quidam
3552 3871 3608 3918 et

2039 3963 2360 4022 differentia:
2391 3962 2727 4033 singulorum
2770 3975 3110 4030 quorumque
3136 3958 3420 4015 observari
3456 3957 3605 4013 ordi-

2039 4075 2168 4114 num
2194 4056 2392 4121 solent,
2425 4064 2484 4109 ut
2509 4070 2608 4126 pro
2641 4052 2905 4125 qualitate
2957 4052 3338 4118 certaminum,
3381 4051 3604 4122 praemio

2038 4160 2420 4205 remuneretur
2437 4148 2808 4216 unusquisque
2835 4146 3095 4203 victoriae.
3134 4144 3299 4201 Verbi
3333 4142 3529 4215 gratia,
3556 4142 3606 4198 si

2222 4261 2267 4294 οδ
2290 4259 2456 4315 Hebr.
2480 4276 2537 4323 χ,
2576 4260 2627 4313 l.
2704 4258 2749 4291 “
2779 4258 2796 4312 l
2827 4257 2953 4314 Cor.
2981 4272 3102 4324 xm,
3128 4258 3182 4322 7,
3201 4259 3254 4312 8.
3333 4256 3380 4289 “
3398 4254 3601 4327 Ephes.

360 4452 972 4528 consignata;_nam__in
1005 4453 1179 4528 locum
1213 4448 1412 4528 veteris
1456 4446 1611 4528 cujus
1660 4444 1934 4528 scriptura
1965 4451 2009 4506 D
2039 4451 2127 4523 es!
2149 4437 2413 4528 εἱιιβηιριξξ
2444 4436 2761 4528 Ρξ¹¹¹¹Ῐ⁰¹¹,¹“¹¹¹¹
2813 4434 3296 4528 πίθείδφνθήεδθ
3355 4453 3386 4493 ³
3430 4438 3613 4528 ,δίξθιθ

359 4515 655 4591 θηείῗὲει,
694 4515 1005 4577 obtruditur
1044 4518 1318 4591 in_codice
1349 4532 1470 4591 mox
1494 4515 1660 4591 citato
1696 4515 1933 4584 Sanger-

362 4587 718 4653 maneusi.’3°
745 4592 932 4648 Lectio
974 4608 986 4644 :
1029 4611 1046 4643 ι
1095 4589 1151 4644 Si
1184 4603 1284 4643 nos
1319 4588 1497 4657 aliqua
1532 4587 1691 4654 culpa
1726 4597 1935 4640 morta-

363 4671 429 4724 lis
463 4666 899 4733 invenerit,qu:e
928 4678 1034 4716 non
1065 4662 1120 4714 in
1169 4659 1405 4733 _e_rimine
1434 4657 1744 4733 mortali,__i
1803 4664 1937 4733 etc.,

362 4724 908 4858 pmterquatnq'uod
935 4735 1135 4787 citatur
1169 4728 1362 4784 iisdem
1392 4728 1580 4784 verbis
1610 4743 1640 4779 a
1683 4724 1938 4807 Magistro

364 4806 765 4858 sententiarum
804 4804 878 4858 ib.
909 4818 986 4858 tv.
1008 4802 1248 4855 distinct.
1291 4798 1378 4858 M.
1407 4798 1679 4858 reperitur
1716 4810 1938 4858 insuper

364 4797 765 4877 sententiarum
783 4797 878 4858 lib.
909 4818 986 4877 tv,
1008 4802 1248 4877 distinct.
1291 4798 1378 4860 M,
1407 4798 1679 4877 reperitur
1716 4797 1939 4877 insuper

364 4872 418 4933 in
456 4874 713 4931 oumibus
743 4872 1138 4930 vetustioribus
1182 4868 1588 4939 manuscriptis,
1625 4867 1776 4939 verbi
1812 4882 1940 4937 gra-

367 4950 441 5003 tia
470 4943 941 5015 Sangermanensi
961 4942 1053 5012 qui
1087 4956 1151 4995 ex
1180 4936 1507 5015 charactere
1547 4936 1745 5015 nnciali
1782 4945 1945 5015 sexto

364 5018 452 5074 vel
480 5007 713 5087 septimo
740 5007 998 5087 Ecclesia:
1028 5011 1228 5087 saeculo
1259 5009 1497 5078 scriptus
1523 5009 1769 5087 videtur,
1800 5016 1857 5087 et
1885 5007 1938 5060 in

363 5077 909 5151 almro'Fossatensi,
947 5098 1092 5137 nunc
1124 5077 1585 5151 Sangermanensi
1634 5078 1724 5148 qui
1771 5077 1938 5132 etiam

362 5167 581 5214 etatem
618 5150 725 5212 800
748 5169 1017 5210 annorum
1053 5150 1251 5222 arguit.

434 5227 552 5300 (27)
573 5224 779 5300 Omnes
814 5241 975 5300 mss.,
1005 5241 1024 5274 ι
1054 5218 1571 5300 sermonis.i_Libb.
1601 5218 1756 5282 editi,
1793 5232 1942 5271 «ser-

364 5291 641 5355 monibus.
685 5315 707 5351 ι
759 5293 904 5351 Infra
961 5309 1115 5357 mss.,
1177 5310 1195 5343 ι
1260 5291 1652 5361 paenitudinem
1700 5303 1882 5359 agere.
1915 5307 1936 5339 ι

366 5366 528 5437 bibit.
555 5367 710 5437 editi,
743 5384 762 5419 ι
800 5364 1192 5437 paenitudinem
1221 5375 1430 5437 gerere.
1475 5379 1494 5411 ι

439 5436 556 5510 (28)
589 5427 765 5494 διοιὶεί
791 5427 994 5510 tantum
1044 5427 1363 5510 paenitentiae
1390 5471 1405 5494 ,
1444 5442 1565 5510 etc.
1593 5427 1750 5510 Libb.
1810 5428 1940 5510 editi

370 5500 596 5570 habent,
624 5526 644 5560 ι
682 5507 850 5562 semel
883 5500 1090 5559 tantum
1124 5503 1205 5557 vel
1249 5516 1372 5557 raro
1401 5500 1787 5571 pcernitejntim,»
1832 5508 1938 5553 etc.

370 5580 477 5634 Sed
505 5569 648 5633 istud
702 5595 721 5628 ι
756 5577 842 5631 vel
887 5591 1012 5631 raro
1051 5594 1069 5624 ι
1119 5574 1273 5628 abest
1335 5569 1415 5627 ab»
1447 5569 1700 5625 omnibus
1746 5585 1940 5624 manu-

371 5649 595 5718 scriptis
622 5648 904 5719 codicibus
934 5661 1035 5719 nec
1071 5644 1384 5719 agnoscitur
1423 5656 1454 5696 a
1494 5640 1753 5719 Magistro
1810 5655 1942 5719 sen-

375 5710 665 5774 tentiarum
700 5718 796 5773 lib.
828 5732 903 5785 tv,
936 5715 1062 5771 dist.
1079 5710 1132 5769 Αἰ
1162 5711 1315 5770 Unde
1369 5710 1646 5768 nonnullis
1698 5711 1942 5782 suspicio

2038 4512 2131 4580 qui
2161 4507 2359 4564 veteris
2375 4508 2626 4580 Ecclesia:
2648 4508 2902 4580 ignorans
2923 4507 3261 4576 disciplinam
3293 4525 3399 4578 qua
3429 4508 3607 4565 letha-

2040 4577 2171 4635 lium
2202 4581 2491 4649 criminum
2522 4578 2628 4632 reis
2658 4577 2828 4649 semel
2865 4587 3071 4649 tantum
3107 4577 3428 4649 poenitentia
3481 4596 3609 4635 cou-

2038 4650 2354 4713 cedebatnr,
2383 4648 2634 4719 Origenis
2656 4648 2837 4719 locum
2861 4648 2928 4701 ad
2961 4648 3303 4705 communem
3327 4651 3411 4704 sui
3470 4660 3609 4706 tem-

2040 4724 2188 4791 poris
2212 4718 2663 4791 scholasticorum
2695 4718 3003 4791 opinionem
3040 4721 3228 4788 paucis
3261 4721 3491 4791 adjectis
3525 4737 3610 4777 re.

2041 4788 2235 4847 vocare
2265 4790 2512 4845 tentavit.
2536 4789 2704 4846 Porro
2726 4788 2823 4861 qui
2840 4788 2970 4861 olim
2995 4799 3114 4861 post
3133 4802 3307 4861 actam
3332 4788 3612 4861 paeniten-

2042 4863 2167 4917 tiatn
2202 4863 2254 4915 in
2288 4862 2474 4914 cadent
2522 4868 2617 4914 aut
2666 4859 2862 4931 similia
2920 4859 3241 4915 labebantur
3277 4859 3501 4931 ﬂagitia,
3541 4865 3609 4916 ab

2040 4933 2186 4987 omni
2216 4931 2478 5001 deinceps
2516 4932 2634 4986 sive
2672 4930 2887 5001 publica
2923 4931 3038 4985 sive
3077 4932 3288 4999 privata
3348 4930 3612 5001 pmniten-

2042 5007 2116 5056 tia
2166 5002 2409 5072 repulsos
2458 5000 2627 5072 fuisse
2685 5000 2901 5055 abunde
2939 5002 3318 5057 demonstrant
3365 5005 3609 5057 Morinus

2041 5074 2136 5128 lib.
2170 5070 2374 5141 v,'cap.
2398 5072 2490 5139 27,
2522 5082 2575 5127 et
2597 5070 2852 5126 Petavius
2880 5073 2932 5126 in
2996 5073 3110 5129 suis
3157 5073 3608 5129 Adnotatiom’bus

2041 5143 2110 5197 ad
2151 5141 2530 5210 Epiphaniam,
2563 5141 2753 5196 haeres.
2803 5157 2914 5196 ιιι.

2114 5212 2226 5286 (29)
2250 5215 2433 5286 Codex
2464 5214 3065 5286 S‘angermqtauctor
3089 5228 3306 5279 aurum,
3344 5234 3361 5267 ι
3399 5224 3507 5268 etc.

2111 5282 2224 5351 ('50)
2256 5282 2449 5338 Sensit.
2483 5282 2644 5337 Deest
2682 5283 2737 5336 in
2767 5283 2900 5339 libb.
2937 5294 3098 5339 antea
3136 5286 3319 5348 editis,
3350 5289 3444 5339 sed
3482 5301 3611 5354 sup-

2042 5354 2224 5426 pletur
2247 5369 2288 5426 e
2302 5353 2709 5426 manuscriptis.

2113 5424 2857 5497 (51)M_ss.,¢_omniasperat.
2881 5423 3062 5497 »ιιωλ
3086 5423 3418 5493 ed.,romnia
3436 5438 3554 5495 sup.
3584 5447 3603 5479 ι

2115 5492 2252 5563 ("Si")
2268 5492 2404 5552 Fort
2421 5495 2581 5565 leg,,¢
2604 5493 2705 5559 Qui
2739 5494 2854 5549 haec
2878 5496 3171 5551 aediﬁcat.»

2116 5565 2232 5640 (ξιξ)
2265 5566 2415 5640 ρὶξη
2435 5581 2454 5617 ι
2478 5564 2730 5640 pretium.
2772 5583 2790 5615 ›
2822 5565 3160 5640 Li‘bb.__editi,
3191 5564 3542 5640 cuprmmium.
3583 5582 3602 5614 ι

2115 5624 2228 5707 (55)
2260 5624 2329 5687 Et
2351 5624 2669 5715 impii-ium;
2684 5633 2845 5691 Deest
2881 5636 2935 5688 in
2971 5637 3124 5715 libris
3148 5624 3337 5700 edi-tis,
3363 5639 3456 5689 sed
3486 5648 3608 5701 sup-

2041 5704 2219 5778 pletur
2242 5721 2272 5763 e
2295 5720 2397 5764 ms.
2422 5704 2612 5763 codice
2639 5704 3117 5776 Sangcrmaneusi.
