4074 6156
445 150 549 210 585

1884 152 2202 209 ORIGENJS

3589 148 3694 201 561

446 265 590 319 inter
627 281 825 334 pueros
845 269 967 337 quis
1004 269 1199 325 habeat.
1237 284 1488 340 agonem,
1515 272 1560 326 si
1602 273 1740 328 inter
1763 273 2009 342 juvenes.
2040 277 2086 332 Α
2120 285 2223 324 non
2270 277 2468 334 tamen,
2499 280 2553 324 ut
2585 269 2902 339 quibusdam
2933 269 3166 333 videtur,
3215 267 3285 321 ita
3320 268 3376 322 iu
3403 265 3529 319 illos
3547 267 3694 320 solos

443 358 492 411 si
525 359 667 412 inter
710 360 878 424 viros,
911 377 1028 430 qua:
1053 377 1150 430 per
1193 363 1436 432 singulos
1461 365 1680 419 ordines
1705 365 2014 419 observatio

447 449 633 504 haberi
681 453 894 514 debeat,
927 453 1056 521 qttid
1103 454 1218 508 lieri
1245 454 1424 522 liceat,
1455 456 1653 526 quidve
1677 471 1790 511 non
1828 455 2012 520 liceat,

449 551 502 594 et
531 557 650 609 quae
672 545 992 598 certaminis
1024 546 1204 614 regula
1243 548 1530 613 custodiri,
1553 550 1684 619 qttid
1707 549 1878 602 etiam'
1893 555 2016 617 post

449 632 564 684 haec
587 637 1042 690 remunerationis
1080 650 1352 693 mereatur
1375 640 1549 709 palma
1575 641 1861 704 vincentis,
1885 640 2015 710 ipsis

449 721 800 778 nihilominus
861 729 1103 796 agonicis
1153 728 1360 800 legibus
1414 742 1628 786 cautum
1673 742 1775 786 est.
1831 731 1907 785 lta
1961 741 2016 786 et

450 816 946 883 nuneomni‘potcns
979 818 1118 874 Deus
1145 821 1497 877 observandae
1525 823 1660 893 legis
1684 839 1794 878 sua:
1829 824 1881 878 in
1915 814 2017 879 hoc

449 906 648 958 mundo
665 922 893 977 agonem
928 912 1246 968 mortalibus
1269 930 1495 983 ponens,
1521 926 1870 986 posteaquam
1907 927 2017 970 tra-

447 995 584 1050 didit
614 999 951 1077 obsmvanda
973 1005 1390 1075 quamplurima,
1427 1017 1479 1062 et
1511 1008 1639 1077 quid
1679 1009 1793 1064 ﬁeri
1819 1010 2017 1079 quidve

450 1102 555 1142 non
575 1088 688 1143 ﬁeri
706 1091 922 1156 debeat,
951 1097 1202 1166 ascripsit
1236 1100 1657 1165 ;convenienter
1673 1103 1739 1155 ad
1770 1102 2016 1157 ultimum

443 1177 562 1246 jam
597 1180 824 1238 Levitici
872 1186 1091 1254 librum,
1126 1191 1177 1243 itt
1209 1206 1314 1258 quo
1345 1192 1411 1247 de
1447 1193 1674 1264 singulis
1715 1195 2018 1266 quibusque

448 1271 921 1330 observationibus
961 1281 1313 1334 constitutum
1339 1291 1442 1346 est,
1476 1284 1607 1351 quid
1657 1285 1896 1339 muneris
1935 1281 2020 1339 re-

451 1371 630 1428 portet
651 1365 742 1432 qui
769 1365 1092 1434 impleverit,
1133 1382 1190 1424 et
1219 1373 1346 1440 quid
1369 1388 1540 1441 ptenze
1570 1375 1762 1429 subeat
1793 1376 1881 1444 qui
1914 1391 2016 1429 non

449 1453 846 1522 observaverit,
871 1461 1135 1514 enuntiat.
1169 1460 1276 1516 Sed
1321 1464 1365 1517 si
1401 1463 1486 1518 lex
1530 1467 1826 1520 secundum
1874 1469 2018 1536 quod

449 1542 615 1598 Judaei
641 1547 846 1614 volunt,
877 1560 932 1605 et
969 1552 1020 1606 h'i
1059 1553 1153 1622 qui
1176 1569 1364 1611 eorum
1401 1570 1562 1610 sensu
1595 1555 1904 1626 Scripturas
1938 1558 2020 1612 in-

451 1635 768 1707 telligendas
801 1651 1014 1710 putant,
1055 1661 1162 1700 non
1213 1657 1297 1703 est
1328 1649 1605 1719 spiritalis,
1637 1651 1728 1704 sed
1761 1652 2016 1719 carnalis,

450 1730 668 1784 dubium
705 1749 808 1788 non
842 1745 925 1790 est
957 1738 1084 1806 quin
1120 1740 1402 1795 observata
1439 1741 1755 1808 carnaliter,
1797 1743 2020 1798 benedi-

368 1901 370 1903 .
451 1823 656 1880 cliones
689 1839 904 1897 quoque
946 1831 1194 1886 carnales
1222 1833 1642 1889 observantibus
1683 1836 1908 1890 tribuat.
1961 1835 2017 1891 Si

449 1928 599 1979 vero,
631 1924 690 1970 ttt
716 1916 883 1972 Paulo
921 1921 1138 1975 videtur
1173 1923 1434 1992 apostolo,
1475 1924 1562 1978 lex
1594 1925 1854 1996 spiritalis
1912 1938 2018 1994 est,

450 2007 568 2062 sine
588 2007 751 2062 dubio
785 2018 838 2063 et
871 2012 1190 2081 spiritaliter
1217 2014 1553 2070 observanda
1580 2027 1684 2081 est,
1715 2027 1772 2072 et
1798 2019 2019 2087 spirita-

451 2096 519 2150 lis
548 2111 616 2152 ex
641 2113 704 2153 ea
728 2099 1161 2158 benedictionum
1199 2109 1468 2175 speranda
1497 2110 1879 2165 remuneratio.
1908 2110 2016 2163 To-

453 2189 566 2243 tius
612 2205 848 2259 namque
899 2197 1308 2264 consequentia:
1359 2207 1464 2263 est,
1512 2199 1811 2269 spiritalem
1848 2201 2016 2270 legem

451 2279 858 2338 benedictiones
890 2285 1022 2342 dare
1055 2289 1347 2358 spiritales,
1397 2301 1452 2347 et
1481 2291 1716 2360 ejusdem
1747 2295 2020 2349 nihilomi-

451 2388 553 2427 nus
604 2379 1005 2444 consequentiaa
1037 2390 1139 2447 est,
1185 2383 1352 2437 etiam
1391 2385 1677 2439 maledicta
1720 2395 1774 2440 et
1817 2389 2018 2442 conde-

451 2465 752 2520 mnat-iones
779 2466 909 2536 legis
928 2470 1189 2538 spiritalis
1217 2489 1322 2527 non
1342 2488 1466 2528 esse
1486 2490 1803 2543 corporeas.
1829 2476 1934 2530 Sed
1964 2485 2022 2531 ttt

452 2551 812 2612 indubitatum
854 2559 924 2614 sit
949 2563 1088 2630 quod
1117 2563 1370 2628 dicimus,
1400 2564 1571 2634 ipsius
1597 2565 1752 2619 Pauli
1789 2568 2020 2636 apostoli

451 2659 587 2701 voce
614 2655 852 2715 utamur,
883 2667 990 2719 qua
1017 2653 1084 2707 ad
1115 2654 1375 2722 Ephesios
1398 2657 1640 2712 scribens
1675 2659 1740 2712 de
1769 2660 2020 2728 Spiritus-

453 2733 590 2788 libus
622 2736 1085 2796 benedictionibus
1108 2743 1210 2798 hoc
1229 2747 1384 2800 modo
1409 2748 1754 2815 pronuntiat:
1796 2767 1815 2799 ι
1846 2748 2016 2804 Bene-

451 2824 852 2899 dictus,-inquit
875 2833 941 2898 ⁸⁸,
983 2833 1124 2890 Deus
1160 2844 1215 2888 et
1251 2836 1414 2892 Pater
1436 2839 1650 2893 Domini
1700 2840 1868 2895 nostri
1893 2839 2016 2895 Jesu

2115 361 2445 431 diriguntur,
2488 373 2547 416 ttt
2579 362 2716 415 alius
2748 377 2810 416 ex
2841 362 2924 415 his
2964 360 3294 430 participare
3326 373 3436 412 non
3479 358 3692 424 possit:

2116 455 2320 510 idcirco
2355 469 2447 509 eas
2485 453 2758 522 spiritales
2801 451 3089 522 Apostolus
3126 449 3446 510 nominavit,
3484 458 3541 502 ut
3575 448 3695 516 qui-

2116 561 2327 615 cunque
2379 545 2515 601 eflici
2571 545 2807 615 potuerit
2838 545 2889 598 in
2936 545 3138 598 virtute
3169 551 3222 595 et
3267 541 3484 609 spiritu,
3542 539 3692 592 verbi

2115 638 2312 708 gratia,
2354 637 2503 704 Sent,
2536 637 2618 690 vel
2649 635 2861 704 Japhet,
2904 634 2984 688 vel
3021 633 3241 703 Joseph,
3272 641 3365 685 aut
3392 629 3567 692 lsaac,
3604 641 3695 682 aut

2114 730 2302 796 Jacob,
2350 731 2490 784 sicut
2538 739 2593 781 et
2619 727 2852 785 Joannes
2900 726 3000 780 fuit
3049 727 3100 780 in
3153 723 3345 794 spiritu
3403 731 3459 776 et
3495 721 3696 773 virtute

2115 825 2264 888 Elite,
2292 823 2461 893 possit
2481 821 2646 876 etiam
2680 821 2798 891 ipse
2827 818 3219 874 benedictionis
3245 815 3390 869 illius
3421 813 3697 881 particeps

2125 915 2262 978 ﬁeri,
2293 917 2446 984 cujus
2481 914 2735 967 virtutem
2767 920 2820 966 et
2855 910 3102 980 spiritum
3138 907 3385 978 gesserit.
3525 962 3530 964 _

2185 1006 2242 1060 2.
2271 1007 2375 1062 Sed
2401 1005 2682 1059 videamus
2721 1017 2865 1057 nunc
2891 1003 2942 1054 in
2973 999 3217 1054 Levitico
3248 997 3694 1052 benedictionunt

2116 1099 2259 1168 quod
2279 1098 2349 1151 sit
2372 1095 2674 1152 exordium.
2703 1110 2722 1144 ι
2750 1092 2830 1157 Si,
2863 1092 3038 1162 inquit
3060 1091 3126 1158 ‘9,
3153 1091 3210 1143 in
3241 1089 3534 1158 praeceptis
3560 1088 3697 1141 meis

2118 1187 2550 1250 ambulaveritis,
2580 1195 2634 1240 et
2663 1184 2915 1238 mandata
2951 1197 3066 1236 mea
3111 1168 3490 1236 custodieritis
3527 1187 3582 1233 et
3615 1179 3694 1232 fe-

2118 1283 2302 1337 ceritis
2333 1297 2418 1339 ea.
2444 1300 2467 1333 ι
2507 1279 2631 1334 Tria
2657 1287 2781 1333 sunt
2811 1291 2931 1345 quae
2957 1273 3088 1328 dicit
3119 1292 3132 1328 :
3162 1274 3214 1327 in
3252 1272 3547 1342 praeceptis
3583 1287 3697 1323 am-

2119 1373 2431 1434 bulandum,
2473 1371 2721 1424 mandata
2753 1367 3128 1428 custodienda,
3174 1373 3229 1418 et
3279 1363 3534 1417 facienda
3579 1377 3696 1430 qua:

2119 1465 2368 1519 mandata
2412 1471 2556 1517 sunt.
2601 1461 2754 1517 Unde
2779 1459 2991 1513 videtur
3017 1456 3147 1509 mihi
3189 1464 3525 1524 praeceptum
3555 1467 3696 1518 esse,

2119 1557 2266 1611 verbi
2294 1556 2489 1624 gratia,
2521 1569 2644 1608 cum
2669 1552 2889 1620 juhetur
2916 1557 2976 1604 ut
3007 1550 3098 1604 ille
3122 1550 3212 1618 qui
3246 1547 3557 1601 Sabbatum
3590 1561 3693 1597 nou

2122 1650 2383 1711 servavit,
2411 1649 2478 1703 ab
2505 1645 2650 1700 omni
2679 1658 2949 1715 synagoga
2986 1642 3252 1711 Iapidetur
3280 1655 3294 1691 :
3328 1649 3429 1693 aut
3461 1638 3554 1707 qui
3589 1650 3701 1689 nta-

2122 1742 2310 1796 ledixit
2348 1739 2630 1795 Dominum
2670 1747 2726 1790 ιιι
2751 1736 3018 1805 lapidibus
3057 1736 3384 1804 perimatur,
3423 1741 3480 1785 et
3510 1731 3555 1784 si
3593 1745 3696 1797 qua

2087 1831 2374 1915 ljubentur
2426 1828 2758 1899 huiusmodi.
2813 1827 3065 1880 Mandata
3109 1839 3240 1878 vero
3285 1837 3434 1883 esse,
3501 1823 3698 1889 quibus

2117 1923 2355 1990 jubetur,
2405 1921 2553 1974 verbi
2608 1934 2795 1983 causa,
2837 1917 3077 1972 decimas
3113 1913 3298 1971 oll‘erri
3326 1913 3560 1976 Levitis,
3613 1911 3697 1964 vel

2121 2013 2274 2066 terin
2305 2027 2445 2066 anno
2475 2025 2739 2080 apparere
2769 2010 3018 2072 Domino,
3051 2007 3137 2062 vel
3166 2023 3270 2061 nou
3301 2021 3578 2076 apparere
3603 2020 3697 2056 va-

2120 2118 2278 2157 cuum
2333 2104 2386 2154 iu
2443 2110 2735 2170 conspectu
2794 2099 3027 2152 Domini.
3088 2097 3378 2152 Custodire
3435 2103 3520 2149 est
3567 2108 3696 2162 ergo

2123 2177 2459 2258 mandatum,
2487 2193 2793 2261 intelligere
2824 2191 2906 2244 vel
2936 2192 3218 2244 advertere
3250 2205 3373 2258 quae
3405 2189 3693 2257 jubentur.

2121 2286 2320 2341 Facere
2349 2295 2522 2340 autem
2548 2284 2883 2350 mandatum,
2910 2291 2992 2336 est
3020 2283 3245 2351 implere
3271 2281 3693 2350 qumjubentur.

2123 2377 2213 2431 Sic
2261 2391 2389 2445 ergo
2419 2375 2825 2445 intelligendum
2869 2385 2999 2443 puto
3039 2375 3181 2443 quod
3225 2373 3364 2426 dixit
3401 2389 3416 2425 :
3464 2389 3484 2422 ι
3532 2370 3590 2425 Si
3643 2371 3694 2422 in

2121 2469 2401 2539 prtcceptis
2437 2468 2573 2522 meis
2613 2455 3044 2528 ambulaveritis,
3077 2477 3131 2520 et
3159 2465 3420 2519 mandata
3458 2478 3574 2517 mea
3602 2477 3696 2515 cu-

2123 2562 2439 2625 stodieritis,
2473 2571 2527 2614 et
2563 2559 2808 2614 feceritis
2840 2574 2926 2611 ea.
2967 2578 2985 2611 ι
3022 2559 3124 2613 Sed
3156 2559 3447 2612 videamus
3479 2569 3600 2624 quze
3627 2553 3697 2606 sit

2123 2654 2295 2722 prima
2330 2652 2634 2706 benedictio
2673 2651 2738 2705 iis
2764 2653 2853 2720 qui
2887 2667 2949 2704 ea
2987 2667 3108 2720 qua:
3141 2651 3476 2704 mandantur
3505 2645 3695 2717 imple-

2122 2747 2318 2800 verint.
2341 2764 2359 2795 ι
2391 2745 2559 2810 Dabo,
2596 2745 2769 2814 inquit
2793 2745 2861 2806 ⁷ο,
2891 2743 3126 2812 pluviam
3159 2741 3312 2794 vobis
3345 2741 3406 2793 in
3449 2751 3694 2808 tempore

2123 2851 2241 2891 suo.
2279 2855 2297 2886 ι
2340 2833 2505 2904 Igitur
2535 2835 2708 2903 primo
2736 2833 2800 2886 ad
2832 2831 3044 2886 Iudaeos
3086 2831 3352 2893 dicamus,
3399 2840 3458 2882 et
3484 2843 3579 2883 eos
3603 2827 3692 2894 qui

452 2916 675 2986 Christi,
700 2924 790 2992 qui
824 2924 1093 2979 benedixit
1124 2943 1220 2983 nos
1253 2929 1302 2981 in
1336 2930 1484 2985 omni
1507 2932 1884 2987 benedictione
1910 2933 2020 3002 spi~
2047 2951 2088 3008 ρ
2122 2927 2440 2996 simpliciter
2485 2925 2567 2978 vel
2603 2923 2958 2995 corporaliter
3012 2924 3126 2977 lucc
3174 2922 3536 2990 intelligenda
3580 2919 3696 2987 opi-

455 3011 597 3064 ritali
636 3011 686 3065 in
715 3016 1027 3072 coelestibus
1067 3019 1120 3071 in
1158 3018 1399 3077 Christo.
1450 3041 1468 3074 ι
1503 3023 1770 3089 Quoniam
1801 3026 2016 3095 quidem

455 3103 658 3158 sciebat
680 3107 967 3164 nonnullos
995 3109 1236 3180 legentes
1263 3114 1328 3167 de
1355 3115 1819 3172 benedictionibus
1863 3133 2021 3186 posse

456 3193 511 3244 in
542 3193 594 3247 id
626 3196 856 3264 prolabi,
878 3207 939 3252 ut
961 3213 1054 3252 eas
1072 3201 1655 3270 corporalesﬁputarent
1677 3215 1730 3258 et
1753 3216 2016 3269 terrenas,

455 3285 626 3340 voluit
653 3287 732 3342 eis
757 3289 1062 3345 evidentius
1097 3293 1311 3362 aperire
1344 3309 1463 3363 qua:
1489 3295 1558 3348 sit
1591 3296 1895 3351 divinarum
1928 3298 2017 3353 be-

457 3379 820 3436 uedictionum
855 3393 1068 3451 natura,
1098 3385 1178 3439 vel
1208 3385 1293 3440 ubi
1331 3389 1640 3452 quaerenda,
1666 3398 1720 3442 et
1747 3389 1866 3444 ideo
1899 3391 1973 3445 ait
2005 3411 2016 3445 :

461 3487 478 3518 ι
508 3467 608 3535 Qui
640 3471 913 3526 benedixit
941 3488 1038 3528 nos
1063 3474 1114 3528 in
1157 3475 1300 3529 omni
1327 3475 1702 3532 benedictione
1725 3477 1889 3550 264
1912 3480 2022 3547 spi-

455 3559 598 3615 ritali
634 3563 684 3616 in
725 3564 1039 3620 ccelestibus
1073 3567 1127 3620 in
1157 3566 1394 3621 Christo.
1429 3586 1448 3618 ι
1491 3567 1596 3621 Sed
1632 3577 1688 3623 et
1718 3570 1819 3624 hoc
1875 3571 2020 3638 quod

455 3655 682 3720 addidit,
726 3676 744 3708 ι
787 3659 838 3712 in
871 3661 1018 3714 omni
1054 3661 1429 3716 benedictione
1459 3661 1713 3730 spiritali,
1747 3679 1765 3714 ι
1807 3674 2022 3718 nonest

454 3745 710 3808 otiosunt,
743 3749 835 3803 sed
867 3751 1179 3819 apostolicae
1207 3753 1567 3808 vehementia:
1611 3754 1848 3822 plenum.
1883 3753 2018 3808 Nam

454 3835 580 3904 quia
612 3837 819 3892 sciebat
847 3841 1010 3895 multa
1050 3857 1174 3898 esse
1205 3843 1496 3913 implenda,
1534 3859 1652 3912 qua:
1695 3847 2022 3900 mandantur

455 3926 508 3978 in
537 3925 670 3996 lege,
695 3939 750 3982 et
777 3929 830 3982 in
865 3947 1184 4002 unoquoque
1218 3935 1470 3988 mandato
1495 3936 1741 4004 proprios
1756 3939 2021 3992 exsistere

454 4034 674 4087 agones,
709 4020 762 4074 iu
813 4023 1010 4092 quibus
1055 4041 1152 4094 per
1186 4027 1399 4095 singula
1439 4027 1870 4084 benedictionem
1927 4032 2018 4099 qui

452 4109 697 4163 vinceret
731 4124 1048 4179 mereretur,
1081 4114 1199 4169 ideo
1228 4115 1362 4169 dixit
1391 4131 1402 4165 :
1437 4141 1454 4166 ι
1491 4115 1589 4182 Qui
1626 4117 1901 4173 benedixit
1922 4135 2019 4175 nos

453 4200 507 4255 iu
542 4203 689 4258 omni
746 4203 1121 4259 benedictione
1153 4208 1417 4275 spiritali;
1457 4227 1475 4259 ι
1529 4217 1664 4262 utet
1695 4211 1878 4279 plures
1926 4227 2018 4268 eas

2123 3028 2362 3074 nantur:
2412 3019 2456 3072 si
2489 3016 2668 3086 pluvia
2714 3017 2827 3070 haec.
2877 3026 3134 3082 tauquam
3175 3012 3555 3067 remuneratio
3601 3025 3698 3080 pro

2121 3109 2394 3165 laboribus
2432 3108 2594 3162 datur
2631 3107 2698 3160 iis
2731 3107 2821 3174 qui
2870 3104 3125 3158 mandata
3181 3101 3522 3166 custodiunt,
3558 3114 3692 3168 quo-

2122 3207 2280 3260 modo
2310 3213 2364 3258 et
2411 3202 2478 3257 iis
2510 3202 2602 3271 qui
2637 3204 2887 3254 mandata
2931 3214 3038 3252 non
3072 3204 3313 3261 servant,
3365 3210 3480 3249 una
3535 3203 3696 3261 atque

2121 3296 2305 3350 eadem
2337 3295 2498 3349 datur
2530 3293 2711 3362 pluvia
2757 3291 3088 3361 temporibus
3127 3288 3257 3352 suis,
3298 3297 3353 3341 et
3404 3287 3694 3340 universus

2123 3385 2352 3440 mundus
2386 3384 2762 3438 communibus
2815 3367 2984 3434 utitur
3033 3379 3225 3448 pluviis
3271 3391 3301 3430 a
3351 3376 3469 3430 Deo
3519 3373 3692 3428 datis?

2120 3478 2265 3532 Pluit
2293 3479 2435 3533 enim
2467 3491 2631 3545 super
2651 3475 2896 3544 justoset
2925 3471 3155 3540 iniustos
3180 3471 3246 3524 “.
3281 3471 3440 3536 Quod
3467 3471 3512 3522 si
3531 3467 3692 3536 justis

2120 3583 2174 3626 et
2205 3571 2417 3641 injustis
2445 3571 2604 3624 datur
2634 3569 2835 3639 pluvia,
2869 3582 2971 3620 non
2999 3565 3105 3618 erit
3131 3564 3330 3618 eximia
3367 3575 3689 3616 retnutteras

2125 3665 2197 3716 tio
2237 3665 2302 3718 iis
2355 3663 2446 3732 qui
2485 3662 2735 3715 mandata
2787 3660 3146 3726 servaverint.
3199 3657 3332 3710 Vide
3381 3669 3516 3725 ergo
3564 3652 3687 3721 quia

2121 3757 2329 3810 etiamsi
2375 3755 2543 3809 Judtei
2584 3769 2687 3808 non
2721 3753 3071 3821 acquiescuut
3098 3750 3278 3804 verbis
3314 3747 3447 3802 Jesu
3477 3745 3687 3800 Domini

2123 3851 2310 3910 nostri,
2355 3857 2405 3900 ttt
2439 3855 2615 3901 tamen
2640 3845 2729 3914 qui
2759 3844 2976 3899 nomine
3002 3845 3119 3913 ejus
3148 3841 3412 3901 censeris.
3451 3850 3505 3894 et
3535 3838 3688 3892 Chri-

2122 3941 2330 3993 stianus
2380 3937 2688 4006 appellaris,
2725 3936 2892 3988 debes
2929 3935 2979 3989 ei
3009 3936 3234 3988 credere
3288 3933 3515 3995 dicenti,
3567 3929 3686 3997 quia

2122 4030 2276 4084 Pater
2302 4045 2429 4084 suus
2462 4029 2704 4082 coalestis
2731 4041 3074 4081 communem
3114 4029 3254 4080 hanc
3282 4025 3523 4095 pluviam
3557 4021 3686 4089 pluit

2121 4139 2282 4192 super
2299 4123 2475 4192 justos
2502 4130 2556 4175 et
2587 4119 2812 4189 injustos
2841 4135 2856 4173 :
2895 4129 2951 4174 et
2998 4135 3104 4172 non
3133 4119 3296 4173 debes
3325 4126 3539 4186 putare,
3564 4114 3685 4182 quia

2117 4216 2276 4285 justis
2304 4216 2554 4270 eximiam
2610 4212 2948 4282 separaverit
2987 4213 3294 4281 portionem
3328 4211 3470 4263 hanc
3528 4221 3683 4276 quam

450 4295 767 4348 ostenderet
803 4310 944 4358 esse,
992 4305 1048 4350 et
1080 4297 1373 4367 spiritales.
1402 4299 1586 4355 Potest
1629 4313 1807 4358 autem
1837 4304 1888 4358 in
1917 4306 2018 4360 hoc
2051 4288 2095 4341 Β
2124 4325 2464 4365 communem
2505 4309 2686 4378 posuit
2723 4309 2884 4362 etiam
2923 4321 3044 4360 cum
3086 4304 3324 4374 injustis.
3367 4302 3684 4368 Quaeramus

449 4399 705 4440 sermone
725 4402 832 4455 quo
866 4388 942 4440 ait
976 4407 1001 4438 ιι
1036 4389 1086 4442 itt
1115 4391 1261 4444 omni
1294 4391 1668 4449 benedictione
1701 4395 1953 4464 spiritali,
1990 4417 2009 4448 ›

449 4484 504 4527 et
535 4475 662 4531 illud
701 4477 963 4550 intelligi,
995 4489 1075 4546 ut,
1117 4483 1265 4538 verbi
1310 4485 1503 4553 gratia,
1525 4485 1707 4555 justus
1737 4489 1938 4560 quique
1961 4501 2017 4544 et

451 4567 726 4631 perfectus
779 4572 1392 4639 capiatbenedictiones
1435 4573 1684 4642 Levitici,
1719 4579 1786 4634 de
1821 4581 2025 4648 quibus

451 4674 594 4714 nunc
618 4675 796 4716 sermo
823 4675 906 4719 est
935 4684 946 4718 :
980 4667 1156 4734 capiat
1199 4677 1253 4722 et
1288 4683 1382 4723 eas
1401 4684 1523 4738 quae
1557 4670 1609 4722 in
1652 4669 1788 4723 libro
1818 4671 2016 4727 Nume-

449 4765 632 4804 rorum
658 4755 874 4824 scripta:
897 4768 1044 4822 sunt,
1086 4759 1179 4812 sed
1206 4769 1260 4814 et
1291 4759 1408 4814 illas
1431 4775 1550 4829 qure
1583 4763 1633 4814 in
1667 4761 1804 4816 libro
1841 4763 2016 4819 Gene-

445 4845 522 4898 sis
544 4845 896 4902 continentur
923 4849 1322 4906 benedictioues
1340 4851 1452 4907 Noe
1481 4853 1546 4906 ad
1567 4852 1688 4906 Sent
1717 4864 1772 4906 et
1797 4852 2013 4923 Japhet,

446 4944 500 4988 et
525 4935 929 4995 benedictiones
959 4937 1109 4996 Isaac
1138 4945 1202 4996 ad
1235 4942 1420 5008 Jacob,
1470 4954 1524 4998 et
1551 4943 1676 4999 item
1707 4945 1875 5002 Jaeob
1923 4947 2015 5001 be-

446 5028 784 5083 nedictiones
805 5032 869 5084 ad
895 5030 1114 5101 Joseph,
1146 5043 1201 5088 et
1229 5036 1481 5104 Ephrem,
1518 5045 1572 5089 et
1603 5035 1928 5102 Manassen),
1960 5048 2014 5092 et

446 5128 568 5188 post
586 5119 698 5175 haec
719 5124 784 5175 ad
811 5125 1093 5179 duodecim
1117 5128 1480 5196 patriarchas.
1503 5128 1636 5196 Quia
1665 5145 1793 5201 ergo
1831 5131 2011 5184 multa:

444 5213 989 5272 suutbenedictiones
1017 5221 1202 5286 posita:
1233 5220 1284 5275 in
1319 5222 1514 5278 divinis
1547 5223 1867 5292 Scripturis,
1889 5241 2010 5294 qua:

447 5310 694 5363 videntur
720 5312 934 5379 quidem
966 5315 1032 5367 ad
1055 5331 1490 5388 unumquemque
1522 5328 1854 5383 sanctorum,
1884 5335 2008 5372 ver-

447 5399 497 5452 bi
549 5402 744 5466 gratia,
793 5403 858 5455 ad
898 5404 1045 5468 Sent,
1082 5403 1162 5458 vel
1200 5405 1413 5475 Japl:et,
1444 5416 1538 5461 aut
1587 5405 1783 5478 Joseph
1826 5408 2006 5479 dirigi,

517 5581 565 5620 ⁸⁸
583 5584 778 5654 Epltes.
817 5604 853 5657 ι,
893 5590 944 5643 5.

2123 4417 2251 4472 ergo
2278 4403 2328 4455 in
2370 4401 2670 4470 Scripturis
2694 4413 2812 4468 qua:
2839 4399 2906 4451 sit
2946 4398 3152 4464 pluvia,
3186 4412 3306 4464 quas
3337 4395 3542 4449 sanctis
3568 4401 3683 4445 tau-

2124 4493 2400 4548 ttttnmodo
2426 4493 2607 4556 datur,
2650 4501 2705 4544 et
2756 4492 2820 4544 de
2871 4505 2974 4559 qua
3023 4489 3312 4543 mandatur
3345 4487 3572 4539 nubibus
3619 4495 3682 4532 ne

2127 4589 2309 4654 pluaut
2353 4586 2588 4656 pluviam
2626 4586 2783 4639 istam
2820 4599 2981 4652 super
3027 4582 3275 4651 iujustos.
3308 4581 3436 4648 Quzc
3463 4593 3590 4648 ergo
3614 4576 3680 4628 sit

2123 4682 2221 4733 ista
2257 4679 2454 4748 pluvia,
2498 4679 2611 4747 ipse
2647 4693 2744 4731 nos
2790 4677 2998 4746 Moyses
3023 4676 3214 4730 horum
3259 4675 3534 4744 legislator
3557 4671 3680 4723 edo—

2121 4781 2260 4826 ceat.
2299 4771 2412 4838 Ipse
2441 4770 2584 4823 enim
2618 4769 2748 4823 dicit
2798 4769 2850 4822 in
2878 4768 3300 4822 Deuteronomio
3321 4767 3365 4796 "
3393 4782 3406 4817 :
3448 4784 3466 4817 ι
3496 4767 3677 4816 Atten-

2121 4864 2206 4926 de,
2237 4863 2456 4927 coelum,
2484 4871 2538 4914 et
2570 4861 2776 4928 loquar,
2819 4869 2874 4914 et
2903 4861 3086 4913 audiat
3120 4867 3267 4912 terra
3299 4857 3460 4912 verba
3487 4871 3553 4908 ex
3586 4865 3676 4905 ore

2122 4968 2260 5015 meo,
2294 4959 2637 5020 exspectetur
2681 4952 2822 5005 sicut
2868 4951 3044 5019 pluvia
3088 4949 3360 5017 eloquium
3406 4960 3607 5001 meum.
3649 4961 3668 4993 ι

2120 5045 2369 5114 Nunquid
2406 5059 2524 5098 mea
2567 5044 2730 5097 verba
2771 5054 2898 5096 sunt
2938 5043 3079 5097 ista?
3112 5040 3360 5108 Nunquid
3393 5034 3672 5094 rhetoricis

2121 5137 2447 5208 argumentis
2479 5151 2705 5190 sensum.
2732 5136 2929 5188 dit-ina:
2975 5135 3108 5202 legis
3135 5134 3406 5187 violenter
3449 5126 3671 5185 inﬂecti-

2118 5228 2274 5282 tnus?
2304 5227 2492 5281 Nonne
2517 5227 2723 5297 Moyses
2751 5235 2832 5280 est
2863 5227 2950 5294 qui
2983 5225 3113 5278 dicit
3137 5225 3374 5293 pluviam
3405 5216 3676 5289 essequod-

2115 5320 2386 5386 loquitur?
2417 5338 2434 5370 ι
2471 5318 2848 5386 Exspectetur,
2880 5317 3054 5385 inquit
3084 5317 3150 5381 7",
3189 5317 3334 5370 sicut
3364 5316 3541 5382 pluvia
3561 5311 3674 5364 clos»

2116 5413 2303 5482 quium
2343 5427 2545 5479 meum,
2585 5421 2636 5464 et
2678 5409 3006 5464 descendant
3038 5410 3180 5462 sicut
3210 5424 3297 5464 ros
3337 5409 3492 5464 verba
3530 5416 3672 5465 mea,

1029 5592 1068 5623 ⁵⁸
1117 5591 1287 5647 Levit.
1320 5609 1461 5660 xxvi,
1501 5593 1552 5646 ὅ.
1630 5594 1675 5626 ⁷ο
1709 5594 1838 5651 ibid.
1872 5595 1923 5651 4.
2002 5597 2016 5626 ⁷

2119 5594 2262 5651 mlh.
2316 5610 2364 5662 ι’,
2409 5594 2496 5650 45.
2576 5595 2619 5627 ⁷²
2654 5594 2805 5650 Deut.
2857 5592 3171 5659 xxxu,l,€t.
3249 5593 3461 5673 7'ibid.
