4074 6156
359 282 461 337 5155

1494 277 1560 332 ΙΝ
1597 270 1971 330 LEVITICUM
2008 270 2291 328 HOMILIA
2329 271 2466 328 XVI.

3493 277 3596 331 566

361 402 498 456 sicut
536 399 716 455 imber
748 415 913 470 super
941 414 1190 468 gramen,
1229 407 1288 452 et
1335 399 1483 454 sicut
1520 400 1613 453 nix
1649 411 1812 466 super
1846 397 1929 451 fe—
1959 398 2004 454 A
2032 393 2084 447 in
2115 403 2395 464 tempore:
2433 395 2574 449 sicut
2598 399 2650 446 et
2681 390 2840 446 tritici
2873 407 3179 449 mensuram
3212 408 3400 450 servus
3427 395 3598 452 ﬁdelis

363 509 506 546 num.
539 510 558 544 ι
584 491 808 546 Intende
834 491 1141 559 diligenter,
1163 491 1397 555 auditor,
1426 505 1496 546 ne
1515 499 1670 561 putes
1699 506 1796 543 nos
1821 490 1929 543 vim

360 584 540 638 facere
573 583 872 653 Scriptura:
917 583 1134 648 divinae,
1175 598 1299 637 cum
1326 583 1584 639 docentes
1626 583 1928 638 Ecclesium

360 676 592 731 dicimus
617 676 700 730 vel
719 675 997 744 aquas,vel
1016 676 1235 744 imbres,
1257 677 1342 730 vel
1373 676 1476 731 alia
1499 692 1620 746 quae
1642 675 1931 744 corporali-

360 778 439 822 ter
455 768 562 823 dici
584 770 858 832 videntur,
877 769 1203 839 spiritaliter
1220 771 1526 825 sentienda.
1545 770 1681 824 Audi
1709 770 1930 840 Moysen

355 861 632 930 quomodo
649 861 874 916 verbum
903 862 1035 932 legis
1059 877 1201 916 nunc
1225 862 1463 933 pluviam
1499 864 1760 928 nominat,
1788 877 1932 916 nunc

359 967 536 1006 rorem
575 963 756 1018 vocat,
775 969 920 1008 nunc
944 953 1195 1020 imbrem,
1228 970 1371 1010 nunc
1389 955 1550 1010 etiam
1575 955 1750 1010 nivem
1776 955 1928 1010 dicit.

359 1044 426 1098 Et
451 1043 596 1098 sicut
625 1045 837 1115 Moyses
872 1047 1021 1100 varia
1058 1057 1114 1102 et
1162 1047 1374 1104 diversa
1426 1048 1770 1118 proloquitur
1809 1056 1931 1100 tan-

354 1149 516 1204 quam
551 1151 618 1193 ex
656 1139 830 1207 gratia
891 1137 1240 1194 multiformis
1289 1140 1387 1194 Dei
1433 1140 1712 1210 sapientiae
1757 1140 1934 1209 prolo-

358 1241 557 1295 quens,
604 1230 679 1284 ita
706 1239 756 1284 el
791 1230 960 1285 Isaias
1000 1245 1122 1286 cum
1156 1231 1356 1287 dicit“
1389 1250 1404 1287 :
1449 1251 1469 1284 ι
1515 1233 1676 1300 Audi,
1708 1232 1929 1298 coelum,

353 1331 409 1374 ct
440 1322 661 1392 percipe
692 1323 929 1388 auribus,
957 1332 1121 1390 terra,
1149 1325 1402 1396 quoniam
1433 1325 1693 1383 Dominus
1723 1329 1933 1384 locutus

355 1422 459 1467 est.
505 1431 526 1465 ι
574 1413 678 1469 Sed
721 1425 773 1470 et
815 1419 1188 1487 unusquisque
1216 1419 1600 1488 prophetarum
1646 1434 1771 1476 cum
1806 1434 1934 1490 ape-

359 1508 530 1560 ruerit
577 1521 662 1574 os,
699 1508 901 1565 imbres
932 1511 1152 1565 deducit
1180 1524 1344 1580 super
1379 1511 1570 1566 faciem
1617 1521 1796 1574 terrm.
1828 1512 1934 1568 hoc

353 1605 439 1649 est
487 1599 713 1654 auribus
755 1611 810 1654 et
842 1601 1098 1656 cordibus
1125 1602 1458 1658 auditorum.
1492 1602 1606 1659 Hoc
1646 1605 1828 1660 sciens
1875 1615 1932 1661 et

353 1689 632 1756 apostolus
662 1689 861 1746 Paulus
893 1693 1109 1747 dicebat
1131 1694 1176 1724 ⁷⁵
1207 1711 1222 1748 :
1265 1711 1284 1746 t
1313 1694 1481 1750 Terra
1515 1698 1661 1752 enim
1697 1698 1922 1752 venien-

2031 496 2084 540 et
2111 489 2345 557 prudens
2377 489 2428 542 in
2461 487 2752 557 Evangelia
2796 489 3072 543 conservis
3112 489 3240 544 dare
3280 487 3501 556 jubetur
3544 491 3597 545 in

2031 587 2289 647 tempore.
2321 577 2425 633 Sed
2453 587 2506 634 et
2539 579 2643 635 alio
2667 579 2824 634 modo
2857 593 3142 648 possumus
3169 579 3467 650 intelligere
3497 581 3602 645 hoc

2029 670 2174 738 quod
2207 669 2494 723 mandatur
2523 669 2696 725 imber
2733 671 2941 725 dandus
2969 672 3022 724 in
3052 679 3314 740 tempore.
3345 671 3487 726 Puer
3520 682 3604 726 est

2031 759 2244 828 aliquis,
2264 768 2318 814 et
2348 760 2601 826 parvulus
2628 760 2682 814 in
2707 759 2836 825 ﬁde;
2862 761 3070 832 indiget
3097 760 3295 830 pluvia,
3318 763 3412 817 sed
3443 763 3604 817 lactis

2030 854 2231 924 pluvia.
2264 852 2356 909 Sic
2399 855 2542 910 enim
2591 853 2720 909 dicit
2772 855 2882 919 ille,
2915 854 3003 924 qui
3054 853 3257 910 sciebat
3295 854 3502 924 pluvias
3547 853 3602 908 in

2033 954 2276 1016 tempore
2319 945 2669 1016 dispensare:
2705 965 2725 999 ί
2753 945 2862 1002 Lac
2892 946 3045 1002 vobis
3080 957 3263 1017 potum
3311 948 3456 1012 dedi,
3491 963 3596 1002 non

2030 1051 2250 1104 escam,
2296 1039 2533 1094 nondum
2585 1040 2728 1094 enim
2769 1040 3031 1109 poteratis
3049 1039 3117 1092 "".
3157 1058 3176 1092 ι
3212 1038 3446 1094 Profecit
3477 1049 3601 1108 post

2031 1129 2146 1185 haec
2186 1130 2238 1184 in
2279 1130 2400 1196 ﬁde,
2433 1130 2603 1184 crevit
2638 1140 2794 1186 aetate
2837 1139 2894 1184 et
2944 1131 3226 1201 sapientia.
3270 1131 3441 1202 Aptus
3483 1132 3601 1188 sine

2032 1221 2193 1274 dubio
2233 1219 2408 1273 factus
2449 1227 2554 1284 est,
2593 1218 2683 1288 qui
2731 1217 3038 1274 solidiorem
3086 1219 3350 1288 percipiat
3394 1219 3596 1274 cibum.

2032 1309 2339 1364 lnﬁrmatur
2360 1309 2574 1378 aliquis,
2602 1321 2656 1364 et
2684 1326 2802 1366 non.
2835 1324 2934 1379 pro
2965 1321 3228 1380 tempore,
3262 1309 3356 1364 sed
3390 1324 3486 1378 pro
3517 1310 3602 1363 in-

2033 1404 2289 1459 ﬁrmitate
2315 1419 2510 1475 capere
2532 1419 2638 1458 non
2665 1414 2844 1473 potest
2866 1419 2985 1473 qua:
3015 1405 3232 1458 robusta
3257 1413 3417 1458 sunt:
3451 1403 3601 1458 verbi

2032 1511 2333 1563 causa,non
2378 1505 2554 1562 potest
2595 1496 2748 1566 plene
2799 1496 2867 1551 de
2899 1495 3146 1550 castitate
3174 1507 3368 1564 capere
3391 1509 3599 1549 sermo-

2035 1605 2189 1657 nem;
2212 1597 2427 1659 oportet
2459 1590 2692 1662 compati
2733 1597 2788 1643 et
2820 1588 2995 1642 metiri
3037 1589 3338 1644 doctrinam
3379 1605 3478 1660 pro
3515 1589 3601 1644 vi-

2034 1686 2171 1739 rium
2203 1684 2486 1754 qualitate,
2521 1695 2576 1740 et
2604 1684 2822 1740 concedi
2871 1683 3064 1738 talibus
3111 1682 3346 1752 nuptias.
3381 1681 3491 1737 lloc
3518 1691 3604 1736 est

355 1791 464 1834 tem
515 1782 714 1851 sacpius
758 1799 922 1856 super
972 1801 1032 1841 se
1081 1787 1274 1843 bibens
1331 1789 1584 1856 imbrem,
1631 1798 1688 1845 ei
1730 1793 1929 1861 genui.
1963 1759 2006 1814 Β
2035 1777 2270 1832 oleribus
2297 1792 2522 1847 pascere
2561 1777 2857 1842 inﬁrmum,
2892 1785 2947 1830 et
2983 1775 3050 1828 ad
3091 1773 3394 1842 hujusmodi
3449 1789 3600 1828 men-

354 1885 494 1926 nans
517 1871 631 1945 (34)
663 1875 883 1931 herbam
926 1888 1288 1949 opportunam
1319 1880 1386 1935 iis
1415 1896 1444 1934 a
1476 1881 1674 1951 quibus
1704 1882 1925 1951 colitur,

355 1964 556 2034 accipit
591 1966 994 2024 benedictiones
1023 1985 1053 2024 a
1089 1970 1238 2040 Deo;
1271 1989 1392 2043 qua:
1429 1983 1607 2029 autem
1645 1976 1929 2045 protulerit

353 2058 542 2127 spinas
571 2069 625 2112 et
653 2059 897 2130 tribulos,
929 2063 1157 2133 reproba
1189 2074 1294 2128 est,
1320 2073 1376 2120 et
1418 2066 1704 2123 maledicto
1737 2069 1928 2138 proxi-

354 2164 463 2213 ma,
488 2149 642 2218 cujus
664 2152 786 2208 ﬁnis
816 2156 884 2208 ad
909 2155 1278 2210 exustionem.
1309 2175 1329 2208 ι
1363 2155 1614 2226 Nunquid
1643 2159 1758 2212 haec
1783 2160 1930 2228 Apo-

352 2241 605 2296 stolusde
632 2254 773 2298 terra
804 2246 905 2301 hac
937 2246 1110 2300 dixit?
1141 2245 1247 2303 Sed
1277 2263 1376 2303 nec
1413 2249 1611 2319 accipit
1642 2259 1784 2304 terra
1812 2252 1929 2306 haec

353 2333 760 2391 benedictiones
781 2351 810 2390 a
839 2338 972 2402 Deo,
997 2353 1118 2393 cum
1145 2340 1346 2396 imbres
1367 2340 1583 2407 biberit,
1614 2351 1667 2395 et
1693 2341 1926 2398 fructum

353 2428 691 2494 produxerit.
718 2428 824 2484 Sed
843 2446 1016 2500 neque
1045 2434 1089 2485 si
1108 2432 1292 2501 spinas
1307 2447 1372 2488 ac
1403 2433 1630 2490 tribulos
1653 2445 1776 2505 post
1807 2435 1926 2505 plu-

353 2521 497 2574 viam
543 2521 854 2589 protulerit,
886 2534 1248 2593 consequetur
1271 2525 1705 2581 maledictionem
1737 2543 1766 2581 a
1795 2529 1925 2584 Deo.

355 2611 461 2666 Sed
492 2621 677 2666 nostra
722 2621 891 2677 terra,
933 2613 984 2667 id
1021 2624 1127 2680 est,
1164 2623 1410 2668 nostrum
1436 2631 1552 2680 cor,
1590 2615 1634 2670 si
1668 2619 1929 2689 suscipiat

354 2701 577 2772 frequen
589 2713 669 2758 ter
683 2703 986 2758 venientem
1001 2720 1160 2775 super
1175 2721 1233 2760 se
1247 2707 1481 2775 pluviam
1500 2707 1759 2764 doctrina:
1775 2713 1924 2781 legis,

350 2805 405 2848 et
433 2795 680 2848 attulerit
702 2794 937 2848 fructum
968 2810 1212 2864 operum,
1239 2799 1438 2867 accipit
1472 2798 1877 2856 benedictiones
1897 2819 1927 2857 a

352 2888 483 2942 Deo.
509 2886 566 2940 Si
582 2901 711 2940 vero
725 2901 833 2942 non
853 2903 990 2957 opus
1005 2889 1271 2957 spiritale,
1289 2891 1382 2944 sed
1403 2892 1587 2962 spinas
1601 2903 1653 2948 et
1677 2893 1926 2965 tribulos,

351 2981 512 3033 idest
555 2977 950 3034 sollicitudines
993 2982 1176 3035 sarculi
1220 2981 1438 3049 habeat,
1469 2995 1562 3038 aut
1603 2986 1927 3055 voluptates,

350 3082 407 3126 et
447 3071 758 3124 divitiarum
789 3072 1136 3142 cupiditates,
1185 3078 1412 3140 reproba
1437 3087 1517 3132 est
1546 3087 1601 3132 et
1641 3078 1929 3136 maledicto

352 3164 511 3238 265
542 3162 806 3234 proxima,
838 3164 993 3233 cujus
1026 3165 1149 3221 ﬁnis
1180 3168 1284 3222 erit
1316 3169 1382 3223 ad
1407 3170 1762 3226 exustionem.
1788 3170 1924 3227 Pro-

353 3271 535 3326 pterea
591 3261 961 3330 unusquisque
1009 3259 1312 3313 auditorum
1367 3276 1488 3314 cum
1554 3263 1805 3316 convenit
1858 3262 1926 3316 ad

351 3353 697 3416 audiendum,
719 3349 945 3420 suscipit
968 3349 1193 3404 imbrem
1224 3348 1370 3404 verbi
1404 3349 1534 3404 Dei:
1567 3360 1620 3406 et
1640 3350 1688 3406 si
1712 3352 1926 3422 quidem

355 3445 585 3500 fructum
631 3443 873 3499 attulerit
907 3442 1088 3512 operis
1125 3442 1250 3497 boni
1277 3483 1292 3508 ,
1335 3443 1761 3500 benedictionem
1798 3460 1929 3501 con-

351 3547 631 3606 sequetur.
677 3535 734 3591 Si
773 3550 901 3590 vero
945 3543 1256 3604 susceptum
1305 3534 1528 3591 verbum
1568 3537 1661 3592 Dei
1690 3548 1929 3594 contem-

353 3629 545 3698 pserit,
566 3637 622 3683 et
651 3627 964 3697 frequenter
1002 3627 1183 3681 audita
1228 3627 1546 3698 neglexerit,
1574 3643 1636 3683 ac
1663 3629 1930 3685 sollicituo

351 3724 462 3777 dini
512 3738 570 3776 se
617 3737 797 3776 rerum
841 3720 1200 3787 saecularium,
1241 3719 1559 3790 libidinique
1617 3723 1927 3792 subjecerit,

353 3826 609 3884 tanquam
639 3814 730 3882 qui
759 3813 930 3882 spinis
959 3809 1300 3866 suﬁocaverit
1333 3813 1577 3877 verbum,
1604 3814 1933 3871 maledictio-

351 3924 473 3961 nem
511 3922 610 3975 pro
632 3905 1006 3961 benedictione
1038 3904 1329 3974 conquirit,
1354 3913 1410 3958 et
1438 3920 1537 3975 pro
1582 3906 1930 3963 beatitudinis

351 4003 458 4057 line
507 3998 642 4073 ('55),
690 4000 852 4055 ﬁnem
897 3998 1201 4054 exustionis
1227 3998 1486 4054 inveniet.
1525 4016 1544 4050 t
1582 3999 1729 4054 Dabo
1775 4016 1927 4072 ergo,

351 4095 528 4163 inquit
557 4095 626 4158 "°,
649 4093 804 4148 vobis
855 4092 1088 4162 pluviam
1143 4091 1196 4144 in
1255 4100 1512 4160 tempore.
1557 4109 1576 4144 ι
1612 4091 1930 4151 Necessario

350 4187 559 4241 addidit
601 4195 657 4241 et
685 4203 702 4238 ε
740 4187 793 4240 in
849 4192 1112 4254 tempore.
1154 4203 1171 4234 ι
1205 4182 1358 4238 Sicut
1410 4184 1555 4238 enim
1605 4185 1782 4240 imber
1829 4186 1929 4240 iste

353 4291 607 4334 terrenus
652 4281 696 4334 si
746 4280 1049 4348 importune
1095 4275 1294 4340 veniat,
1331 4276 1385 4330 id
1424 4286 1525 4343 est,
1563 4293 1687 4333 cum
1736 4281 1928 4333 messis

349 4372 640 4442 colligitur,
683 4387 804 4427 cum
841 4370 1114 4425 frumenta
1159 4377 1405 4425 teruntur
1445 4368 1497 4422 in
1543 4369 1704 4435 areis,
1738 4371 1928 4425 obesse

2028 1885 2184 1924 suras
2208 1879 2396 1936 aptare
2437 1869 2583 1924 velut
2615 1879 2830 1924 tenuem
2868 1876 2922 1922 et
2968 1866 3079 1921 rori
3108 1865 3337 1920 similem
3366 1864 3600 1935 pluviam

2027 1961 2198 2016 verbi.
2229 1960 2324 2017 Est
2345 1971 2525 2016 autem
2573 1961 2680 2015 alia
2729 1969 2898 2025 terra,
2931 1975 3051 2030 quae
3101 1967 3278 2029 potest
3325 1959 3604 2028 suscipere

2028 2050 2236 2106 validos
2275 2051 2495 2116 imbres,
2535 2048 2678 2106 ferre
2719 2050 2879 2105 etiam
2914 2047 3138 2102 ﬁumina
3169 2047 3320 2103 verbi
3363 2046 3482 2112 Dei,
3516 2063 3603 2101 ra-

2029 2144 2181 2207 pidos
2225 2153 2441 2212 portare
2488 2142 2600 2214 ('56)
2628 2151 2917 2197 torrentes.
2967 2137 3046 2194 De
3097 2140 3164 2195 iis
3207 2141 3350 2196 enim
3401 2139 3602 2196 talibus

2028 2235 2296 2306 Propheta
2333 2237 2466 2292 dicit
2506 2236 2561 2290 in
2599 2235 2829 2291 Psalmis
2849 2235 2936 2288 τες
2971 2252 2990 2285 ι
3017 2232 3083 2287 Et
3116 2241 3409 2290 torrentem
3447 2234 3603 2290 volu-

2027 2329 2194 2400 ptatis
2229 2337 2334 2382 tuae
2353 2339 2537 2399 potum
2565 2330 2720 2384 dabis
2753 2329 2878 2385 illis.
2909 2349 2928 2380 ι

2096 2421 2150 2475 5.
2183 2440 2201 2474 ι
2241 2421 2386 2476 Dabo
2406 2436 2525 2493 ego,
2554 2422 2729 2491 inquit
2749 2422 2816 2488 ⁷³,
2834 2422 2986 2478 vobis
3015 2421 3250 2491 pluviam
3277 2421 3330 2475 in
3360 2428 3602 2490 tempore

2028 2528 2149 2580 suo,
2175 2523 2232 2568 et
2262 2513 2412 2568 dabit
2455 2522 2595 2569 terra
2638 2513 2947 2570 nativitates
2971 2530 3117 2569 suas.
3148 2531 3166 2564 ι
3203 2510 3332 2567 Post
3370 2511 3601 2577 primam

2028 2608 2456 2664 benedictionem
2480 2607 2692 2678 pluviaz,
2723 2607 2826 2662 ista
2855 2607 3092 2662 secunda
3133 2614 3218 2662 est
3257 2620 3366 2676 qua
3405 2605 3605 2660 dicitur

2032 2709 2466 2772 terra,suscepta
2493 2700 2692 2771 pluvia,
2720 2700 2848 2754 dare
2873 2700 3184 2753 nativitates
3217 2712 3366 2754 suas.
3395 2696 3605 2750 lnveni~

2029 2809 2148 2849 mus
2173 2793 2299 2863 quia
2319 2802 2373 2848 et
2400 2793 2552 2848 Isaac
2575 2792 2900 2848 benedicens
2921 2792 3090 2848 Jacob
3113 2790 3371 2847 dixerit“
3401 2807 3416 2844 :
3447 2808 3467 2841 ι
3505 2789 3606 2850 Det

2031 2886 2126 2942 tibi
2157 2884 2414 2941 Dominus
2446 2900 2476 2938 a
2508 2900 2630 2940 rore
2657 2885 2798 2948 cceli,
2828 2895 2882 2939 et
2920 2885 2988 2939 ab
3019 2885 3268 2940 ubertate
3304 2891 3466 2938 terra:
3492 2881 3606 2952 ple-

2029 2976 2328 3032 nitudinem
2357 2975 2614 3032 frumenti
2646 2984 2699 3030 et
2731 2976 2862 3029 vini.
2894 2995 2912 3028 ι
2940 2976 3178 3031 Putasne
3214 2974 3321 3029 tale
3359 2973 3603 3028 frumen-

1955 3108 2000 3170 Ο
2032 3079 2145 3125 tum
2202 3069 2257 3124 in
2308 3069 2684 3125 benedictione
2723 3067 2884 3123 dabat
2931 3068 3079 3123 Isaac
3125 3067 3236 3121 ﬁlio
3277 3081 3374 3122 suo
3413 3064 3598 3134 Iacob

2030 3158 2191 3230 quale
2216 3158 2415 3214 habent
2440 3169 2494 3214 et
2526 3166 2842 3229 peccatores
2868 3158 3134 3223 homines,
3169 3165 3225 3212 et
3249 3156 3392 3226 quali
3431 3158 3605 3210 abun-

2029 3254 2191 3310 dabat
2253 3252 2416 3307 etiam
2463 3251 2662 3321 impius
2719 3250 2968 3306 Pharao?
3018 3249 3266 3305 llaeccine
3305 3256 3425 3303 erat
3471 3247 3604 3301 tanti

2028 3344 2352 3416 patriarchae
2406 3342 2754 3399 benedictio?
2802 3342 2892 3398 Vis
2949 3341 3044 3397 tibi
3089 3343 3269 3396 adhuc
3321 3341 3606 3397 ostendam

2029 3437 2300 3509 quomodo
2326 3445 2380 3491 et
2421 3435 2513 3490 alii
2547 3435 2722 3506 iniqui
2771 3436 2999 3491 habeant
3051 3435 3444 3490 multitudinem
3495 3434 3608 3486 fru-

2031 3531 2236 3587 menti?
2258 3529 2469 3584 Intuere
2498 3529 2644 3584 illum
2678 3529 2729 3584 iit
2752 3529 3060 3599 Evangelio,
3081 3529 3236 3600 cujus
3254 3543 3383 3598 ager
3410 3529 3606 3582 multos

2031 3624 2207 3680 attulit
2244 3625 2472 3690 fructus,
2493 3624 2583 3694 qui
2612 3623 2750 3677 dixit
2769 3623 2847 3674 διε
2878 3641 2896 3674 ‹
2927 3621 3208 3675 Destruam
3244 3620 3440 3674 horrea
3463 3633 3604 3680 mea,

2029 3727 2086 3772 et
2115 3718 2319 3787 majora
2359 3717 2717 3780 retediﬁcabo,
2750 3722 2806 3768 et
2833 3715 3011 3768 dicam
3045 3713 3245 3767 animae
3275 3726 3404 3767 meae
3431 3729 3446 3765 :
3477 3711 3609 3764 Atti-

2031 3827 2142 3874 ma,
2174 3811 2340 3865 habes
2386 3811 2552 3864 multa
2584 3811 2724 3865 bona
2777 3807 3012 3877 reposita
3055 3806 3108 3860 in
3155 3821 3324 3860 annos
3366 3803 3604 3869 multos;

2032 3905 2312 3968 manduca,
2333 3901 2460 3958 bibe
2479 3943 2494 3970 ,
2519 3912 2573 3956 et
2597 3902 2796 3954 laetare.
2820 3918 2840 3951 ι
2863 3898 3014 3954 Talia
3044 3913 3172 3968 ergo
3194 3897 3465 3952 credimus
3487 3910 3609 3951 esse

2030 3997 2192 4061 bona,
2218 4011 2339 4066 qua:
2364 3995 2559 4049 divinis
2591 3992 3056 4049 benedictionibus
3076 3991 3280 4046 sanctis
3306 3989 3610 4059 quibusque

2031 4097 2085 4144 et
2109 4087 2356 4143 ﬁdelibus
2398 4085 2785 4142 tradebantur?
2828 4083 2978 4137 Alios
3026 4096 3154 4152 ergo
3197 4089 3356 4136 terrae
3398 4081 3608 4134 fructus

2031 4181 2256 4250 aspicio,
2283 4190 2338 4233 et
2361 4178 2519 4233 aliter
2543 4176 2937 4232 multitudinem
2964 4174 3261 4228 nativitatis
3284 4173 3520 4228 intueor.
3551 4170 3608 4228 Si

2031 4273 2175 4326 enim
2219 4282 2361 4326 terra
2395 4285 2514 4325 mea
2551 4269 2744 4323 aﬂ‘erat
2772 4270 3030 4334 fructum,
3057 4267 3102 4322 si
3140 4267 3451 4322 nativitates
3477 4281 3608 4319 suas

2030 4378 2096 4417 ex
2129 4361 2340 4417 Domini
2374 4361 2750 4415 benedictione
2791 4359 3072 4429 producat,
3110 4357 3372 4427 intelliget
3415 4373 3610 4414 sensus

350 4463 524 4533 magis
556 4478 716 4531 quant
766 4462 1023 4530 prodesse
1061 4459 1362 4524 videbitur;
1412 4457 1486 4512 ita
1540 4469 1596 4513 et
1647 4459 1683 4512 ii
1735 4460 1928 4528 quibus
1961 4451 2004 4506 D
2035 4468 2204 4517 meus,
2234 4461 2289 4506 et
2335 4451 2612 4520 esplicare
2655 4449 2851 4518 poterit
2897 4461 3016 4516 qua:
3057 4445 3340 4518 qualisque
3382 4449 3454 4504 sit
3498 4449 3606 4502 ista

351 4556 529 4626 pluvia
581 4555 734 4610 verbi
783 4555 876 4608 Dei
930 4551 1286 4608 ministranda
1333 4551 1707 4616 committitur,
1742 4553 1928 4606 obser-

350 4664 478 4703 vare
503 4649 701 4704 debent
726 4649 829 4702 hoc
857 4647 1001 4717 quod
1030 4646 1162 4700 dicit
1184 4643 1484 4712 Scriptura,
1516 4651 1574 4696 ut
1604 4642 1656 4696 in
1687 4653 1926 4713 tempore

349 4740 650 4808 praebeant,
679 4741 730 4794 id
757 4749 861 4804 est,
893 4755 959 4794 ne
987 4737 1265 4808 crapulato
1296 4748 1352 4792 et
1377 4737 1528 4793 ebrio
1562 4737 1784 4791 verbum
1830 4736 1923 4791 Dei

350 4835 622 4903 ingerant,
651 4846 751 4886 nec
782 4840 1046 4900 occupato
1092 4830 1145 4884 in
1191 4829 1312 4884 aliis
1344 4830 1545 4894 animo,
1574 4843 1696 4882 cum
1745 4837 1924 4882 atten-

353 4941 437 4982 tus
462 4943 586 4982 esse
611 4942 718 4982 non
747 4935 923 4997 potest
949 4940 962 4978 :
990 4925 1071 4981 vel
1100 4939 1222 4980 cum
1267 4923 1494 4993 alicujus
1526 4923 1640 4978 vitii
1671 4925 1927 4993 languore

351 5021 679 5074 constrictus
717 5028 820 5084 est,
851 5028 904 5073 et
938 5032 1042 5072 non
1080 5018 1308 5084 doctori,
1333 5017 1426 5071 sed
1476 5017 1664 5071 morbo
1705 5017 1926 5085 proprio

353 5114 575 5168 interior
600 5122 885 5183 praestatur
905 5111 1142 5169 auditus.
1174 5109 1475 5164 Prudenter
1495 5123 1625 5180 ergo
1647 5110 1921 5178 conjiciat,

354 5207 440 5260 ubi
471 5215 650 5276 potest
692 5221 886 5260 vacare
937 5221 1108 5271 tuens,
1157 5204 1244 5258 ubi
1287 5203 1519 5268 sobrius,
1549 5203 1637 5257 ubi
1675 5203 1924 5274 vigilans,

354 5299 440 5353 ubi
488 5300 727 5352 intentus
773 5298 987 5353 auditor
1024 5307 1127 5363 est,
1164 5311 1219 5353 et
1265 5297 1335 5352 ibi
1378 5297 1615 5369 pluviam
1656 5297 1928 5354 ministret

439 5437 487 5470 “
515 5439 617 5494 lsa.
656 5455 693 5502 ι,
726 5439 780 5492 ‘2.
856 5439 902 5471 ⁷⁵
927 5438 1088 5494 Hebr.
1115 5455 1187 5506 vi,
1224 5439 1276 5496 7.

354 5506 398 5539 “"
426 5508 564 5564 Gen.
611 5525 744 5576 xvu,
772 5509 862 5566 28.
935 5509 979 5540 ⁸¹
1012 5510 1144 5564 Luc.
1179 5527 1275 5574 xit,
1307 5509 1394 5565 18.
1467 5512 1511 5542 ⁸⁸
1539 5512 1726 5567 Matth.
1756 5506 1872 5570 xiu.

425 5621 538 5691 (34)
564 5622 744 5693 Codex
772 5622 1084 5693 Sangerm.,
1122 5643 1140 5674 ι
1176 5638 1459 5693 generans.
1487 5645 1506 5676 ι

427 5694 538 5763 (55)
570 5692 727 5747 Libb.
776 5692 927 5753 editi,
967 5711 985 5744 ι
1018 5704 1073 5747 ct
1107 5692 1499 5750 benedictionis
1542 5696 1721 5752 ﬁnem.
1763 5716 1780 5750 ι
1816 5698 1925 5754 Co-

359 5764 458 5818 αα
511 5765 820 5833 Sattgerttt.,
856 5781 875 5816 ι
912 5775 967 5820 et
1011 5779 1108 5835 pro
1154 5765 1503 5823 beatitudinis
1559 5769 1683 5825 ﬁne.
1734 5788 1752 5823 ι
1795 5771 1924 5837 Alii,

2035 4554 2200 4610 terra,
2227 4558 2345 4612 quae
2377 4551 2598 4611 accepta
2632 4540 2840 4596 caelesti
2867 4540 3044 4608 pluvia
3085 4541 3395 4595 nativitates
3430 4542 3607 4611 profe-

2033 4648 2118 4692 rat
2149 4634 2552 4690 rationaliilium
2582 4633 2816 4701 frugum.
2847 4630 3235 4688 Testimonium
3269 4633 3335 4689 de
3370 4633 3606 4705 Evange-

2033 4732 2119 4785 liis
2145 4744 2298 4784 sume
2317 4729 2385 4793 ⁸³,
2415 4728 2683 4796 quomodo
2719 4727 2851 4780 exiit
2890 4728 2982 4796 qui
3033 4729 3274 4781 seminat
3311 4728 3606 4796 seminare,

2033 4834 2088 4878 et
2133 4822 2276 4876 aliud
2309 4822 2530 4891 quidem
2577 4821 2773 4875 cecidit
2819 4833 2975 4874 secus
3022 4820 3191 4886 viam,
3233 4822 3382 4876 aliud
3427 4832 3608 4878 autem

2033 4929 2196 4984 super
2227 4925 2456 4982 petram,
2489 4913 2632 4967 aliud
2676 4927 2840 4982 super
2875 4914 3081 4983 spinas,
3118 4913 3263 4970 aliud
3300 4924 3482 4970 autem
3517 4931 3610 4969 stt.

2033 5020 2128 5074 per
2161 5015 2360 5060 terram
2387 5006 2602 5060 bonam.
2635 5006 2690 5059 Si
2718 5019 2846 5075 ergo
2875 5023 2938 5062 ea
2969 5023 3094 5079 qua:
3123 5009 3419 5065 ceciderint
3448 5024 3611 5081 super

2036 5110 2234 5153 terram
2274 5098 2470 5154 bonam
2503 5099 2780 5153 attulerint
2826 5099 3082 5168 fructum,
3108 5102 3254 5157 dedit
3305 5113 3447 5158 terra
3489 5104 3607 5156 fru-

2035 5207 2178 5251 ctum
2227 5210 2408 5259 suutn,
2440 5204 2495 5248 et
2537 5195 2852 5250 nativitates
2898 5212 3026 5251 suas
3057 5197 3332 5268 produxit,
3366 5195 3604 5251 centesi-

2035 5308 2203 5357 mum,
2237 5301 2292 5346 et
2326 5290 2744 5359 sexagesimum,
2773 5300 2828 5344 et
2864 5291 3217 5345 tricesimum.

1373 5441 1419 5472 ⁷⁸
1448 5440 1618 5497 Levit.
1645 5457 1792 5508 xxvr,
1817 5443 1868 5497 4.

2029 5443 2065 5498 ιι
2095 5443 2223 5497 Cor.
2250 5453 2306 5492 ut
2327 5478 2344 5505 ,
2370 5437 2424 5490 2.
2500 5435 2548 5466 ’⁸
2579 5434 2716 5491 Psal.
2747 5451 2932 5502 xxxvr,
2959 5437 3014 5490 8.
3088 5435 3132 5466 "
3157 5435 3328 5490 Levnt.
3370 5449 3517 5502 xxvi,
3545 5431 3612 5490 4.Δ

2041 5646 2058 5677 ι
2093 5635 2146 5680 et
2173 5640 2271 5694 pro
2301 5621 2652 5694 beatitudinis
2689 5622 3141 5694 remuneratione.
3184 5639 3202 5670 ι

2104 5692 2214 5766 (56)
2246 5693 2399 5750 Libb.
2430 5693 2584 5760 editi,
2616 5711 2635 5743 t
2672 5701 2878 5764 potare.
2912 5711 2931 5745 ι
2959 5692 3056 5750 llls.
3087 5694 3392 5758 δαμείη-ιιι,
3421 5705 3452 5739 Ι·
3476 5701 3600 5756 por-

2035 5777 2170 5822 tare.
2212 5784 2231 5817 ι
