4074 6156
469 192 579 250 567

1916 184 2241 243 ORIGENIS

3619 168 3736 226 568

535 311 591 366 4.
629 330 650 362 ο
684 308 791 365 Sed
834 320 889 364 et
935 308 1105 380 ligna,
1143 306 1318 376 inquit
1362 307 1429 371 ⁸³,
1474 321 1786 376 camporum
1835 304 2041 360 dabunt
2073 314 2115 367 Α
2150 307 2219 361 tis
2272 305 2579 376 suscepisse
2627 302 2885 359 vocabula
2914 320 2927 356 :
2961 320 2980 353 σ
3018 300 3183 372 Ligna
3220 312 3349 371 ergo
3397 293 3575 366 carnpi
3631 292 3737 346 du-

464 399 698 457 h'uctum
741 414 914 453 suum.
962 416 983 449 ι
1017 397 1288 451 Habemus
1324 399 1462 451 intra
1497 398 1857 465 nosmetipsos
1886 406 1939 449 et
1975 394 2038 449 li-

466 505 567 560 gna
600 502 932 558 camporum,
964 502 1083 556 qua:
1112 502 1266 541 suum
1296 486 1530 542 fructum
1559 487 1879 556 producunt.
1909 485 2038 552 Qua:

463 592 588 637 sunt
619 581 719 635 ista
755 580 899 651 ligna
925 593 1262 650 camporum,
1302 595 1424 650 quae
1463 578 1696 634 fructum
1729 594 1883 633 suum
1915 597 2039 653 pro-

464 674 702 730 ducunt?
728 672 859 740 Quae
885 682 1012 729 sunt
1045 674 1148 728 ista
1176 673 1318 744 ligna
1351 674 1708 743 camporum?
1742 676 1898 732 Dicet
1932 676 2040 731 for-

462 761 623 816 tassis
676 761 936 816 auditor:
989 762 1129 829 Quid
1179 763 1370 816 iterum
1417 763 1502 818 hic
1551 764 1874 836 eurisilogus
1923 766 2035 837 (57)

461 853 609 923 agit?
641 853 778 921 Quid
829 854 1188 923 undecunque
1231 854 1392 910 verba
1437 856 1728 926 conquirit,
1757 867 1814 912 ut
1854 858 2039 929 expla-

459 947 739 1001 nationem
773 947 1021 1003 lectionis
1053 948 1311 1019 eﬂ'ugiat?
1337 950 1604 1017 quomodo
1626 950 1765 1004 intra
1794 966 1891 1006 nos
1916 966 2038 1006 esse

461 1039 606 1110 ligna
633 1041 848 1096 docebit
876 1050 930 1096 et
967 1040 1228 1097 arbores?
1266 1040 1323 1097 Si
1358 1056 1461 1095 non
1506 1050 1709 1096 temere
1740 1043 2036 1109 obtrectes,

455 1133 569 1204 jam
621 1149 763 1188 nunc
811 1132 1017 1199 audies,
1064 1134 1190 1204 quia
1236 1153 1255 1186 ι
1307 1148 1414 1188 non
1468 1142 1647 1203 potest
1689 1134 1852 1190 arbor
1898 1137 2036 1190 bona

460 1226 635 1281 malos
677 1223 888 1281 fructus
935 1226 1150 1291 facere,
1198 1242 1371 1297 neque
1425 1228 1588 1283 arbor
1642 1228 1781 1282 mala
1832 1230 2037 1283 fructus

460 1317 635 1372 bonos
667 1315 850 1372 facere
877 1315 942 1368 “.
986 1335 1005 1369 ι
1042 1316 1309 1372 Habemus
1332 1332 1461 1387 ergo
1503 1318 1725 1372 arbores
1767 1317 1908 1371 intra
1940 1331 2038 1371 nos

460 1409 577 1464 sive
609 1410 799 1468 bonas.
826 1407 939 1463 sive
970 1409 1174 1474 malas;
1211 1418 1265 1463 et
1299 1423 1418 1477 qua:
1452 1410 1605 1463 bona:
1649 1417 1795 1471 sunt,
1833 1407 2037 1463 fructus

456 1501 633 1556 malos
675 1498 868 1555 aﬂ'erre
914 1516 1017 1555 non
1066 1509 1307 1568 possunt,
1341 1501 1482 1555 sicut
1525 1515 1645 1570 quae
1684 1500 1837 1555 mala:
1884 1508 2032 1565 sunt,

454 1594 667 1650 fructus
715 1607 826 1646 non
877 1589 1106 1647 aﬂ‘ereut
1145 1593 1336 1649 bonos.
1385 1591 1479 1647 Vis
1529 1592 1622 1647 tibi
1676 1601 1732 1647 et
1778 1592 2032 1646 arborum

460 1689 701 1758 ipsarum
727 1702 846 1757 quae
878 1688 1018 1742 intra
1055 1702 1153 1742 nos
1185 1694 1310 1741 sunt
1333 1684 1593 1739 vocabula
1635 1695 1690 1738 et
1719 1683 2034 1755 appellatio—

461 1795 557 1834 nes
585 1779 906 1848 expediam?
936 1778 1049 1833 Non
1081 1788 1162 1833 est
1193 1777 1346 1843 licus,
1381 1791 1555 1846 neque
1591 1775 1785 1841 malus,
1818 1792 1915 1831 nec
1957 1777 2037 1830 vi-

463 1871 551 1939 tis,
582 1873 673 1927 sed
707 1887 812 1924 una
857 1871 1020 1924 arbor
1060 1870 1272 1939 justitia
1302 1877 1550 1932 vocatur,
1582 1868 1684 1922 alia
1730 1870 2032 1938 prudentia,

459 1961 563 2018 alia
611 1962 893 2031 fortitudo,
938 1961 1041 2017 alia
1095 1959 1448 2030 temperantia
1499 1961 1824 2017 nominatur.
1878 1963 1942 2017 Et
1989 1964 2033 2017 si

456 2056 562 2122 vis,
591 2056 850 2127 majorem
897 2056 1078 2110 adhuc
1121 2054 1373 2111 arborum
1426 2054 1823 2109 multitudinem
1867 2056 2033 2120 disce,

458 2150 656 2219 quibus
707 2148 954 2203 fortassis
1006 2149 1219 2218 dignius
1262 2150 1542 2217 putabitur
1595 2151 1839 2205 consitus
1871 2150 2034 2203 etiam

458 2237 745 2304 paradisus
775 2234 892 2292 Dei.
937 2236 1030 2291 Est
1074 2237 1217 2292 enim
1252 2238 1324 2294 ibi
1366 2241 1529 2295 arbor
1577 2241 1816 2311 pietatis,
1854 2248 1935 2296 est
1982 2250 2036 2295 et

457 2328 561 2383 alia
593 2327 758 2383 arbor
786 2328 1085 2399 sapientiae,
1117 2339 1199 2386 est
1234 2338 1307 2387 et‘
1333 2332 1439 2387 alia
1489 2332 1806 2403 disciplinae,
1850 2343 1935 2387 est
1982 2340 2036 2389 et

456 2416 562 2476 alia
607 2423 849 2478 scientiae
892 2425 1021 2480 boni
1062 2437 1117 2482 et
1165 2425 1313 2481 mali.
1349 2424 1524 2495 Super
1569 2427 1751 2480 omnia
1778 2440 1907 2481 vero
1950 2434 2035 2480 est

458 2514 619 2571 arbor
644 2516 787 2572 vitae.
813 2515 929 2572 Non
963 2518 1055 2574 tibi
1103 2520 1275 2591 magis
1305 2521 1518 2576 videtur
1551 2520 1693 2589 quod
1727 2521 1890 2576 Pater
1922 2535 2036 2575 cte-

456 2605 609 2663 lestis
637 2610 871 2681 agricola
911 2611 1217 2682 hujusmodi
1249 2613 1471 2670 arbores
1514 2615 1565 2669 in
1608 2614 1786 2669 anima
1819 2625 1907 2669 tua
1937 2628 2036 2668 ex-

456 2704 615 2766 colat,
646 2710 702 2756 et
746 2701 909 2774 266
932 2701 1236 2772 huiusmodi
1286 2704 1550 2775 plantaria
1603 2706 1655 2760 in
1713 2715 1801 2760 tua
1854 2715 2035 2760 mente

458 2794 769 2848 constituat.
811 2795 904 2851 Sic
954 2808 1084 2864 ergo
1128 2795 1259 2850 dicit
1302 2795 1588 2851 Salvator:
1636 2814 1654 2847 ι
1695 2793 1810 2850 Non
1857 2806 2035 2865 potest

456 2885 618 2939 arbor
660 2885 795 2939 mala
832 2886 1001 2940 bonos
1051 2884 1260 2943 fructus
1294 2885 1495 2952 facere,
1525 2904 1700 2958 neque
1732 2889 1871 2943 bona
1916 2888 2031 2942 fru-

455 2988 577 3032 ctus
606 2977 779 3032 malos
808 2977 1008 3033 facere.
1045 2997 1064 3031 ι
1100 2978 1214 3035 Hoc
1250 2989 1334 3036 est
1361 2982 1501 3051 quod
1526 2982 1709 3036 docet:
1730 2980 1908 3035 Arbor
1932 2998 2035 3051 pu-

432 3070 655 3138 .dicitiae
682 3070 820 3125 bona
852 3081 962 3135 eat,
996 3085 1102 3124 non
1135 3079 1313 3140 potest
1342 3071 1540 3126 afferre
1570 3071 1777 3125 fructus
1802 3070 2034 3140 impudi-

457 3163 618 3218 citim.
669 3163 845 3217 Arbor
880 3162 1109 3232 iustitiae
1154 3163 1291 3218 bona
1337 3173 1439 3230 est,
1490 3174 1545 3217 et
1582 3162 1777 3218 afferre
1822 3162 2033 3219 fructus

429 3250 742 3323 'injustitia:
776 3270 881 3309 nou
927 3266 1120 3324 potest.
1166 3255 1257 3311 Sic
1303 3262 1358 3310 et
1401 3256 1706 3312 econtrario
1748 3257 1793 3311 si
1836 3256 2033 3311 habeas

460 3346 615 3400 malae
642 3347 855 3401 arboris
890 3347 1127 3401 radicem
1163 3348 1218 3401 in
1252 3359 1342 3402 tua
1373 3358 1554 3402 mente
1580 3346 1898 3416 plantatam,
1929 3345 2030 3401 bo-

457 3451 558 3492 nos
589 3438 811 3493 reddere
835 3453 937 3493 non
970 3448 1145 3509 petest
1171 3439 1393 3495 fructus.
1430 3436 1486 3492 Si
1510 3438 1652 3493 enim
1684 3437 1753 3492 sit
1778 3437 1828 3491 in
1865 3449 1913 3491 te
1941 3452 2031 3490 ra-

460 3527 551 3583 dix
584 3530 820 3596 malitia,
865 3530 1076 3586 fructus
1114 3547 1218 3585 non
1249 3531 1402 3587 dabit
1436 3530 1629 3587 bonos.
1666 3529 1722 3585 Si
1772 3530 1842 3583 sit
1889 3530 2030 3584 intra

457 3639 553 3681 cor
587 3634 734 3680 tuum
781 3623 1021 3680 stultitiae
1065 3624 1288 3695 planta,
1334 3639 1607 3693 nunquam
1659 3623 1898 3695 proferet
1944 3638 2032 3677 sa-

459 3716 676 3785 pientia
720 3717 930 3772 ﬂorem.
981 3716 1038 3772 Si
1088 3717 1384 3788 injustitiae,
1419 3717 1466 3773 si
1518 3717 1823 3790 iniquitatis
1870 3720 2033 3776 arbor

457 3809 550 3875 sit,
580 3823 858 3878 nunquam
885 3809 1193 3879 hujusmodi
1222 3810 1363 3880 ligna
1396 3812 1629 3882 gaudere
1654 3811 1812 3866 bonis
1841 3810 2033 3867 fructi-

457 3903 559 3956 bus
592 3916 834 3971 possunt.
870 3902 924 3957 Si
952 3918 1081 3974 ergo
1119 3917 1398 3959 servemus
1427 3904 1677 3958 mandata
1710 3904 1823 3971 Dei,
1852 3921 2032 3960 susce-

455 4002 544 4062 pta
575 3992 751 4062 pluvia
776 3992 925 4046 verbi
955 3993 1075 4056 Dei,
1102 3994 1166 4048 de
1191 4009 1294 4063 qua
1322 3995 1567 4063 superius
1587 3994 1841 4057 diximus,
1866 3996 2028 4048 etiam

457 4087 681 4142 arbores
736 4100 856 4155 quae
900 4085 952 4138 in
996 4088 1202 4155 eampis
1244 4088 1440 4141 animae
1493 4098 1690 4143 nostra:
1745 4096 1799 4141 et
1851 4091 2030 4143 cordis

459 4180 629 4235 nostri
663 4178 944 4234 latitudine
972 4179 1228 4247 plant-ala:
1250 4189 1393 4249 sunt,
1428 4180 1604 4235 ianum
1635 4188 1689 4234 et
1729 4181 1882 4236 bona?
1906 4196 2029 4236 sua-

456 4271 642 4327 vitatis
672 4271 898 4326 afl'erent
930 4268 1185 4325 fructum.
1219 4270 1312 4327 Vis
1341 4282 1521 4326 autem
1553 4271 1648 4326 tibi
1685 4271 1752 4325 de
1784 4269 2026 4341 Scriptu-

2140 400 2272 454 bunt
2304 397 2540 453 fructum
2589 412 2744 453 suum
2774 397 2841 450 ⁸⁵.
2875 414 2894 447 ι
2952 394 3065 449 Hoc.
3090 393 3252 448 credo
3274 392 3341 446 de
3360 404 3419 444 se
3446 386 3735 444 seutielmt

2139 499 2193 545 et
2239 490 2428 544 beatus
2469 486 2635 543 David
2668 504 2789 542 cum
2818 487 3087 543 dicebat"
3116 504 3130 539 :
3156 504 3176 538 ι
3214 484 3322 554 Ego
3360 490 3536 536 autem
3570 479 3736 533 sicut

2110 582 2279 663 ‘oliva
2317 581 2593 636 fructifera
2624 583 2676 637 in
2711 583 2867 637 domo
2900 582 3020 638 Dei.
3071 599 3091 634 ι
3144 578 3225 633 Ex
3271 592 3378 647 quo
3422 570 3739 628 manifeste

2138 675 2375 730 ostendit
2400 675 2602 747 lignum
2629 675 2787 730 oliva:
2823 672 3031 744 justum
3060 683 3115 728 et
3152 680 3401 727 sanctum
3438 665 3731 722 hominem

2140 770 2268 824 dici.

2209 861 2261 916 5.
2274 886 2288 909 ι
2303 861 2369 916 Et
2385 860 2806 931 comprehendet
2819 857 2969 914 vobis
2988 855 3254 911 trituratio
3271 853 3597 908 vindemiam
3612 849 3687 904 ⁸⁸.
3704 870 3729 901 ι

2140 955 2195 1011 Si
2232 957 2555 1010 seminalum
2591 964 2674 1007 est
2711 953 2761 1007 in
2802 951 2980 1005 anima
3013 963 3196 1004 semen
3240 947 3463 1012 bonum,
3489 953 3545 1000 et
3592 957 3731 998 stis-

2139 1057 2291 1118 cepta
2331 1064 2359 1102 a
2393 1049 2502 1104 Deo
2536 1047 2716 1118 pluvia
2747 1047 2942 1108 crevit,
2973 1055 3025 1099 et
3070 1042 3221 1097 venit
3245 1039 3313 1095 ad
3360 1040 3589 1108 spicam,
3620 1051 3726 1092 ne~

2138 1140 2377 1196 cessario
2403 1148 2769 1209 consequetur
2795 1146 2854 1191 et
2887 1134 3117 1190 messis:
3150 1143 3203 1188 et
3243 1132 3289 1188 si
3330 1131 3551 1196 messis,
3580 1144 3735 1184 con-

2138 1242 2395 1303 sequetur
2420 1232 2582 1287 etiam
2620 1229 2912 1291 trituratio,
2943 1227 2997 1281 in
3025 1241 3135 1296 qua
3175 1224 3445 1280 frumenta
3480 1235 3726 1293 purgen-

2140 1333 2247 1380 tur.
2277 1324 2488 1380 Etenim
2531 1324 2711 1379 anima
2748 1339 2868 1393 qua:
2905 1321 3195 1394 germinat,
3231 1334 3299 1374 ex
3327 1317 3491 1372 verbo
3530 1315 3630 1370 Dei
3663 1323 3727 1369 et

2138 1417 2346 1472 caelesti
2375 1416 2554 1488 pluvia
2590 1417 2761 1487 rigata
2801 1428 3024 1487 germen
3053 1410 3302 1480 producit
3341 1408 3408 1463 ad
3452 1420 3727 1471 messem,

2139 1522 2361 1563 necesse
2404 1518 2489 1563 est
2529 1516 2589 1562 ut
2617 1508 2729 1577 ipsa
2773 1504 2965 1561 messis
3006 1518 3167 1573 quam
3211 1500 3419 1572 profert
3454 1506 3728 1566 purgetur

2141 1598 2193 1651 in
2225 1612 2371 1666 area,
2402 1597 2454 1653 id
2484 1609 2589 1664 est,
2619 1606 2679 1651 ut
2722 1610 2912 1652 sensus
2960 1609 3098 1665 quos
3129 1593 3379 1662 genuerit
3431 1590 3616 1643 anima
3663 1589 3720 1640 in

2139 1692 2375 1745 medium
2411 1688 2676 1759 proferat,
2708 1698 2762 1743 et
2803 1687 2918 1743 sive
2966 1702 3089 1742 cum
3122 1676 3333 1739 caeteris
3371 1681 3725 1741 doctoribus,

2138 1783 2253 1837 sive
2276 1784 2438 1837 etiam
2472 1796 2593 1837 cum
2620 1781 2750 1851 ipsis
2778 1795 2897 1851 qua:
2927 1781 3097 1834 sentit
3123 1777 3318 1834 divinis
3345 1774 3721 1830 voluminibus

2138 1873 2423 1928 conferat:
2459 1885 2518 1928 ut
2544 1875 2587 1929 si
2623 1873 2752 1942 quid
2789 1873 2842 1926 in
2884 1873 2965 1927 eis
2999 1871 3156 1925 inane
3187 1880 3242 1925 et
3283 1866 3635 1937 superﬂuum,
3667 1864 3718 1917 si

2137 1965 2266 2033 quid
2314 1967 2481 2034 paleae
2522 1965 2698 2022 simile
2748 1962 2912 2018 fuerit
2956 1972 3050 2018 aut
3093 1960 3311 2026 aristis,
3349 1957 3510 2013 ﬂante
3555 1958 3611 2012 in
3654 1969 3720 2009 se

2137 2056 2327 2125 spiritu
2385 2058 2727 2115 discretionis
2753 2056 3011 2121 excutiat,
3043 2064 3100 2109 et
3141 2068 3333 2124 purum
3377 2050 3715 2105 frmueutum

2136 2163 2243 2218 quo
2290 2147 2404 2203 solo
2449 2156 2615 2217 queat
2669 2148 2878 2200 nutrire
2932 2159 3246 2210 conservos,
3291 2152 3345 2197 et
3395 2157 3714 2197 mensuram

2138 2241 2301 2295 tritici
2349 2240 2401 2295 in
2450 2249 2693 2310 tempore
2743 2241 3061 2308 dispensnre
3121 2238 3370 2292 retineat.
3405 2252 3424 2286 ι
3458 2233 3523 2289 Ει
3575 2248 3714 2287 eon-

2135 2343 2414 2405 sequetur,
2448 2332 2643 2404 inquit,
2690 2330 2965 2387 trituratio
3008 2330 3356 2383 vindemiam.
3390 2346 3412 2381 ο
3445 2325 3580 2394 Quia
3612 2340 3713 2394 pa-

2136 2425 2243 2491 nis,
2283 2433 2341 2480 ut
2395 2424 2679 2494 Scriptura
2718 2423 2850 2478 dicit
2894 2422 2965 2487 ⁸³,
3003 2419 3273 2475 confortat
3308 2434 3401 2473 cor
3449 2416 3710 2481 hominis,

2134 2528 2188 2574 et
2236 2519 2421 2573 vinum
2466 2517 2726 2581 lmtiﬁcat,
2759 2529 3095 2585 quaecunque
3139 2514 3206 2567 de
3251 2511 3603 2574 continentia,
3640 2507 3713 2561 de

2133 2613 2497 2668 observantiis
2529 2622 2583 2668 et
2608 2610 2854 2667 custodia
2877 2610 3252 2664 mandatorum
3295 2606 3390 2662 Dei
3424 2607 3705 2667 dicuntur,

2134 2708 2250 2763 haec
2276 2716 2502 2779 possunt
2535 2706 2704 2761 videri
2736 2704 3092 2770 frumentum,
3120 2719 3184 2758 ex
3220 2716 3328 2771 quo
3354 2699 3508 2770 panis
3533 2696 3706 2752 eﬂieiw

2136 2810 2242 2864 tur,
2264 2809 2319 2854 et
2352 2798 2656 2855 auditorum
2692 2797 2856 2851 corda
2899 2796 3190 2852 confortat.
3223 2796 3296 2849 Ea
3328 2810 3456 2849 vero
3482 2808 3602 2862 quae
3636 2791 3704 2845 ad

2133 2891 2413 2947 scientiam
2470 2891 2777 2960 pertinent,
2836 2898 2889 2944 et
2954 2887 3286 2944 occultorum
3328 2883 3705 2960 explanatione

2062 3008 2103 3065 ο
2136 2991 2344 3036 mentes
2376 2978 2655 3035 lanificam
2681 2977 3036 3042 audientium,
3065 2978 3191 3031 vino
3221 2991 3286 3031 ac
3313 2974 3596 3030 vindemia:
3622 2974 3706 3027 vi-

2136 3073 2401 3128 debuntur
2445 3074 2697 3143 aptanda.
2740 3069 2902 3126 Cordi
2949 3070 3153 3125 etenim
3205 3068 3389 3122 lastitia
3431 3065 3704 3130 tribuitur,

2134 3180 2253 3217 cum
2287 3179 2348 3217 ea
2382 3178 2503 3233 quae
2551 3161 2765 3217 occulta
2814 3169 2868 3215 et
2910 3162 3138 3217 obscura
3181 3170 3308 3216 sunt
3345 3158 3702 3227 explicantur.

2139 3274 2157 3307 ο
2194 3256 2260 3310 Ει
2296 3256 2598 3320 vindemia,
2644 3255 2841 3325 inquit.
2889 3255 3315 3325 comprehendet
3352 3255 3639 3310 sationem.
3679 3273 3703 3304 ο

2139 3347 2202 3401 Ut
2236 3347 2280 3401 si
2331 3348 2622 3403 dicamus:
2656 3346 2840 3402 Primo
2889 3346 3172 3402 seminavit
3217 3361 3336 3416 quas
3382 3346 3512 3417 legis
3556 3354 3704 3409 sunt,

2133 3450 2189 3494 et
2218 3448 2564 3509 posteaquam
2612 3438 2937 3493 seminatum
2972 3449 3074 3505 est,
3108 3438 3260 3495 oravi
3316 3447 3374 3493 ut
3415 3439 3561 3492 daret
3601 3438 3696 3491 υοι

2133 3532 2309 3584 minus
2337 3530 2570 3600 pluviam
2599 3532 2653 3586 in
2690 3542 2951 3602 tempore,
2985 3542 3037 3587 et
3061 3532 3200 3587 facta
3222 3541 3304 3589 est
3337 3532 3547 3587 messis.
3580 3531 3706 3586 Post

2133 3624 2248 3677 haec
2277 3638 2382 3677 non
2412 3638 2601 3679 maneo
2628 3624 2856 3691 otiosus,
2889 3624 2982 3681 sed
3016 3624 3211 3681 iterum
3245 3624 3473 3688 semino,
3498 3625 3705 3692 accipio

2134 3713 2470 3783 Scripturam
2518 3716 2918 3785 propheticum,
2968 3724 3022 3771 et
3067 3731 3133 3770 ex
3176 3730 3238 3771 ea
3280 3716 3487 3770 semine
3532 3725 3705 3769 terras

2133 3817 2192 3864 et
2231 3809 2436 3863 novalia
2474 3811 2807 3865 auditorum.
2841 3808 2972 3864 Post
3014 3808 3130 3866 haec
3172 3809 3381 3864 semine
3407 3818 3459 3863 ct
3498 3807 3603 3861 alia
3635 3807 3704 3861 de

2131 3901 2461 3971 evangelicis
2492 3903 2855 3958 sermonibus.
2890 3901 3111 3956 Diversa
3135 3909 3261 3956 sunt
3283 3915 3403 3970 qua:
3432 3899 3705 3954 seminan-

2130 4003 2242 4060 tur,
2277 4011 2372 4066 per
2407 4004 2578 4051 totum
2613 4011 2813 4049 annum
2841 4010 3130 4066 possumus
3168 3995 3462 4048 seminare.
3501 3990 3702 4045 Possu-

2129 4104 2250 4144 mus
2297 4089 2438 4144 em'm
2485 4097 2541 4145 et
2586 4090 2653 4144 de
2692 4087 3006 4159 apostolicis
3046 4087 3239 4142 litteris
3277 4085 3446 4139 multa
3492 4085 3700 4139 semina

2127 4182 2331 4249 jacere.
2369 4181 2595 4252 Semper
2639 4190 2722 4236 est
2770 4181 2910 4252 quod
2958 4179 3276 4243 seminetur,
3308 4178 3360 4231 in
3406 4177 3552 4233 omni
3591 4178 3701 4230 vita

2131 4282 2316 4327 nostra
2354 4273 2450 4327 otii
2502 4273 2706 4327 nullum
2757 4281 2967 4341 tempus
3014 4280 3140 4326 est:
3176 4269 3413 4339 quandiu
3464 4268 3699 4337 respira-

459 4364 537 4419 ris
576 4365 860 4420 ostendam
907 4362 1130 4418 arbores
1157 4362 1239 4417 vel
1271 4363 1411 4434 ligna
1444 4363 1699 4434 appellari
1724 4365 1824 4419 has
1848 4365 2031 4436 singu-
2063 4351 2106 4405 Ῑ)
2138 4382 2280 4432 mus,
2307 4365 2652 4420 seminemus.
2691 4365 2924 4419 Tantum
2956 4374 3060 4429 est,
3101 4372 3159 4417 ut
3205 4363 3257 4415 in
3301 4360 3494 4431 spiritu
3533 4360 3697 4415 semi-

457 4455 538 4511 las
568 4469 813 4526 quasque
840 4454 1088 4520 virtutes,
1117 4470 1250 4524 quas
1286 4458 1532 4525 superius
1564 4454 2029 4510 memoravimus?

455 4547 702 4601 Adhibeo
738 4554 931 4601 testem
981 4546 1435 4616 sapientissimum
1478 4547 1819 4603 Salomonem
1847 4548 2032 4605 dicen-

459 4648 567 4690 tem
617 4636 683 4692 de
734 4637 1049 4706 sapientia:
1089 4656 1109 4688 ι
1143 4636 1367 4707 Lignum
1416 4638 1539 4693 vitm
1583 4649 1685 4705 est,
1734 4640 1909 4711 inquit
1955 4641 2023 4708 ⁸⁸,

456 4728 709 4785 omnibus
737 4730 830 4800 qui
858 4729 1255 4799 amplectuntur
1288 4744 1428 4784 eam.
1465 4747 1483 4784 θ
1517 4729 1574 4784 Si
1601 4746 1730 4801 ergo
1763 4733 2025 4801 sapientia

457 4821 661 4890 lignum
710 4822 839 4877 vitae
882 4832 986 4887 est,
1043 4823 1161 4876 sine
1209 4821 1369 4875 dubio
1421 4831 1475 4875 et
1515 4822 1658 4877 aliud
1700 4823 1901 4894 lignum
1944 4833 2027 4881 est

457 4913 783 4984 prudentiae,
802 4922 856 4969 et
878 4913 1023 4967 aliud
1047 4912 1306 4975 scientiae,
1329 4923 1385 4967 et
1404 4913 1547 4966 aliud
1571 4913 1815 4982 justiti-.e.
1844 4913 2026 4984 Neque

457 5006 601 5059 enim
655 5013 1051 5073 consequenter
1082 5003 1281 5059 dicitur
1319 5019 1387 5058 ex
1439 5004 1691 5059 omnibus
1740 5005 2026 5061 virtutibus

457 5096 626 5153 solam
657 5098 974 5167 sapientiam
1006 5097 1291 5161 meruisse,
1328 5111 1447 5166 quae
1490 5096 1692 5167 lignum
1723 5098 1843 5152 vita:
1878 5099 2027 5154 dica-

460 5198 568 5253 tur,
593 5197 819 5245 caeteras
847 5197 1029 5244 autem
1054 5190 1283 5246 virtutes
1320 5202 1659 5259 nequaquam
1691 5188 1882 5246 similis
1911 5206 2024 5246 sor-

523 5325 570 5356 ”
596 5323 775 5381 Levit.
794 5341 945 5387 xxvr,
977 5325 1031 5378 4.

458 5411 612 5463 xxvi,
656 5397 713 5455 5.
786 5399 832 5430 ⁸ο
873 5395 1015 5452 Psal.
1065 5395 1280 5463 c1v,i5.
1353 5396 1398 5429 ⁹⁰
1422 5394 1831 5462 Ῑιενίι.ιινι,5.

530 5508 641 5581 (57)
669 5507 824 5565 Libb.
854 5508 1007 5573 editi,
1053 5527 1071 5560 ‹
1115 5509 1441 5581 verbilogus.
1474 5528 1492 5561 ι
1529 5509 1633 5566 Sed
1682 5525 1836 5578 mss.,
1871 5529 1889 5562 ‹
1927 5528 2025 5566 eu-

459 5580 743 5655 risilugus,
765 5599 784 5630 ι
817 5584 958 5655 quod
986 5595 1202 5655 inerunt
1250 5592 1340 5655 est
1376 5580 1622 5636 Grazcum
1670 5581 2028 5655 εεὺρεσιλόγοςι

467 5669 489 5703 ι
528 5651 697 5707 solers
731 5652 786 5706 in
820 5649 1158 5707 inveniendis
1196 5652 1391 5707 verbis.
1431 5670 1449 5702 θ

2137 4473 2346 4522 nemus,
2375 4468 2432 4510 ut
2460 4457 2525 4512 de
2557 4456 2747 4526 spiritu
2779 4465 3044 4511 metamus
3079 4455 3241 4508 vitam
3275 4464 3553 4509 aeternam.
3583 4468 3603 4503 ε
3635 4450 3699 4506 Et

2136 4548 2532 4603 mamlucabitis
2557 4564 2748 4619 panem
2774 4559 3013 4603 vestrum
3042 4548 3094 4600 in
3124 4546 3412 4601 saturitate
3436 4544 3503 4597 “.
3537 4563 3560 4597 ι
3593 4542 3701 4598 Nec

2133 4641 2238 4694 hoc
2266 4655 2368 4709 ego
2396 4640 2695 4710 corporalis
2726 4654 2847 4694 esse
2889 4637 3283 4694 benedictionis
3323 4636 3437 4708 (58)
3473 4634 3696 4705 accipio,

2132 4734 2289 4804 quasi
2330 4734 2420 4804 qui
2456 4733 2721 4788 custodiat
2766 4731 2940 4803 legem
2974 4730 3090 4794 Dei,
3124 4745 3316 4800 panem
3355 4730 3515 4783 istum
3546 4743 3699 4783 com-

2134 4841 2352 4880 munem
2411 4825 2465 4880 in
2518 4825 2847 4881 abundantia
2900 4832 3284 4893 consequatur.
3337 4820 3478 4888 Quid
3525 4815 3702 4872 enim?

2133 4917 2323 4974 Nonne
2355 4918 2505 4989 impii
2535 4926 2590 4972 et
2623 4915 2835 4972 scelesti
2865 4929 3056 4984 panem
3086 4928 3190 4967 non
3232 4910 3404 4969 solum
3437 4911 3490 4965 in
3526 4912 3699 4965 abun-

2133 5012 2315 5067 dantia
2341 5051 2358 5075 ,
2406 5010 2500 5066 sed
2541 5019 2597 5065 et
2644 5010 2698 5064 in
2723 5008 2954 5080 _deliciis
2995 5006 3316 5061 comedunt?
3358 5003 3527 5075 Magis
3574 5016 3699 5072 ergo

2133 5107 2177 5161 si
2227 5104 2583 5175 respiciamus
2639 5104 2706 5157 ad
2755 5118 2876 5157 eum
2924 5103 3016 5172 qui
3071 5101 3271 5154 dixit"
3308 5118 3323 5156 :
3366 5117 3387 5150 ε
3430 5099 3541 5168 Ego
3581 5111 3698 5150 sum

2131 5199 2287 5269 panis
2318 5197 2469 5253 vivus
2497 5197 2591 5267 qui
2637 5196 2706 5251 de
2735 5196 2876 5252 Ctelo
2921 5194 3210 5259 descendi,
3250 5194 3428 5262 etqni
3477 5192 3698 5245 mandu-

1135 5324 1183 5358 ⁸⁸
1214 5324 1404 5381 Matth.
1440 5341 1539 5391 vn,
1570 5324 1657 5381 18.
1734 5326 1781 5360 ⁸⁸
1808 5326 1969 5384 Prov.
2024 5347 2032 5385 ι

1135 5395 1280 5463 r,i5.
1353 5396 1398 5429 ⁹⁰
1422 5394 1597 5454 Levit.
1622 5398 1831 5462 xxvi,5.
1932 5401 1976 5433 ⁹¹
2009 5399 2032 5455 .l

2153 5333 2240 5388 18.
2394 5331 2573 5389 Levit.
2600 5348 2750 5400 xxvr,
2774 5333 2828 5388 4.
2902 5332 2948 5364 ⁸⁷
2980 5330 3124 5387 Psal.
3160 5345 3256 5395 LII,
3290 5328 3377 5386 l0.
3449 5328 3498 5363 ⁸⁸
3524 5324 3699 5384 Levit.

2133 5420 2164 5460 ι.
2198 5420 2270 5470 vi,
2376 5444 2391 5459 .

2133 5514 2317 5642 c{(38)
2342 5515 2525 5573 Codex
2573 5519 2879 5590 Sangerm.,
2913 5535 2933 5569 ε
2968 5513 3282 5586 corporales
3328 5526 3448 5570 esse
3483 5492 3699 5571 benedi-

2191 5603 2358 5642 ioues.
2402 5607 2422 5639 ι

2191 5604 2358 5643 ιυιιεε.
2402 5607 2422 5639 ι
