4074 6156
362 251 470 309 569

1489 259 1559 316 IN
1597 260 1969 319 LEVITICUM
2011 261 2298 320 BOMILIA
2327 263 2469 320 XVI.
3500 268 3567 322 57

364 372 576 429 caverit
602 371 751 431 hunc
779 389 973 444 panem
1014 376 1160 432 vivet
1196 376 1249 433 in
1277 387 1574 448 aeternum;
1611 401 1630 434 ι
1662 390 1716 437 et
1748 384 1940 437 adver-
1968 386 2011 443 Α
2045 395 2189 450 tem;
2219 385 2492 440 custodiat
2523 384 2685 439 corda
2735 372 2957 447 vestra’,
2984 390 3040 437 et
3081 396 3273 438 sensus
3315 392 3545 438 vestros.
3581 400 3603 435 ι

362 480 542 521 tamus
561 467 691 536 quia
714 470 806 538 qui
834 470 948 525 haec
974 469 1208 537 dicebat,
1235 473 1453 528 verbum
1479 481 1597 530 erat
1619 490 1725 545 quo
1745 476 1937 531 anima

366 569 701 627 pascuntur:
736 562 1086 633 intelligimus
1119 565 1185 621 de
1215 581 1321 635 quo
1355 575 1496 638 pane
1528 570 1731 624 dictum
1781 571 1852 624 sit
1883 571 1934 625 in

365 652 834 711 benedictionibus
881 671 912 711 a
961 656 1094 722 Deo,
1132 676 1153 709 r
1191 658 1258 713 Et
1292 660 1693 717 manducabitis
1744 680 1934 733 panem

366 752 607 798 vestrum
634 746 688 799 in
721 748 1035 805 saturitate.
1069 768 1089 803 ι
1125 749 1331 806 Similia
1388 754 1453 810 iis
1478 755 1643 811 etiam
1681 755 1934 812 Salomon

366 835 422 890 in
451 835 758 895 Proverbiis
781 842 1093 911 pronuntiat
1115 845 1182 899 de
1205 844 1355 914 justo
1384 847 1575 905 dicens
1592 850 1638 884 ”
1664 868 1678 905 :
1709 867 1728 902 ι
1751 849 1937 907 Justus

367 929 704 986 manducans
752 934 980 1001 replebit
1021 937 1259 994 animam
1305 954 1455 995 suam
1483 958 1499 995 :
1530 942 1725 997 animm
1753 953 1934 998 autem

365 1022 659 1089 impiorum
691 1025 743 1079 in
769 1038 1008 1096 egestate
1029 1040 1210 1086 erunt.
1248 1051 1269 1086 ι
1304 1031 1415 1091 Hoc
1447 1036 1492 1091 si
1521 1037 1819 1091 secundum
1852 1037 1937 1089 lit-

366 1122 541 1167 teram
595 1116 866 1185 accipias,
912 1120 1038 1189 quia
1088 1139 1109 1174 ι
1159 1121 1339 1191 justus
1391 1127 1721 1183 manducans
1766 1129 1937 1197 replet

361 1202 604 1260 animam
647 1222 827 1275 suam,
865 1212 1064 1268 anima:
1097 1228 1226 1270 vero
1270 1215 1557 1286 impiorum
1602 1219 1657 1274 in
1698 1229 1938 1291 egestate

361 1305 553 1362 erunt,
576 1316 596 1349 ι
618 1297 817 1355 falsum
848 1302 1135 1361 videbitur.
1165 1306 1337 1378 Magis
1353 1310 1497 1363 enim
1523 1311 1718 1366 anima:
1742 1313 1934 1381 impio-

362 1400 484 1440 rum
513 1401 638 1442 cum
668 1391 931 1448 aviditate
957 1393 1136 1449 cibum
1164 1407 1408 1462 sumunt,
1438 1408 1493 1454 et
1518 1401 1789 1455 saturitati
1825 1411 1939 1456 stu-

362 1478 511 1533 dent.
549 1479 692 1537 Justi
724 1492 903 1539 autem
956 1487 1232 1544 interdum
1273 1499 1330 1544 et
1378 1493 1643 1548 esuriunt.
1693 1493 1936 1562 Denique

363 1566 562 1626 Paulus
591 1570 774 1639 justus
800 1586 941 1642 erat,
974 1586 1028 1632 et
1054 1579 1271 1635 dicebat
1302 1582 1349 1615 ”
1376 1600 1390 1636 :
1421 1600 1441 1633 ι
1474 1582 1653 1653 Usque
1688 1586 1756 1639 ad
1797 1586 1936 1642 hanc

363 1659 554 1716 horam
583 1664 877 1731 esurimus,
903 1676 958 1722 et
987 1669 1229 1737 sitimus,
1251 1679 1305 1726 et
1341 1673 1469 1727 nudi
1502 1688 1714 1742 sumus,
1753 1684 1808 1730 et
1840 1691 1936 1730 co-

365 1750 539 1821 laphis
565 1756 845 1812 caedimur.
880 1778 900 1811 ι
934 1758 1000 1814 Ει
1036 1760 1230 1816 iterum
1262 1763 1393 1818 dicit
1419 1762 1507 1819 ’δι
1545 1781 1565 1815 ι
1598 1765 1655 1819 ln
1704 1765 1850 1821 fame
1879 1779 1936 1824 et

362 1842 477 1909 siti,
520 1843 576 1898 in
609 1844 834 1914 jejuniis
874 1850 1079 1907 multis.
1124 1870 1144 1905 ι
1173 1852 1242 1908 Ει
1287 1857 1558 1925 quomodo
1604 1857 1740 1912 dicit
1783 1858 1935 1913 Salo-

363 1950 487 1991 mon
533 1935 603 2001 ’5,
646 1940 775 2008 quia
820 1960 841 1994 ε
870 1940 1057 2011 justus
1108 1945 1442 2002 manducans
1489 1947 1652 2004 satiat
1700 1952 1932 2006 animam

361 2029 551 2083 suam?
586 2048 606 2083 ι
637 2029 744 2086 Sed
774 2032 820 2088 si
858 2034 1114 2091 intuearis
1137 2039 1409 2107 quomodo
1428 2041 1611 2112 justus
1639 2057 1852 2112 semper
1880 2055 1936 2101 et

363 2119 484 2175 sine
526 2122 930 2183 intermissione
968 2128 1254 2184 manducet
1298 2131 1365 2184 de
1411 2147 1551 2202 pane
1588 2135 1732 2199 vivo,
1761 2146 1817 2191 et
1846 2153 1934 2192 re-

361 2211 510 2283 pleat
545 2217 782 2273 animam
835 2235 1012 2284 suam,
1058 2237 1123 2277 ac
1169 2224 1330 2280 satiet
1375 2240 1492 2281 eam
1540 2226 1664 2282 cibo
1702 2231 1932 2294 cwlesti,

362 2307 455 2375 qui
504 2317 593 2363 est
640 2307 876 2366 Verbum
927 2315 1019 2369 Dei
1078 2324 1133 2370 et
1178 2319 1441 2387 sapientia
1493 2324 1610 2393 ejus
1643 2364 1657 2388 ,
1691 2323 1934 2379 invenies

365 2399 634 2465 quomodo
655 2416 719 2456 ex
753 2403 1126 2464 benedictione
1166 2410 1258 2465 Dei
1306 2417 1594 2470 manducet
1624 2416 1803 2484 justus
1835 2432 1933 2487 pa-

366 2500 485 2541 nem
525 2504 685 2544 suum
722 2492 774 2546 in
807 2496 1075 2552 satietate.
1119 2516 1137 2551 t
1176 2501 1243 2556 Et
1281 2503 1595 2561 ltabitabitis
1637 2509 1732 2561 tttti
1773 2524 1937 2576 super

367 2590 564 2672 terram
607 2593 845 2640 vestram
871 2589 940 2643 “.
979 2608 998 2642 ι
1036 2590 1256 2662 iniquus
1303 2613 1575 2667 nunquam
1633 2610 1780 2657 tutus
1829 2611 1932 2672 est,

364 2670 457 2724 sed
502 2684 721 2740 semper
761 2687 1010 2733 movetur
1056 2691 1113 2735 et
1162 2683 1414 2752 ﬂuctuat,
1456 2698 1509 2742 et
1554 2670 1937 2747 circumfertur

363 2763 506 2816 omni
555 2775 717 2823 vento
757 2770 1018 2826 doctrina:
1067 2773 1121 2827 in
1145 2771 1357 2831 fallacia
1405 2779 1679 2835 hominum
1734 2784 1800 2836 ad
1846 2786 1937 2839 de-

364 2855 668 2926 ceptionem
720 2862 944 2918 erroris.
996 2862 1181 2920 Justus
1235 2882 1403 2935 vero,
1472 2873 1562 2941 qui
1612 2871 1781 2942 legem
1839 2874 1933 2929 Dei

362 2949 619 3017 custodit,
657 2960 803 3009 tutus
848 2955 1057 3011 habitat
1093 2973 1257 3027 super
1300 2970 1498 3016 terram
1530 2979 1705 3019 suam.
1733 2965 1936 3023 Sensus

2039 481 2164 535 llaec
2187 488 2270 534 est
2298 493 2428 551 ergo
2454 494 2578 548 pax,
2602 492 2766 547 quam
2798 476 2891 531 dat
2917 475 3061 532 Deus
3088 489 3254 546 super
3277 484 3480 533 terram
3508 490 3605 531 no-

2036 582 2225 627 stram.

2108 665 2163 723 6.
2192 683 2210 715 t
2236 664 2302 718 Et
2325 661 2624 728 dormietis,
2642 670 2696 717 et
2724 676 2828 717 non
2854 662 2958 717 erit
2981 661 3073 730 qui
3099 675 3196 717 vos
3218 668 3492 716 exterreat.
3509 658 3552 712 ⁸.
3579 676 3598 711 t

2029 755 2104 811 Et
2135 755 2392 809 Salomon
2428 755 2482 809 in
2524 751 2835 809 Proverbiis
2874 753 3047 807 dixit:
3077 770 3098 805 ί
3125 752 3182 807 Si
3210 753 3350 808 enim
3377 751 3604 813 sederis,

2037 848 2157 901 sine
2186 846 2380 901 timore
2412 846 2521 900 eris
2548 861 2565 912 ;
2596 856 2651 901 et
2679 844 2724 900 si
2751 844 3072 910 dormieris,
3097 843 3329 900 libenter
3353 858 3602 897 somnum

2034 938 2222 1006 capies
2248 977 2265 1004 ,
2291 946 2347 991 et
2396 952 2502 991 non
2558 935 2774 991 timebis
2821 944 3086 991 terrorem
3130 935 3602 1005 supervenientetn

2040 1030 2139 1085 tibi
2163 1069 2179 1094 ,
2231 1044 2405 1100 neque
2450 1029 2687 1097 impetus
2722 1029 3009 1098 impiorum
3040 1026 3541 1096 supervenientes‘.
3580 1046 3600 1079 ι

2040 1123 2164 1178 llaec
2194 1123 2283 1177 ille
2306 1122 2443 1176 dixit
2471 1124 2535 1177 de
2558 1122 2709 1193 justo
2735 1131 2790 1177 et
2812 1122 3059 1192 sapiente
3090 1122 3208 1176 viro
3234 1161 3249 1186 ,
3299 1130 3354 1176 et
3384 1121 3501 1175 haec
3548 1119 3602 1174 in

2036 1213 2415 1270 benedictione
2437 1213 2688 1269 dicuntur
2718 1231 2733 1268 :
2768 1231 2788 1266 ι
2822 1213 3135 1276 Dormietis,
3166 1222 3220 1268 et
3249 1227 3353 1267 non
3380 1211 3485 1267 erit
3512 1214 3605 1280 qul

2035 1321 2134 1361 vos
2167 1314 2463 1363 exterreat.
2500 1324 2520 1357 ι
2560 1305 2617 1360 Si
2647 1306 2790 1360 enim
2825 1304 3006 1374 justus
3030 1304 3237 1359 eﬂiciar
3260 1346 3277 1371 ,
3331 1317 3491 1357 nemo
3518 1318 3605 1356 me

2035 1407 2314 1453 exterrere
2354 1397 2554 1467 poterit
2591 1409 2608 1451 :
2654 1396 2785 1451 nihil
2832 1398 2997 1451 timeo
3038 1396 3183 1451 aliud
3207 1437 3223 1461 ,
3266 1396 3312 1451 si
3343 1396 3511 1451 Deum
3539 1394 3609 1448 ti-

2037 1505 2210 1545 meam
2240 1508 2255 1544 :
2288 1509 2308 1541 ‹
2344 1489 2532 1545 Justus
2564 1488 2705 1542 enim
2726 1531 2743 1557 ,
2781 1489 2956 1559 inquit
2983 1489 3039 1553 ³,
3068 1488 3293 1544 conlidit
3325 1496 3386 1542 ut
3424 1486 3532 1552 leo,
3579 1503 3600 1538 ι
3674 1522 3679 1529 ι

2035 1594 2089 1639 et
2114 1584 2237 1640 ideo
2264 1599 2369 1639 non
2405 1585 2560 1639 timet
2602 1584 2811 1638 leonem
2845 1582 3117 1639 diabolum
3139 1622 3153 1645 ,
3184 1595 3285 1636 nec
3308 1580 3602 1635 draconem

2038 1676 2317 1740 Satanam,
2353 1690 2452 1730 nec
2477 1675 2696 1745 angelos
2723 1675 2861 1745 ejus,
2885 1676 2979 1730 sed
3016 1674 3149 1728 dicit
3172 1672 3467 1727 secundum
3494 1669 3603 1723 Da-

1964 1743 2007 1799 B
2038 1770 2125 1823 vid
2153 1768 2212 1821 ἐ
2247 1785 2268 1820 t
2302 1764 2421 1821 Non
2456 1743 2655 1822 timebo
2686 1780 2716 1819 a
2758 1743 2958 1819 timore
3004 1773 3275 1819 nocturno
3298 1798 3314 1824 ,
3348 1774 3378 1812 a
3422 1757 3608 1827 jaculo

2035 1863 2251 1918 volante
2278 1875 2374 1929 per
2406 1859 2580 1926 diem,
2617 1873 2648 1913 a
2677 1857 2895 1929 negotio
2935 1854 3343 1927 perambulante
3376 1853 3428 1907 in
3456 1863 3606 1907 tene-

2036 1953 2171 2020 bris,
2198 1967 2227 2005 a
2268 1950 2443 2017 ruina,
2475 1959 2528 2006 et
2557 1950 2824 2005 daemonio
2853 1947 3176 2004 meridiano.
3211 1965 3231 1999 ι
3259 1944 3425 2001 Addit
3452 1952 3510 1999 et
3538 1944 3607 1998 il-

2034 2044 2126 2099 lud
2161 2045 2182 2077 ⁷
2224 2060 2241 2099 :
2299 2060 2320 2095 ι
2368 2043 2625 2099 Dominus
2667 2039 2994 2096 illuminatio
3044 2054 3203 2102 mea,
3251 2048 3307 2092 et
3355 2036 3609 2091 Salvator

2037 2152 2189 2192 meus
2223 2133 2336 2209 (40)
2357 2176 2371 2199 ,
2406 2150 2566 2205 quem
2614 2133 2861 2188 timebo?
2896 2131 3157 2188 Dominus
3191 2128 3447 2186 defensor
3483 2129 3607 2182 vitae

2037 2243 2191 2290 meae,
2221 2243 2250 2282 a
2275 2242 2384 2297 quo
2423 2224 2747 2296 trepidabo?
2780 2243 2800 2276 ι
2847 2221 2915 2278 Et
2947 2223 3140 2277 iterum
3167 2221 3189 2254 ⁸
3230 2238 3246 2277 :
3279 2240 3297 2273 ι
3338 2219 3395 2275 Si
3428 2218 3609 2275 consi-

2038 2331 2187 2378 stant
2212 2322 2500 2376 adversum
2533 2333 2618 2373 me
2640 2328 2839 2383 castra,
2861 2330 2965 2371 non
2997 2314 3208 2371 timebit
3228 2329 3325 2369 cor
3346 2328 3545 2368 meum.
3582 2331 3602 2365 ι

2037 2412 2201 2467 Vides
2242 2408 2602 2466 constantiam
2646 2416 2714 2461 et-
2743 2407 2994 2462 virtutem
3025 2404 3220 2459 animae
3248 2405 3609 2460 custodientis

2038 2505 2289 2560 mandata
2320 2501 2439 2565 Dei,
2470 2511 2523 2556 et
2564 2500 2816 2555 habentis
2850 2499 3101 2555 fiduciam
3150 2497 3421 2552 libertatis
3453 2497 3609 2567 inge-

2038 2615 2176 2655 uuae.
2201 2597 2328 2653 Post
2356 2596 2472 2652 hac
2496 2637 2511 2660 ,
2544 2614 2562 2648 ι
2597 2594 2984 2650 Exterminabo
3008 2636 3024 2661 ,
3073 2592 3297 2663 inquit.
3330 2630 3347 2656 ,
3399 2590 3607 2646 bestias

2036 2691 2208 2747 malas
2237 2690 2302 2745 de
2329 2698 2472 2743 terra
2505 2694 2710 2742 vestra.
2739 2704 2759 2738 ι
2789 2683 3006 2750 Bestiae,
3039 2683 3235 2754 inquit,
3267 2683 3383 2737 ista:
3408 2696 3606 2750 corpo-

2039 2782 2219 2847 rales,
2249 2797 2354 2836 non
2400 2790 2526 2836 sunt
2565 2778 2717 2832 mala:
2739 2818 2756 2845 ,
2790 2790 2968 2845 neque
3010 2776 3199 2841 bonae,
3241 2775 3334 2830 sed
3369 2774 3603 2828 medium

2037 2875 2312 2946 quiddam.
2350 2871 2489 2928 Sunt
2518 2873 2661 2928 enim
2690 2879 2835 2925 muta
2862 2868 3138 2923 animalia.
3163 2866 3269 2922 Sed
3298 2864 3401 2921 illa?
3422 2862 3619 2921 bestia!

2039 2969 2195 3023 malae
2229 2974 2353 3021 sunt
2381 2964 2656 3034 spiritales
2675 3005 2690 3031 ,
2722 2978 2859 3034 quas
2885 2960 3178 3032 Apostolus
3205 2957 3336 3019 dicit
3365 2958 3408 2989 ¹⁰
3444 2974 3463 3007 ι
3499 2957 3608 3024 spi-

363 3041 505 3096 enim
527 3042 646 3112 ejus
668 3043 856 3102 firmus
877 3047 1209 3107 estdicentis
1229 3051 1295 3106 ad
1326 3052 1491 3108 Deum
1513 3056 1559 3089 "
1581 3074 1594 3110 :
1619 3076 1638 3109 ‹
1659 3058 1932 3114 Conlirma
1963 3078 2004 3136 α
2041 3058 2224 3114 ritales
2253 3056 2524 3128 nequitias
2560 3056 2613 3111 itt
2659 3055 2991 3111 caelestibus.
3030 3072 3051 3107 ι
3100 3052 3167 3107 Ει
3218 3051 3305 3105 illa
3332 3061 3418 3106 est
3464 3050 3604 3104 maia

366 3150 470 3201 me,
506 3136 754 3206 Domine,
792 3140 846 3195 in
877 3142 1059 3199 verbis
1096 3144 1224 3200 tuis.
1251 3163 1271 3198 ι
1300 3145 1663 3204 Conlirmatus
1700 3165 1850 3220 ergo,
1883 3164 1938 3208 et

365 3228 526 3301 267
550 3237 695 3287 tutus
726 3240 779 3286 et
803 3235 1076 3290 radicatus
1111 3235 1321 3291 habitat
1353 3252 1517 3308 super
1547 3248 1770 3307 terram,
1807 3242 1934 3297 fun-

364 3321 523 3377 datus
555 3323 608 3378 in
643 3323 747 3379 fide
770 3367 787 3392 ,
817 3325 945 3396 quia
996 3326 1289 3382 aedilicium
1326 3327 1443 3396 ejus
1494 3346 1599 3385 non
1644 3341 1727 3387 est
1773 3348 1938 3403 super

365 3429 582 3470 arenam
610 3416 870 3485 positunt,
924 3433 1102 3489 neque
1145 3420 1302 3475 radix
1351 3420 1470 3489 ejus
1519 3438 1682 3493 super
1723 3436 1933 3495 petram

366 3517 487 3576 est;
521 3509 617 3566 sed
645 3510 840 3565 domus
862 3513 1080 3582 quidem
1106 3512 1226 3584 ejus
1252 3513 1478 3570 fundata
1514 3532 1677 3587 super
1710 3527 1932 3589 terram,

369 3600 549 3672 planta
590 3616 724 3659 vero
766 3604 883 3674 ejus
932 3605 1174 3661 radicata
1220 3617 1304 3663 est
1350 3608 1403 3664 in
1452 3609 1721 3678 profundo
1756 3623 1934 3679 teme,

367 3692 471 3748 hoc
499 3702 608 3759 est,
641 3695 694 3749 in
729 3695 1080 3753 interioribus
1110 3698 1303 3754 animae
1338 3699 1477 3769 ejus.
1512 3701 1678 3759 llecte
1706 3720 1837 3774 ergo
1868 3708 1935 3762 ad

366 3784 734 3854 hujuscemodi
777 3789 1012 3843 animam
1061 3790 1262 3845 dicitur
1323 3792 1376 3847 in
1421 3794 1931 3854 benedictionibus:

371 3897 393 3931 ι
424 3880 492 3934 Et
517 3879 832 3936 habitabilis
873 3882 973 3938 tuti
1002 3883 1117 3952 (39)
1148 3899 1315 3955 super
1345 3896 1548 3943 terram
1585 3900 1852 3957 vestram,
1881 3901 1934 3947 et

367 3974 509 4028 dabo
557 3986 745 4041 pacem
795 3987 957 4043 super
1007 3983 1209 4029 terram
1239 3977 1305 4031 ³⁸.
1354 3996 1373 4029 ι
1405 3977 1576 4046 Quam
1624 3995 1811 4048 pacem
1842 3983 1936 4036 dat

366 4064 511 4119 Deus
537 4063 562 4119 7
588 4062 748 4118 Istam
782 4079 943 4134 quam
975 4065 1138 4120 habet
1172 4069 1399 4123 mundus
1440 4068 1465 4121 ‘l
1493 4067 1665 4140 Negat
1693 4086 1750 4125 se
1775 4072 1933 4125 istaut

370 4157 500 4212 dare
520 4154 792 4213 Christus.
825 4156 966 4212 Dicit
985 4159 1129 4214 enim
1154 4158 1198 4191 ⁹⁹
1223 4173 1239 4212 :
1274 4179 1294 4212 ε
1326 4159 1497 4215 Meam
1528 4177 1712 4231 pacem
1739 4163 1809 4217 do
1840 4178 1935 4216 vo-

368 4249 491 4317 bis,
530 4264 707 4306 meam
750 4263 939 4318 pacem
980 4250 1230 4321 relinquo
1274 4252 1428 4307 vobis
1473 4268 1487 4317 ;
1533 4268 1639 4308 non
1672 4254 1813 4309 sicut
1849 4255 1936 4309 hic

374 4342 606 4397 mundus
640 4343 731 4397 dat
761 4355 950 4412 pacem
970 4381 985 4408 ,
1023 4326 1126 4413 ego
1153 4343 1222 4398 do
1248 4343 1426 4398 vobis.
1465 4364 1483 4397 ι
1515 4342 1687 4415 Negat
1716 4361 1846 4416 ergo
1874 4364 1934 4402 se

2038 3152 2234 3215 bestia,
2267 3150 2335 3205 de
2361 3164 2467 3219 qua
2502 3147 2633 3204 dicit
2667 3146 2949 3217 Scriptura
2974 3147 3055 3199 υς
3096 3162 3116 3195 ‹
3155 3143 3392 3212 Serpens
3423 3151 3604 3196 autem

2036 3251 2157 3297 erat
2187 3239 2485 3309 sapientior
2522 3237 2763 3292 omnium
2807 3236 3100 3291 bestiarum
3140 3248 3261 3303 qua
3292 3242 3418 3288 sunt
3446 3246 3609 3303 super

2039 3344 2257 3389 terram.
2301 3349 2321 3385 ι
2356 3331 2476 3401 Ipsa
2519 3344 2650 3398 ergo
2693 3336 2777 3385 est
2829 3329 2944 3382 haec
2989 3327 3128 3381 mala
3178 3326 3389 3391 bestia,
3442 3339 3609 3395 quam

2038 3423 2303 3492 promittit
2342 3421 2481 3475 Deus
2509 3420 2994 3475 exterminaturum
3038 3430 3098 3472 se
3128 3415 3196 3470 de
3222 3425 3365 3469 terra
3392 3422 3607 3480 nostra,

2035 3515 2079 3569 si
2110 3514 2227 3584 ejus
2254 3513 2504 3567 mandata
2537 3525 2838 3568 servemus.
2868 3509 2964 3565 Vis
2995 3509 3182 3564 videre
3221 3514 3278 3561 et
3318 3505 3477 3559 aliam
3509 3508 3609 3560 be-

2036 3606 2194 3661 stiam
2232 3603 2477 3659 malam?
2508 3622 2527 3657 t
2566 3602 2928 3659 Adversarius
2953 3611 3157 3669 vester,
3191 3602 3367 3672 inquit
3391 3602 3457 3664 “,
3491 3598 3613 3655 diae

2037 3698 2192 3753 belus
2216 3699 2358 3753 sicut
2383 3697 2467 3752 leo
2496 3696 2715 3767 rugiens
2732 3694 2927 3750 circuit
2960 3707 3211 3762 quaerens
3235 3707 3396 3764 quem
3426 3699 3611 3748 tra‘ns-

2036 3797 2190 3845 vuret
2229 3788 2374 3863 (4i),
2427 3789 2515 3843 cui
2567 3786 2799 3842 resistite
2847 3785 3015 3841 fortes
3060 3786 3114 3840 in
3158 3785 3280 3841 fide.
3323 3805 3344 3838 ι
3378 3784 3531 3853 Quod
3560 3786 3609 3841 si

2036 3883 2213 3937 adhuc
2252 3882 2432 3952 plures
2470 3879 2675 3933 bestias
2704 3877 2784 3933 vis
2817 3878 3057 3943 discere,
3099 3877 3315 3932 docebit
3343 3885 3396 3931 te
3425 3876 3596 3932 lsaias

2036 3975 2319 4045 propheta,
2346 3974 2437 4043 qui
2463 3973 2562 4028 sub
2594 3972 2798 4029 visione
2828 3983 2993 4041 quam
3043 3969 3335 4024 attitulavit
3365 3971 3610 4039 quadru-

2039 4069 2230 4139 pedum
2264 4069 2315 4121 itt
2344 4069 2578 4132 deserto,
2611 4066 2737 4121 talia
2763 4064 3009 4135 quaedam
3046 4065 3373 4136 prophecico
3412 4063 3608 4136 spiritu

2037 4164 2104 4216 de
2135 4160 2322 4216 bestiis
2350 4160 2624 4230 loquitur:
2663 4176 2683 4211 ι
2725 4158 2780 4213 In
2818 4158 3164 4213 tribulatione
3187 4197 3204 4224 ,
3238 4158 3408 4227 inquit
3441 4158 3519 4223 ”,
3551 4165 3609 4211 et

2039 4252 2291 4322 angustia
2322 4250 2425 4314 leo,
2462 4261 2519 4307 et
2565 4251 2774 4307 catulus
2813 4250 3026 4315 leonis;
3062 4251 3187 4306 inde
3228 4261 3284 4304 et
3315 4249 3425 4304 nati
3459 4248 3608 4317 aspi-

2042 4344 2167 4398 dum
2204 4344 2531 4410 volantium,
2567 4344 2657 4411 qui
2698 4342 2988 4412 portabant
3030 4356 3193 4412 super
3217 4340 3399 4397 asinos
3432 4348 3489 4396 et
3517 4354 3609 4394 ca-

375 4446 562 4502 pacem
591 4432 777 4487 mundi
811 4433 946 4489 dare
983 4434 1262 4505 discipulis
1295 4435 1427 4503 suis,
1461 4437 1586 4506 quia
1621 4448 1674 4492 et
1703 4437 1829 4492 alibi
1857 4438 1934 4493 di-
1971 4433 2013 4487 D
2045 4436 2209 4490 melos
2252 4435 2471 4491 divitias
2521 4450 2647 4489 suas
2692 4435 2757 4489 ad
2807 4445 3019 4505 gentem
3054 4448 3175 4503 quae
3224 4448 3331 4487 non
3360 4431 3609 4503 proderit

374 4525 450 4579 cit
484 4524 503 4556 ¹
548 4538 565 4578 :
600 4543 618 4575 ε
650 4523 789 4590 Quid
831 4526 1035 4595 putatis
1065 4528 1192 4595 quia
1228 4541 1416 4597 pacem
1458 4528 1576 4583 veni
1624 4528 1838 4583 mittere
1880 4531 1933 4585 in

372 4626 574 4672 terram
607 4617 633 4671 ἲ
664 4632 770 4673 non
800 4618 924 4672 veni
961 4632 1150 4688 pacem
1184 4618 1400 4673 mittere
1424 4657 1440 4682 ,
1468 4619 1563 4673 sed
1607 4619 1865 4689 gladium.
1909 4640 1930 4672 ι

372 4705 467 4763 Vis
489 4722 621 4778 ergo
647 4707 828 4763 videre
848 4723 1007 4777 quam
1033 4723 1219 4776 pacem
1252 4710 1343 4762 dat
1374 4709 1517 4764 Deus
1546 4724 1713 4779 super
1734 4719 1934 4766 terram

371 4809 614 4856 nostram
639 4799 663 4852 ?
694 4800 750 4854 Si
778 4809 924 4854 terra
949 4799 1021 4854 sit
1050 4801 1210 4863 bona,
1250 4801 1337 4855 illa
1370 4816 1490 4871 quae
1519 4800 1678 4857 aﬂ'ert
1698 4803 1934 4858 fructum

370 4891 725 4947 centesimum
750 4932 766 4954 ,
815 4901 911 4946 aut
954 4893 1351 4963 sexagesimum
1380 4934 1395 4959 ,
1443 4906 1538 4948 aut
1575 4894 1932 4962 tricesimum,

369 4979 515 5034 illam
556 4995 742 5049 pacem
783 4982 1045 5052 suscipiet
1079 4998 1107 5036 a
1152 4982 1283 5050 Deo,
1326 4998 1486 5052 quam
1531 4983 1662 5039 dicit
1699 4986 1932 5055 Aposto-

369 5072 451 5127 lus
476 5073 499 5103 '
532 5089 548 5126 :
577 5088 599 5122 ‹
632 5070 747 5126 Pax
771 5083 950 5129 autem
978 5074 1104 5140 Dei,
1140 5090 1258 5144 qum
1289 5084 1509 5146 superat
1543 5091 1761 5132 omnem
1785 5093 1939 5132 men-

2042 4529 2141 4584 eis.
2182 4548 2201 4581 ι
2239 4526 2489 4598 Nunquid
2527 4527 2636 4583 ullo
2682 4528 2838 4582 modo
2879 4527 3053 4582 videri
3108 4535 3335 4596 possunt
3378 4524 3496 4580 haec
3538 4524 3610 4580 de

2043 4620 2416 4691 corporalibus
2438 4621 2629 4676 bestiis
2655 4620 2798 4676 dicta
2826 4620 2988 4675 etiam
3025 4621 3111 4683 iis,
3140 4620 3230 4690 qui
3264 4618 3419 4674 valde
3444 4616 3610 4673 amici

2042 4724 2171 4768 sunt
2196 4712 2433 4768 litterte?
2463 4712 2741 4780 Quomodo
2771 4713 2913 4767 enim
2949 4712 3063 4779 leo,
3092 4722 3146 4768 et
3176 4711 3387 4767 catulus
3415 4711 3613 4778 leonis,

2041 4807 2126 4862 vel
2150 4807 2359 4876 aspides
2372 4805 2617 4862 volantes
2643 4814 2869 4877 possunt
2890 4821 3055 4875 super
3081 4805 3320 4859 camelos
3339 4812 3397 4859 et
3422 4802 3621 4860 asinos.

2041 4905 2256 4966 portare
2282 4896 2498 4952 divitias
2543 4896 2715 4951 suas?
2738 4895 2842 4951 Sed
2868 4895 3147 4950 evidenter
3178 4895 3479 4949 contrarias
3509 4908 3612 4965 po-

2044 4997 2265 5045 testates
2312 4991 2613 5045 daatttonunt
2667 4990 3023 5060 pessimorum
3094 4989 3356 5057 pr0pheta
3400 4986 3609 5057 Spiritu

2043 5093 2233 5138 sancto
2261 5082 2497 5154 repletus
2524 5093 2841 5149 enumerat,
2871 5096 3072 5152 eosque
3095 5080 3362 5136 collocare
3392 5080 3621 5136 divitias

437 5239 483 5270 ”
515 5236 676 5309 Ρτρν.
701 5238 913 5304 ιιιι,25.
991 5240 1039 5309 ⁷³
1068 5240 1085 5293 l
1117 5240 1243 5306 Cor,
1269 5257 1345 5309 tv,
1376 5244 1461 5297 ll.
1531 5243 1580 5276 ἰ
1608 5243 1647 5296 ΙΙ
1671 5243 1800 5298 Cor.
1828 5259 1903 5308 xl,
1934 5243 2022 5307 27,
2095 5244 2143 5276 "
2174 5243 2453 5307 Brutum,
2481 5242 2569 5297 25.
2639 5242 2687 5276 “
2717 5241 2887 5296 Levit.
2917 5256 3064 5304 xxvi,
3096 5239 3149 5294 5.
3207 5241 3252 5271 "
3283 5237 3427 5294 Psal.
3457 5252 3614 5298 cxtx.

369 5306 459 5362 28.
510 5307 558 5338 ’⁸
588 5305 761 5364 Levit.
797 5325 942 5366 xxVI.
978 5308 1031 5371 5,
1062 5313 1115 5368 6.

371 5448 417 5482 ¹⁶
457 5447 653 5516 Epltes.
696 5464 748 5503 vt
774 5490 791 5516 ,
840 5450 927 5504 li.
998 5452 1039 5482 “
1066 5449 1204 5506 Gen.
1242 5468 1322 5519 tu,
1360 5454 1413 5507 1.
1491 5455 1534 5485 ¹²
1568 5453 1583 5506 l
1617 5453 1730 5508 Pet.
1766 5469 1836 5521 ν,
1866 5456 1920 5509 8.

387 5591 420 5621 ._
440 5547 554 5619 (59)
588 5546 732 5601 Tuti.
769 5547 929 5601 Deest
965 5545 1018 5600 in
1049 5548 1276 5619 vulgatis
1298 5548 1645 5610 editionibus.
1677 5549 1771 5605 sed
1803 5565 1928 5621 sup-

370 5616 544 5688 pic‘tttr
576 5633 607 5688 ρ
637 5633 771 5688 Διμῃιοε.

1198 5311 1242 5344 ⁹⁹
1268 5311 1422 5367 Joan.
1455 5314 1672 5378 xtv,27.
1747 5315 1764 5345 ι
1799 5314 1925 5369 Luc.
1948 5316 2153 5381 xtt,51;
2184 5325 2238 5369 et
2260 5314 2450 5368 Matth.
2483 5329 2538 5376 χ,
2565 5313 2655 5368 54.
2731 5314 2751 5343 ³
2774 5311 2967 5379 Philip.
3002 5327 3076 5377 tv,
3107 5313 3181 5381 7.4
3235 5311 3257 5342 ³
3282 5310 3452 5364 Levit.
3477 5322 3605 5381 xxv.

370 5377 464 5442 t,6
536 5379 559 5409 ⁵
592 5375 763 5441 Prov.
786 5395 870 5442 Ill,
901 5379 993 5447 24,
1020 5380 1112 5438 25.
1187 5382 1208 5414 ⁸
1238 5382 1399 5440 Prov.
1433 5375 1623 5447 xxvttt,
1655 5383 1706 5437 l.
1778 5385 1800 5415 ⁸
1823 5384 1966 5439 Psal.
1988 5375 2101 5444 ctx.

2206 5385 2227 5415 "
2274 5383 2416 5440 Psal.
2441 5398 2587 5437 xxvtt
2612 5424 2626 5448 ,
2647 5385 2699 5440 l.
2769 5383 2793 5416 ⁸
2813 5382 2942 5438 ibid.
2972 5382 3026 5437 3.
3121 5382 3142 5414 '
3165 5379 3336 5436 Levit.
3362 5393 3484 5431 xxt't
3504 5418 3520 5442 ,
3551 5379 3611 5432 ϐ.

2004 5456 2048 5487 ⁷³
2075 5457 2176 5511 lsa.
2212 5470 2341 5523 xxx,
2369 5455 2423 5509 6.

2034 5566 2407 5693 miﬁj’ubb.
2456 5616 2586 5674 editi
2624 5653 2640 5681 ,
2678 5635 2699 5672 α
2736 5618 2976 5675 devoret.
3009 5635 3030 5671 ι
3068 5613 3194 5672 Mss.
3219 5651 3239 5680 ,
3286 5628 3307 5665 ι
3349 5621 3608 5666 transvo-

441 5688 556 5758 (ιο)
586 5686 752 5744 Libb.
773 5685 934 5751 editi,
966 5704 989 5738 ι
1019 5686 1164 5745 salus
1195 5703 1337 5748 mea.
1371 5709 1391 5745 ι
1424 5689 1551 5746 aiss.
1572 5730 1586 5757 ,
1626 5710 1645 5743 ι
1680 5689 1927 5747 Salvator
2030 5685 2135 5748 ret.
2169 5710 2188 5744 ο
