4074 6156
445 243 543 298 δτι

1884 227 2210 290 ORICENIS

3580 211 3720 271 579.

441 362 825 432 deccptionum
857 373 1075 415 suarum
1108 372 1271 426 super
1297 358 1508 411 animas
1547 355 1772 411 stolidas
1804 367 2022 424 pcrver-
2047 361 2095 417 Α
2128 362 2383 404 numerus
2412 353 2478 401 ad
2515 355 2802 414 utramque
2825 350 3034 414 partem
3064 337 3466 432 accipipotes-t.
3493 332 3557 387 Si
3597 333 3722 384 ita—

443 469 663 525 sasque,
693 468 829 522 quas
861 451 1090 506 camelis
1125 463 1179 505 et
1205 449 1376 503 asinis
1405 463 1504 518 per
1535 449 1761 517 figuram
1790 465 2008 519 compa-

447 553 567 609 rat,
601 543 918 612 designavit.
955 543 1017 594 Et
1051 541 1115 595 iis
1153 541 1347 596 bestiis
1391 555 1458 594 ne
1491 541 1800 596 traderetur
1829 544 2013 596 anima

444 639 609 690 Deum
635 635 829 687 timens
853 635 1041 688 orabat
1061 635 1322 703 propheta
1346 633 1511 687 David
1531 634 1715 688 dicens
1737 634 1780 665 ιδ
1805 652 1818 688 :
1850 652 1868 684 ι
1891 632 2011 687 Νοιι

439 727 625 793 tradas
671 726 860 780 bestiis
887 727 1120 780 animam
1154 727 1502 782 conﬁtentem
1537 727 1655 780 tibi.
1741 728 1807 782 Et
1833 737 2014 781 exter-

443 824 682 886 minabo,
706 823 884 890 inquit
909 823 975 887 “’,
1001 823 1205 876 bestias
1234 823 1502 891 malignas
1533 825 1598 876 de
1632 831 1775 875 terra
1807 833 2009 888 vestra,

439 923 495 967 et
528 928 702 982 pugna
737 929 842 967 non
876 913 1124 967 transibit
1166 928 1263 983 per
1298 923 1502 968 terram
1533 923 1791 968 vestram.
1824 932 1844 966 ι
1876 913 2014 967 Mul-

439 1018 507 1058 tre
538 1019 662 1058 sunt
702 1019 892 1074 pugnae
924 1020 1044 1073 quae
1081 1015 1365 1060 transeunt
1407 1021 1504 1076 per
1537 1015 1740 1061 terram
1769 1015 2009 1060 nostram

439 1097 484 1149 si
513 1095 685 1164 legem
713 1097 804 1150 Dei
831 1112 936 1151 non
963 1097 1320 1162 custodimus,
1351 1113 1450 1152 nec
1476 1107 1738 1167 praecepta
1763 1099 1880 1166 ejus
1899 1113 2014 1154 scr-

443 1202 651 1242 vanius.
693 1187 900 1242 Redeat
941 1189 1313 1259 unusquisque
1363 1190 1429 1243 ad
1472 1189 1708 1243 animam
1739 1205 1916 1255 suam,
1959 1198 2014 1245 et

439 1281 556 1348 ipse
603 1295 663 1335 se
709 1282 920 1334 interna
973 1281 1348 1336 recordatione
1398 1281 1696 1346 discutiat,
1729 1289 1783 1336 et
1831 1282 2015 1337 videat

439 1375 709 1441 quomodo
747 1385 886 1429 terra
922 1384 1103 1430 nostra
1129 1413 1147 1440 ,
1181 1375 1235 1429 id
1268 1383 1351 1429 est
1377 1413 1393 1439 ,
1427 1389 1556 1430 caro
1595 1383 1776 1430 nostra
1803 1416 1819 1440 ,
1867 1389 2014 1430 nunc

441 1464 631 1532 spiritu
704 1465 1122 1531 fornicationis,
1186 1479 1336 1518 nunc
1396 1464 1491 1518 irae
1543 1473 1599 1518 et
1662 1464 1864 1521 furoris
1918 1482 2014 1519 ur-

443 1567 636 1624 gelur,
677 1573 818 1611 nunc
852 1557 1093 1610 avaritia:
1145 1555 1343 1626 jaculis
1376 1555 1653 1624 agitatur,
1695 1571 1839 1610 nunc
1893 1557 2014 1613 telis

441 1649 692 1719 pulsatur
745 1647 999 1715 invidiae,
1060 1665 1204 1704 nunc
1277 1651 1500 1719 spiculis
1557 1650 1800 1705 libidinis
1855 1660 2011 1706 tere-

2111 457 2216 511 que
2245 456 2342 494 nos
2378 440 2548 493 simus
2595 453 2663 492 ex
2692 435 2938 506 quinque
2983 429 3374 494 landabilibus,
3417 427 3470 481 id
3501 434 3601 482 est
3637 436 3718 476 ex

2113 535 2352 604 quinque
2384 531 2721 599 sapientibus
2748 567 2764 592 ,
2797 537 3184 597 persequemur
3213 521 3525 588 insipientes
3554 529 3720 570 cen-

2115 635 2250 681 tum.
2283 624 2338 678 Si
2363 624 2505 678 enim
2536 623 2814 689 sapienter
2844 628 2898 673 et
2926 615 3279 686 probabiliter
3302 623 3614 683 pugnemus
3649 608 3712 658 iu

2115 716 2283 773 verbo
2313 717 2432 777 Dei.
2457 715 2502 770 si
2530 715 2822 784 prudenter
2855 711 2919 765 de
2946 710 3061 780 lege
3085 707 3295 762 Domini
3327 705 3713 764 disseramus,

2115 809 2485 864 convincimus
2523 815 2580 861 et
2623 805 2870 874 fugamus
2922 800 3218 856 inﬁdelium
3259 797 3709 853 multitudinem.

2117 901 2271 954 Sicut
2301 901 2444 954 enim
2477 900 2715 967 quinque
2741 911 3016 958 numerus,
3046 905 3100 950 et
3133 893 3404 961 sapientes
3454 891 3712 954 indicat,

2114 1003 2169 1047 et
2195 993 2545 1062 insipientes;
2579 992 2650 1045 ita
2677 1001 2732 1044 et
2773 1001 3033 1044 centenus
3079 1003 3357 1056 numerus,
3401 996 3456 1042 et
3491 984 3712 1040 ﬁdeles

2116 1085 2354 1148 indicat,
2390 1092 2443 1138 et
2475 1081 2737 1138 inﬁdeles.
2768 1081 2898 1136 Nam
2933 1092 2989 1136 et
3017 1079 3116 1135 sub
3142 1080 3460 1136 centenario
3507 1091 3712 1131 anno-

2115 1189 2234 1226 rum
2263 1187 2490 1226 nutnero
2515 1173 2790 1227 Abraham
2828 1173 2936 1226 Deo
2967 1173 3296 1238 credidisse,
3333 1180 3386 1226 et
3416 1169 3709 1240 justiﬁca-

2116 1273 2206 1320 tus
2232 1280 2353 1320 esse
2384 1265 2731 1330 describitur,
2759 1274 2835 1331 et,
2859 1283 2878 1316 ι
2911 1274 3160 1333 peccator
3181 1265 3274 1334 qui
3302 1263 3531 1316 moritur
3553 1276 3707 1316 cer.-

2119 1365 2232 1413 tum
2263 1373 2530 1411 annorum
2579 1357 2899 1412 maledictus
2945 1357 3138 1411 erit“.
3179 1376 3198 1409 ι
3249 1357 3314 1411 Ει
3347 1357 3436 1412 hic
3462 1361 3701 1411 centum

2115 1449 2356 1506 inﬁdeles
2383 1465 2412 1503 a
2439 1450 2682 1518 quinque
2711 1449 3044 1518 sapientibus
3094 1449 3403 1518 effugantur
3426 1487 3443 1512 ,
3474 1456 3528 1501 et
3560 1462 3701 1500 rur—

2117 1557 2234 1596 sum
2267 1549 2482 1596 centum
2508 1541 2710 1606 ﬁdeles,
2741 1556 2845 1593 non
2876 1549 2982 1594 tam
3013 1555 3236 1595 numero
3267 1549 3482 1594 centum
3518 1553 3698 1607 quam

2119 1633 2450 1703 perfectione
2480 1632 2694 1704 signati,
2740 1631 2907 1686 multa
2942 1632 3110 1686 millia
3157 1630 3452 1686 inﬁdelium
3501 1643 3702 1699 perse-

439 1742 665 1806 ιπειιιη,
711 1752 767 1796 ει
809 1743 860 1797 ει,
906 1743 1322 1813 quibuscunque
1367 1745 1705 1812 concupiscit
1748 1759 1874 1799 cam
1914 1745 2011 1799 ad-
2044 1724 2087 1779 B
2119 1735 2370 1794 quenter.
2418 1725 2631 1796 Fugant
2674 1727 2819 1781 enim
2865 1725 3048 1778 fideles
3078 1724 3327 1780 doctores
3366 1725 3704 1779 innumeros

442 1849 662 1890 versum
701 1837 982 1906 spiritum,
1011 1847 1063 1890 et
1093 1838 1318 1905 spiritus
1358 1839 1619 1894 adversus
1647 1853 1894 1903 carnem,
1927 1839 2012 1892 in-

443 1929 610 1984 ternis
645 1930 844 1998 praebis
883 1945 1096 1998 semper
1145 1931 1399 2001 agitatur.
1447 1932 1588 1999 Quid
1629 1940 1810 1987 autem
1836 1932 2011 1985 dicam

441 2023 508 2073 de
538 2021 922 2090 cegitationum
957 2023 1151 2090 pugnis
1177 2061 1194 2088 ,
1224 2038 1359 2090 quas
1409 2025 1558 2078 cordi
1594 2035 1779 2080 nostro
1811 2039 2014 2095 sugge-

441 2112 514 2164 rit
541 2110 788 2164 inimicus
811 2154 824 2178 ,
860 2121 917 2164 ut
948 2127 1044 2166 nos
1084 2122 1249 2167 exuat
1279 2129 1306 2167 a
1346 2113 1449 2168 fide
1477 2113 1714 2180 Christi,
1748 2122 1801 2169 et
1827 2115 1894 2169 ab
1920 2129 2017 2184 spe

439 2202 743 2258 vocationis
773 2203 1018 2257 nostrai?
1053 2203 1185 2258 Cum
1218 2207 1362 2260 enim
1399 2205 1716 2263 afﬁictiones
1761 2207 2016 2263 tentatio—

441 2308 592 2357 num,
630 2301 684 2346 et
731 2293 1003 2348 molestias
1039 2294 1149 2364 (42)
1200 2295 1384 2349 saeculi
1433 2297 1784 2353 suscitaverit
1831 2299 2012 2363 nobis,

439 2395 833 2452 consequenter
863 2386 972 2451 jam
1012 2387 1255 2456 suggerit
1294 2389 1642 2457 cogitationi,
1683 2391 2010 2459 superfluum

439 2482 493 2527 et
526 2472 763 2541 ineptum
797 2488 917 2528 esse
965 2475 1079 2530 haec
1120 2475 1356 2531 tolerare
1392 2493 1492 2546 pro
1534 2478 1751 2532 Christo
1775 2519 1792 2544 ,
1844 2479 2013 2533 multo

440 2578 560 2618 esse
592 2564 780 2618 melius
808 2579 1059 2620 securam
1089 2576 1144 2621 et
1173 2569 1293 2623 sine
1335 2571 1811 2637 persecutionibus
1847 2571 2011 2626 vitam

438 2655 658 2710 ducere.
694 2653 817 2709 Haec
843 2658 1024 2712 sciens
1052 2667 1106 2713 et
1134 2659 1414 2729 apostolus
1449 2660 1646 2715 Paulus
1690 2662 1902 2716 dicebat
1925 2664 2008 2717 "z

359 2791 363 2796 .
447 2763 466 2798 ι
501 2747 860 2816 Cogitationes
887 2750 1268 2816 destruentes,
1316 2761 1371 2807 et
1408 2767 1621 2806 omnem
1671 2753 2010 2808 altitudinem

440 2839 783 2894 extollentem
823 2856 882 2896 se
912 2843 1196 2898 adversum
1246 2844 1531 2899 scientiam
1579 2844 1804 2902 Christi.
1838 2864 1860 2899 ι
1910 2844 2014 2913 Qui

441 2947 574 2999 ergo
601 2933 783 2987 divina
819 2945 1086 3004 praecepta
1133 2936 1460 3004 servaverit,
1509 2947 1566 2990 et
1614 2938 1868 2992 mandata
1894 2940 2014 3008 ejus

2118 1819 2428 1885 daemones,
2482 1834 2548 1874 ne
2591 1820 2802 1872 animas
2843 1818 3175 1872 credentium
3224 1819 3444 1888 antiqua
3492 1816 3702 1871 fraude

2115 1909 2407 1979 decipiant.
2445 1928 2464 1961 ‹
2506 1910 2568 1964 Et
2601 1911 2794 1964 cadent
2839 1909 3042 1963 inimici
3079 1910 3242 1964 vestri
3283 1910 3334 1964 in
3379 1917 3698 1978 conspectu

2115 2009 2296 2055 vestro
2322 2000 2499 2071 gladio
2522 2003 2587 2058 ".
2625 2021 2643 2054 ι
2679 2001 2779 2069 Qui
2811 2000 2922 2055 sint
2957 2000 3160 2055 inimici
3202 2015 3364 2067 supra
3406 2001 3652 2055 diximus
3675 2027 3709 2067 ,-

2116 2108 2224 2162 quo
2267 2102 2444 2148 autem
2495 2093 2672 2164 gladio
2718 2095 2972 2148 dicantur
3032 2093 3264 2157 cadere,
3317 2095 3692 2162 requiramus.

2116 2183 2408 2252 Apostolus
2449 2183 2647 2237 Paulus
2698 2197 2797 2237 nos
2842 2181 3001 2237 docet
3051 2182 3174 2250 quis
3216 2181 3288 2234 sit
3325 2181 3413 2235 hic
3447 2179 3694 2248 gladius,

2117 2291 2238 2330 cum
2264 2274 2396 2328 dicit
2418 2275 2501 2323 ’³2
2537 2293 2555 2326 ι
2587 2275 2753 2329 Vivus
2772 2277 2911 2328 enim
2935 2283 3018 2329 est
3047 2289 3225 2329 sermo
3251 2273 3366 2339 Dei,
3386 2281 3440 2326 et
3466 2271 3694 2338 eﬁicax,

2115 2373 2169 2420 et
2200 2363 2588 2434 penetrabilior
2609 2365 2754 2418 omni
2783 2364 2962 2433 gladio
2988 2364 3239 2433 utrinque
3269 2374 3449 2429 acuto,
3474 2365 3695 2433 pertin-

2114 2471 2247 2527 gens
2278 2471 2492 2524 quoque
2523 2471 2696 2525 usque
2734 2456 2798 2508 ad
2827 2471 3137 2525 compagem
3167 2455 3360 2510 anima:
3402 2471 3466 2510 ac
3517 2457 3692 2525 spiri-

2117 2559 2224 2610 tus,
2257 2548 2619 2602 Inetnbrorum
2647 2563 2860 2618 quoque
2888 2559 2944 2603 et
2976 2548 3355 2617 medullarum,
3381 2558 3436 2603 et
3463 2559 3544 2604 est
3569 2552 3694 2604 dis-

2115 2650 2293 2696 cretor
2322 2641 2741 2710 cogitationum,
2774 2650 2829 2696 et
2872 2641 3228 2696 intentionum
3262 2644 3464 2698 cordis.
3504 2663 3523 2695 ι
3577 2641 3684 2699 Hic

2115 2742 2197 2787 est
2240 2731 2483 2802 gladius,
2536 2733 2693 2802 cujus
2719 2733 2835 2788 acie
2863 2732 2974 2803 (44)
3012 2733 3214 2788 cadunt
3241 2735 3442 2789 inimici
3477 2737 3684 2791 nostri.

2116 2826 2310 2881 Sermo
2343 2841 2576 2893 namque
2627 2827 2718 2881 Dei
2765 2837 2850 2881 est
2889 2827 2977 2895 qui
3036 2827 3327 2894 prosternit
3367 2843 3554 2881 omnes
3583 2829 3690 2881 lni-

2120 2914 2322 2978 micos,
2358 2921 2413 2967 et
2445 2912 2595 2982 ponit
2623 2928 2717 2967 eos
2757 2913 2860 2967 sub
2904 2913 3133 2982 pedibus
3174 2914 3320 2978 suis,
3354 2925 3414 2968 ut
3440 2915 3695 2970 subditus

441 3027 778 3092 custodierit,
815 3036 870 3080 et
915 3025 1109 3081 fecerit
1153 3041 1216 3080 ca
1245 3066 1261 3091 ,
1309 3029 1451 3082 hanc
1494 3043 1730 3096 pugnam
1756 3069 1772 3094 ,
1801 3037 1859 3083 et
1901 3030 2014 3086 haec
2039 3063 2082 3120 ο
2123 3013 2214 3068 “at
2248 3015 2426 3068 omnis
2455 3014 2690 3070 mundus
2717 3015 2847 3068 Deo-
2882 3013 2974 3068 Vis
3013 3015 3191 3069 adhuc
3219 3026 3274 3071 θῑ
3311 3016 3378 3071 de
3417 3017 3518 3072 alia
3556 3017 3692 3087 ΕΡῘ-

443 3119 584 3174 bella
611 3135 717 3174 non
748 3120 970 3189 patitur,
1003 3120 1096 3174 sed
1125 3119 1267 3174 Deus
1295 3119 1472 3173 aufert
1494 3135 1558 3174 ea
1595 3121 1663 3174 de
1695 3130 1839 3175 terra
1869 3120 2008 3190 ejus,

442 3221 498 3268 et
529 3228 634 3268 non
669 3212 801 3269 sinit
833 3227 895 3268 ea
929 3212 1160 3267 transire
1189 3227 1283 3282 per
1312 3212 1545 3264 animam
1567 3211 1721 3278 justi.
1755 3231 1771 3263 ι
1803 3212 1869 3266 Et
1897 3228 2019 3282 per-

443 3304 741 3374 sequamini
775 3305 1023 3359 inimicos
1056 3313 1266 3359 vestros
1295 3303 1357 3357 ".
1381 3297 1556 3364 ’Quos
1581 3301 1862 3370 inimicos,
1910 3305 2013 3360 nisi

445 3396 620 3464 ipsum
649 3396 925 3451 diabolqu
967 3405 1021 3450 et
1047 3395 1269 3467 angelos
1309 3394 1456 3463 ejus,
1489 3402 1545 3447 et
1587 3393 1814 3462 spiritus
1858 3396 2014 3449 mali-

443 3503 599 3553 gnos,
629 3497 680 3543 et
727 3489 988 3543 daemonia
1020 3487 1342 3541 immunda?
1384 3487 1783 3558 Persequemur
1815 3503 1880 3543 ea
1909 3505 2013 3542 non

444 3581 615 3633 solum
651 3588 766 3633 uta
823 3581 978 3635 nobis
1020 3579 1150 3649 ipsis
1178 3577 1498 3649 eﬁ‘ugemus,
1547 3580 1640 3634 sed
1689 3589 1743 3635 et
1774 3581 1844 3636 ab
1894 3580 2015 3636 aliis

445 3688 582 3740 quos
613 3674 914 3738 incursant,
939 3674 981 3727 si
1003 3673 1182 3726 divina
1205 3683 1470 3742 praecepta
1502 3686 1802 3729 servemus.
1843 3693 1863 3726 ι
1893 3675 2016 3730 Per-

444 3763 767 3832 sequemini,
805 3764 978 3834 inquit
1010 3765 1075 3828 ‘3,
1111 3765 1361 3819 inimicos
1388 3775 1618 3828 vestros,
1653 3776 1709 3818 et
1736 3766 1930 3818 cadent
1961 3769 2012 3819 in

445 3863 742 3923 conspectu
787 3865 968 3909 vestro
1023 3865 1224 3911 morte.
1268 3874 1286 3907 ι
1344 3855 1402 3909 Si
1455 3866 1703 3911 conterat
1759 3857 2014 3910 Satanam

447 3945 612 4015 268
653 3947 753 3999 sub
797 3947 1025 4014 pedibus
1061 3949 1265 4002 nostris
1296 3948 1557 4002 velociter
1610 3948 1751 4000 Deus
1776 3987 1792 4010 ,
1821 3949 2017 4000 cadent

449 4035 652 4088 inimici
705 4035 755 4088 in
801 4045 1090 4104 conspectu
1143 4048 1330 4092 nostro
1368 4047 1561 4092 morte.
1599 4037 1765 4103 Cujus
1799 4038 2017 4092 morte?

453 4126 559 4196 Ego
588 4127 820 4181 arbitror
848 4128 990 4195 quod
1025 4138 1209 4182 nostra
1256 4145 1269 4181 :
1321 4130 1366 4182 si
1419 4129 1563 4184 enim
1596 4144 1693 4182 nos
1722 4129 2020 4183 mortifica-

451 4234 570 4272 tnus
596 4220 834 4273 membra
865 4229 1048 4272 nostra
1081 4234 1200 4288 quae
1227 4229 1350 4273 sunt
1381 4234 1539 4290 super
1575 4228 1806 4285 terram,
1851 4220 2019 4274 forni-

450 4312 741 4376 cationem,
769 4310 1189 4373 immumlitiam,
1219 4311 1262 4363 si
1293 4311 1432 4364 hanc
1465 4321 1696 4365 mortem
1724 4310 2020 4365 inferamus

2119 3112 2255 3167 stola
2304 3112 2450 3166 Pauli
2500 3113 2738 3176 discere,
2788 3114 2912 3183 quia
2959 3113 3165 3184 gladius
3212 3131 3391 3169 sermo
3443 3117 3535 3170 Dei
3579 3116 3693 3171 sit?

2120 3206 2261 3263 Audi
2303 3226 2426 3264 eum
2473 3227 2596 3265 cum
2636 3227 2785 3266 arma
2833 3224 3100 3283 prmparat
3147 3215 3404 3269 militibus
3451 3216 3683 3284 Christi,

2115 3307 2384 3373 quomodo
2411 3307 2650 3360 dicit":
2690 3323 2709 3357 ι
2744 3305 2810 3359 Ει
2837 3305 3042 3376 galeam
3091 3307 3282 3360 salutis
3326 3308 3583 3374 accipite,
3626 3317 3680 3359 et

2116 3396 2348 3465 gladium
2378 3397 2602 3467 spiritus
2638 3397 2782 3464 quod
2812 3406 2895 3451 est
2928 3396 3148 3452 verbum
3196 3397 3290 3452 Dei
3341 3414 3437 3467 per
3467 3413 3678 3452 omnem

2116 3488 2417 3540 orationem
2444 3526 2459 3550 ,
2492 3496 2547 3540 et
2578 3487 3015 3541 obsecrationem
3042 3525 3057 3549 ,
3099 3504 3119 3538 ι
3156 3486 3555 3541 evidentissime
3587 3502 3682 3554 per

2117 3577 2232 3632 haec
2265 3577 2623 3644 pronuntians
2650 3617 2666 3642 ,
2699 3577 2830 3647 quia
2873 3591 2969 3647 per
2993 3576 3221 3632 verbum
3266 3575 3358 3630 Dei
3385 3618 3401 3642 ,
3430 3578 3571 3644 quod
3601 3588 3681 3629 est

2117 3669 2331 3739 gladius
2374 3669 2628 3738 utrinque
2657 3677 2848 3722 acutus
2874 3709 2888 3732 ,
2937 3669 3129 3721 cadent
3173 3667 3377 3720 inimici
3427 3669 3593 3722 nostri
3630 3670 3679 3721 in

2117 3771 2406 3829 conspectu
2442 3771 2649 3814 nostro.
2685 3779 2702 3812 (
2744 3757 2812 3812 Et
2851 3758 3131 3826 respiciam
3165 3773 3328 3826 Super
3360 3773 3475 3823 vos,
3507 3769 3561 3812 et
3590 3774 3684 3811 au-

2118 3853 2253 3920 gebo
2282 3867 2378 3906 vos
2405 3852 2472 3906 ²⁸.
2507 3871 2527 3904 ι
2569 3851 2788 3906 Plenum
2827 3851 3181 3904 beatitudinis
3214 3859 3297 3904 est
3334 3851 3435 3904 hoc
3483 3852 3680 3919 ipsum,

2117 3948 2161 3999 si
2215 3960 2375 4014 quem
2431 3945 2692 4013 respiciat
2750 3944 2910 3998 Deus.
2953 3943 3046 3997 Vis
3089 3944 3272 3997 videre
3333 3944 3375 3997 si
3429 3945 3683 4012 respiciat

2122 4037 2261 4090 Deus
2299 4035 2364 4089 ad
2406 4015 2677 4089 hominem
2702 4074 2716 4098 ,
2757 4044 2956 4104 quanta
3007 4035 3081 4087 sit
3118 4033 3262 4086 salus
3301 4033 3324 4086 ?
3364 4033 3552 4087 Petrus
3587 4034 3685 4088 ali-

2119 4128 2334 4195 quando
2373 4142 2507 4197 pene
2546 4129 2802 4195 perierat,
2826 4135 2880 4180 et
2919 4141 2983 4180 ex
3025 4125 3434 4180 consecratione
3470 4137 3686 4195 aposto-

2119 4216 2206 4271 lici
2249 4217 2459 4271 numeri
2497 4215 2710 4270 diabolo
2751 4229 2846 4284 per
2877 4231 2942 4270 os
2977 4217 3186 4270 ancilla:
3211 4216 3480 4287 pontiﬁcis
3517 4218 3686 4284 inspi-

2123 4318 2276 4362 rante
2314 4307 2488 4362 fuerat
2523 4315 2785 4377 ereptus:
2829 4307 2923 4362 sed
2963 4307 3052 4360 ubi
3099 4309 3333 4378 respexit
3361 4308 3425 4362 ad
3454 4323 3573 4360 eutn
3597 4305 3688 4363 Je-

453 4401 710 4456 Iuembris
737 4401 980 4465 nostris,
1027 4401 1098 4454 illi
1129 4401 1324 4456 cadent
1363 4402 1414 4460 in
1464 4415 1757 4472 conspecm
1810 4413 2016 4457 nostro.
2053 4397 2096 4452 Ῑ)
2123 4415 2212 4454 sus
2268 4410 2518 4463 tantum,
2561 4399 2649 4452 ubi
2690 4399 2755 4451 ad
2811 4414 2931 4453 eum
2974 4401 3166 4468 placidi
3208 4401 3385 4454 vultus
3423 4417 3520 4453 ora
3561 4415 3686 4454 con-

453 4491 732 4557 Quomodo
757 4493 951 4546 cadent
988 4493 1040 4545 in
1067 4500 1352 4560 conspectu
1387 4504 1572 4548 nostro
1599 4496 1622 4546 ?
1670 4495 1727 4548 Si
1757 4503 1809 4547 tu
1833 4493 2019 4561 justus

453 4584 550 4646 sis,
568 4583 759 4636 cecidit
774 4582 1029 4650 injustitia
1045 4582 1094 4635 in
1108 4592 1392 4652 conspectu
1411 4593 1530 4650 tuo;
1548 4585 1592 4638 si
1612 4597 1812 4645 castus.
1827 4586 2020 4639 cecidit

457 4674 649 4738 libido;
681 4675 724 4726 si
761 4675 900 4744 pius,
925 4675 1085 4728 etiam
1127 4674 1240 4744 ipsa
1271 4675 1518 4742 impietas
1562 4677 1768 4731 corruit
1792 4687 1917 4730 ante
1945 4685 2016 4733 te.

485 4753 493 4842 ς
525 4765 577 4817 7.
611 4783 629 4814 ι
673 4764 737 4817 Ει
786 4773 1179 4834 persequentur
1204 4780 1272 4818 ex
1297 4766 1450 4820 vobis
1498 4767 1735 4835 quinque
1780 4778 2016 4832 centum,

456 4866 505 4924 et
538 4868 754 4908 centum
784 4871 849 4908 ex
883 4857 1035 4909 vobis
1079 4867 1475 4925 persequentur
1501 4857 1668 4910 multa
1701 4857 1866 4910 millia
1898 4860 1960 4910 ³⁸.
1999 4877 2018 4909 ι

456 4945 553 5008 Qui
584 4953 709 4998 sunt
736 4945 820 4998 isti
853 4945 1094 5013 quinque
1121 4946 1208 5012 qui
1236 4955 1463 5015 possunt
1497 4949 1743 5014 persequi
1769 4946 2025 5000 centum?

457 5037 708 5105 Quinque
759 5052 1015 5090 numerus
1049 5037 1156 5106 (45)
1195 5050 1247 5092 et
1291 5040 1345 5092 in
1391 5039 1744 5094 laudabilibus
1784 5043 2020 5111 ponitur,

459 5137 513 5178 et
547 5126 597 5178 in
629 5126 998 5195 culpabildms.
1032 5128 1278 5195 Quinque
1301 5140 1428 5182 sunt
1453 5130 1730 5198 sapientes
1760 5130 2018 5200 virgines,

459 5230 513 5271 et
542 5218 782 5286 quinque
824 5217 1136 5285 insipientes
1160 5219 1226 5274 ⁸ο.
1275 5217 1364 5272 Sic
1409 5234 1536 5289 ergo
1569 5229 1623 5274 et
1667 5224 2017 5276 centenarias

534 5310 578 5341 “
605 5308 745 5363 Psal.
779 5325 964 5370 Lxxw,
997 5310 1079 5364 19.
1159 5315 1201 5344 ³⁵
1230 5315 1396 5367 Levit.
1428 5330 1576 5376 xxvr,
1607 5313 1659 5378 5,
1681 5314 1735 5370 6.

463 5381 509 5412 ὀ
541 5379 730 5430 Matth.
755 5394 880 5432 xxv.
913 5381 967 5432 2.

469 5465 593 5503 xm
618 5489 632 5510 ,
655 5448 707 5502 9.
813 5447 860 5480 ⁸⁸
883 5449 1070 5507 Matth.
1103 5469 1251 5516 xxvi,
1290 5455 1377 5509 75.

528 5543 655 5624 fi?)
693 5541 844 5596 Libb.
873 5545 1033 5626 editi,
1073 5563 1089 5596 ι
1125 5548 1516 5603 molestiarum.
1552 5567 1569 5600 ι
1612 5547 1763 5618 Mss.,
1799 5567 1819 5600 ι
1856 5548 2029 5603 mole-

471 5625 836 5754 ﬁnitiuus.
869 5685 996 5739 editi
1027 5685 1110 5740 hic
1138 5697 1189 5742 et
1217 5687 1375 5755 infra,
1407 5708 1425 5741 ι
1467 5690 1803 5760 quinquenus
1835 5704 2024 5744 nume-

1812 5315 1853 5344 ⁸⁸
1881 5313 1923 5367 ll
1956 5314 2080 5368 Con.
2112 5333 2168 5381 x,
2200 5319 2254 5372 5.

1044 5381 1086 5411 ²¹
1135 5381 1231 5436 Isa.
1266 5400 1364 5437 va
1391 5425 1406 5447 ,
1462 5384 1550 5439 ‘20.
1626 5387 1670 5417 ²²
1700 5383 1872 5438 Levit.
1918 5400 2039 5439 xxv:
2068 5427 2084 5453 ,
2125 5392 2177 5443 8.

2123 4494 2322 4557 vertit,
2359 4496 2543 4546 statim
2587 4511 2838 4551 reversus
2878 4497 2934 4550 in
2976 4496 3360 4562 semetipsum,
3386 4486 3458 4546 'et
3504 4494 3686 4563 prola-

2125 4601 2276 4655 psum
2313 4588 2378 4639 de
2417 4588 2712 4654 praecipitio
2750 4603 3012 4642 revocans
3065 4587 3283 4655 pedem,
3331 4602 3348 4634 ι
3388 4583 3564 4645 ﬂevit,
3608 4584 3688 4636 in-

2125 4677 2239 4746 quit
2260 4677 2324 4742 ⁸³,
2365 4680 2702 4732 amarissime
2728 4719 2742 4744 ,
2792 4698 2812 4731 ι
2858 4691 3020 4750 atque
3067 4681 3137 4731 ita
3175 4685 3455 4744 respectus
3484 4690 3512 4728 a
3553 4675 3683 4739 Deo,

2129 4768 2302 4822 locum
2333 4783 2491 4821 suum
2538 4768 2718 4824 flendo
2755 4772 2990 4839 recepit,
3028 4783 3186 4835 quem
3232 4767 3474 4835 negando
3512 4767 3688 4835 perdi-

2121 4861 2292 4913 derat.
2324 4879 2343 4912 ι
2381 4859 2685 4929 Respiciam
2717 4877 2879 4932 ergo,
2917 4861 3123 4928 inquit,
3152 4873 3315 4926 super
3344 4873 3470 4925 vos,
3495 4867 3549 4910 et
3581 4871 3681 4911 au—

2124 4949 2261 5018 gebo
2295 4963 2408 5002 vos.
2451 4968 2470 5001 ι
2515 4947 2794 5018 Tanquam
2843 4953 2886 5004 si
2937 4950 3014 5004 sol
3067 4950 3322 5018 respiciat
3358 4957 3590 5017 segetem
3635 4955 3685 5000 ες

2123 5041 2312 5096 afferat
2349 5041 2600 5106 fruetus,
2632 5058 2792 5110 quam
2847 5042 3036 5112 utique
3083 5043 3127 5096 si
3179 5057 3286 5096 non
3341 5040 3688 5109 respexisset,

2122 5135 2456 5189 infructuosa
2507 5135 2851 5189 mansisset:
2907 5135 2978 5188 ita
3033 5135 3174 5188 Deus
3223 5141 3461 5202 segetem
3511 5131 3692 5186 cordis

2120 5227 2290 5279 nostri
2331 5227 2644 5294 respiciens,
2674 5235 2728 5279 et
2758 5226 2922 5279 radiis
2953 5242 3049 5281 nos
3074 5226 3222 5280 verbi
3253 5225 3333 5279 sui
3361 5225 3687 5288 illuminans,

2327 5320 2367 5350 ¹⁷
2400 5319 2570 5375 Levit.
2600 5319 2821 5385 xxvt,7.
2889 5317 3079 5371 18Ibid.
3159 5318 3202 5349 ιθ
3225 5315 3397 5373 Levit.
3421 5331 3546 5385 xxvi
3570 5355 3584 5377 ,
3631 5313 3687 5372 8-

2253 5389 2298 5420 ’³
2337 5389 2468 5445 lleb.
2501 5405 2589 5456 ιν,
2631 5383 2745 5443 12(
2815 5387 2860 5419 ’⁸
2894 5388 3090 5458 Ephes.
3132 5403 3207 5454 vt,
3239 5387 3322 5442 17.
3420 5385 3466 5418 ’⁵
3513 5383 3689 5447 Levii.

2139 5569 2252 5614 rus.
2287 5573 2305 5605 ι
2338 5555 2428 5609 sed
2459 5569 2588 5608 mss.
2617 5560 2827 5616 omnes,
2861 5569 2879 5604 ι
2912 5551 3148 5621 quinque
3178 5565 3453 5606 numerus.
3491 5569 3510 5602 ι

2209 5624 2316 5695 (Μ)
2353 5625 2533 5680 Codex
2563 5624 2867 5694 Sangerm.,
2907 5641 2926 5674 ι
2966 5641 2995 5676 a
3023 5622 3180 5686 facie,
3215 5640 3236 5674 ι
