4074 6156
496 218 604 283 573

1965 222 2308 281 ORIGENIS

3667 216 3801 274 576

494 345 639 418 tigit.
667 344 758 398 sed
785 344 842 396 id
882 359 986 396 non
1025 354 1170 418 certo
1220 344 1391 418 270
1439 347 1662 418 eruitur,
1686 353 1758 418 ut
1789 344 2002 418 putavit
2039 344 2177 418 idem
2209 323 2577 418 ﬂuuius,
2604 339 2919 418 duodecima
2944 339 3003 394 in
3035 336 3323 418 {eternium
3383 338 3636 418 (tonsilia.
3688 336 3797 418 lbi

493 408 685 480 quippe
705 416 1064 466 tantummodo
1104 415 1177 464 ait
1216 408 1466 480 UrigEnes
1492 431 1568 480 se,
1608 414 1696 465 ubi
1721 408 1878 481 finem
1946 414 2154 467 dicendi
2197 412 2422 481 fecisset,
2450 412 2625 464 adhuc
2672 410 2973 481 locuturum
3013 410 3079 481 de
3109 408 3467 481 Numerorum
3505 412 3633 481 loco
3675 408 3791 479 qui

494 475 745 551 legendus
790 492 902 534 erat
935 497 954 535 :
983 484 1121 551 quod
1166 499 1294 536 sane
1313 475 1441 536 "non
1481 475 1732 551 impedit,
1772 483 2050 552 quominus
2098 475 2235 536 alias
2292 475 2444 552 longe
2498 489 2665 534 antea‘
2717 480 2966 534 ttomilias
3028 479 3084 533 in
3116 475 3385 532 Numeros
3429 478 3633 534 habere
3668 475 3792 550 ῥοο

496 554 671 604 tuerit.

572 619 639 671 In
672 617 886 672 Catenis
917 618 1114 674 σταλεὶς
1131 621 1506 684 manuscriptis
1540 620 1688 674 varia
1710 620 1806 673 sub
1839 618 2083 688 Origenis
2131 621 2340 675 nomine
2394 618 2845 686 circumferuntur
2887 618 3184 687 fragmenta
3215 617 3402 674 (ἵν-ατη
3448 621 3504 673 in
3544 618 3790 673 Nume-

500 704 606 760 ros.
638 688 717 742 Ea
753 704 891 760 nunc
921 691 1149 756 primum
1188 692 1323 760 typis
1353 697 1601 759 pleraque
1623 692 2016 760 mandavimus,
2049 690 2166 760 licet
2199 690 2383 744 incerti
2416 689 2554 760 unde
2590 689 2684 760 illa
2725 689 3147 760 deprompscrint
3180 690 3500 744 Cateuarum
3524 704 3787 744 consar-

496 758 780 814 cinatores.
813 755 986 812 Unum
1011 771 1087 814 est
1107 755 1252 830 quod
1281 755 1727 830 aliquam/tubere
1751 760 1991 818 videatur
2019 759 2338 828 affinitatem
2366 774 2481 812 cum
2514 759 2628 812 loco
2652 758 2881 812 Itomilia:
2901 755 3120 813 decium
3143 762 3334 813 tertiae.

1226 1048 2168 1184 ΩΡΙΓΕΝΟΥΣ
2248 1042 3001 1184 ΕΚΑΟΓΑΙ

1527 1289 1701 1376 ΕΙΣ
1771 1285 2063 1375 ΤΟΥΣ
2143 1285 2731 1377 ΑΡΙΘΜΟΥΣ.

2064 1477 2138 1492 ﬂ

1087 1619 1667 1715 ORIGENIS
1738 1568 2259 1708 SELEGTA
2335 1618 2460 1705 IN
2537 1615 3145 1709 NUMEROS.

571 1965 721 2022 Nihil
740 1974 932 2036 praeter
955 1966 1008 2020 in
1033 1981 1228 2019 ntanna
1249 1963 1388 2019 oculi
1405 1963 1574 2018 nostri
1610 1960 1680 2017 ³³.
1710 1960 1827 2016 Man
1856 1961 2057 2013 dictum

2231 1955 2425 2011 Οὐδὲν
2455 1955 2625 2026 πλὴν
2663 1958 2753 2024 εἰς
2791 1957 2860 2011 τὸ
2906 1957 3109 2027 μάννα
3134 1963 3188 2014 οἱ
3234 1960 3527 2031 ὀφθαλμοὶ
3553 1959 3756 2032 ἡμῶν.

491 2071 595 2123 ρει,
632 2054 775 2131 quod
810 2059 1020 2115 Hebraii
1047 2059 1136 2126 qui
1177 2057 1334 2128 primi
1378 2056 1649 2111 insolitum
1688 2052 2059 2125 spectaculum

490 2152 764 2220 viderunt,
793 2151 1028 2206 dixerint
1047 2150 1112 2204 ad
1147 2149 1373 2204 invicem
1402 2147 1576 2217 patria
1605 2146 1819 2217 lingua:
1841 2164 1859 2197 ‹
1885 2144 2057 2209 Man,»

492 2244 599 2301 hoc
626 2254 732 2312 est,
771 2263 790 2296 ι
826 2240 963 2310 Quid
1013 2242 1153 2297 hoc?
1184 2261 1202 2293 ι
1236 2241 1391 2309 Quod
1442 2256 1547 2295 non
1582 2239 1869 2303 dixissent,
1896 2239 1965 2302 si,
2002 2249 2063 2293 ut

491 2336 711 2405 quidam
747 2336 953 2392 ethnici
1006 2345 1287 2399 asserunt,
1334 2344 1523 2389 natura
1568 2334 1760 2389 borum
1820 2333 2061 2389 locorum

492 2429 545 2483 id
578 2428 727 2483 ferre
765 2427 974 2482 solebat
1003 2427 1071 2482 ab
1087 2428 1233 2482 omni
1258 2441 1393 2483 tero.
1423 2426 1491 2481 Et
1525 2441 1667 2481 nunc
1695 2431 1739 2482 si
1786 2428 2063 2497 paululum

491 2518 619 2587 quid
653 2517 914 2586 ejusmodi
943 2518 1178 2580 decidit,
1226 2517 1498 2572 memoria:
1540 2533 1705 2572 causa
1750 2519 1803 2573 id
1837 2519 2060 2577 accidit.

561 2605 634 2662 Et
666 2624 771 2663 non
798 2607 940 2665 ultra
972 2608 1276 2678 adjecerunt
1303 2607 1373 2662 “.
1410 2607 1594 2672 Deest,
1629 2627 1648 2662 ι
1677 2604 2087 2681 prophetare.s'

492 2698 609 2753 Non
671 2700 924 2770 amplius,
989 2700 1182 2770 inquit,
1234 2698 1646 2771 prophetarunt.
1697 2697 1877 2755 Semel
1915 2702 2061 2756 enim

491 2790 830 2861 prophetarit,
866 2801 925 2846 ut
959 2807 1063 2845 non
1088 2793 1436 2860 atlzequentur
1470 2789 1659 2860 Moysi,
1690 2794 1783 2846 sed
1821 2802 1877 2846 ut
1904 2794 2061 2848 inno-

493 2892 664 2938 tescat
703 2899 799 2940 eos
833 2884 1068 2953 Spiritus
1107 2883 1276 2937 fuisse
1321 2881 1630 2952 participes,
1669 2883 1832 2937 etiam
1873 2899 2063 2941 omnes

490 2976 654 3031 simul
688 2976 1031 3046 prophetam.
1074 2975 1220 3030 Unus
1253 2977 1398 3030 enim
1446 2975 1499 3028 in
1545 2974 1764 3031 Christo
1798 2974 2060 3046 Spiritus,

491 3076 548 3121 et
581 3082 685 3120 una
716 3082 811 3136 per
840 3083 1028 3122 omnes
1053 3071 1249 3122 virtus.

563 3156 632 3211 Et
653 3157 874 3225 populus
915 3173 1018 3212 non
1070 3158 1364 3226 promovit,
1421 3158 2062 3228 quoadusquem‘undata

489 3256 567 3300 est
597 3245 774 3300 Maria
826 3247 892 3305 ³⁸.
950 3247 1232 3302 Retnansit
1286 3246 1360 3301 ibi
1405 3247 1806 3304 tabernaculum
1853 3265 2061 3322 septem

2168 2051 2295 2105 Μᾶν
2341 2048 2636 2120 ὠνομάσθη
2683 2050 2791 2103 ἀπὸ
2838 2049 2931 2103 τοῦ
2977 2052 3103 2116 τοὺς
3158 2052 3439 2125 Ἐϐραίους
3493 2055 3755 2125 πρώτους

2169 2141 2348 2215 θέαμα
2375 2141 2526 2207 ξένον
2550 2142 2791 2215 ὁρῶντας
2828 2146 3003 2198 εἰπεῖν
3056 2145 3194 2220 πρὸς
3233 2146 3496 2219 ἀλλήλους
3538 2151 3604 2221 τῇ
3638 2165 3755 2203 πα·-

2167 2232 2304 2303 τρίῳ
2327 2230 2567 2303 γλώσσῃ,
2597 2251 2615 2282 t
2657 2233 2802 2295 Μᾶν,
2830 2252 2848 2284 ι
2877 2234 3143 2302 τουτέστι,
3179 2256 3197 2287 ι
3226 2235 3290 2289 Τί
3329 2236 3517 2303 τοῦτο;
3551 2258 3570 2290 ι
3604 2239 3750 2313 ὅπερ

2167 2325 2268 2377 ούκ
2295 2324 2360 2378 ἂν
2384 2320 2556 2390 εἷπον,
2584 2326 2633 2379 εἰ
2658 2325 2777 2390 ἔθος
2803 2323 2891 2399 ἦν,
2926 2327 3001 2393 ὦς
3028 2347 3174 2394 τινες
3204 2332 3309 2384 τῶν
3340 2331 3566 2387 ἐθνικῶν
3587 2352 3742 2405 φασι,

2167 2414 2267 2486 τὴν
2295 2414 2455 2485 φύσιν
2480 2415 2586 2470 τῶν
2612 2417 2790 2471 τόπων
2812 2417 2906 2471 ἀπ’
2951 2420 3145 2483 αἰῶνος
3181 2420 3246 2474 τὰ
3273 2422 3493 2476 τοιαῦτα
3533 2425 3740 2496 φέρειν.

2169 2506 2279 2559 Καὶ
2308 2505 2403 2561 νῦν
2429 2507 2485 2560 δὲ
2526 2509 2573 2561 εί
2620 2509 2937 2564 καταϐαίνει
2982 2514 3200 2585 μνήμης
3237 2513 3401 2570 ἕνεκα
3445 2518 3638 2589 μικρόν
3663 2535 3741 2572 τι.

2239 2596 2350 2649 Καὶ
2381 2597 2580 2651 οὐκέτι
2629 2599 3010 2667 προσέθεντο.
3062 2602 3287 2669 Λείπει,
3331 2623 3350 2655 ι
3396 2606 3488 2658 τοῦ
3530 2624 3743 2680 προφη-

2168 2687 2367 2744 τεύειν.
2409 2709 2427 2741 s
2452 2690 2669 2754 Οὐκέτι,
2695 2693 2847 2764 φησὶ,
2870 2695 3300 2767 προεφήτευσαν.
3331 2697 3425 2760 Et;
3458 2696 3602 2764 ἅπαξ
3630 2698 3743 2771 γὰρ

2169 2779 2624 2851 προφητεύουσιν,
2678 2782 2767 2836 ἵνα
2805 2783 2878 2854 μὴ
2924 2782 3223 2850 ἐξισωθῶσι
3266 2789 3478 2841 Μωσεῖ·
3514 2789 3627 2843 ἀλλ’
3661 2790 3740 2855 ὡς

2168 2871 2472 2944 γνωσθῆναι
2502 2875 2585 2927 ὅτι
2614 2876 2994 2947 μετειλήφασι,
3035 2880 3130 2933 καὶ
3159 2879 3356 2944 πάντες
3378 2880 3494 2950 ἄμα
3529 2898 3741 2953 προφη-

2167 2963 2431 3018 τεύουσιν.
2470 2967 2564 3020 Ἓν
2590 2967 2697 3039 γὰρ
2724 2970 2781 3022 ἐν
2813 2968 3031 3042 Χριστῷ
3061 2971 3122 3024 τὸ
3149 2970 3391 3043 Πνεῦμα,
3410 2973 3504 3026 καὶ
3531 2973 3629 3045 μία
3649 2973 3739 3029 διὰ

2169 3059 2385 3113 πάντων
2413 3062 2445 3131 ή
2482 3060 2749 3133 ἐνέργεια.

2238 3152 2347 3206 Καὶ
2374 3155 2407 3206 ό
2425 3154 2575 3220 ,λαὸς
2594 3157 2704 3208 οὐκ
2727 3153 2965 3223 ἐξῆρεν,
2982 3155 3087 3223 ἕως
3104 3157 3465 3227 ἐκαθαρίσθη
3488 3156 3735 3229 Μαριάμ.

2171 3245 2395 3316 Ἔμεινε
2419 3246 2476 3300 δὲ
2518 3248 2552 3318 ή
2577 3248 2748 3321 σκηνὴ
2794 3248 2933 3302 ἑπτὰ
2971 3251 3182 3321 ἡμέρας
3221 3251 3315 3305 ἐπὶ
3344 3251 3436 3304 τὸν
3472 3250 3635 3304 τόπον
3659 3252 3738 3315 εἰς

491 3338 684 3393 diebus
726 3339 910 3393 Mariae
955 3340 1152 3408 gratia,
1200 3355 1267 3395 ne
1312 3340 1368 3394 in
1404 3354 1468 3396 eo
1509 3355 1618 3411 quo
1653 3350 1772 3396 erat
1811 3352 1954 3399 statu
1984 3360 2064 3401 se-

2168 3336 2332 3409 τιμήν
2362 3338 2598 3408 Μαρίας,
2631 3339 2719 3394 ἵνα
2759 3339 2834 3411 μὴ
2862 3341 3084 3415 τοιαύτη
3111 3338 3245 3397 οὖσα
3273 3343 3565 3416 ἀκολουθῇ.

492 3442 777 3503 queretur.

566 3522 716 3577 Mitte
754 3522 849 3577 tibi
877 3522 1011 3577 viras
1042 3522 1108 3589 ³⁸,
1145 3534 1250 3579 etc.
1302 3523 1441 3579 Mitti
1484 3523 1642 3593 jubet
1673 3528 1954 3597 quosdam,
1984 3544 2071 3585 os-

491 3614 717 3670 tendens
749 3631 857 3670 non
908 3616 1069 3687 longe
1089 3617 1293 3673 distare
1345 3617 1713 3685 Palaestinam,
1745 3621 2070 3693 faciliusque

490 3720 616 3762 esse
645 3705 887 3763 Hebraeis
915 3708 1041 3764 illuc
1070 3709 1149 3763 ire
1190 3725 1352 3778 quam
1397 3710 1452 3764 in
1490 3709 1782 3781 Egyptum
1829 3716 2063 3780 reverti;

492 3823 506 3851 ι
526 3815 727 3872 umque
769 3801 1139 3859 inﬁdelitatem
1161 3804 1243 3859 eis
1275 3806 1686 3875 exprobrasset,
1718 3808 1980 3863 tumulum
2012 3812 2066 3869 in

492 3894 710 3947 deserto
732 3893 970 3948 minatur
996 3894 1099 3949 illis
1122 3896 1326 3966 quibus
1364 3911 1516 3950 mens
1544 3896 1677 3950 dura
1700 3911 2065 3966 permaneret.

489 3980 715 4075 Praestat
741 3987 887 4041 enim
928 3986 1125 4060 impios
1155 3988 1326 4054 mori,
1357 4004 1521 4059 quam
1571 3990 1808 4045 erratice
1862 3992 2063 4048 vivere.

560 4159 627 4214 Et
643 4162 1020 4233 cognominauit
1039 4161 1245 4234 Moyses
1265 4162 1405 4217 Ause
1426 4162 1597 4232 ﬁlium
1619 4158 1782 4226 Nave,
1796 4160 1978 4217 Iesum
1996 4162 2062 4219 ".

488 4249 899 4307 Observandum
927 4265 1013 4308 est
1045 4251 1215 4306 ﬁlium
1269 4252 1421 4309 Nave
1447 4265 1632 4324 typum
1661 4253 1833 4307 fuisse
1863 4253 2063 4308 Christi

489 4344 578 4411 qui
616 4352 891 4399 errantem
921 4353 977 4398 et
1011 4343 1356 4399 miseratione
1394 4344 1615 4416 dignum
1644 4343 1900 4412 p0pu|um
1940 4359 2062 4398 cum

492 4434 883 4502 hberasset,in
955 4434 1155 4489 coelum
1202 4435 1405 4503 intulit,
1456 4450 1567 4491 non
1617 4435 1672 4491 in
1721 4446 1921 4490 terram
1945 4451 2065 4506 quia

493 4529 722 4583 devorat
754 4527 1092 4583 habitatores
1117 4542 1269 4583 suos.

565 4616 812 4688 Profecto
859 4634 961 4671 non
1012 4618 1259 4672 uidebunt
1298 4628 1517 4687 terram,
1565 4635 1726 4689 quam
1757 4618 1943 4690 juravi
1968 4636 2063 4689 pa-

492 4711 655 4765 tribus
674 4727 853 4766 eorum
870 4711 936 4765 ³⁸.
953 4709 1362 4767 Observandum
1387 4722 1493 4780 est,
1519 4726 1709 4769 eorum
1727 4689 1816 4781 qui
1847 4727 1878 4767 e
1920 4722 2062 4767 terra
2090 4689 2132 4747 (ἶ

491 4801 713 4875 ΛΕεΥριί
739 4804 1015 4871 exierunt,
1055 4806 1317 4875 quosdam
1371 4805 1425 4859 in
1458 4815 1657 4859 terram
1684 4807 2063 4875 promissionis

494 4896 765 4963 ingressos
816 4909 971 4961 esse;
1019 4909 1193 4963 neque
1229 4895 1374 4949 enim
1402 4894 1455 4949 id
1496 4895 1637 4949 Deus
1692 4895 2062 4964 prohibuerat,

494 4986 590 5041 sed
620 4999 687 5039 ex
707 4986 777 5040 iis
814 4987 906 5056 qui
937 5001 1005 5041 ex
1029 4984 1264 5057 [Egypto
1301 4985 1505 5052 egressi
1546 4996 1700 5039 erant
1735 4985 1856 5041 illos
1884 4987 2059 5042 solum

490 5076 585 5147 qui
620 5078 687 5131 ad
733 5077 1049 5134 vicesimum
1108 5093 1310 5131 annum
1354 5087 1410 5133 et
1453 5093 1615 5145 supra
1655 5088 2061 5149 pervenerant,

491 5170 691 5239 quique
720 5170 949 5226 vitulum
979 5171 1369 5238 conﬂaverant,
1403 5171 1462 5226 in
1496 5172 1714 5227 deserto
1752 5172 2060 5240 interfecit;

493 5275 728 5331 parcens
754 5278 941 5319 eorum
967 5264 1215 5333 cognatis
1239 5265 1529 5334 juvenibus
1568 5266 1660 5336 qui
1708 5264 1945 5327 nondum
1983 5266 2064 5321 vi-

494 5357 757 5412 cesimum
809 5373 1012 5413 annum
1053 5360 1371 5429 attigerant,
1412 5369 1467 5414 et
1504 5359 1672 5415 multo
1693 5359 1852 5429 271
1892 5359 2065 5430 magis

493 5446 820 5519 infantibus,
844 5462 899 5507 et
927 5452 1169 5523 parvulis
1191 5465 1360 5521 usque
1402 5451 1470 5505 ad
1504 5450 1804 5521 pubertatis
1826 5459 2062 5508 atatem.

2249 3519 2625 3574 Ἀπόστειλον
2644 3521 2877 3587 σεαυτῷ
2907 3522 3148 3591 ἄνδρας,
3167 3525 3262 3578 καὶ
3293 3524 3362 3578 τὰ
3394 3524 3542 3597 ἑξῆς.
3583 3526 3739 3579 Ἀπο-

2169 3607 2427 3678 σταλῆναι
2459 3608 2669 3664 κελεύει
2702 3610 2875 3676 τινὰς,
2897 3612 3110 3678 δεικνὺς
3136 3615 3217 3668 ὅτι
3249 3615 3606 3687 πλησιάζουσι
3643 3617 3739 3688 μὲν

2166 3699 2230 3769 τῇ
2282 3698 2648 3775 Παλαιστίνῃ,
2698 3701 2799 3774 τῆς
2857 3703 3130 3773 Αἰγύπτου
3180 3706 3240 3759 τὸ
3301 3709 3417 3773 τοῖς
3472 3706 3741 3779 Ἑϐραίοις

2165 3789 2507 3863 ἑτοιμότερον
2536 3794 2927 3866 παραστήσας·
2960 3795 3053 3848 καὶ
3088 3795 3148 3849 τὺ
3185 3796 3410 3852 ἄπιστον
3437 3797 3736 3867 ἐξελέγξας,

2164 3882 2333 3950 τάφον
2360 3885 2456 3954 μὲν
2480 3886 2579 3956 τὴν
2610 3886 2813 3959 ἔρημον
2845 3888 3130 3961 ἀπονέμει,
3155 3885 3236 3955 οἷς
3268 3891 3297 3943 6
3320 3889 3445 3955 νοῦς
3478 3892 3739 3961 ἀπέμεινε

2168 3972 2419 4044 σκληρός·
2456 3973 2684 4041 θάνατος
2716 3976 2825 4049 γὰρ
2879 3977 3113 4043 ἀσεϐῶν,
3159 3979 3257 4051 τῆς
3288 3982 3345 4033 ἐν
3371 3979 3448 4051 τῷ
3486 3980 3583 4054 ζῇν
3608 3981 3740 4035 πλά-

2165 4083 2263 4137 νης
2291 4066 2668 4141 αἱρετώτερος.

2236 4157 2347 4213 Ιιαὶ
2366 4159 2716 4230 ἐπωνόμασε
2745 4159 3000 4230 Μωῢσῆς
3043 4161 3149 4217 τὸν
3167 4162 3343 4232 Αὐσὴ
3383 4163 3519 4218 υἱὸν
3546 4167 3737 4240 Ναυῆ,

2176 4251 2429 4318 Ἰησοῦν.
2468 4253 2896 4324 Ἐπισημαντέον
2934 4255 3016 4308 ὅτι
3045 4257 3074 4308 6
3108 4253 3200 4308 τοῦ
3233 4254 3390 4326 Napi]
3427 4256 3540 4320 υἱὸς
3574 4256 3738 4324 τύπος

2164 4344 2355 4413 γέγονε
2382 4344 2477 4399 τοῦ
2504 4344 2764 4418 Χριστοῦ,
2793 4345 2851 4411 ὃς
2874 4345 2965 4400 τὸν
3002 4347 3272 4401 οἴκτιστον
3300 4346 3426 4402 λαὸν
3455 4347 3739 4420 πλανώμε-

2164 4454 2254 4491 νον
2282 4437 2670 4510 ἐλευθερώσας,
2702 4439 2783 4503 εἰς
2811 4439 3038 4511 οὐρανὸν
3071 4440 3373 4511 ἀνήγαγεν·
3405 4442 3507 4495 οὐκ
3535 4443 3616 4505 εἰς
3637 4441 3738 4514 γῆν

2164 4530 2449 4585 ἐσθίουσαν
2480 4532 2605 4596 τοὺς
2636 4533 2996 4597 ἐνοικοῦντας.

2222 4617 2313 4680 Ἥ
2326 4623 2455 4693 μὴν
2481 4626 2592 4678 οὐκ
2633 4624 2882 4694 ὄψονται
2932 4624 3046 4695 τὴν
3093 4625 3228 4698 γῆν,
3268 4626 3349 4696 ἢν
3377 4626 3585 4697 ὤμοσα
3617 4626 3741 4693 τοῖς

2167 4715 2467 4785 πατράσιν
2503 4716 2717 4771 αὐτῶν.
2779 4719 3198 4792 Παρατηρητέον
3261 4721 3341 4773 ὅτι
3382 4719 3493 4772 τῶν
3527 4720 3594 4771 ἐκ
3639 4717 3741 4789 τῆς

2166 4808 2272 4879 γῆς
2298 4808 2576 4877 Αἰγύπτου
2612 4809 2932 4876 ἐξελθόντων
2962 4810 3207 4882 εἰσῆλθον
3255 4812 3334 4877 εἰς
3370 4812 3469 4882 τὴν
3503 4810 3609 4882 γῆν
3640 4810 3742 4883 τῆς

2171 4899 2502 4970 ἐπαγγελίας
2540 4901 2680 4965 τινές
2699 4918 2712 4931 ·
2748 4900 2870 4954 οὐδὲ
2910 4901 3018 4974 γὰρ
3039 4905 3068 4956 6
3095 4903 3224 4968 Θεὸς
3251 4904 3408 4958 τοῦτο
3432 4904 3743 4978 ἀπηγόρευ-

2165 5009 2275 5045 σεν·
2309 4991 2444 5045 ἀλλὰ
2485 4992 2678 5062 μόνους
2725 4994 2850 5058 τοὺς
2889 4995 3244 5058 εἰκοστοέτεις
3292 4997 3385 5049 καὶ
3422 4995 3607 5051 ἐπάνω
3634 4996 3742 5049 τῶν

2167 5083 2487 5149 ἐξελθόντων
2525 5084 2587 5137 ἐκ
2620 5085 2723 5156 γῆς
2756 5086 3031 5156 Αἰγύπτου
3066 5088 3571 5159 μοσλοποιήσαντας
3597 5089 3740 5141 cive?-

2169 5176 2259 5229 λεν
2284 5179 2341 5231 ἐν
2361 5179 2427 5247 τῇ
2447 5177 2666 5248 ἐρήμῳ·
2706 5177 3018 5250 φειδόμενος
3048 5178 3339 5248 συγγενοῦς
3359 5179 3458 5249 τῆς
3491 5180 3741 5251 νεότητος

2172 5269 2375 5332 αὐτοῖς,
2406 5262 2486 5332 οἷς
2515 5270 2543 5321 6
2562 5267 2661 5338 τῆς
2692 5268 2839 5338 ζωῆς
2874 5269 3064 5341 χρόνος
3095 5268 3247 5323 οῦπω
3272 5269 3616 5342 εἰκοστοέτης
3645 5264 3738 5343 ἦν,

2173 5361 2268 5415 καὶ
2304 5359 2483 5431 πολλῷ
2538 5359 2735 5431 μᾶλλον
2785 5364 2898 5425 τοῖς
2935 5361 3181 5433 βρέφεσι,
3226 5362 3320 5416 καὶ
3346 5361 3599 5431 παιδίοις,
3633 5361 3742 5430 ἕως
3814 5346 3824 5353 ’

2171 5453 2271 5524 τῆς
2305 5452 2510 5524 ἐφήϐου
2534 5452 2768 5524 ἡλικίας.
3118 5463 3127 5473 ’

564 5630 771 5692 “Num.
799 5649 860 5702 u,
882 5632 937 5691 6.
1010 5633 1055 5670 “
1082 5635 1214 5694 ibid.
1254 5633 1343 5692 25.
1418 5636 1462 5671 ³⁸
1500 5636 1659 5693 Num.
1700 5651 1756 5706 ι,
1787 5636 1872 5694 l5.
1950 5635 2064 5694 "N

2168 5672 2178 5693 .
2210 5650 2328 5703 xm,
2360 5634 2413 5691 3.
2497 5636 2541 5670 ³⁷
2574 5632 2703 5692 ibid.
2740 5636 2824 5692 l7.
2900 5635 2945 5670 ⁸³
2973 5634 3134 5696 Num.
3158 5649 3269 5703 xlv,
3291 5635 3388 5692 25.
