4074 6156
313 223 437 280 5'17

1579 228 1888 284 SELECTA
1927 226 1995 281 IN
2026 226 2360 283 NUMEROS

3499 233 3604 290 578

403 345 538 400 Τοῦ
562 338 774 401 αὑτοῦ.
809 348 979 402 Τοῦτο
1008 347 1177 412 τύπος
1208 350 1308 422 τῆς
1337 350 1610 422 ἀληθείας.
1633 373 1651 406 ε
1675 352 1801 406 Ἐὰν
1823 352 1932 421 γὰρ

2104 352 2381 422 Ejusdem.
2411 353 2524 409 lloc
2555 354 2858 425 symbolum
2885 363 2967 408 est
2989 354 3252 409 veritatis.
3287 354 3427 409 «Nisi
3457 357 3601 412 enim

315 435 402 504 μὴ
442 437 738 508 στραφῆτε
771 437 865 490 καὶ
897 438 1128 509 γένησθε
1169 440 1246 504 ὡς
1282 440 1350 494 τὰ
1378 440 1584 507 παιδία,
1615 442 1674 494 οὺ
1705 442 1779 513 μὴ
1814 444 1929 494 εἰσ-

311 525 539 597 έλθητε
573 530 656 592 εἰς
703 529 804 600 τὴν
845 529 1138 599 βασιλείαν.
1170 553 1189 586 ι

411 619 746 674 Ἀνέλεσθε
773 622 846 674 τὰ
878 621 1090 690 πυρεῖα
1123 623 1197 675 τὰ
1221 621 1440 691 χαλκᾶ.
1479 624 1688 697 Ὥσπερ
1725 627 1754 676 ὁ
1803 625 1934 694 χαλ-

313 713 474 776 κοῦς
511 707 636 785 ὄφις
666 718 891 786 σημεῖον
923 715 1022 786 τῆς
1044 716 1301 780 ἀπιστίας
1336 715 1535 779 αὐτῶν,
1567 717 1708 771 οὕτω
1745 719 1836 771 καὶ
1863 717 1933 772 τά

317 810 551 878 πυρεῖα
579 808 690 861 τῶν
725 809 854 879 περὶ
883 809 1026 880 Κορὲ
1064 809 1156 862 καὶ
1199 809 1373 863 Δαθάν
1402 811 1496 864 καὶ
1539 810 1797 882 ’Λϐειρὼν
1831 829 1932 864 πε-

321 901 556 974 ρίθεμα
591 902 721 957 ὄντα
748 903 828 974 τῷ
856 903 1247 975 θυσιαστηρίῳ.

400 995 536 1048 Καὶ
571 996 697 1060 τοῖς
729 996 880 1062 υἱοῖς
903 997 1050 1051 Λευῒ
1074 995 1200 1050 ἰδοὺ
1234 994 1462 1050 δέδωκα
1507 997 1630 1052 πᾶν
1661 995 1930 1052 ἐπιδέκα-

318 1105 450 1141 τον
483 1090 562 1142 ἐν
604 1089 861 1157 Ἰσραήλ.
893 1091 1131 1154 Εἰκότως
1161 1090 1589 1162 ἀπονενέμηνται
1616 1093 1728 1155 τοῖς
1766 1089 1931 1162 ἱερεῦ-

323 1195 427 1233 σιν
472 1183 535 1233 αἱ
570 1180 855 1252 ἀπαρχαὶ,
891 1180 1123 1250 ἐπείπερ
1155 1181 1214 1234 οὐ
1246 1182 1572 1254 κληρονομεῖ
1601 1183 1634 1253 ἡ
1672 1181 1804 1236 Λευῒ
1832 1199 1930 1250 φυ-

321 1271 400 1342 λὴ
431 1311 451 1336 ,
518 1272 642 1325 οὐδέ
696 1272 895 1342 κλῆρον
955 1271 1218 1343 λαμϐάνει
1268 1273 1344 1337 ὡς
1397 1275 1453 1328 αί
1501 1274 1700 1328 λοιπαί.
1761 1274 1931 1327 Τοῦτο

324 1363 617 1435 πρόξενον
652 1364 751 1436 τῆς
803 1365 1192 1437 ἀκτημοσύνης
1237 1369 1350 1429 τοῖς
1385 1365 1619 1438 ἱερεῦσιν
1659 1368 1689 1419 6
1729 1367 1930 1438 κλῆρος

324 1457 435 1510 τοῦ
586 1457 955 1530 θυσιαστηρίῳ
986 1460 1438 1531 συμμερίζεσθαι.
1479 1461 1722 1525 Δεκάτας
1757 1462 1928 1516 ἐδίδου

323 1551 358 1602 6
396 1548 541 1615 λαὸς
569 1553 682 1613 τοῖς
707 1549 982 1616 Λευίταις,
1015 1553 1110 1606 καὶ
1138 1555 1185 1606 οί
1219 1556 1442 1608 Λευῖται
1469 1557 1580 1619 τοῖς
1612 1554 1865 1623 ἱερεῦσιν.

409 1639 522 1706 Μὴ
553 1641 622 1692 ἐκ
648 1638 750 1707 τῆς
784 1639 1002 1708 πέτρας
1030 1642 1249 1709 ταύτης
1271 1642 1568 1713 ἐξάξομεν
1585 1643 1728 1713 ὑμῖν
1751 1643 1928 1712 ὕδωρ;

343 1731 412 1783 Ὁ
454 1732 720 1802 Μωῡσῆς,
751 1732 825 1803 μὴ
841 1731 1065 1798 δοξάσας
1098 1734 1189 1786 τὸν
1215 1734 1344 1787 Θεὸν
1376 1735 1470 1787 ἐπὶ
1496 1733 1588 1788 τοῦ
1609 1733 1762 1798 λαοῦ,
1792 1737 1930 1788 ἐκω-

332 1821 488 1893 λύθη
521 1824 812 1898 παρελθεῖν
863 1826 977 1895 μετ’
1006 1823 1192 1879 αὐτοῦ.
1233 1827 1348 1880 Ἵνα
1381 1825 1489 1900 γὰρ
1528 1827 1602 1898 μὴ
1631 1826 1688 1880 ὃν
1730 1827 1934 1898 ἐτίμων

336 1914 568 1980 ζῶντα,
621 1917 680 1970 ἐν
727 1915 860 1969 Θεοῦ
902 1917 1222 1988 θεραπείαις
1252 1921 1553 1990 τιμήσωσιν
1587 1919 1888 1975 ἀπελθόντα
1912 1960 1931 1988 ,

337 2007 537 2077 ἀφανῆ
568 2006 658 2062 τὸν
689 2007 852 2062 τόπον
880 2007 989 2080 [Ion
1027 2009 1220 2081 τάφον]
1262 2008 1578 2080 πεποίηκεν.

419 2184 557 2238 Νῦν
607 2184 867 2249 ἐκλείξει
908 2187 947 2254 ἠ
979 2187 1298 2259 συναγωγὴ
1327 2188 1478 2259 αὕτη
1521 2189 1746 2252 πάντας
1790 2189 1934 2258 τοὺς

349 2277 569 2341 κύκλῳ
595 2277 781 2347 ἡμῶν.
823 2278 991 2332 Τοῦτο
1039 2281 1391 2352 παράδειγμα
1419 2281 1609 2335 ἐλαϐεν
1628 2300 1641 2313 ο
1688 2281 1876 2354 ὥσπερ
1906 2285 1935 2337 6

351 2370 562 2440 μόσχος
597 2371 654 2423 ἐν
691 2371 769 2441 τῷ
812 2371 1037 2442 στόματι
1076 2372 1144 2425 τά
1177 2372 1382 2445 χλωρὰ,
1418 2373 1558 2427 οὕτω
1587 2373 1680 2427 κα)⁹
1717 2376 1746 2427 ό
1781 2374 1935 2442 ἅγιος

350 2461 489 2525 λαὸς
527 2465 639 2525 τοῖς
678 2461 881 2532 χείλεσι
917 2465 1342 2536 στρατευόμενος
1397 2470 1455 2521 ἐν
1506 2470 1616 2530 τοῖς
1674 2469 1934 2539 στόμασιν

355 2553 473 2621 ἔχει
501 2553 570 2607 τά
597 2552 736 2606 ὅπλα
759 2551 848 2606 διά
881 2552 988 2607 τῶν
1019 2553 1212 2624 εὐχῶν.
1251 2555 1360 2608 Καὶ
1387 2554 1546 2608 τοῦτο
1583 2554 1737 2619 εἰδὼς
1765 2558 1794 2609 ὁ
1831 2556 1937 2609 Βα-

354 2644 467 2697 λὰκ
508 2646 568 2698 ἐν
600 2647 711 2708 τοῖς
748 2643 1030 2716 προτέροις
1064 2644 1320 2715 πολέμοις
1354 2646 1597 2718 ἐναργῶς
1629 2647 1932 2719 γινόμενον,

354 2736 610 2807 βούλεται
642 2737 736 2789 καὶ
781 2737 942 2802 αὐτὸς
985 2739 1097 2801 τοῖς
1153 2737 1240 2791 διὰ
1285 2738 1504 2808 χειλέων
1539 2737 1722 2802 ὅπλοις
1767 2756 1934 2810 στρα-

351 2829 614 2882 τεύεσθαι
633 2845 647 2859 ·
685 2830 778 2882 καὶ
810 2828 963 2882 καλεῖ
989 2829 1078 2882 τὸν
1108 2828 1335 2900 Βαλαάμ
1362 2829 1452 2883 τὸν
1483 2829 1674 2900 ἔχοντα
1696 2830 1764 2883 τά
1795 2831 1934 2884 ὅπλα

356 2921 463 2991 τῆς
517 2919 767 2984 ἐναντίας
809 2920 1089 2991 δυνάμεως
1131 2921 1189 2974 ἐν
1237 2925 1348 2984 τοῖς
1386 2919 1588 2990 χείλεσι
1629 2922 1728 2985 τὰς
1774 2923 1932 2993 ἀράς.

2036 447 2282 500 conversi
2327 447 2541 501 fueritis
2587 457 2641 502 et
2687 447 2994 501 elliciamini
3029 447 3174 522 sicut
3203 449 3437 518 parvuli,
3493 465 3604 506 non

2035 539 2305 594 intrahitis
2348 542 2399 594 itt
2434 557 2658 610 regnum
2699 539 2962 593 caelorum
2992 540 3058 593 δ’.
3087 559 3106 592 ι

2109 629 2296 684 Tollite
2329 632 2599 684 thuribula
2629 647 2774 683 (enea
2822 631 2890 684 ⁸ο.
2918 630 3377 695 Quemadmodum
3425 646 3606 687 aeneus

2033 736 2254 791 serpens
2295 723 2509 791 signum
2541 731 2626 776 est
2657 723 2990 778 inﬁdelitatis
3024 737 3210 776 eorum
3241 767 3254 785 ,
3295 724 3366 777 ita
3394 734 3449 777 et
3483 726 3607 779 thu-

2032 813 2200 867 ribula
2254 811 2412 878 Core,
2457 814 2667 868 Dathan
2699 824 2756 870 et
2784 816 3011 882 Abiron,
3042 830 3162 884 quae
3189 814 3605 885 circumponun-

2035 917 2122 959 tur
2151 905 2336 959 altari.

2103 995 2173 1048 Et
2205 997 2333 1063 ﬁliis
2377 995 2499 1050 Levi
2537 1013 2653 1051 ecce
2693 998 2814 1051 dedi
2864 1013 3066 1051 omnem
3110 998 3368 1053 decimam
3418 997 3475 1052 in
3523 997 3606 1053 Is-

2031 1090 2144 1142 rael
2178 1088 2248 1143 “.
2287 1087 2419 1143 Jure
2451 1091 2828 1144 sacerdotibus
2859 1090 3132 1144 attributze
3168 1101 3294 1144 sunt
3328 1090 3604 1160 primitite.

2031 1181 2466 1250 quandoquidem
2520 1183 2694 1236 haeres
2740 1198 2844 1235 non
2893 1183 2954 1235 tit
2990 1182 3166 1237 tribus
3213 1181 3377 1248 Levi,
3431 1197 3605 1252 neque

2031 1281 2232 1325 sortem
2265 1272 2486 1340 accipit,
2523 1272 2665 1326 sicut
2697 1271 2939 1339 reliqua}.
2973 1271 3355 1342 Paupertatem
3406 1289 3604 1343 procu-

2030 1365 2186 1418 rabat
2227 1364 2604 1419 sacerdotibus
2657 1379 2780 1420 sors
2814 1381 2918 1434 qua
2973 1365 3137 1418 altari
3178 1365 3377 1420 addicti
3423 1377 3600 1420 erant.

2031 1459 2279 1514 Decimus
2312 1457 2479 1514 dabat
2529 1459 2760 1530 populus
2808 1458 3033 1524 Levitis,
3084 1467 3139 1512 et
3171 1456 3377 1513 Levitae
3420 1473 3605 1514 sacer-

2030 1552 2266 1607 dotibus.

2105 1641 2360 1713 Nunquid
2396 1659 2460 1698 επ
2498 1651 2647 1712 petra
2672 1643 2769 1696 hac
2805 1644 3082 1698 educemus
3111 1645 3254 1698 vobis
3294 1661 3485 1714 aquam
3515 1642 3607 1700 ιιι

2034 1734 2168 1790 Cum
2198 1735 2411 1804 Moyses
2436 1751 2542 1789 non
2577 1734 2940 1804 gloriﬁcasset
2974 1735 3140 1789 Deum
3172 1751 3353 1790 coram
3383 1736 3600 1805 populo,

2036 1842 2139 1880 non
2167 1827 2491 1894 permissum
2522 1835 2607 1880 est
2638 1835 2697 1880 ut
2735 1827 2871 1879 ultra
2901 1827 3321 1897 progrederetur
3350 1844 3471 1882 cum
3515 1845 3600 1884 eo.
3638 1834 3640 1836 ’

2032 1914 2112 1970 Ne
2141 1915 2283 1970 enim
2315 1931 2476 1986 quem
2507 1917 2688 1969 vivum
2723 1915 2976 1970 colebant
3007 1955 3022 1979 ,
3069 1913 3364 1970 b0noribus
3407 1916 3605 1969 divinis

2035 2016 2311 2061 mortuum
2357 2004 2676 2069 adicerent,
2735 2004 2804 2058 ab
2849 2004 3024 2059 oculis
3068 2005 3315 2058 omnium
3373 2006 3605 2060 removit

2033 2098 2343 2168 sepulcrum
2368 2097 2507 2166 ejus.

2109 2187 2268 2243 Nunc
2296 2190 2526 2258 ablinget
2554 2204 2823 2258 synagoga
2848 2186 2959 2240 Ita’c
2987 2203 3165 2241 omnes
3189 2189 3275 2258 qui
3297 2188 3352 2241 in
3382 2188 3606 2242 circuitu

2036 2289 2213 2334 nostra
2239 2279 2308 2334 ".
2362 2279 2475 2334 lloc
2524 2277 2772 2348 exemplo
2811 2278 3038 2358 .utitur:
3075 2278 3218 2331 sicut
3269 2277 3470 2332 vitulus
3511 2293 3606 2332 ore

2036 2374 2262 2442 ablingit
2289 2371 2559 2435 virentia,
2589 2371 2669 2425 sic
2693 2378 2748 2424 et
2787 2377 3007 2424 sanctus
3048 2367 3277 2437 populus
3309 2368 3465 2422 labiis
3504 2382 3604 2436 pu-

2035 2480 2228 2535 gnans,
2254 2464 2308 2518 in
2332 2479 2425 2517 ore
2453 2463 2618 2518 habet
2653 2476 2804 2515 arma
2842 2475 2938 2529 per
2968 2475 3177 2530 preces.
3209 2459 3265 2514 Id
3296 2475 3419 2515 cum
3442 2459 3608 2514 sciret

2036 2557 2200 2610 Balac
2232 2555 2284 2609 in
2317 2554 2595 2625 prioribus
2628 2551 2786 2607 bellis
2821 2551 3110 2604 manifeste
3144 2552 3465 2621 contigisse,
3493 2550 3606 2604 vult

2035 2661 2092 2704 et
2127 2649 2239 2718 ipse
2269 2647 2533 2701 labiorum
2582 2643 2750 2699 armis
2797 2657 3063 2712 pugnare,
3115 2655 3170 2695 et
3200 2652 3354 2696 vocat
3385 2640 3607 2696 Balaam

2036 2745 2126 2814 qui
2174 2742 2461 2798 contrariae
2503 2739 2722 2793 virtutis
2759 2753 2910 2791 arma
2936 2738 3100 2791 habet
3128 2737 3179 2790 in
3203 2736 3382 2801 labiis,
3415 2752 3608 2807 nempe

2038 2836 2468 2892 maledictiones.
2497 2831 2684 2887 Sancti
2722 2830 2866 2885 enim
2905 2829 3278 2900 angelijustos
3307 2832 3372 2883 ad
3405 2829 3610 2885 saluta-

2041 2928 2119 2982 ria
2148 2937 2204 2982 et
2230 2927 2368 2982 bona
2398 2941 2562 2997 opera
2586 2965 2600 2986 ,
2651 2925 2779 2979 mali
2822 2933 3001 2978 autem
3041 2921 3314 2976 dir-mones
3352 2920 3608 2990 adjuvant

356 3015 427 3068 Οί
457 3015 568 3085 γὰρ
599 3015 742 3082 ἆγιοι
774 3014 990 3083 ἄγγελοι
1020 3015 1425 3086 συμπράττουσι
1455 3017 1567 3078 τοῖς
1594 3014 1821 3079 δικαίοις
1855 3017 1934 3080 είς

2044 3019 2239 3089 impios
2274 3026 2588 3088 peccatores
2633 3016 2881 3070 homines
2912 3017 2978 3068 ad
3013 3013 3150 3067 mala
3179 3027 3340 3081 opera
3376 3027 3498 3082 quae
3521 3027 3610 3067 sa-

359 3108 434 3162 τά
459 3108 722 3179 σωτήρια,
777 3108 869 3160 καὶ
901 3106 1080 3176 ἀγαθά
1131 3106 1286 3178 ἔργα,
1323 3109 1415 3160 καὶ
1439 3109 1510 3160 ηοί
1561 3109 1787 3180 πονηροὶ
1818 3109 1934 3164 δαί-

366 3219 526 3273 μονες
567 3205 679 3263 τοῖς
727 3200 976 3254 ἀσεϐέσιν
1023 3199 1366 3270 ἁμαρτωλοῖς
1393 3199 1701 3272 ἀνθρώποις
1743 3203 1824 3266 είς
1868 3203 1938 3257 τὰ

365 3293 582 3366 πονηρά
636 3294 730 3346 καὶ
780 3292 1016 3364 βλαϐερὰ
1055 3293 1157 3363 τῆς
1185 3293 1457 3364 σωτηρίας
1496 3293 1604 3347 τῶν
1637 3293 1937 3367 ἀνθρώπων

365 3387 522 3459 ἔργα.
559 3389 621 3440 Οἱ
653 3387 750 3458 μὲν
779 3386 887 3458 γὰρ
915 3386 1059 3454 ἅγιοι
1093 3386 1472 3457 στρατεύονται
1513 3387 1691 3456 λόγοις
1726 3388 1900 3459 εὐχῶν
1920 3428 1935 3453 ,

365 3480 417 3530 0i.
443 3479 502 3531 δέ
535 3477 750 3539 ἀσεϐεῖς
775 3478 864 3530 καὶ
892 3476 1203 3548 ἁμαρτωλοὶ
1229 3477 1405 3546 λόγοις
1447 3477 1703 3549 μαγειῶν.

447 3568 556 3622 Τοῦ
587 3566 792 3622 αὐτοῦ.
821 3569 929 3620 Καὶ⁸
956 3570 989 3638 ἡ
1032 3569 1152 3622 κατ’
1192 3567 1439 3640 αἴσθησιν
1467 3569 1574 3622 τῶν
1599 3567 1939 3641 πραγμάτων

370 3661 577 3733 ἱστορία
610 3661 849 3732 μεγάλης
879 3660 1147 3730 ὠφελείας
1197 3661 1568 3734 πεπλήρωται.
1625 3663 1719 3715 Ἐκ
1755 3663 1811 3716 δὲ
1840 3664 1940 3734 τῆς

372 3753 738 3825 προκειμένης
792 3752 1032 3823 ἱστορίας
1088 3751 1424 3823 μανθάνομεν
1471 3752 1667 3820 πολλὰ,
1723 3755 1816 3808 καὶ
1857 3756 1941 3810 ὅτι

369 3845 486 3899 ἐστι
540 3843 928 3916 στρατεύεσθαι
969 3843 1184 3912 λόγοις,
1231 3844 1326 3897 καὶ
1377 3844 1586 3914 μεγάλα
1642 3846 1939 3917 πράγματα

369 3941 797 4013 οἰκονομεῖσθαι,
849 3941 942 3995 καὶ
977 3939 1368 4012 κατορθοῦσθαι
1398 3939 1486 3994 διὰ
1514 3941 1718 4010 λόγων-
1765 3944 1858 3996 καὶ
1892 3946 1940 3997 oi

376 4038 472 4108 μὲν
500 4037 644 4105 ἆγιοι
678 4034 1060 4104 στρατεύονται
1099 4033 1276 4103 λόγοις
1305 4029 1507 4104 εὐχῶν⁹
1539 4036 1588 4088 oi
1627 4035 1683 4088 δὲ
1725 4037 1941 4100 ἀσεϐεῖς

373 4130 550 4200 λόγοις
582 4128 843 4200 μαγειῶν.

446 4223 555 4278 Τοῦ
607 4219 810 4277 αὐτοῦ.
857 4220 922 4272 Ἡ
961 4218 1178 4274 ἐναντία
1223 4217 1450 4290 δύναμις
1498 4217 1750 4272 οὐδέποτε
1799 4219 1942 4270 ποιεῖ

374 4317 529 4388 ἔργον
568 4315 750 4379 καλὸν,
785 4313 919 4367 ἀλλά
958 4313 1134 4366 πάντα
1157 4311 1404 4383 χείριστα
1421 4311 1650 4381 ἐνεργεῖ·
1681 4310 1773 4364 καὶ
1805 4309 1940 4381 ὅπερ

373 4412 657 4482 ἐνεργήσει
697 4407 886 4471 κακὸν,
926 4407 987 4459 οὐ
1023 4405 1241 4459 δύναται
1270 4402 1718 4472 ἀποκαταστῆσαι
1761 4402 1841 4465 εἰς

377 4503 605 4571 βέλτιον,
655 4501 716 4554 οὐ
764 4499 872 4571 γὰρ
918 4496 1032 4567 ἔχει
1071 4493 1225 4560 τάξιν
1278 4492 1372 4546 τοῦ
1411 4489 1737 4562 κρείττονος.
1771 4492 1850 4562 Τῇ
1883 4491 1942 4544 δὲ

376 4592 642 4665 κρείττονι
667 4591 888 4660 δυνάμει
939 4587 1114 4640 πάντα
1146 4583 1364 4639 δυνατά.
1413 4583 1472 4634 'U
1492 4581 1601 4652 γὰρ
1628 4581 1760 4640 Θεὸς
1786 4579 1941 4651 ἡμῶν

376 4684 560 4753 ἀλγεῖν
593 4684 754 4747 ποιεῖ,
785 4680 878 4734 καὶ
906 4679 1066 4732 πάλιν
1093 4675 1541 4746 ἀποκαθίστησιν,
1569 4672 1857 4745 ἐνεργῆσαι
1885 4671 1944 4725 δὲ

378 4778 542 4831 κακὸν
574 4776 675 4829 οὐκ
704 4773 846 4844 ἔχει’
892 4771 952 4824 οὐ
996 4770 1104 4842 γὰρ
1155 4768 1276 4823 καθ’
1309 4767 1422 4835 ἕξιν
1455 4765 1613 4840 μόνον
1633 4805 1647 4830 ,
1677 4763 1812 4818 ἀλλά
1848 4763 1943 4817 καὶ

381 4873 495 4925 κατ’
525 4868 710 4923 οὐσίαν
738 4864 940 4935 ἀγαθός
967 4865 1132 4916 ἐστιν.

451 4961 563 5018 Τοῦ
592 4958 797 5014 αὐτοῦ.
843 4958 928 5010 Ἐν
972 4957 1085 5018 τοῖς
1129 4952 1483 5024 ἀνθρωπίνοις
1524 4950 1639 5004 ἐστί
1686 4965 1809 5001 τινα
1849 4948 1942 5000 καὶ

383 5055 606 5125 μαντεῖα
651 5046 1029 5118 τετελεσμένα,
1093 5045 1186 5098 καὶ
1219 5042 1428 5106 θυσίαι,
1490 5041 1583 5095 καί
1631 5057 1752 5093 τινα
1793 5038 1943 5110 δῶρα

382 5145 797 5219 προσφερόμενα
823 5143 935 5204 τοῖς
962 5139 1208 5210 δαίμοσιν
1225 5154 1237 5167 °
1267 5136 1406 5190 ὥστε
1431 5134 1519 5187 διὰ
1535 5133 1739 5186 τούτων
1771 5147 1940 5202 προσ-

382 5239 694 5312 φερομένων
754 5235 1110 5309 μαντεύεσθαι
1172 5234 1295 5294 τοὺς
1353 5228 1726 5300 βουλομένους.
1792 5226 1944 5279 Μαν-

382 5336 500 5386 τεῖα
553 5330 611 5385 δέ
662 5331 810 5382 ἐστιν
861 5327 1092 5381 ἕκαστον
1145 5324 1398 5394 πρᾶγμα.
1449 5319 1523 5370 Οὐ
1585 5315 1695 5386 γὶιρ
1743 5312 1946 5386 ἀληθὴς

384 5422 708 5495 πρόρρησις.

452 5517 560 5572 Kal
581 5512 773 5588 ἦλθεν
792 5514 824 5566 ό
847 5511 1058 5579 Κύριος
1089 5506 1237 5576 πρὸς
1259 5502 1462 5558 αὐτόν.
1503 5498 1658 5554 Κατά
1693 5496 1946 5569 ἀλήθειαν

453 5643 498 5675 ⁸⁸
526 5641 715 5766 ligatur.
748 5653 900 5706 xvtn,
940 5638 995 5692 5.
1069 5635 1114 5668 ⁵⁸
1145 5631 1308 5689 Nunt.
1339 5645 1450 5696 XVI,
1481 5627 1569 5684 57.

453 5727 526 5766 Διι.
591 5753 603 5766 .

387 5727 526 5778 ml,
550 5727 603 5766 δ.

2041 3111 2139 3164 1ιηί
2195 3110 2478 3165 hominum
2549 3107 2810 3164 alliciunt.
2875 3104 3066 3160 Sancti
3121 3103 3319 3172 quippe
3365 3111 3610 3172 pugnant

2041 3202 2221 3258 verbis
2245 3215 2490 3272 precum,
2516 3199 2664 3269 impii
2690 3211 2821 3253 vero
2847 3202 2902 3252 et
2928 3204 3244 3265 peccatores
3277 3193 3454 3249 verbis
3490 3207 3608 3246 ma-

2039 3306 2195 3360 grais.

2119 3557 2394 3628 Ejusdem.
2440 3554 2620 3609 Etiam
2668 3551 2963 3609 secundum
3023 3548 3321 3604 litteralem
3384 3560 3608 3602 sensum

2041 3651 2158 3707 haec
2192 3649 2424 3705 historia
2473 3661 2698 3716 magnas
2753 3644 2920 3700 habet
2973 3641 3258 3698 utilitates.
3303 3639 3434 3695 lnde
3464 3641 3611 3695 enim

2043 3744 2304 3800 discimus
2337 3740 2540 3802 multa;
2576 3737 2803 3809 pugnari
2839 3750 2999 3806 posse
3031 3735 3232 3800 verbis,
3271 3747 3614 3804 magnasvres

2041 3834 2243 3903 suscipi
2274 3841 2330 3888 et
2362 3833 2430 3886 ad
2467 3830 2681 3885 felicem
2723 3827 2928 3882 exitum
2962 3824 3185 3896 perduci
3233 3824 3440 3888 verbis,
3481 3823 3610 3878 item

2042 3935 2266 3982 sanctos
2292 3936 2536 3994 pugnare
2558 3919 2742 3976 verbis
2766 3933 3010 3990 precum,
3041 3916 3238 3984 impios
3270 3923 3457 3971 autem
3491 3928 3613 3970 ver-

2042 4019 2127 4075 bis
2158 4016 2402 4088 magicis.

2112 4162 2398 4266 Ejusdem.
2427 4191 2714 4248 Contraria
2740 4193 2913 4247 virtus
2937 4204 3212 4260 nunquam
3246 4205 3382 4262 opus
3408 4188 3611 4246 bonum

2042 4288 2196 4353 facit,
2253 4285 2345 4341 sed
2391 4285 2574 4339 omnia
2610 4285 2867 4353 pessima,
2921 4292 2973 4337 et
3021 4282 3386 4351 quodcunque
3422 4281 3616 4337 fecerit

1877 4373 1939 4453 τὸ
1969 4399 2016 4458 ι)
2043 4380 2242 4435 malum
2265 4417 2282 4442 ,
2329 4377 2516 4444 nequit
2553 4377 2619 4430 ad
2675 4375 2868 4429 melius
2914 4387 3208 4438 revocare,
3248 4388 3431 4442 neque
3466 4373 3611 4428 enim

2046 4472 2285 4527 melioris
2312 4470 2559 4524 ordinem
2583 4468 2766 4521 habet.
2792 4467 2862 4520 At
2883 4463 3247 4536 prazstantiori
3277 4464 3467 4519 virtuti
3497 4478 3618 4518 om-

2044 4565 2134 4619 nia
2176 4559 2454 4632 possibilia
2501 4569 2649 4614 sunt.
2682 4555 2817 4610 Nam
2851 4557 2991 4611 Deus
3030 4564 3216 4611 noster
3263 4554 3449 4610 dolere
3481 4554 3617 4610 facit

2043 4670 2098 4714 et
2143 4671 2334 4712 rursus
2380 4652 2648 4717 restttuit;
2697 4651 2881 4704 facere
2921 4658 3104 4704 autem
3145 4646 3346 4701 malum
3384 4647 3612 4718 nequit;

2045 4764 2220 4820 neque
2251 4747 2395 4802 enim
2431 4744 2602 4800 solum
2650 4741 2834 4796 habitu
2863 4779 2878 4805 ,
2913 4742 3006 4795 sed
3057 4749 3113 4794 et
3157 4738 3457 4796 substantia
3499 4740 3614 4810 ipsa

2049 4843 2221 4897 bonus
2251 4849 2351 4894 est.

2118 4934 2281 5004 272
2315 4929 2590 5000 Ejusdem.
2620 4924 2675 4980 lu
2706 4925 2957 4981 humanis
3003 4922 3246 4990 quaedam
3279 4923 3442 4978 etiam
3477 4922 3617 4978 vati-

2049 5027 2191 5082 cinia
2224 5025 2462 5079 eduntur
2496 5030 2550 5075 et
2580 5019 2823 5089 quaedam
2878 5013 3149 5071 sacriﬁcia
3195 5014 3264 5068 ad
3308 5015 3450 5069 dona
3479 5013 3616 5069 olle-

2048 5126 2240 5174 runtur
2269 5113 2570 5179 dmmoniis,
2601 5111 2674 5165 ita
2705 5117 2765 5163 ut
2799 5109 2886 5163 his
2912 5106 3278 5162 oblationibus
3306 5106 3614 5161 vaticinen-

2050 5220 2136 5265 tur
2165 5208 2255 5279 qui
2288 5205 2580 5262 voluerint.
2612 5201 2936 5256 Vaticinium
2963 5211 3047 5255 est
3075 5215 3163 5255 res
3189 5199 3470 5271 qualibet.
3499 5199 3614 5257 Ne-

2047 5317 2151 5370 que
2178 5299 2320 5354 enim
2349 5311 2478 5352 vera
2501 5302 2584 5350 est
2608 5292 2906 5363 praedictio.

2130 5495 2195 5549 Et
2223 5497 2361 5550 venit
2395 5480 2652 5548 Dominus
2693 5495 2760 5544 ad
2805 5505 2922 5544 eum
2956 5488 3024 5543 “.
3060 5487 3368 5547 Secundum
3415 5491 3621 5547 verita-

1663 5625 1706 5659 “
1731 5624 1913 5692 Νυιιι.,

2039 5621 2213 5688 ιι,21.
2290 5622 2335 5654 ’⁸⁸
2363 5619 2520 5677 Num.
2547 5634 2638 5688 xx,
2677 5617 2762 5673 lO.
2839 5616 2884 5648 ⁵³
2913 5613 3072 5672 Num.
3097 5628 3232 5680 χιιι,
3263 5610 3317 5666 4.
3394 5604 3619 5662 “Num.
3662 5650 3664 5652 ,
