4074 6156
414 172 521 230 579
1283 218 1289 224 .
1444 184 1451 189 ’
1872 178 2023 236 ORIG

2127 181 2193 234 ’lS
3596 180 3736 243 53⁸]

417 312 523 355 tem
563 298 822 353 leaamo
852 299 1042 354 aderat
1078 297 1262 352 divina
1303 298 1476 355 virtus
1503 315 1666 370 quam
1703 315 1807 354 non
1836 301 1988 355 invo-
2018 349 2026 363 ι

2119 304 2214 358 πεία
2249 303 2479 376 δύναμις
2518 304 2848 376 παρεγένετο
2893 301 3030 374 πρὸς
3070 303 3299 374 Βαλαὰμ
3330 303 3390 358 οὐ
3416 304 3728 377 κληθεῖσα

413 403 587 451 carat.
634 395 839 447 Aderat
873 402 1056 446 autem
1097 401 1157 445 nt
1206 391 1485 446 invocatos
1518 410 1549 447 a
1581 392 1838 448 Balaamo
1884 396 1992 448 da:-

2121 394 2191 445 ιπ’
2217 394 2397 447 αὑτοῦ.
2433 392 2771 463 Παρεγένετο
2793 386 2904 454 οὖν,
2939 391 3027 444 ἵνα
3052 392 3500 463 ἀποτροπιασμὸν
3531 391 3730 462 ποιή-

414 500 604 541 mones
646 493 958 549 averteret,
1010 492 1066 537 et
1107 485 1319 542 divinas
1368 485 1755 555 praedictiones
1795 501 1993 555 procu-

2117 502 2165 558 m
2191 484 2298 538 τῶν
2324 483 2674 555 καλουμένων
2718 481 2824 535 ὑπὸ
2852 479 2947 535 τοῦ
2980 480 3209 552 Βαλαὰμ
3234 479 3555 552 δαιμόνων,
3600 481 3726 534 καὶ

417 588 588 632 raret.
1423 594 1427 599 ·
2092 575 2192 639 τὰς
2223 574 2372 639 θείας
2405 576 2738 648 προρρήσεις
2767 575 3116 646 οἰκονομήσῃ,

481 664 549 720 Ει
586 667 878 721 insurrexit
919 667 1139 737 angelus
1184 668 1280 724 Dei
1317 670 1533 740 differre
1574 687 1693 724 eum
1730 672 1784 724 in
1815 672 1898 725 via
1920 670 1987 726 ".

2165 666 2274 720 Καὶ
2304 666 2528 733 ἀνέστη
2556 670 2589 720 ό
2620 666 2876 734 ἅγγελος
2915 665 3023 718 τοῦ
3056 664 3205 719 Θεοῦ
3254 665 3732 721 ἐτι-διαϐάλλειν

410 760 650 828 Angelus
681 759 773 827 qui
825 760 878 813 in
930 761 1015 814 via
1068 760 1248 816 diﬂ‘ert
1290 761 1627 822 Balaamum.
1673 779 1855 817 annon
1900 763 1989 819 hic

2110 755 2278 811 ιὺτὸν
2310 755 2410 810 ἐπὶ
2446 755 2557 824 τῆς
2619 755 2785 809 ὀδοῦ.
2859 754 2917 807 Ὅ
2956 753 3314 808 ἐνδιαϐάλλων
3353 755 3411 807 ἐν
3459 756 3523 825 τῇ

409 852 571 907 estde
586 866 692 920 quo
717 852 855 907 dixit
873 852 1013 907 Deus
1028 856 1096 908 ad
1117 853 1337 925 Moysen
1358 854 1505 926 quia,
1531 874 1550 906 ι
1580 855 1819 926 Angelus
1836 873 1989 915 meus

2106 848 2320 917 ἱγγελος
2349 848 2439 902 τὸν
2476 846 2728 917 Βαλαὰμ,
2772 841 2880 917 ἆρα
2910 846 2984 917 μὴ
3015 840 3167 909 οὗτός
3202 848 3319 899 ἐστι
3348 846 3477 917 περὶ
3504 836 3572 898 οὗ
3610 838 3715 896 εἷ·-

412 946 682 1013 praecedet
726 959 820 1000 vos
851 946 1162 1002 custodiens
1199 962 1291 1003 vos
1323 952 1376 1002 in
1420 947 1544 1002 via?
1573 969 1592 1000 ι

2104 957 2190 993 ιτεν
2219 941 2248 992 6
2266 940 2398 1004 Θεὸς
2423 939 2559 1012 πρὸς
2579 940 2671 993 τὸν
2702 938 2944 1008 Μωῦσῆν
2972 938 3053 991 ὅτι
3077 957 3096 990 ι
3125 938 3389 1007 Ἄγγελος
3419 953 3522 1008 μου
3540 953 3713 1008 προ-

2089 1033 2380 1105 πορεύεται
2429 1031 2736 1104 ἔμπροσθεν
2775 1030 2929 1103 ὑμῶν
2979 1030 3359 1101 διαφυλάσσων
3421 1031 3569 1100 ὑμᾶς
3631 1028 3711 1081 ἐν

2087 1125 2154 1194 τῇ
2178 1122 2324 1193 ὁδῷ;
2366 1141 2384 1173 ι

488 1208 632 1264 Vade
654 1209 815 1263 simul
831 1225 947 1262 cum
975 1207 1270 1262 hominibus
1294 1208 1411 1264 istis
1438 1208 1505 1263 ⁸⁸.
1543 1208 1655 1264 Non
1689 1226 1791 1279 per
1816 1211 1983 1267 Deum

2156 1213 2603 1284 Συμπορεύθητι
2628 1211 2911 1282 μετὰτῶν
2930 1210 3257 1280 ἀνθρώπων
3285 1213 3531 1268 τούτων.
3559 1214 3704 1265 Οὐκ

407 1302 606 1358 licebat
636 1302 894 1356 Balaamo
930 1302 997 1356 ad
1038 1301 1200 1357 Balac
1227 1302 1381 1358 abire
1416 1319 1429 1356 :
1465 1302 1562 1358 sed
1608 1304 1736 1373 quia
1766 1305 1988 1360 volebat

2093 1307 2352 1380 ἐπέτρεψε
2382 1306 2459 1378 τῷ
2491 1304 2716 1376 Βαλαὰμ
2745 1307 2774 1359 6
2806 1304 2939 1368 Θεὸς
2979 1304 3232 1358 ἀπελθεῖν
3263 1305 3406 1377 πρὸς
3445 1304 3535 1357 τὸν
3567 1305 3702 1357 Βα-

407 1397 578 1458 abire,
612 1395 762 1450 abire
810 1394 958 1460 sivit,
989 1408 1215 1446 monens
1247 1402 1305 1448 ut
1341 1409 1403 1448 ea
1439 1393 1553 1449 sola
1597 1410 1716 1464 qua:
1744 1398 1985 1452 revelata

2085 1399 2224 1454 λάκ⁸
2268 1398 2452 1470 ἐπειδὴ
2492 1398 2548 1451 δὲ
2600 1397 2853 1452 ἀπελθεῖν
2884 1396 3154 1463 ἐϐούλετο,
3188 1400 3480 1470 συγχωρεῖ.
3518 1399 3694 1468 Παρ-

407 1489 508 1557 ipsi
550 1488 771 1552 l'ncrint,
808 1487 1091 1556 loquatur,
1125 1487 1285 1556 idque
1313 1486 1602 1542 conﬁrmat
1632 1489 1856 1560 angelus
1892 1492 1984 1561 qui

2090 1492 2342 1562 αγγέλλει
2397 1490 2455 1544 δέ
2494 1490 2644 1562 αὐτῷ
2702 1490 2838 1562 μόνα
2866 1490 2937 1543 τὰ
2956 1489 3449 1562 ἀποκαλυπτόμενα
3472 1492 3690 1544 εἰπεῖν·

404 1581 656 1652 apparuit
690 1587 745 1635 et
793 1579 1011 1634 terruit.

2086 1585 2182 1639 καὶ
2205 1587 2233 1638 6
2262 1584 2491 1653 ἄγγελος
2521 1584 2580 1638 δέ
2612 1583 2800 1652 φανεὶς
2829 1583 2923 1636 καὶ
2948 1582 3190 1653 φοϐήσας
3223 1582 3381 1635 τοῦτο
3406 1582 3640 1653 βεϐαιοῖ.

471 1670 712 1739 ﬁdi/ica
760 1671 889 1724 mihi
942 1679 1136 1739 septem
1182 1687 1307 1725 aras
1349 1671 1415 1725 ‘7.
1473 1670 1614 1727 Sunt
1658 1687 1825 1744 opera
1860 1689 1983 1746 quae
2017 1664 2058 1719 Β

2162 1677 2570 1748 Οὶκοδόμησόν
2596 1694 2697 1747 μοι
2723 1676 2873 1731 ἑπτὰ
2888 1677 3151 1747 βωμούς.
3181 1677 3337 1729 Ἐστι
3368 1677 3425 1730 δέ
3455 1676 3550 1730 καὶ
3582 1676 3690 1730 διὰ

403 1767 568 1821 etiam
599 1778 694 1835 per
720 1762 869 1818 aliud
911 1777 1112 1832 corpus
1152 1760 1501 1827 eﬂiciuntur,
1560 1763 1677 1818 sive
1722 1763 1775 1818 in
1822 1765 1982 1820 bonis

2091 1770 2340 1842 σώματος
2366 1770 2556 1843 ἐτέρου
2592 1770 2731 1842 ἔργα
2769 1769 3053 1840 γινόμενα,
3095 1769 3190 1823 καὶ
3225 1770 3283 1823 ἐν
3332 1771 3443 1831 τοῖς
3482 1768 3688 1840 κρείτ-

403 1861 521 1915 sive
554 1859 607 1913 in
640 1856 823 1913 malis.
856 1854 1150 1924 Ejusmodi‘
1175 1867 1335 1910 erant
1385 1870 1505 1925 quae
1563 1854 1704 1911 facta
1760 1867 1886 1912 sunt
1926 1858 1979 1911 in

2087 1880 2202 1935 τοσι
2247 1863 2342 1916 καὶ
2391 1862 2449 1914 ἐν
2501 1864 2612 1925 τοῖς
2653 1860 2911 1933 χείροσιν.
2952 1854 3076 1914 Οἷον
3115 1860 3191 1923 ὡς
3220 1858 3288 1912 τά
3314 1857 3574 1929 γινόμενα
3612 1860 3687 1911 ἐν

404 1953 639 2025 Egypto
683 1966 715 2005 a
759 1949 943 2022 Moyse
989 1959 1045 2005 et
1092 1950 1273 2004 Aaron
1308 1960 1364 2004 et
1390 1949 1839 2006 incantatoribus.
1874 1948 1981 2004 Sed

2086 1954 2347 2027 Αἰγύπτῳ
2381 1954 2486 2008 ὑπὸ
2508 1953 2717 2025 Μωῦσῆ
2749 1952 2844 2006 καὶ
2898 1950 3106 2023 Ἀαρὼν
3129 1950 3350 2005 καὶτῶν
3378 1948 3682 2005 ἐπαοιδῶν.

404 2048 451 2101 si
480 2061 600 2100 cum
627 2042 942 2099 adversaria
986 2050 1258 2110 potestate
1305 2051 1507 2111 pugnet
1543 2042 1726 2096 divina
1763 2043 1933 2096 virtus
1962 2082 1978 2107 ,

2100 2045 2253 2099 Ἀλλᾶ
2296 2044 2701 2118 συγκρινομένη
2738 2046 2771 2114 ἡ
2813 2043 2933 2097 θεία
2960 2043 3188 2114 δύναμις
3218 2042 3353 2114 πρὸς
3384 2040 3483 2112 τὴν
3522 2041 3681 2094 ἀντι-

405 2138 520 2208 ipsa
549 2136 740 2204 vincit,
764 2135 907 2191 sicut
951 2134 1103 2203 virga
1133 2132 1334 2204 Moysis
1357 2134 1542 2206 virgas
1573 2134 1978 2189 incantatorum

2087 2137 2349 2208 κειμένην
2393 2136 2535 2192 κατά
2577 2136 2867 2208 πρόσωπον
2888 2134 2995 2188 τῶν
3037 2133 3502 2206 άμφιϐαλλόντων,
3528 2131 3676 2203 αὕτη

403 2230 673 2301 deglutiit.

2089 2228 2120 2297 ἡ
2158 2226 2275 2280 θεία
2303 2227 2531 2298 δύναμις
2562 2228 2716 2297 νικᾷ·
2750 2225 2826 2289 ὡς
2872 2227 2905 2296 ή
2946 2224 3138 2296 ῥάϐδος
3180 2224 3392 2295 Μωῦσῆ
3431 2224 3530 2288 τὰς
3557 2222 3678 2278 τῶν

2008 2376 2009 2381 η
2089 2316 2356 2372 ἐπαοιδῶν
2393 2318 2619 2390 ῥάϐδους
2655 2317 2937 2372 κατέπιεν.

477 2411 748 2481 Ejusdem.
781 2408 1007 2465 Solebat
1055 2407 1274 2461 Balaam
1321 2407 1514 2463 iisdem
1564 2408 1851 2464 sacriﬁciis
1901 2409 1983 2463 in-

2166 2402 2274 2465 Τόῦ
2303 2412 2516 2467 αὑτοῦ.
2542 2411 2739 2466 Εἰώθει
2771 2414 2799 2465 ὁ
2823 2410 3053 2482 Βαλαὰμ
3076 2414 3197 2474 ταῖς
3234 2411 3426 2474 αὐταῖς
3455 2409 3671 2474 θυσίαις

402 2519 597 2561 vocare
640 2502 931 2559 daemonia.
985 2498 1265 2568 Ejusmodi
1314 2499 1466 2555 enim
1516 2500 1794 2556 sacriﬁcia
1844 2499 1981 2555 oﬂ‘e-

2089 2502 2407 2576 θεραπεύων
2449 2503 2874 2574 προσκαλεῖσθαι
2907 2504 3034 2567 τοὺς
3070 2503 3347 2573 δαίμονας.
3409 2502 3666 2556 Τοιαῦται

406 2600 664 2653 rebantur
689 2594 746 2650 in
776 2592 982 2650 mundo
1007 2591 1534 2649 daemoniistcirco
1556 2594 1697 2648 Deus
1730 2609 1759 2647 a
1789 2594 1977 2664 priore

2087 2595 2197 2667 γὰρ
2222 2598 2277 2650 αἱ
2305 2595 2483 2649 θυσίαι
2513 2594 2793 2650 ἐτελοῦντο
2836 2597 2894 2649 ἐν
2932 2596 3121 2666 κόσμῳ
3152 2596 3264 2655 τοῖς
3303 2593 3537 2664 δαίμοσι.
3570 2590 3672 2646 Διὰ

401 2689 600 2762 populo
653 2688 923 2744 sacriﬁcia
968 2687 1265 2757 exigebat,
1316 2694 1374 2740 ut
1403 2702 1467 2742 ea
1505 2686 1798 2742 oﬂ‘erentes
1828 2687 1936 2742 Deo
1962 2726 1979 2750 ,

2087 2690 2246 2744 τοῦτο
2271 2685 2362 2742 οὖν
2393 2691 2422 2743 6
2449 2688 2581 2752 Θεὸς
2619 2688 2832 2752 θυσίαις
2861 2689 3081 2741 ἀπαιτεῖ
3111 2687 3200 2740 τὸν
3237 2685 3448 2757 πρῶτον
3496 2683 3620 2738 λαὸν
3647 2723 3662 2745 ,

403 2792 689 2839 cessarent
733 2780 934 2837 oﬂ‘erre
976 2781 1281 2837 daemoniis.
1358 2779 1499 2848 Quin
1561 2791 1618 2836 et
1665 2780 1984 2852 plerumque

2089 2778 2175 2832 ἵνα
2229 2777 2317 2830 διὰ,
2364 2778 2426 2831 τὸ
2458 2778 2864 2850 προσφέρεσθαι
2906 2777 2983 2849 τῷ
3021 2775 3139 2846 Θεῷ
3167 2815 3183 2839 ,
3241 2774 3560 2846 καταργηθῇ
3604 2774 3667 2826 τὸ

402 2873 649 2945 symbola
683 2883 864 2929 erant.

2090 2869 2501 2942 προσφέρεσθαι
2532 2872 2645 2933 τοῖς
2673 2868 2944 2941 δαίμοσιν·
2975 2870 3022 2922 εἰ
3054 2867 3240 2924 καὶτὰ
3272 2865 3506 2938 μάλιστα
3531 2864 3676 2935 σύμ-

2090 2962 2221 3016 ϐολα
2262 2959 2425 3034 ἦσαν.

477 3051 749 3120 Ejusdem.
797 3051 973 3106 Homo
1001 3052 1183 3120 itaque
1225 3050 1400 3119 factus
1433 3051 1683 3106 Salvator
1714 3050 1861 3129 misit
1896 3050 1980 3104 di-
2008 3026 2049 3083 ο

2159 3053 2269 3109 Τοῦ
2286 3026 2500 3108 ἀὺτοῦ.
2536 3052 2992 3126 Ἐνανθρωπήσας
3013 3047 3104 3107 οῦν
3123 3054 3151 3106 6
3168 3052 3356 3125 Σωτὴρ
3378 3049 3662 3105 ἀπέστειλε

401 3143 642 3210 scipnlos
670 3158 799 3197 suos
840 3144 917 3196 uti
946 3143 1223 3198 solverent
1261 3145 1497 3207 asinam,
1536 3143 1640 3198 hoc
1665 3153 1770 3210 est,
1798 3159 1829 3198 e
1860 3144 1978 3196 vin-

2081 3147 2207 3209 τοὺς
2244 3145 2492 3218 μαθητὰς
2523 3145 2689 3198 αὑτοῦ
2720 3146 2803 3199 ἴνα
2834 3145 3038 3198 λύσωσι
3072 3145 3172 3216 τὴν
3205 3144 3354 3207 ὄνον,
3388 3143 3660 3197 τουτέστιν

403 3238 543 3292 culis
585 3238 784 3306 quibus
835 3251 956 3291 eam
1019 3237 1272 3307 alligarat
1327 3237 1640 3292 adversaria
1696 3246 1979 3307 potestas,

2080 3240 2146 3291 ἐκ
2177 3236 2284 3290 τῶν
2311 3235 2526 3308 δεσμῶν
2551 3231 2625 3292 ὧν
2656 3236 2842 3308 ἔδησεν
2882 3238 2916 3307 ή
2957 3235 3303 3307 ἀντικειμένη
3345 3234 3591 3304 δύναμις,
3633 3234 3661 3285 6

403 3330 670 3400 spiritalis
712 3328 955 3383 Balaam.
1009 3328 1074 3382 Et
1106 3329 1340 3384 solutam
1386 3329 1730 3383 adduxerunt
1772 3330 1839 3384 ad
1891 3327 1979 3383 Je-

2080 3329 2270 3401 νοητὸς
2297 3328 2556 3401 Βαλαάμ⁸
2589 3327 2686 3384 καὶ
2714 3328 2975 3391 λύσαντες
3013 3327 3218 3398 ἤγαγον
3259 3326 3394 3397 πρὸς
3433 3325 3523 3378 τὸν
3566 3323 3664 3394 ἰηι

403 3438 549 3489 sum,
581 3433 633 3477 et
673 3423 1051 3492 imposuerunt
1105 3423 1275 3478 asinae
1318 3422 1635 3476 vestimenta
1663 3460 1681 3487 ,
1720 3421 1821 3478 hoc
1858 3434 1978 3489 est,

2083 3422 2242 3486 σοῦν,
2271 3422 2366 3476 καὶ
2394 3421 2673 3485 ἐπιθέντες
2714 3424 2781 3492 τῇ
2810 3420 2915 3491 ὄνῳ
2951 3420 3018 3473 τὰ
3053 3419 3263 3490 ἱμάτια,
3292 3417 3537 3470 τουτέστι
3565 3416 3660 3477 τὰς

404 3517 633 3571 virtutes
662 3512 1056 3585 evangelicas’,
1101 3524 1157 3568 et
1193 3514 1494 3570 ascendens
1540 3514 1790 3571 Salvator
1817 3531 1981 3587 super

2082 3514 2285 3586 ἀρετὰς
2313 3514 2408 3567 τοῦ
2438 3513 2775 3584 Εὑαγγελίου
2797 3530 2812 3544 ο
2844 3515 2939 3568 καὶ
2979 3512 3303 3574 ἐπικαθίσας
3331 3512 3469 3583 αὐτῇ
3500 3511 3528 3562 6
3551 3510 3659 3562 Eu)-

402 3621 545 3669 eam,
575 3606 804 3660 intravit
832 3606 883 3659 in
912 3614 1155 3660 sanctam
1203 3604 1510 3659 civitatem.
2000 3614 2004 3618 '

1505 3644 1510 3658 .
2000 3614 2004 3618 '
2080 3606 2185 3679 τὴρ
2214 3604 2464 3676 εἰσῆλθεν
2490 3607 2572 3670 είς
2614 3606 2712 3676 τὴν
2750 3606 2910 3673 ἁγίαν
2940 3605 3114 3659 πόλιν.

474 3697 544 3752 Et
592 3699 871 3765 assumpsit
929 3698 1097 3752 Baiae
1141 3698 1311 3764 ipsum
1350 3695 1577 3750 Balaam
1631 3696 1687 3750 in
1736 3698 1977 3751 verticem

2150 3700 2261 3753 Καὶ
2291 3700 2589 3767 παρέλαϐε
2629 3700 2833 3754 Βαλὰκ
2861 3698 2967 3753 τὸν
3004 3697 3253 3767 Βαλαὰμ
3276 3696 3375 3750 ἐπὶ
3420 3695 3533 3765 τὴν
3561 3712 3658 3747 κο-

405 3790 622 3862 Pnogor
644 3792 711 3843 ⁸⁸.
737 3790 1100 3846 Existimabat
1145 3790 1307 3845 Balae
1346 3788 1586 3843 Balaami
1632 3799 1806 3844 artem
1848 3789 1980 3844 locis

2071 3790 2280 3860 ,ρυερὴν
2316 3791 2423 3845 τοῦ
2464 3791 2684 3861 (Partim.
2731 3789 3145 3860 ’Υπελάμϐανεν
3198 3791 3228 3844 6
3273 3789 3456 3843 Βαλὰκ
3495 3803 3662 3859 μεμε-

402 3883 677 3938 concludi.
714 3883 1056 3953 Quapropter
1082 3881 1382 3951 assumpsit
1424 3896 1546 3935 eum
1608 3880 1664 3934 in
1712 3882 1977 3936 verticem

2078 3884 2356 3955 τρημένην
2395 3884 2493 3955 τὴν
2539 3883 2734 3955 τέχνην
2771 3882 2866 3937 τοῦ
2910 3882 3140 3953 Βαλαὰμ
3189 3884 3247 3937 ἐν
3292 3885 3404 3946 τοῖς
3456 3882 3654 3945 τόποις.

403 3975 619 4045 Pltogor
643 4017 658 4042 ,
712 3985 913 4044 putans
943 3977 1087 4029 hunc
1120 3990 1340 4044 magum
1376 3974 1499 4028 imle
1536 3989 1695 4043 posse
1746 3974 1977 4033 maledi-

2080 3973 2171 4026 Διὸ
2194 3974 2613 4046 παρελάμϐανεν
2641 3974 2803 4029 αὑτὸν
2829 3975 2908 4038 εἰς
2929 3974 3027 4046 τὴν
3053 3974 3294 4046 κορυφὴν
3330 3973 3422 4027 τοῦ
3447 3972 3651 4045 Φογὼρ,

404 4084 530 4125 cere
566 4068 819 4138 populum
865 4066 980 4122 Dei.
1014 4067 1231 4137 Phogor
1265 4065 1378 4139 (46)
1428 4077 1608 4122 autem
1649 4067 1981 4139 interpreta-

2078 4066 2322 4136 οἰόμενος
2367 4064 2573 4136 ἰσχύειν
2616 4066 2708 4119 τὸν
2760 4065 2934 4136 μάγον
2971 4065 3179 4119 ἐκεῖθεν
3222 4065 3530 4136 ἀράσασθαι
3567 4063 3655 4117 τὸν

408 4175 494 4217 tur
526 4154 760 4214 amabiles
784 4199 799 4223 ,
838 4157 920 4212 vel
958 4158 1067 4210 oris
1089 4157 1262 4226 peliis,
1291 4158 1395 4211 hoc
1425 4165 1534 4221 est,
1569 4172 1811 4210 slnnntns
1849 4173 1978 4225 gra-

2078 4153 2206 4210 λαὸν
2258 4154 2351 4208 τοῦ
2400 4154 2535 4208 Θεοῦ
2566 4156 2658 4208 τὸν
2688 4156 2937 4226 Βαλαάμ.
2964 4153 3157 4226 Φογὼρ
3199 4154 3256 4209 δὲ
3302 4156 3655 4227 ἑρμηνεύεται

404 4255 507 4309 das
533 4251 842 4322 voluptatis,
877 4257 932 4302 et
964 4263 1114 4302 mors
1147 4248 1319 4302 verbi.
1352 4247 1514 4317 273
1558 4245 1712 4303 Unde
1756 4245 1977 4301 Balaam

2078 4246 2378 4316 ἡδυσμὸς,
2413 4247 2771 4318 ἢστόματος
2810 4246 3014 4316 δέρμα,
3050 4247 3327 4300 τουτέστιν
3349 4287 3364 4311 ,
3423 4248 3658 4320 ἀκρότης

403 4348 705 4402 conabatur
734 4341 1061 4400 maledicere
1094 4339 1350 4413 populum
1387 4339 1502 4394 Dei.
2007 4379 2012 4432 ὲ

2051 4339 2423 4420 μριληδονίας,
2480 4341 2574 4395 καὶ
2602 4341 2868 4412 νεκρότης
2915 4339 3096 4408 λόγου.
3148 4337 3239 4403 Ἐξ
3279 4331 3355 4393 ὧν
3404 4340 3660 4412 ἐπειρᾶτο

2085 4431 2394 4504 ἀράσασθαι
2432 4432 2522 4485 τὸν
2560 4431 2689 4485 λαὸν
2712 4431 2803 4485 τοῦ
2840 4430 2974 4484 Θεοῦ
3003 4433 3035 4484 6
3063 4430 3310 4501 Βαλαάμ.

480 4527 751 4597 Ejusdem.
789 4525 905 4580 Duo
929 4531 1054 4578 sunt
1084 4520 1321 4577 culmina
1358 4519 1596 4586 virtutis,
1636 4530 1692 4573 et
1729 4517 1975 4572 malitiae.

2160 4524 2272 4580 Τοῦ
2315 4524 2521 4579 αὐτοῦ.
2561 4524 2666 4577 Δύο
2693 4523 2799 4577 εἰσὶ
2826 4524 3080 4596 κορυφαὶ,
3122 4523 3398 4576 τουτέστιν
3425 4520 3655 4593 ἀκροτά-

402 4619 618 4690 Moyscs
648 4619 713 4673 ad
747 4616 985 4681 virtutis,
1018 4613 1242 4668 Balaam
1268 4625 1398 4667 vero
1425 4610 1491 4665 ad
1518 4610 1736 4666 malitia:
1762 4609 1977 4667 culmen

2083 4634 2183 4688 της
2212 4615 2558 4691 (46“)ἀρετῆι,
2591 4615 2815 4685 καὶτῆς
2842 4614 3058 4678 κακίας·
3093 4615 3188 4668 καὶ
3223 4617 3252 4667 6
3294 4615 3391 4685 μὲν
3424 4612 3657 4685 Μωῦσῆς

403 4711 670 4767 ascendit.
947 4740 955 4753 ο
2086 4709 2179 4762 ἐπὶ
2204 4709 2267 4762 τὸ
2299 4709 2466 4780 άκρον
2506 4709 2604 4780 τῆς
2648 4708 2852 4779 ἀρετῆς
2893 4706 3255 4779 ἀναϐέϐηκεν,
3290 4709 3318 4760 6
3349 4705 3405 4760 δέ
3432 4705 3660 4777 Βαλαὰμ.

2085 4800 2177 4853 ἐπὶ
2211 4800 2272 4853 τὸ
2292 4800 2459 4872 ἄκρον
2490 4801 2590 4871 τῆς
2623 4800 2841 4864 κακίας.

441 4889 735 4953 »Νοηίυίη
767 4890 920 4942 sicut
964 4898 1268 4942 consuetum
1323 4886 1371 4939 ei
1413 4894 1546 4952 erat,
1593 4886 1650 4938 in
1696 4900 1973 4940 occursum

2157 4892 2281 4945 Οὺκ
2316 4890 2606 4959 ἐπορεύθη
2641 4892 2791 4945 κατὰ
2816 4890 2880 4944 τὸ
2907 4888 3109 4955 εἰωθὸς
3133 4886 3292 4954 αὐτῷ
3316 4889 3403 4954 εὶς
3436 4885 3659 4941 συνάν-

403 4981 653 5047 auspiciis
696 4979 765 5035 ¹⁸⁹.
825 4979 922 5033 Hic
979 4977 1197 5031 Balaam
1258 4976 1564 5048 symbolum
1620 4985 1744 5031 erat
1792 4977 1974 5046 populi

2083 5001 2262 5054 τησιν
2289 4983 2412 5049 τοῖς
2434 4982 2683 5049 οἰωνοῖς.
2719 4982 2788 5035 Σύ
2798 4982 2992 5053 μϐολόν
3021 4984 3167 5035 ἐστιν
3200 4983 3228 5034 6
3256 4978 3482 5050 Βαλαὰμ
3509 4971 3659 5041 οὗτος

406 5072 625 5141 gentilis
657 5073 747 5140 qui
796 5071 1126 5141 sequebatur
1179 5069 1333 5138 prius
1378 5068 1644 5136 auspicia,
1684 5079 1741 5122 at
1786 5069 1975 5123 videns

2080 5074 2174 5129 τοῦ
2209 5076 2273 5128 ὲκ
2305 5074 2413 5128 τῶν
2440 5072 2612 5129 ἐθνῶν
2637 5072 2766 5127 λαοῦ
2803 5074 2949 5136 ὅστις
2992 5070 3348 5144 ἐπηκολούθει
3391 5073 3503 5133 τοῖς
3538 5072 3660 5121 οἰωο·

405 5166 691 5221 Dominum
733 5166 817 5220 bis
846 5180 951 5218 non
988 5163 1219 5233 expleri,
1263 5161 1519 5218 cessavit.
1542 5162 1681 5228 Quin
1716 5175 1773 5216 et
1810 5165 1979 5217 inter-

2082 5170 2191 5231 νοῖς
2223 5168 2284 5222 τὸ
2315 5167 2594 5240 πρότερον,
2619 5167 2780 5235 γνοὺς
2807 5166 2865 5219 δὲ
2895 5167 2975 5219 ὅτι
2999 5164 3290 5237 ἀκόρεστον
3311 5165 3429 5216 ἐστι
3451 5160 3657 5233 Κυρίῳ,

406 5267 654 5329 pretatur
696 5274 865 5311 vanus
913 5255 1162 5326 papulas,
1204 5255 1348 5310 (ilius
1386 5265 1566 5310 autem
1629 5254 1767 5310 Beor
1806 5255 1976 5311 inter-

2084 5262 2145 5312 οὐ
2189 5259 2504 5331 προσέθετο·
2544 5258 2681 5313 ἀλλά
2723 5259 2828 5331 μὴν
2874 5261 2967 5313 καὶ
3017 5254 3378 5330 ἑρμηνεύεται
3412 5254 3662 5325 μάταιος

492 5401 540 5435 ⁸³
577 5401 738 5458 Num.
768 5417 907 5469 xx",
933 5401 1025 5457 Ἡ.
1100 5400 1146 5433 ⁸⁸
1169 5400 1301 5457 ibid.
1324 5399 1415 5456 55.
1491 5398 1535 5433 ""
1557 5399 1715 5456 Num.
1751 5417 1911 5467 xxm,
1939 5401 1992 5457 1.

1491 5398 1535 5433 ⁸⁷
1557 5399 1715 5456 Num.
1751 5417 1911 5467 xxnl,
1939 5401 1992 5457 1.
2103 5402 2150 5436 ⁸⁸
2184 5403 2312 5458 ibid.
2341 5403 2433 5458 28.
2526 5402 2578 5438 λ’
2606 5402 2764 5459 Num.
2793 5418 2942 5467 xxiv,
2975 5403 3024 5457 L

444 5610 449 5615 λ
483 5538 849 5615 μωμΡΙιοεοιν,
882 5544 1147 5601 Hebraice
1187 5550 1330 5608 1y}:
1374 5538 1526 5594 reddi
1556 5551 1735 5610 potest
1767 5561 1786 5594 ι
1819 5542 1971 5614 pellis

2092 5614 2099 5615 ί
2151 5542 2288 5615 (46⁸)
2320 5541 2484 5615 Forte
2503 5541 2824 5615 legendum:
2851 5540 3076 5615 Δύοείσι
3096 5538 3355 5613 κορυφαὶ,
3383 5534 3660 5595 τουτέστιν

318 5666 319 5671 η
409 5611 522 5670 oris
549 5611 580 5668 ι’
604 5629 666 5669 cx
694 5611 798 5681 ’πίω
824 5634 841 5668 ι
875 5616 1054 5686 pellis,
1077 5615 1220 5672 cutis
1250 5635 1268 5668 ι
1310 5624 1364 5671 et
1385 5619 1464 5677 na
1495 5629 1514 5664 ι
1547 5616 1765 5678 os,oris.
1788 5611 1831 5668 ι’

1386 5619 1464 5677 n5
1495 5629 1514 5664 ι
1547 5616 1765 5678 os,0ris.
1788 5611 1831 5668 ι’
2078 5611 2397 5687 ἀκρότητες,
2423 5612 2626 5685 ἀρετῆς
2658 5613 2751 5668 καὶ
2772 5611 2995 5676 κακίας.
