4074 6156
302 197 406 254 581

1530 192 1839 251 SELECTA
1873 190 1940 248 IN
1978 190 2335 250 NUMEROS.

3471 196 3583 253 582

296 316 484 383 λαὸς,
531 315 653 381 υἰδς
684 313 741 369 δὲ
784 313 938 387 Βεὼρ
992 312 1351 385 ἑρμηνεύεται
1395 311 1766 383 δερμάτινος.
1824 310 1898 365 Τὸ

2003 318 2251 380 pretatur
2279 309 2548 380 pelliceus.
2579 308 2762 366 Vanus
2796 318 2916 366 erat
2957 310 3110 383 juxta
3155 311 3389 382 priorem
3421 331 3559 386 gen-
3588 362 3589 365 η

305 408 411 481 μὲν
456 410 689 481 μάταιος
716 404 786 481 ἦν
814 407 956 462 κατὰ
983 406 1046 460 τδ
1074 407 1336 480 πρότερον
1371 406 1481 460 τῶν
1519 406 1710 470 ἐθνῶν,
1749 407 1903 478 Βεὼρ

298 501 358 555 δὲ
385 502 487 555 τοῦ
509 502 570 555 ὲν
603 500 928 574 ματαιότητι
957 500 1052 553 καὶ
1084 501 1142 553 ὲν
1173 500 1459 572 νεκρότητι
1498 498 1639 554 κατὰ
1673 499 1734 552 τὸ
1765 498 1902 570 πρό-

297 607 469 663 τερον
491 589 758 661 δηλονότι.

376 684 726 751 Ἀνθρωπος
758 685 792 737 ὁ
822 680 1119 750 ἀληθινῶς
1145 680 1319 750 ὀρῶν.
1365 681 1506 751 Ἐγὼ
1548 685 1576 737 6
1617 683 1745 737 ποτὲ
1791 683 1901 737 Βα-

299 775 491 847 λαὰμ,
541 777 572 829 6
614 775 745 839 λαὸς
787 777 817 829 6
864 775 1120 847 μάταιος,
1173 775 1442 841 διανοίξας
1485 778 1610 841 τοὺς
1649 777 1760 831 ἔσω
1798 794 1900 848 μου

300 865 627 938 ὀφθαλμοὺς
653 865 748 921 τοῦ
776 866 915 931 νοὸς,
958 868 1053 920 καὶ
1084 865 1205 920 ἰδὼν
1241 866 1331 920 τὸν
1373 869 1740 939 πνευματικόν
1768 886 1901 922 ποτε

314 959 564 1031 Ἰσραὴλ,
623 960 718 1014 καί
767 958 865 1031 τὴν
907 960 1028 1014 κατ’
1073 960 1237 1013 αὐτὸν
1275 961 1609 1032 οἰκονομίαν,
1663 963 1761 1034 τῆς
1802 961 1899 1017 τοῦ

304 1051 471 1120 ἁγίου
515 1050 833 1123 Πνεύματος
874 1049 1149 1123 ἀξιοῦμαι.
1207 1052 1318 1124 Οὐχ
1366 1053 1597 1125 ἁρμόζει
1637 1053 1717 1124 τῷ
1763 1056 1899 1109 ποτὲ

304 1140 549 1214 Βαλαὰμ
604 1144 703 1207 τὸ,
770 1161 790 1193 ι
858 1142 1026 1213 Φησὶν
1089 1144 1119 1196 6
1190 1143 1475 1216 ἄνθρωπος
1538 1148 1568 1200 6
1632 1147 1900 1219 ἀληθινῶς

306 1234 490 1306 ὁρῶν,
531 1253 553 1286 ι
591 1235 686 1288 καὶ
731 1233 802 1288 τά
827 1234 974 1305 ἑξῆς,
1002 1235 1114 1289 ἁλλ’
1136 1235 1366 1308 ἁρμόζει
1409 1237 1488 1309 τῷ
1513 1237 1610 1292 νῦν
1645 1240 1895 1313 Βαλαάμ.

396 1327 497 1393 Ὠς
521 1328 697 1382 καλοί
725 1330 779 1381 οὶ
800 1325 953 1382 οἶκοί
976 1344 1114 1393 σου,
1154 1329 1368 1398 Ἰακὼϐ,
1403 1334 1462 1384 αἱ
1496 1333 1720 1400 σκηναί
1757 1349 1895 1396 σου,

319 1418 589 1488 Ἰσραήλ.
640 1419 713 1472 Τὸ
752 1418 919 1491 ὄνομα
960 1418 1054 1472 τοῦ
1095 1419 1309 1486 Ἰακὼϐ,
1348 1422 1407 1475 ού
1439 1424 1530 1478 τοῦ
1566 1424 1899 1490 ἐνοικοῦντός

308 1510 486 1573 ἐστιν,
540 1507 677 1564 ἀλλὰ
716 1509 809 1563 τοῦ
851 1510 1018 1563 οῐκου·
1068 1510 1130 1564 τὸ
1172 1511 1229 1565 δὲ
1281 1511 1377 1566 τοῦ
1434 1516 1650 1588 Ἰσραὴλ
1699 1517 1895 1589 ὄνομα,

305 1598 408 1653 τοῦ
439 1598 778 1663 ἐνοικοῦντός
802 1601 938 1653 ἐστι·
973 1600 1066 1654 τοῦ
1099 1600 1205 1673 γὰρ
1236 1604 1548 1677 σωματικοῦ
1576 1607 1901 1679 πράγματός

307 1692 431 1745 ἐστι
457 1692 545 1757 τὸ,
593 1690 809 1745 Ἰακώϐ.

393 1784 557 1838 Ὧσεί
589 1782 773 1838 νάπαι
796 1785 1165 1847 σκιάζουσαι.
1199 1788 1590 1861 Νάπαινοηταί
1618 1792 1724 1844 εἰσι
1745 1791 1899 1846 σκιά-

310 1872 503 1937 ζουσαι
541 1875 603 1928 τὸ
635 1878 693 1929 ὲν
732 1867 776 1944 ᾧ
811 1872 1289 1950 λογικὰίέγκαρπα
1336 1880 1431 1933 καὶ
1473 1880 1763 1953 κατάκομα
1797 1883 1899 1954 τῆς

312 1967 707 2040 πραγματικῆς
747 1968 971 2039 ἀρετῆς.
1011 1968 1334 2041 Παράδεισοι
1373 1972 1466 2026 ὲπί
1505 1974 1748 2045 ποταμόν
1790 1977 1897 2029 εἰσι

313 2058 516 2126 von-rat,
544 2058 712 2123 τοπδς
737 2060 796 2113 ὲν
816 2051 861 2127 ᾧ
884 2059 1078 2128 λογικὰ
1109 2063 1437 2134 πεφύτευται
1479 2064 1749 2137 ἀρδόμενα
1778 2067 1896 2137 ἦτοι

314 2152 381 2222 τῇ
427 2149 634 2223 θεωρίᾳ
671 2150 779 2206 τῶν
818 2154 1148 2224 γεγονότων,
1190 2156 1223 2227 ἢ
1267 2158 1334 2229 τῇ
1372 2156 1575 2230 θεωρίᾳ
1603 2157 1702 2229 τῆς
1732 2159 1896 2228 ἁγίας

317 2240 570 2312 Τριάδος.

394 2413 509 2468 Τοῦ
541 2416 751 2474 αὐτοῦ.
785 2419 847 2473 Oi.
872 2419 938 2472 ὲν
971 2423 1197 2493 σκηναῖς
1224 2421 1519 2488 οἰκοῦντες,
1557 2425 1667 2481 τῶν
1692 2424 1899 2482 ὁδευόν-

318 2522 427 2559 των
457 2506 587 2571 είσί,
623 2509 719 2563 καὶ
759 2508 906 2564 ἐστιν
936 2510 1041 2575 ἔξω
1069 2513 1161 2567 τοῦ
1188 2513 1392 2585 κόσμου
1429 2514 1617 2570 τούτου
1649 2516 1765 2582 ὁδὸς
1799 2535 1897 2590 με-

321 2597 458 2671 γάλη
486 2600 585 2654 καὶ
612 2600 802 2656 πολλαί
827 2604 1040 2675 σκηναί.
1074 2605 1135 2659 Οἱ
1166 2605 1514 2673 ἐνοικοῦντες,
1540 2609 1642 2676 οὐκ
1661 2610 1767 2683 εἰσί
1787 2611 1896 2667 τῶν

319 2686 632 2755 ὁδευόντων,
670 2690 807 2745 ἁλλὰ
833 2692 942 2747 τῶν
968 2694 1297 2766 ἱσταμένων.

398 2869 561 2923 Ὠσεί
590 2868 789 2939 κέδροι
810 2872 946 2939 παρ’
969 2871 1177 2928 ὕδατα.
1208 2874 1404 2946 Κέδροι
1426 2875 1532 2930 εἰσὶ
1550 2878 1741 2949 νοηταὶ
1763 2881 1895 2952 παρ’

2012 402 2145 455 ιίιιιη
2188 402 2406 457 vivendi
2456 416 2687 470 morem,
2735 403 2873 458 Beor
2925 413 3103 457 autem
3151 405 3305 475 juxta
3340 410 3574 479 priorem

2002 508 2206 636 rorem
2239 494 2384 549 illius
2412 496 2590 566 populi
2620 498 2713 567 qui
2738 497 2790 551 in
2816 499 3059 555 vanitate
3077 509 3135 555 et
3163 501 3219 557 in
3244 511 3419 561 morte
3452 520 3575 561 am-

2044 583 2246 636 ulabat.

2044 583 2246 641 ulabat.

2075 675 2245 730 Homo
2269 694 2381 733 vere
2407 678 2588 732 videns
2627 678 2697 732 '°.
2731 677 2845 750 Ego
2897 682 3024 735 olim
3075 682 3317 753 Balaam,
3350 686 3577 755 populus

2001 781 2195 840 nempe
2232 783 2420 834 vanus,
2453 771 2654 839 apertis
2685 771 3039 828 interioribus
3063 776 3261 830 mentis
3290 791 3423 831 mea:
3446 792 3579 833 ocu-

2000 857 2086 925 lis,
2132 867 2188 913 et
2219 860 2413 914 videns
2457 862 2758 931 spiritalem
2812 862 3001 930 Israel,
3048 865 3394 938 divinamque
3442 883 3576 941 erga

2000 966 2125 1005 eum
2164 952 2544 1019 (Bcouomiam,
2582 952 2777 1023 dignus
2804 954 3007 1010 habeor
3042 970 3200 1026 quem
3245 970 3397 1028 regat
3445 959 3575 1030 Spi-

2001 1043 2140 1097 ritus
2171 1053 2421 1101 sanctus.
2451 1041 2570 1097 Non
2598 1046 2852 1100 convenit
2885 1057 3066 1101 autem
3104 1047 3273 1102 veteri
3317 1046 3575 1105 Balaamo

2001 1134 2141 1189 istud
2173 1152 2187 1190 :
2229 1152 2247 1185 ι
2288 1134 2427 1187 Dicit
2452 1135 2605 1189 homo
2648 1152 2760 1190 uere
2783 1136 2987 1205 ridens,
3032 1155 3050 1182 ι
3095 1147 3227 1202 etc.,
3257 1138 3352 1193 sed
3391 1140 3440 1195 ei
3480 1142 3575 1212 qui

2001 1241 2144 1280 nunc
2174 1235 2280 1293 est,
2319 1224 2564 1279 Balaam.

2071 1316 2244 1382 Quam
2282 1316 2429 1373 bona:
2457 1319 2645 1374 domus
2678 1328 2804 1382 tum,
2843 1317 3034 1387 Jacob,
3082 1319 3423 1376 tabernacula
3458 1334 3577 1387 ma,

2000 1409 2171 1465 Israel
2226 1411 2295 1463 δι.
2358 1409 2564 1466 Nomen
2619 1410 2823 1477 Jacob,
2875 1428 2982 1467 non
3056 1411 3410 1469 inhabitantis
3467 1431 3571 1470 no-

2000 1516 2122 1556 men
2162 1511 2263 1566 est,
2306 1504 2398 1558 sed
2447 1502 2824 1558 habitationis.
2878 1502 3087 1558 Nomen
3144 1513 3325 1559 autem
3383 1503 3569 1567 Israel.

1999 1604 2082 1648 est
2132 1593 2517 1653 inbabitantis.
2560 1594 2655 1649 Rei
2716 1597 2864 1649 enim
2903 1609 3186 1664 corporea:
3228 1611 3426 1653 nomen
3488 1608 3576 1654 est

1930 1659 1971 1715 B
1997 1685 2189 1744 Jacoh.

2069 1774 2216 1831 Sicut
2271 1792 2487 1831 nemora
2544 1777 2846 1832 umbrantia
2890 1777 2960 1832 ⁸⁸.
3007 1777 3285 1849 Spiritalia
3343 1796 3573 1837 nemora

1999 1868 2308 1922 umbrantia
2337 1877 2467 1924 sunt
2515 1868 2644 1923 illud
2690 1869 2746 1923 in
2797 1883 2904 1938 quo
2955 1869 3301 1926 rationabiles
3347 1873 3609 1935 arbores.

1999 1961 2295 2017 fructiferae
2345 1972 2403 2017 et
2444 1963 2583 2017 bene
2620 1971 2849 2017 comata:
2882 1970 3119 2017 strenuae
3165 1964 3400 2020 virtutis.
3448 1964 3572 2033 Spi-

1999 2054 2184 2110 ritales
2213 2053 2449 2121 paradisi
2472 2068 2636 2124 super
2665 2051 2865 2108 ﬂumen
2900 2060 3030 2108 sunt
3061 2052 3216 2110 locus
3259 2056 3313 2110 in
3350 2071 3459 2125 quo
3483 2072 3575 2110 ra-

2009 2144 2296 2201 tionabiles
2327 2147 2556 2201 arbores
2576 2145 2833 2217 plantatae
2877 2155 3023 2212 sunt,
3064 2160 3199 2215 quas
3257 2147 3450 2218 irrigat
3481 2148 3599 2203 vel.

2005 2234 2386 2305 contemplatio
2419 2250 2600 2290 rerum
2635 2249 2757 2306 quae
2785 2235 3065 2301 accidunt,
3096 2236 3182 2290 vel
3234 2238 3575 2308 contempla.

2000 2329 2077 2382 tio
2104 2337 2307 2383 sancta:
2335 2325 2643 2383 Trinitatis.

2066 2420 2341 2491 Ejusdem.
2392 2421 2493 2489 Qui
2534 2422 2590 2477 in
2649 2421 3011 2477 tabernaculis
3049 2422 3335 2490 habitant,
3384 2437 3417 2478 e
3462 2441 3569 2479 nn-

1998 2527 2152 2568 mero
2216 2513 2484 2567 viatorum
2544 2521 2710 2580 sunt,
2771 2522 2829 2568 et
2875 2522 3029 2568 extra
3101 2515 3246 2569 hunc
3310 2517 3570 2570 mundum

1996 2613 2084 2660 est
2130 2605 2217 2660 via
2272 2620 2465 2675 magna
2510 2616 2566 2661 et
2617 2605 2963 2662 tabernacula
3022 2607 3211 2663 multa.
3261 2608 3365 2676 Qui
3409 2611 3560 2666 inha-

1998 2697 2193 2766 bitant,
2228 2712 2334 2754 non
2380 2706 2509 2753 sunt
2549 2712 2581 2754 e
2624 2699 2911 2767 viatorum,
2958 2700 3056 2755 sed
3091 2714 3124 2755 e
3163 2696 3427 2757 stantium
3458 2719 3568 2758 nti--

1999 2804 2173 2844 DICI'O.

2071 2880 2222 2937 Sicut
2256 2881 2402 2936 cedri
2437 2882 2597 2952 juxta
2635 2897 2799 2953 aquas
2830 2881 2895 2937 ⁸³.
2941 2879 3099 2937 Cedri
3142 2882 3411 2953 spiritales
3446 2900 3574 2956 quae

322 2959 489 3015 ὕδατα
526 2964 742 3030 φυεῖσαι
781 2962 950 3034 ψυχαὶ
985 2963 1198 3034 λογικαὶ
1247 2966 1540 3038 ἀρδόμεναι
1589 2971 1655 3041 τῇ
1697 2969 1896 3041 γνώσει

2002 2974 2149 3044 iuxta
2193 2990 2361 3046 aquas
2418 2984 2737 3038 nascuntur,
2780 2974 3137 3031 rationabiles
3186 2985 3317 3031 sunt
3373 2978 3571 3034 animm

320 3052 419 3124 τῆς
450 3052 726 3125 ἀληθείας.

392 3147 507 3200 Καὶ
543 3148 846 3215 κυριεύσει
893 3147 1085 3204 ἐθνῶν
1129 3149 1397 3207 πολλῶν.
1440 3153 1642 3228 Κύριός
1689 3155 1835 3211 ἐστιν
1869 3158 1899 3211 6

321 3236 743 3304 ἔξουσιαστικῶς
802 3242 1190 3313 προστάσσων,
1254 3243 1438 3311 δοῦλος
1476 3247 1534 3300 δὲ
1571 3251 1601 3302 6
1641 3248 1899 3315 δουλικῶς

320 3331 631 3386 ὑπακούων.
685 3331 889 3405 Κύριός
932 3335 1079 3389 ἐστιν
1111 3337 1272 3400 ότοῖς
1322 3337 1472 3401 ἰδίοις
1517 3338 1699 3404 πόνοις
1746 3340 1898 3394 ὀνού-

325 3438 486 3492 μενος
544 3424 642 3477 καὶ
701 3425 769 3495 τῇ
831 3425 1112 3497 κυριότητι
1181 3429 1556 3500 πεποιωμένος
1615 3431 1900 3504 ἐλεύθερος

322 3514 549 3581 πάθους.
605 3514 800 3580 Δοῦλός
838 3517 985 3571 ἐστιν
1025 3519 1054 3571 6
1091 3518 1341 3591 ἐμπαθὴς
1389 3521 1482 3574 καὶ
1533 3522 1749 3595 ἐπιδεὴς
1801 3523 1897 3578 τοῦ

322 3609 650 3682 κρείττονος,
700 3609 794 3663 καὶ
847 3609 1067 3681 χρῄζων
1107 3610 1207 3682 τῆς
1261 3613 1584 3678 ἐπιστασίας
1621 3614 1713 3669 τοῦ
1768 3615 1897 3670 ἰδίου

323 3700 539 3773 κυρίου.
590 3700 714 3754 Εἰσὶ
766 3701 823 3755 δὲ
880 3700 1058 3774 κύριοι
1119 3701 1336 3765 πολλοὶ,
1407 3706 1665 3778 μακάριοι
1732 3707 1789 3762 δὲ
1846 3709 1897 3762 οἱ

322 3792 414 3847 τὸν
477 3792 684 3866 Κύριον
752 3791 907 3865 ἡμῶν
980 3792 1187 3868 Ἰησοῦν
1243 3793 1480 3869 Χριστὸν
1543 3797 1756 3869 ἔχοντες
1802 3798 1900 3856 κύ-

328 3903 459 3957 ριον.

393 3978 507 4033 Kal
533 3977 916 4048 ὑψωθήσεται
947 3978 986 4047 ἡ
1021 3978 1159 4049 Γὼγ
1188 3979 1475 4046 ,Βασιλεία
1504 3980 1709 4035 αὐτοῦ.
1738 3980 1898 4035 Βασι-

326 4069 443 4124 λεία
482 4070 608 4140 Γὼγ
642 4070 1002 4142 ἑρμηνεύεται
1034 4064 1280 4140 difﬂata.
1318 4071 1476 4126 Κατὰ
1516 4072 1645 4144 μίαν
1682 4072 1779 4144 μὲν
1810 4076 1899 4127 ὲκ-

323 4160 483 4235 δοχὴν
509 4161 718 4234 δόματα
746 4162 892 4214 ἐστιν
922 4161 978 4213 αἱ
1020 4159 1221 4233 δωρεαί⁵
1257 4158 1350 4215 τοῦ
1382 4161 1536 4231 ἁγίου
1562 4163 1894 4233 Πνεύματος·

326 4254 468 4308 κατὰ
498 4255 555 4308 δὲ
583 4253 768 4325 ἄλλην,
802 4271 822 4305 ι
865 4253 925 4307 '0
950 4255 1043 4309 ἐπὶ
1069 4254 1162 4310 τοῦ
1185 4253 1433 4326 δώματος
1500 4255 1574 4327 μὴ
1608 4255 1898 4310 καταϐάτω

2000 3080 2136 3136 quas
2162 3064 2350 3136 irrigat
2372 3064 2610 3135 cognitio
2638 3064 2909 3118 veritatis.

2070 3153 2137 3210 Et
2182 3154 2540 3212 dominabitur
2574 3153 2811 3224 gentibus
2863 3154 3044 3211 multis
3076 3157 3144 3215 “.
3184 3157 3445 3213 Dominus
3485 3169 3571 3214 est

1997 3249 2089 3320 qui
2120 3264 2241 3303 cum
2271 3257 2541 3319 potestate
2579 3248 2835 3315 imperat,
2868 3261 3058 3305 servus
3098 3265 3225 3305 vero
3258 3251 3351 3321 qui
3400 3249 3569 3306 servi-

1999 3343 2121 3397 liter
2142 3344 2342 3398 obedit.
2372 3340 2634 3395 Dominus
2662 3349 2745 3396 cst
2773 3340 2859 3394 cui
2914 3341 3120 3411 proprii
3171 3342 3393 3397 labores
3440 3357 3573 3409 pro-

1996 3443 2146 3499 sunt,
2167 3442 2223 3488 et
2253 3446 2412 3502 quem
2443 3429 2742 3486 dominium
2782 3428 2910 3484 fecit
2943 3446 2972 3484 a
3008 3431 3408 3499 perturbatione
3428 3428 3567 3485 iibe-

1999 3539 2139 3580 rum.
2203 3524 2405 3578 Servus
2452 3533 2537 3578 est
2585 3523 2673 3578 cui
2730 3523 2917 3578 insunt
2965 3524 3427 3591 perturbationes,
3473 3523 3567 3592 qui

1998 3614 2392 3686 praestantioris
2430 3613 2637 3668 auxilio
2695 3612 2920 3684 indiget,
2968 3615 3168 3683 quique
3219 3616 3420 3685 proprii
3473 3617 3570 3670 do-

1999 3707 2128 3762 mini
2152 3722 2279 3762 cura
2309 3721 2446 3775 opus
2479 3704 2662 3760 habet.
2711 3703 2850 3760 Sunt
2900 3716 3083 3760 autem
3128 3705 3330 3761 domini
3376 3706 3565 3769 multi;

1997 3800 2141 3855 beati
2173 3811 2300 3852 vero
2328 3811 2559 3866 quorum
2599 3796 2862 3853 Dominus
2902 3807 3088 3853 noster
3112 3796 3282 3854 Jesus
3317 3796 3571 3854 Christus

1998 3890 2248 3945 dominus
2275 3901 2381 3946 est.
2728 3954 2737 3962 .

2068 3977 2137 4034 Et
2167 3977 2484 4036 exaltabitur
2522 3973 2630 4048 Gog
2668 3990 2886 4045 regnum
2919 3972 3033 4041 ejus
3073 3972 3139 4025 ³⁸.
3171 3969 3417 4043 Regnum
3452 3970 3565 4042 Gog

1996 4070 2385 4141 interpretatur
2417 4084 2654 4122 munera.
2686 4064 2765 4120 Ac
2790 4065 2942 4134 juxta
2970 4080 3131 4120 unam
3158 4064 3374 4133 quidem
3403 4067 3573 4138 expli-

1998 4166 2266 4219 cationem
2299 4178 2520 4218 munera
2551 4172 2679 4217 sunt
2724 4159 2859 4214 dona
2907 4158 3144 4225 Spiritus
3181 4155 3375 4218 sancti,
3413 4152 3569 4221 juxta.

2000 4255 2158 4309 aliam
2212 4270 2341 4309 vero
2371 4253 2456 4308 ⁵ος
2499 4270 2519 4305 ι
2562 4252 2665 4319 Qui
2721 4250 2774 4305 in
2832 4260 2978 4305 tecto
3021 4257 3128 4312 est,
3177 4261 3285 4300 non
3336 4247 3568 4299 descen-

327 4346 404 4407 εἰς
444 4343 545 4416 τὴν
591 4342 765 4397 οἰκίαν
811 4339 994 4396 αὑτοῦ.
1049 4361 1069 4396 ι
1123 4343 1311 4397 Ἔστιν
1358 4339 1451 4398 οῦν
1508 4342 1751 4415 βασιλεία
1798 4345 1897 4416 τῆς

2002 4349 2091 4402 dat
2134 4348 2187 4402 in
2237 4349 2454 4403 domum
2488 4362 2664 4403 suam.
2711 4364 2731 4398 ι
2782 4344 3027 4413 Regnum
3086 4341 3255 4413 igitur
3300 4348 3386 4394 est
3425 4338 3572 4410 ejus-

324 4435 580 4508 τοιαύτης
598 4435 784 4504 ἕξεως.

408 4529 462 4582 '0
506 4528 652 4595 Θεὸς
691 4528 1006 4598 ὡδήγησεν
1060 4526 1247 4583 αὐτὸν
1292 4527 1362 4593 ἐξ
1411 4530 1732 4600 Αἰγύπτου.
1788 4530 1900 4584 Καὶ

326 4623 416 4677 τὸν
459 4623 689 4695 Σωτῆρα
719 4623 860 4677 κατὰ
894 4622 976 4685 τὸ,
1029 4642 1048 4675 ι
1102 4621 1193 4688 Ἐξ
1231 4616 1505 4692 Αἰγύπτου
1544 4624 1776 4678 ἐκάλεσα
1809 4624 1899 4678 τὸν

327 4716 439 4769 υίόν
475 4732 599 4786 μου,
639 4734 658 4767 ι
691 4715 900 4769 καὶτὸν
939 4715 1173 4788 Ἰσραήλ.
1206 4716 1311 4769 Τὸν
1357 4716 1457 4787 μὲν
1500 4716 1770 4784 ἐκϐάλλει,
1808 4718 1899 4773 τὸν

326 4807 382 4861 δὲ
409 4805 584 4861 καλεῖ.

401 4898 513 4953 Τοῦ
551 4899 757 4955 αὐτοῦ.
822 4901 880 4954 '0
930 4902 1327 4974 χρηματισμὸς,
1375 4901 1464 4955 τὸν
1513 4900 1714 4973 Κύριον
1754 4900 1903 4973 ἥξειν

328 4989 406 5053 εἰς
434 4988 727 5059 Αἴγυπτον,
755 4990 940 5063 ἐδήλου
974 4995 1072 5063 τὴν
1112 4992 1207 5045 τοῦ
1251 4990 1503 5063 Σωτῆρος
1532 4991 1686 5062 ἡμῶν
1731 4990 1904 5063 Ἰησοῦ

329 5080 565 5153 Χριστοῦ
614 5082 930 5155 διακομιδὴν
978 5084 1079 5155 τὴν
1120 5083 1237 5154 ἅμα
1280 5086 1393 5147 τοῖς
1436 5082 1685 5152 γονεῦσιν
1737 5080 1903 5136 αὐτοῦ

329 5172 716 5245 γενησομένην.
750 5173 1009 5245 Αἰγύπτῳ
1029 5174 1085 5227 δὲ
1112 5175 1206 5228 καὶ
1243 5176 1272 5228 6
1308 5173 1509 5246 κόσμος
1542 5167 1696 5236 οὗτος
1723 5189 1902 5245 παρα-

329 5262 605 5319 δάλλεται.

409 5354 504 5421 Ὠς
545 5352 697 5419 δόξα
730 5354 1139 5425 μονοκέρωτος
1180 5352 1362 5421 αὐτῷ.
1404 5347 1730 5423 Μονόκερὼς
1754 5355 1901 5410 ἐστιν

394 5578 443 5610 ⁸⁸
470 5577 637 5636 Num.
671 5592 833 5643 xmt,
868 5579 927 5635 3.
1000 5578 1046 5611 “
1072 5576 1203 5634 ibid.
1224 5577 1279 5633 5.
1360 5577 1406 5614 “
1436 5574 1563 5630 ibid.
1598 5574 1652 5629 6.

328 5662 475 5710 xm.
514 5650 574 5705 r8.
671 5649 721 5681 ⁵⁸
750 5649 957 5707 Matth.
981 5663 1040 5717 ιι,
1081 5647 1168 5705 15.
1238 5647 1283 5680 ⁸³
1309 5644 1468 5702 Num.
1498 5660 1649 5715 xxxv,
1680 5645 1735 5702 8.

1752 5574 1800 5612 ⁸³
1837 5574 1966 5633 ibid.

1995 4441 2165 4495 modi.

2067 4532 2235 4606 274
2261 4532 2400 4588 Deus
2442 4533 2660 4588 deduxit
2683 4548 2801 4589 eum
2839 4548 2905 4586 ea:
2935 4529 3170 4600 Egyplo
3197 4529 3265 4583 ".
3291 4527 3358 4583 Et
3382 4526 3573 4584 Salva.

1999 4633 2170 4679 torem
2229 4624 2383 4695 juxta
2435 4625 2561 4680 illud
2602 4644 2617 4680 :
2663 4642 2682 4676 ι
2722 4624 2801 4678 Ex
2862 4621 3097 4695 Egypto
3167 4623 3351 4678 vocavi
3401 4622 3569 4676 ﬁlium

1996 4718 2264 4783 meum,"
2302 4736 2323 4770 ι
2353 4728 2406 4772 et
2444 4718 2631 4774 lsrael.
2676 4718 2853 4773 Alium
2896 4714 3114 4786 quidem
3172 4714 3338 4785 cjicit,
3403 4714 3570 4769 alium

2004 4822 2134 4864 vero
2167 4818 2341 4864 vocat.

2080 4900 2351 4972 Ejusdem.
2403 4900 2734 4958 Vaticinium
2789 4915 2899 4973 quo
2956 4899 3267 4971 praedicitur
3306 4898 3574 4955 adventus

2005 4991 2213 5047 Domini
2246 4992 2299 5045 in
2328 4991 2648 5064 Egyptum,
2677 4990 3016 5059 signiﬁcabat
3050 4988 3352 5044 Salvatoris
3387 4988 3566 5044 nostri

2001 5076 2126 5134 Jesu
2176 5079 2383 5136 Christi
2438 5081 2868 5149 deportationem
2922 5095 3025 5134 una
3085 5094 3208 5134 cum
3257 5079 3574 5148 parentibus

2001 5172 2116 5240 ejus
2147 5170 2408 5230 futuram.
2434 5171 2671 5245 Egypto
2713 5187 2933 5243 quoque
2965 5172 3055 5227 hic
3090 5172 3320 5227 mundus
3350 5182 3575 5239 compa-

2004 5271 2172 5320 ratur.

2073 5354 2217 5410 Sicut
2256 5355 2425 5428 gloria
2453 5356 2725 5410 unicornis
2752 5355 2800 5410 ei
2837 5355 2906 5408 ".
2953 5352 3245 5410 Unicornis
3279 5350 3601 5407 secundum?

2071 5576 2119 5610 “
2141 5576 2270 5634 ibid.
2300 5575 2355 5632 Ἰ.
2454 5576 2502 5612 ⁸⁵
2525 5576 2656 5634 ibid.
2755 5575 2993 5633 “Marc.
3031 5572 3246 5643 mhi-’5.
3343 5572 3388 5605 "
3415 5569 3575 5628 Num.
