4074 6156
464 183 574 241 885

1938 186 2256 245 ORIGENIS

3614 186 3734 244 εει

462 304 766 377 spiritalem
788 316 1008 360 sensum
1029 304 1112 356 est
1145 299 1571 370 Christusjnxta
1618 303 1670 358 id
1702 305 1849 374 quod
1881 306 2032 360 acci-

2140 303 2344 377 νοητῶς
2375 306 2404 358 ὁ
2433 303 2666 377 Χριστὸς
2706 303 2846 359 κατὰ
2886 304 2947 358 τὸ
2982 304 3345 376 συμϐεϐηκός·
3389 305 3450 370 ὲξ
3472 299 3535 360 οὗ
3568 309 3739 378 μονό-

467 398 571 454 dit.
597 397 678 452 Ex
711 410 821 464 quo
871 394 1161 448 unicorncs
1214 392 1393 447 multi.
1439 394 1523 449 Ab
1574 409 1683 449 uno
1719 395 1863 451 enim
1907 395 2035 451 Jesu

468 489 686 544 Christo
730 486 916 542 multis
964 487 1151 538 datum
1204 494 1288 539 est
1350 500 1473 540 esse
1521 486 1758 542 chrislis.
1807 486 2037 555 Quidam

468 580 797 636 aiuntetiam
832 592 1058 632 cervum
1089 590 1215 631 esse
1245 576 1586 633 unicoruem.

536 669 779 725 Comedet
808 677 980 738 gentes
1001 667 1344 722 inimicorum
1376 684 1596 723 suorum
1621 669 1688 723 ⁸⁸.
1720 670 1795 725 De
1822 669 2040 727 Christo

466 762 706 833 loquitur
733 779 763 831 ;:
814 761 957 816 inter
1008 759 1265 816 inimicos
1321 759 1440 828 ejus
1481 777 1698 817 eramus
1748 763 2040 832 aliquando

465 871 563 911 nos
593 864 802 925 gentes.
837 851 1104 908 Comedet
1136 853 1304 923 igitur
1350 867 1449 908 nos
1480 852 1754 919 Christus.
1786 858 2040 911 substan-

464 948 610 1002 tinlis
658 961 851 1015 nempe
894 946 1073 1001 virtus
1114 961 1236 1015 quae
1268 956 1552 1001 consumet
1608 961 1727 1012 nos,
1775 947 1928 1018 juxta
1985 948 2038 1003 id

462 1038 607 1110 quod
629 1036 823 1091 dicit“
850 1054 866 1090 :
897 1054 916 1088 ι
947 1034 1098 1091 Meus
1127 1035 1281 1091 cibus
1318 1044 1403 1091 est
1445 1044 1505 1089 ut
1548 1033 1746 1091 faciam
1793 1037 2039 1092 volunta-

465 1142 570 1186 tem
597 1129 716 1200 ejus
733 1128 827 1198 qni
852 1128 998 1182 misit
1029 1141 1135 1182 me.
1171 1145 1191 1179 ι

536 1222 606 1277 Et
629 1220 1004 1277 crassitudines
1047 1236 1227 1274 eorum
1249 1220 1583 1276 emedullabit
1621 1223 1692 1276 “.
1739 1221 1908 1288 Tunc,
1958 1224 2041 1277 in-

464 1318 603 1388 quit,
634 1332 760 1372 cum
795 1330 1055 1371 carneum
1083 1314 1329 1370 habitum
1363 1315 1417 1371 in
1449 1316 1750 1387 spiritalem
1776 1317 2035 1387 operibus

467 1408 872 1465 transmutabit.

536 1502 644 1569 Qui
691 1502 998 1556 benedicunt
1028 1509 1098 1568 te,
1133 1500 1385 1556 benedicti
1418 1510 1540 1555 sunt
1573 1500 1642 1555 ⁸³.
1668 1501 1813 1557 Duas
1860 1502 1914 1556 in
1952 1501 2040 1556 his

2139 396 2517 468 κεροιπολλοί.
2556 397 2688 450 Ἀπὸ
2726 399 2836 468 γὰρ
2880 396 2998 460 ἑνὸς
3048 396 3220 467 Ἰησοῦ
3262 396 3504 469 Χριστοῦ
3537 400 3735 455 πολλοὶ

2143 490 2402 561 μετέσχον
2441 487 2577 544 εἶναι
2620 490 2849 562 χριστοί.
2880 489 3038 553 Τινές
3085 506 3215 558 φασι
3259 489 3352 543 καὶ
3393 491 3485 544 τὸν
3526 491 3730 562 ἔλαφον

2142 582 2435 657 μονόκερον
2462 579 2623 635 εἶναι.

2213 674 2443 729 Ἔδεται
2496 674 2642 743 ἔθνη
2689 673 2810 728 τῶν
2862 671 3094 744 ἐχθρῶν
3154 675 3362 730 αὐτοῦ.
3432 676 3571 747 Περὶ
3619 675 3720 732 τοῦ

2138 768 2396 842 Χριστοῦο
2432 768 2642 840 ἐχθρῶν
2679 767 2844 821 αὑτοῦ
2877 767 3004 829 ἔθνη
3033 761 3178 838 ἦμέν
3205 785 3337 822 ποτε
3364 769 3542 840 ἡμεῖς.
3576 768 3726 823 Ἔδε-

2137 875 2228 912 ται
2258 853 2351 912 οὖν
2380 859 2527 929 ἡμᾶς
2551 858 2580 910 ὁ
2601 857 2857 929 Χριστὸς,
2892 858 2926 930 ἡ
2953 856 3215 930 οὐσιὼδης
3236 859 3405 929 ἀρετὴ
3440 859 3717 932 νεμομένη

2136 954 2307 1023 ἡμᾶς,
2335 951 2479 1006 καθὰ
2513 951 2678 1020 λέγει·
2714 969 2733 1003 ι
2778 950 2939 1022 Ἐμὸν
2974 949 3172 1023 βρῶμά
3206 952 3321 1005 ἐστι
3358 950 3454 1005 τοῦ
3490 952 3718 1023 ποιῆσαι

2137 1045 2199 1099 τὸ
2220 1044 2432 1114 θέλημα
2462 1041 2557 1097 τοῦ
2588 1041 2901 1114 πέμψαντός
2932 1059 3024 1112 με.
3057 1060 3076 1093 ι

2209 1218 2322 1274 Kal
2341 1219 2413 1274 τὰ
2445 1218 2609 1289 πάχη
2643 1219 2840 1275 αὐτῶν
2858 1222 3177 1292 ὲκμυελιεῒ.
3208 1222 3362 1287 Τότε,
3389 1223 3717 1293 φησὶν,ὅταν

2138 1314 2237 1386 τὴν
2281 1313 2545 1386 σαρκικὴν
2584 1316 2917 1370 κατάστασιν
2964 1318 3044 1381 εἰς
3091 1315 3463 1386 πνευματικὴν
3500 1314 3590 1369 διὰ
3618 1317 3718 1388 τῆς

2140 1408 2527 1479 πραγματικῆς
2556 1411 2821 1480 μεταποιῇ
2833 1449 2847 1464 .

2213 1505 2276 1555 Οἱ
2309 1500 2705 1570 εὐλογιοῦντές
2750 1516 2825 1555 σε
2876 1503 3243 1571 ηὐλόγηνται
3310 1502 3415 1556 Δύο
3450 1500 3718 1571 πρόσωπα

464 1594 667 1651 indicat
706 1608 990 1664 personas,
1043 1607 1205 1646 unam
1257 1606 1446 1647 eorum
1507 1593 1598 1662 qui
1648 1593 1705 1647 in
1759 1593 2033 1649 Christum

2142 1594 2394 1665 σημαίνει
2425 1594 2519 1648 ἐπὶ
2546 1597 2772 1661 τούτοις·
2804 1597 2910 1649 εἰσὶ
2947 1596 3005 1650 δὲ
3051 1597 3160 1651 τῶν
3202 1594 3411 1651 πιστῶν
3454 1596 3549 1650 καὶ
3589 1595 3718 1650 dmi-

462 1686 709 1752 credunt,
745 1686 966 1740 alteram
999 1699 1184 1739 eorum
1213 1684 1305 1753 qui
1336 1699 1441 1739 non
1469 1685 1719 1739 credunt.
1753 1683 1821 1738 Et
1847 1686 2033 1755 paucis

2139 1702 2277 1739 στων
2321 1686 2414 1740 ἐπὶ
2455 1685 2549 1739 τοῦ
2592 1684 2850 1758 Χριστοῦ.
2903 1688 3015 1741 Καὶ
3050 1687 3177 1757 μετ’
3215 1687 3407 1757 ὀλίγα·
3453 1686 3543 1740 Ἐν
3593 1683 3719 1739 τοὺ-

460 1778 752 1848 interjectis
795 1795 809 1833 :
858 1775 916 1830 In
964 1777 1050 1831 bis
1091 1776 1258 1846 igitur
1285 1790 1511 1832 eversus
1558 1785 1643 1831 est
1693 1777 2034 1832 inimicorum

462 1871 628 1927 Israel
654 1879 904 1937 conatus,
934 1880 989 1927 et
1020 1871 1243 1940 magicae
1271 1868 1411 1924 artis
1438 1869 1786 1939 perversitas.

532 2047 605 2102 Et
630 2048 864 2119 pollutus
909 2057 986 2102 est
1026 2047 1248 2117 populus
1287 2056 1346 2101 ut
1395 2047 1749 2118 fornicamur
1791 2049 1861 2105 “.
1910 2048 2035 2105 Haec

460 2141 754 2206 sententia,
814 2150 873 2195 ut
926 2141 1328 2196 l'ornicareutur
1375 2140 1587 2196 Hebrzci
1641 2152 1699 2195 et
1738 2142 2037 2195 adorarent

465 2235 813 2303 Beelphegor,
842 2234 984 2289 vatis
1012 2241 1150 2288 erat.
1179 2233 1525 2304 Quapropter
1568 2233 1648 2287 ait
1682 2231 1897 2304 Moyses
1934 2231 1980 2265 ⁸⁸
2015 2249 2030 2287 :

462 2344 485 2378 ι
533 2324 627 2380 liae
657 2335 837 2379 autem
880 2325 1111 2381 fuerunt
1159 2325 1283 2380 ﬁliis
1329 2324 1514 2390 Israel,
1558 2326 1855 2380 secundum
1914 2341 2035 2381 ver-

458 2417 585 2471 bum
630 2415 867 2479 Balaam,
926 2425 985 2469 ut
1046 2415 1300 2470 recedere
1349 2415 1589 2470 lacerent
1641 2424 1698 2469 et
1751 2415 2034 2486 despicere

457 2508 680 2563 verbum
705 2508 916 2562 Domini
943 2516 1162 2579 propter
1191 2507 1546 2578 Beelpliegor.
1583 2525 1603 2558 ι

530 2598 602 2654 Et
636 2602 733 2655 erit
757 2601 899 2655 vobis
921 2600 1084 2666 latus,
1114 2602 1252 2670 quod
1275 2602 1342 2653 ad
1376 2600 1614 2667 Africum
1635 2601 1704 2657 “.
1732 2601 1776 2655 A
1812 2599 2033 2656 ﬂumine

461 2694 683 2767 {Egypti
756 2709 926 2764 usque
974 2695 1043 2749 ad
1121 2692 1434 2763 Euphraten
1502 2694 1827 2763 promiserat
1887 2694 2031 2749 Deus

458 2787 792 2842 Abrahamo.
823 2787 934 2842 Cur
958 2785 1124 2856 igitur
1163 2799 1268 2839 non
1301 2785 1449 2839 dedit
1477 2784 1596 2840 eis?
1624 2784 1842 2839 Numeri
1886 2786 2030 2841 enim

463 2882 731 2937 minorem
768 2890 928 2934 terrae
973 2886 1182 2948 partem
1236 2891 1552 2932 concessam
1604 2876 1864 2933 indicant.
1896 2878 2031 2931 Puto

458 2985 640 3030 autem
668 2973 817 3028 illum
851 2973 1104 3026 daturum
1137 2970 1326 3035 fuisse,
1359 2971 1403 3024 si
1430 2971 1653 3039 perinde
1677 2980 1840 3040 atque
1862 2970 1908 3024 is
1937 2970 2028 3039 qni

458 3067 848 3138 promissiones
878 3075 1189 3133 acceperat,
1243 3063 1425 3118 ﬁdeles
1465 3062 1714 3119 fuissent.
1748 3062 1934 3134 Neque
1978 3062 2030 3117 id

2135 1794 2248 1843 τοις
2283 1777 2382 1849 μὲν
2412 1774 2503 1832 οὖν
2528 1779 2928 1851 ἀνατέτραπται
2965 1779 3060 1833 καὶ
3093 1780 3126 1850 ἡ
3152 1777 3260 1831 τῶν
3287 1777 3716 1849 ἐναντιουμένων

2138 1868 2229 1923 τοῦ
2283 1869 2497 1944 Ἰσραὴλ
2543 1870 2872 1941 ὲγχείρησις,
2916 1870 3012 1925 καὶ
3052 1872 3087 1942 ἠ
3131 1870 3230 1941 τῆς
3273 1869 3503 1941 μαγείας
3550 1886 3719 1924 κακο-

2137 1961 2342 2031 τεχνία.

2205 2055 2317 2108 Καὶ
2380 2052 2716 2123 ἐϐεϐηλώθη
2765 2056 2798 2108 ό
2846 2052 2998 2119 λαὸς
3056 2051 3477 2121 ἐκπορνεῦσαι.
3544 2049 3612 2103 Ἦ
3658 2047 3717 2103 δὲ

2135 2145 2325 2218 γνώμη
2352 2145 2445 2199 τοῦ
2474 2144 2772 2218 πορνεῦσαι
2803 2147 2929 2208 τοὺς
2974 2143 3258 2215 Ἐϐραίους
3283 2143 3376 2197 καί
3404 2140 3717 2213 προσκυνῆ-

2136 2257 2227 2294 σαι
2246 2238 2325 2310 τῷ
2354 2237 2694 2311 Βεελφεγὼρ,
2739 2236 2834 2292 τοῦ
2867 2239 3110 2309 μάντεως
3143 2232 3233 2306 ἦν.
3262 2235 3353 2288 Διὸ
3386 2235 3522 2305 φησὶ
3549 2235 3717 2288 Monii-

2138 2332 2256 2404 σῆς·
2305 2351 2323 2383 ι
2370 2327 2537 2386 Αὖται
2575 2331 2633 2385 δὲ
2675 2325 2816 2402 ἦσαν
2862 2333 2976 2394 τοίς
3015 2331 3152 2393 υἱοῖς
3205 2326 3443 2400 Ἰσραὴλ,
3488 2324 3628 2379 κατὰ
3655 2323 3715 2376 τὸ

2136 2426 2288 2498 ῥῆμα
2316 2424 2564 2496 Βαλαὰμ,
2599 2424 2692 2478 τοῦ
2720 2424 3023 2495 ἀποστῆσαι
3052 2422 3145 2476 καὶ
3176 2421 3449 2494 ὑπεριδεῖν
3482 2419 3542 2472 τὸ
3561 2419 3713 2491 ῥῆμα

2134 2519 2340 2591 Κυρίου
2369 2519 2555 2572 ἕνεκεν
2577 2516 2913 2589 Βεελφεγὼρ.
2954 2533 2972 2566 ι
3324 2504 3329 2509 ’

2206 2609 2321 2665 Καὶ
2371 2610 2542 2664 ἔσται
2595 2608 2739 2679 ὑμῖν·
2793 2608 2861 2661 τὸ
2925 2607 3150 2673 κλίτος,
3207 2605 3276 2659 τὸ
3334 2602 3484 2671 πρὸς
3540 2601 3708 2656 Λίϐα.

2146 2703 2277 2757 Ἀπὸ
2316 2700 2410 2756 τοῦ
2462 2700 2707 2770 ποταμοῦ
2740 2696 3018 2768 Αἰγύπτου
3059 2695 3164 2759 ἕως
3189 2692 3283 2747 τοῦ
3331 2688 3571 2762 ποταμοῦ
3609 2687 3711 2742 Εὑ-

2134 2795 2340 2868 φράτου
2390 2793 2754 2867 ἐπηγγείλατο
2792 2790 2871 2863 τῷ
2929 2789 3198 2861 Ἁϐραάμ.
3247 2785 3344 2840 Διὰ
3381 2785 3433 2837 τί
3483 2778 3576 2836 οὖν
3613 2779 3712 2833 οὐκ

2135 2887 2332 2942 ἔδωκεν
2383 2887 2603 2951 αὐτοῖς;
2647 2885 2708 2938 Οἰ
2759 2882 2867 2953 γὰρ
2911 2879 3157 2953 Ἀριθμοὶ
3188 2874 3538 2948 ἐλαττοτέραν
3585 2871 3710 2926 διδο-

2138 2979 2306 3051 μένην
2336 2977 2708 3050 σημαίνουσιν.
2744 2970 2909 3046 υῑμαι
2930 2973 2985 3026 δὲ
3007 2973 3087 3026 ὅτι
3119 2971 3346 3025 δέδωκεν
3375 2966 3461 3030 ἂν,
3490 2966 3538 3019 εἰ
3569 2962 3708 3018 κατὰ

2132 3069 2223 3122 τὸν
2247 3066 2479 3122 λαϐόντα
2499 3065 2597 3130 τὰς
2620 3064 2967 3134 ἐπαγγελίας,
3009 3062 3191 3115 πιστοὶ
3213 3054 3373 3131 ἦσαν.
3411 3054 3523 3110 Καὶ
3553 3052 3707 3107 τοῦτο

457 3168 612 3213 caret
661 3157 1162 3212 verisimilitudine.
1204 3158 1359 3227 Saepe
1386 3157 1530 3210 enim
1593 3155 1733 3210 mala
1786 3158 2030 3210 minatus

2137 3146 2371 3224 εἰκότως.
2401 3159 2668 3223 Πολλάκις
2693 3158 2802 3228 γὰρ
2823 3155 2970 3210 κακὰ
2994 3152 3292 3225 ἀπειλήσας
3316 3150 3413 3204 οὐκ
3438 3149 3704 3219 ἐπήγαγε,

458 3264 566 3303 non
621 3247 823 3312 intulit,
878 3263 1075 3320 nempe
1117 3251 1187 3304 ob
1229 3248 1627 3319 ptenitentiam,
1677 3255 1737 3301 nt
1783 3249 2032 3317 exemplo

456 3348 581 3393 sunt
609 3337 882 3393 Ninivitte.

533 3430 917 3485 Tantummodo
955 3446 985 3484 ε
1020 3427 1210 3498 populo
1256 3428 1422 3496 patris
1468 3429 1555 3484 sui
1597 3428 1703 3481 sint
1744 3442 1936 3482 uxores
1959 3429 2058 3480 ⁸⁷..

458 3519 572 3577 Hoc
591 3531 674 3576 est
696 3521 867 3591 igitur
900 3520 991 3576 Dei
1020 3529 1371 3590 praeceptum,
1401 3528 1598 3590 praeter
1625 3519 1795 3574 tribus
1817 3516 1951 3573 Juda
1973 3529 2031 3577 et

460 3617 611 3684 Levi,
636 3615 764 3669 nulli
797 3614 958 3668 tribui
994 3612 1159 3669 licere
1193 3629 1317 3669 cum
1346 3613 1513 3667 altera
1560 3611 1706 3667 trihu
1754 3613 2031 3668 matrimo-

457 3708 551 3762 nio
574 3706 852 3777 conjungi,
879 3715 938 3761 ut
963 3721 1070 3763 non
1105 3705 1383 3760 insolitum
1430 3706 1685 3762 videatur
1715 3706 1841 3760 illud
1886 3704 2029 3773 quod

456 3802 525 3856 ab
542 3800 749 3872 origine
770 3801 1052 3869 repetitum
1072 3800 1304 3869 quadrat
1320 3798 1374 3852 in
1398 3798 1757 3865 Salvatorem,
1784 3816 1803 3850 ι
1830 3798 1946 3853 ltex
1971 3806 2029 3853 et

458 3897 714 3951 sacerdos
743 3894 1038 3949 secundum
1064 3905 1310 3947 ormnem
1336 3891 1709 3947 Melchisedec.
1751 3909 1772 3944 ι

527 4008 575 4040 ⁸ο
605 4007 921 4075 Νιιιιι.κιιιν,
942 4009 1007 4077 ,8.
1099 4009 1143 4041 ⁶¹
1168 4007 1325 4062 Joan.
1355 4022 1432 4070 IV,
1454 4006 1567 4077 254.Δ
1632 4006 1678 4038 ⁶²
1702 4004 1861 4060 Num.
1898 4020 2026 4060 xstv

2137 4050 2143 4064 .
2222 4006 2267 4039 ”
2293 4006 2423 4063 ibid.
2449 4006 2505 4063 9.
2592 4006 2639 4040 “
2671 4003 2829 4061 Num.
2855 4018 2983 4071 xxv,
3009 4003 3060 4058 1.

461 4079 506 4111 ⁸⁸
534 4078 693 4134 Num.
728 4094 911 4145 xxxiv,
935 4075 990 4133 3.
1063 4080 1107 4112 ⁸⁷
1133 4079 1292 4133 Num.
1324 4093 1510 4140 xxxvz,
1541 4075 1595 4131 6.

1863 4234 2072 4245 .—-———

2130 3250 2459 3321 μετενόησαν
2489 3248 2697 3321 γὰρ,ὡς
2718 3246 2810 3301 ἐπὶ
2842 3243 2950 3298 τῶν
2970 3240 3290 3297 Νινευιτῶν.

2196 3432 2372 3502 Πλὴν
2404 3432 2476 3486 ἐκ
2515 3431 2622 3486 τοῦ
2658 3430 2850 3500 δήμου
2891 3428 2998 3483 τοῦ
3028 3426 3252 3494 πατρὸς
3288 3421 3488 3477 αὐτῶν
3524 3421 3699 3475 ἔσον-

2133 3542 2228 3579 ται
2287 3523 2582 3594 γυναῖκες.
2652 3520 2984 3593 Προστάττει
3039 3513 3131 3572 οὖν
3178 3516 3207 3568 ὁ
3251 3514 3385 3577 Θεὸς
3427 3512 3568 3584 πλὴν
3611 3511 3709 3583 τῆς

2149 3613 2315 3668 Ἰούδα
2341 3613 2437 3667 καὶ
2456 3613 2553 3685 τῆς
2573 3612 2703 3667 Δευῒ
2733 3612 2806 3684 μὴ
2846 3610 3048 3678 ἐξεῖναι
3087 3607 3194 3662 ἀπὸ
3221 3605 3395 3676 φυλῆς
3421 3605 3500 3666 εἰς
3536 3602 3709 3672 φυλὴν

2138 3704 2534 3770 συνάπτεσθαι,
2590 3705 2676 3758 ἵνα
2736 3702 2811 3776 μὴ
2860 3700 3005 3766 ξένον
3057 3697 3151 3752 τοῦ
3214 3696 3462 3765 Σωτῆρος
3508 3691 3695 3762 δειχθῇ

2134 3802 2338 3855 ἄνωθεν
2368 3799 2681 3871 ἐρχόμενον,
2710 3796 2789 3863 τὸ,
2815 3813 2833 3846 ι
2858 3792 3117 3858 Βασιλεὺς
3134 3792 3227 3846 καὶ
3247 3789 3425 3862 ἱερεὺς
3448 3784 3585 3840 κατὰ
3610 3782 3708 3855 τὴν

2132 3892 2286 3958 τάξιν
2322 3892 2673 3966 Μελχισεδέκ.
2703 3911 2722 3943 ι

3172 4001 3217 4033 ⁸³
3238 3999 3398 4056 Num.
3431 4010 3588 4062 ιιιιι,
3617 3992 3704 4050 16.

466 4224 3685 4268 Μ

998 4314 1226 4463 ο²⁷⁵
1283 4409 2025 4540 ORIGENIS
2121 4410 2280 4533 IN
2377 4402 3123 4535 NUMEROS

1738 4652 2427 4770 HOMILUE.

1018 5004 1434 5068 PROLOGUS
1473 5003 1743 5067 BUFlNl
1787 5000 2311 5065 INTERPRETIS
2342 5000 2451 5060 AD
2498 4998 2898 5062 UBSACIUM
2928 4995 3073 5080 (Η).

536 5166 609 5225 Ut
634 5168 800 5227 verbis
839 5169 955 5234 tibi,
979 5169 1165 5239 frater,
1212 5169 1347 5225 beati
1379 5167 1629 5240 Martyris
1676 5167 1888 5240 loquar,
1947 5166 2073 5222 bene
2103 5166 2373 5227 admones,
2406 5163 2616 5219 Donate
2647 5163 2977 5218 charissima.
3029 5160 3172 5216 Nam
3216 5170 3265 5215 et
3298 5163 3599 5231 promisisse
3628 5177 3707 5216 me

464 5264 696 5330 memini,
719 5270 775 5317 ut
798 5262 843 5316 si
865 5278 981 5332 quw
1002 5263 1103 5315 sint
1137 5262 1438 5315 Adamantii
1460 5263 1599 5316 senis
1626 5262 1683 5315 in
1708 5260 1872 5330 legem
1896 5257 2070 5330 Moysi
2108 5258 2276 5321 dicta,
2308 5255 2631 5326 colligerem,
2659 5264 2815 5326 atque
2840 5271 2902 5308 ea
2931 5250 3123 5305 Latino
3148 5267 3384 5306 sermone
3409 5254 3603 5308 nostris
3635 5253 3706 5307 le-

342 5362 347 5365 ‘
464 5351 632 5420 genda
672 5349 1030 5418 transferrem.
1064 5346 1170 5404 Sed
1198 5348 1475 5404 reddenda:
1504 5348 1877 5419 pollicitationi
1902 5365 2006 5403 non
2043 5348 2424 5417 tempestiuum,
2457 5355 2515 5400 ut
2542 5345 2634 5400 ille
2658 5346 2758 5408 ait,
2780 5343 2871 5398 sed
2892 5352 3300 5412 tempestuosum
3325 5345 3477 5398 nobis
3506 5354 3706 5411 tempus

465 5457 528 5497 ac
554 5442 821 5495 turbidum
846 5439 970 5510 fuit.
995 5437 1125 5504 Quis
1156 5440 1292 5495 enim
1325 5441 1395 5494 ibi
1422 5440 1561 5510 stylo
1590 5439 1735 5495 locus
1757 5449 1855 5508 est,
1879 5439 1969 5493 ubi
1995 5436 2214 5493 hostilia
2248 5436 2352 5492 tela
2380 5448 2703 5504 metuuntur,
2727 5434 2815 5489 ubi
2841 5434 2895 5487 in
2920 5435 3086 5488 oculis
3109 5444 3184 5489 est
3209 5435 3414 5489 urbium
3438 5450 3713 5506 agrorum-

508 5579 651 5651 ·(ι7)
686 5578 837 5635 Hunc
860 5580 1136 5651 prologum
1166 5594 1323 5651 quem
1346 5580 1547 5650 primus
1570 5579 1830 5651 inlucem
1857 5579 2029 5651 edidit
2137 5580 2314 5635 storia:
2343 5575 2947 5651 ecclesiasticreliusebii
2972 5576 3081 5651 _lib.
3114 5590 3188 5651 vt,
3222 5589 3361 5651 eam
3382 5571 3472 5651 '53.
3493 5568 3707 5651 contuli

466 5648 557 5707 vir
577 5648 922 5707 doctissimus
958 5648 1223 5708 Henricus
1252 5648 1500 5707 Valesius
1550 5653 1606 5707 iu
1634 5650 1788 5713 Notis
1809 5654 1876 5709 ad
1922 5650 2023 5705 Hi-

2135 5666 2258 5708 cum
2296 5650 2469 5706 tribus
2498 5664 2627 5704 mss.
2664 5665 2678 5702 :
2712 5650 2763 5717 l,
2791 5647 3035 5703 ecclesiae
3062 5645 3394 5703 calhedralis
3414 5645 3708 5703 Belvaeen-
