4074 6156
333 288 441 344 683
1566 289 1632 343 IN
1670 287 1929 344 NUMERI

2039 289 2325 347 HOMILIA
2365 291 2408 346 l.
3516 293 3622 354 586

331 450 440 496 quc
460 439 719 496 vastans,
740 433 828 486 ubt
861 430 1067 502 fugitur
1097 447 1191 501 per
1226 433 1434 487 marina
1459 433 1788 496 discrimina,
1821 444 1868 485 et
1901 450 1963 488 ne
1988 435 2106 504 ipsa
2126 433 2336 503 quidem
2364 435 2556 504 absque
2591 443 2733 488 metu
2769 434 3026 490 habentur
3051 436 3243 491 exsilia
3264 437 3290 491 2
3310 435 3376 492 1η
3405 453 3624 507 conspe-

333 537 424 577 ctu
459 525 684 587 ctenim,
713 531 773 578 ut
799 525 1005 579 videbas
1036 525 1193 578 etiam
1230 527 1358 593 ipse,
1394 535 1570 578 nostro
1607 524 1898 587 Barbarus,
1938 525 2029 594 qui
2055 527 2252 594 Regina
2289 527 2480 593 oppido
2510 525 2620 596 (48)
2663 528 2912 580 miscebat
2944 528 3211 591 incendia,
3241 529 3618 598 angustissimo

334 638 368 672 ι
410 623 571 674 nobis
599 622 758 690 freto,
787 622 875 674 ubi
910 619 1089 674 Italiae
1117 621 1286 675 solum
1321 619 1502 674 Siculo
1537 621 1833 682 dirimitur,
1859 621 2158 676 arcebatur.
2195 619 2261 674 In
2285 622 2365 675 his
2391 639 2514 692 ergo
2535 623 2728 691 posito,
2756 639 2874 693 qua:
2892 640 3000 677 esse
3019 623 3088 676 ad
3119 625 3450 678 scribendum
3469 640 3621 679 secu-

336 715 478 766 ritas
509 717 703 780 potuit,
731 725 776 767 et
802 716 1067 783 pra’cipue
1094 713 1164 766 ad
1194 714 1669 780 interpretandum,
1697 713 1787 766 ubi
1821 729 1921 765 non
1951 713 2027 764 ita
2052 715 2290 782 praprios
2323 715 2566 778 expedire
2587 730 2787 775 sensus,
2824 725 2880 768 ut
2907 716 3107 769 alienos
3141 726 3324 783 aptare
3363 717 3615 786 proponi-

336 810 474 864 tur?
504 806 705 861 Tamen
726 810 772 861 si
799 823 918 878 qua:
939 823 1045 860 nos:
1068 807 1270 860 animos
1307 805 1508 858 minore
1533 814 1672 858 metu
1702 804 1908 858 hostilis
1932 807 2196 859 concussit
2223 806 2440 869 excidii,
2465 816 2512 859 et
2535 807 2680 860 breve
2704 806 2889 860 saltem
2913 806 3225 860 lucubrandi
3253 809 3418 861 otium
3447 809 3619 873 ded't,

337 902 502 971 quasi
540 902 612 953 ad
641 901 877 954 solamen
911 898 1172 951 malorum
1200 896 1538 964 levandwque
1564 897 2003 966 peregrinationis
2035 898 2232 966 gratia,
2267 914 2586 968 qumcunqne
2623 901 2678 953 in
2705 900 3058 954 Numerorum
3083 901 3239 965 libro,
3263 903 3368 954 sive
3392 901 3614 956 homile-

335 995 462 1048 sico.
486 992 649 1061 siglo,
682 991 789 1043 sive
821 990 978 1043 etiam
1015 1003 1078 1041 ea:
1115 987 1195 1040 Itis
1241 1002 1356 1057 qua:
1409 985 1673 1054 Excerpta
1700 988 2054 1058 appellantur,
2083 992 2282 1055 scripta
2327 990 2634 1057 reperimus,
2674 991 2806 1057 lucc,
2831 1003 3136 1060 perurgente
3169 1003 3236 1057 te,
3267 990 3524 1057 Romana,
3556 1004 3611 1049 ut

338 1085 643 1156 potuimus,
679 1101 800 1140 voce
833 1102 896 1140 ea:
925 1084 1142 1138 diversis
1183 1084 1239 1136 in
1270 1099 1432 1136 unum
1471 1083 1710 1136 ordinem
1755 1083 1973 1138 collecta
2011 1085 2345 1154 digessimus,
2387 1095 2436 1138 te
2477 1101 2681 1154 quoque
2710 1085 2820 1152 ipso
2864 1086 2916 1139 in
2949 1086 3350 1156 quamplurimis
3378 1090 3621 1158 juvante,

343 1179 570 1244 Ursaci,
605 1194 841 1236 nostrum
865 1179 1119 1242 laborem,
1155 1180 1279 1232 dum
1308 1179 1462 1232 nimis
1489 1178 1736 1247 cupidus,
1766 1180 1974 1247 pueruli
2005 1181 2197 1234 notarii
2223 1179 2433 1233 tardum
2452 1189 2604 1247 putas
2629 1196 2739 1234 esse
2773 1182 3144 1236 ministerium.
3189 1180 3338 1236 Scire
3369 1192 3541 1237 tamen
3567 1195 3617 1237 te

339 1276 492 1338 colo,
525 1276 716 1344 frater,
757 1274 891 1345 quod
919 1275 1030 1326 [nec
1056 1273 1212 1326 lectio
1237 1273 1346 1326 vias
1375 1273 1584 1340 quidem
1610 1273 1815 1339 aperiat
1839 1273 2224 1343 intelligentitc,
2250 1289 2353 1327 non
2378 1284 2549 1326 tamen
2580 1271 2889 1343 singillatim
2916 1282 3104 1326 cuncta
3132 1290 3249 1344 qua:
3280 1275 3477 1342 scripta
3501 1284 3623 1330 sunt

343 1371 606 1437 disserat,
649 1378 705 1422 ut
747 1371 799 1422 in
837 1368 1244 1433 explicationum
1281 1366 1430 1420 libris
1475 1365 1680 1436 legisti;
1722 1385 1824 1438 quo
1857 1369 2054 1423 scilicet
2090 1369 2249 1423 etiam
2285 1368 2448 1422 lector
2488 1383 2593 1420 non
2628 1367 2880 1422 reddatur
2907 1369 3128 1433 otiosus,
3167 1369 3258 1421 sed
3282 1380 3480 1439 pungat
3536 1387 3628 1424 cor

345 1484 534 1532 suum,
581 1467 712 1519 sicut
746 1467 1000 1531 scriptum
1029 1475 1130 1526 est,
1163 1475 1210 1518 et
1253 1465 1509 1532 producat
1543 1481 1777 1532 sensum,
1805 1477 1854 1519 et
1885 1467 2070 1520 audito
2092 1467 2243 1521 verbo
2282 1467 2436 1531 bono,
2475 1475 2530 1518 ut
2574 1467 2781 1536 sapiens
2821 1467 3041 1526 adiiciat
3074 1468 3143 1519 ad
3183 1467 3334 1522 illud.
3367 1467 3541 1539 Igitur
3571 1478 3626 1522 ut

343 1575 568 1624 possum
606 1574 723 1628 quia
748 1556 1030 1626 injunxisti
1051 1557 1315 1622 explicare
1339 1557 1619 1610 contendo.
1645 1555 1771 1610 Jam
1807 1556 1944 1610 enim
1975 1571 2040 1609 ea:
2066 1556 2303 1608 omnibus
2331 1572 2447 1627 qua:
2473 1557 2526 1609 in
2558 1557 2666 1624 lege
2691 1557 2889 1623 scripta
2916 1558 3106 1625 reperi,
3142 1559 3292 1622 soltc,
3315 1571 3368 1612 ut
3388 1572 3536 1630 puto,
3571 1562 3626 1614 iu

346 1649 825 1706 Deuteronomium
868 1651 1051 1703 desunt
1095 1646 1465 1710 oratiunculis,
1509 1664 1665 1717 quas,
1706 1647 1752 1700 si
1782 1645 2036 1700 Dominus
2070 1647 2268 1714 juverit
2297 1655 2347 1699 et
2384 1648 2664 1699 sanitatem
2696 1645 2897 1698 dederit
2933 1649 3122 1708 oculis.
3162 1649 3398 1716 cupimus
3425 1650 3626 1722 reliquo

346 1744 567 1810 corpori
597 1744 799 1796 sociare
833 1755 850 1792 :
885 1740 1119 1809 quamvis
1157 1740 1553 1793 amantissimus
1583 1739 1727 1806 [ilius
1756 1750 1933 1792 noster
1978 1737 2252 1802 Pinianus,
2303 1739 2455 1807 cujus
2484 1741 2786 1807 reiigiosum
2815 1751 2999 1794 cretum
3023 1758 3120 1810 pro
3147 1759 3324 1798 amore
3354 1745 3624 1813 pudicitia:

345 1837 642 1905 profugum
667 1835 1000 1897 comitamur,
1023 1833 1266 1902 injungat
1290 1839 1342 1884 et
1367 1831 1497 1888 alia.
1527 1831 1630 1886 Sed
1659 1840 1807 1885 orate
1835 1830 2197 1893 communiter,
2225 1841 2279 1882 ut
2309 1830 2447 1884 adsit
2474 1830 2746 1897 Dominus,
2773 1842 2818 1885 et
2846 1831 3163 1897 temporibus
3187 1850 3366 1903 pacem
3389 1835 3615 1905 tribuat,

347 1937 586 2006 gratiam
615 1929 976 1985 laborantibus
1005 1928 1180 1993 donet,
1203 1937 1250 1981 et
1279 1926 1511 1996 fructum
1547 1927 1718 1997 operis
1753 1925 1917 1980 nostri
1935 1925 1988 1979 in
2017 1923 2306 1993 profectum
2336 1922 2622 1994 legentium
2649 1934 2856 1993 promat
2887 1923 3024 1995 (49).

877 2217 1152 2274 ll0.\llLl.-\
1180 2216 1415 2272 PRIMA.
1963 2228 2010 2284 Α
2043 2222 2155 2276 eris
2185 2219 2550 2275 voluminibus
2579 2219 2820 2289 gestiunt
2853 2217 3094 2271 erudiri?
3128 2218 3276 2284 Quid
3311 2221 3458 2275 enim
3495 2237 3624 2292 pro-

433 2320 488 2374 i.
523 2315 730 2372 Divinis
765 2313 1004 2367 numeris
1057 2327 1160 2364 non
1202 2326 1392 2366 omnes
1450 2309 1598 2381 digni
1642 2319 1788 2377 sunt,
1845 2311 1938 2366 sed

351 2411 528 2464 certis
567 2408 868 2476 quibusque
920 2402 1294 2472 prterogativis
1335 2402 1688 2471 designantur
1733 2403 1788 2457 hi
1845 2402 1937 2472 qui

355 2505 504 2558 intra
532 2515 812 2555 numerum
841 2496 931 2552 Dei
965 2496 1191 2551 debeant
1220 2495 1625 2564 comprehendi.
1652 2493 1821 2563 Hujus
1845 2512 1941 2549 an-

355 2605 468 2648 tem
496 2593 572 2647 rei
609 2591 826 2645 evidens
850 2588 1102 2642 indicium
1127 2587 1370 2642 continet
1396 2587 1661 2654 liberhic,
1685 2589 1774 2657 qui
1805 2588 1941 2642 seri-

354 2686 508 2740 bitur
564 2681 675 2752 (50)
717 2679 1096 2733 Numerorum.
1147 2673 1202 2728 ln
1237 2689 1348 2744 quo
1401 2674 1636 2728 refertur
1685 2675 1826 2743 quod
1871 2689 1937 2728 ex

350 2788 632 2848 praecepto
666 2773 758 2827 Dei
785 2784 960 2840 neque
990 2766 1243 2820 mulieres
1281 2765 1619 2820 deducantur
1645 2765 1712 2819 ad
1753 2781 1939 2820 nume-

353 2889 502 2937 rum,
531 2869 775 2925 femineae
797 2867 914 2920 sine
953 2863 1117 2918 dubio
1146 2859 1479 2915 inﬁrmitatis
1513 2858 1813 2924 obstaculo,
1845 2872 1939 2911 ne-

351 2981 466 3035 que
519 2975 800 3018 servorum
839 2959 1143 3028 quisquam,
1193 2962 1378 3023 utpote
1427 2952 1530 3006 vita
1592 2952 1939 3020 moribusque

353 3061 679 3128 degeneres.
705 3053 810 3109 Sed
835 3069 900 3107 ue
925 3048 1305 3120 Egyptiurnm
1339 3047 1554 3116 quidem
1595 3045 1735 3100 nllus
1764 3062 1830 3100 ex
1872 3045 1937 3100 iis

352 3151 451 3221 qui
479 3158 637 3204 erant
661 3145 874 3200 admisti
900 3149 1233 3203 numeratur,
1259 3139 1570 3207 prolectant
1596 3138 1934 3209 alienigenae,

350 3254 414 3296 et
444 3241 698 3305 barbari;
744 3238 839 3290 sed
881 3235 982 3290 soli
1023 3241 1379 3288 numerantur
1423 3230 1696 3293 Israelita},
1748 3239 1802 3286 et
1846 3230 1933 3284 isti

354 3351 468 3391 non
493 3347 706 3397 omnes,
736 3330 828 3384 sed
861 3344 890 3382 a
925 3327 1112 3396 viginti
1144 3326 1325 3388 annis,
1365 3333 1418 3378 et
1462 3339 1644 3392 supra.
1672 3323 1784 3380 Nec
1822 3327 1933 3380 sola

356 3427 536 3482 aetatis
562 3425 796 3478 habetur
825 3419 1155 3482 observatio,
1183 3417 1277 3471 sed
1309 3417 1573 3485 quaeritur
1597 3417 1641 3470 si
1671 3426 1726 3470 et
1750 3427 1934 3487 aptum

356 3520 518 3576 bellis
547 3518 712 3573 robur
747 3514 1034 3568 ostendat:
1066 3511 1378 3580 designatur
1410 3508 1552 3562 enim
1580 3523 1677 3576 per
1711 3509 1932 3563 verbum

361 3613 478 3676 Dei,
528 3617 586 3664 ut
638 3616 954 3662 numeretur
1001 3602 1176 3658 omnis
1228 3601 1319 3671 qui
1351 3599 1592 3669 procedit
1637 3598 1690 3652 in
1735 3600 1933 3655 virtute

357 3701 524 3756 Israel
576 3698 710 3768 (5t).
770 3696 884 3751 Non
931 3709 1060 3760 ergo
1105 3693 1218 3748 sola
1258 3701 1409 3755 aetas,
1447 3691 1540 3746 sed
1585 3699 1640 3745 et
1679 3689 1852 3745 virtus
1881 3693 1931 3744 in

356 3790 600 3847 Israelita
629 3787 942 3858 requiritur.
982 3783 1146 3854 276
1170 3781 1396 3836 Puerilis
1433 3791 1566 3835 mtas
1596 3795 1699 3834 non
1746 3798 1934 3836 nume-

359 3893 535 3946 ratur,
591 3895 692 3936 nec
723 3891 848 3949 apta
883 3877 1079 3932 divinis
1105 3873 1325 3930 calculis
1354 3873 1592 3936 ducitur,
1641 3873 1746 3928 nisi
1793 3874 1932 3930 forte

355 3972 698 4044 priinogeuiti
732 3974 863 4033 sint,
897 3975 988 4021 aut
1021 3963 1345 4022 sacerdotali
1380 3962 1459 4016 vel
1496 3961 1730 4018 chitica
1762 3966 1932 4034 stirpe

357 4065 706 4124 descendant.
749 4061 839 4118 lsti
875 4061 975 4116 soli
1018 4061 1068 4114 in
1110 4059 1294 4128 pueris
1340 4058 1686 4112 adducuntur
1718 4055 1784 4110 ad
1832 4074 1936 4110 nu-

357 4174 590 4214 merum.
635 4155 981 4210 Feminarum
1022 4168 1151 4207 vero
1191 4151 1333 4206 nulla
1367 4164 1589 4220 prorsus
1619 4149 1924 4204 adducitur.

357 4251 424 4304 Et
444 4249 574 4320 quid
603 4246 855 4301 videtur?
881 4245 1115 4300 Possunt
1145 4247 1258 4299 haec
1286 4253 1596 4297 vacuaessc
1626 4239 1932 4310 mysteriis?

355 4338 462 4392 Sed
493 4339 596 4393 hoc
621 4337 795 4392 solum
821 4351 1141 4406 procurasse
1169 4334 1407 4389 creditur
1434 4330 1672 4400 Spiritus
1689 4339 1930 4394 sanctus,

355 4435 444 4501 qui
477 4433 596 4488 haec
615 4430 906 4487 scribenda
939 4427 1188 4493 dictavit,
1221 4435 1281 4480 ut
1302 4426 1569 4482 sciremus
1595 4422 1687 4493 qui
1717 4433 1842 4476 tunc
1878 4423 1929 4477 in

357 4525 445 4578 illo
477 4521 677 4593 populo
707 4519 970 4576 numerati
992 4519 1122 4581 sint,
1155 4527 1208 4570 et
1237 4516 1326 4586 qui
1370 4515 1488 4568 sine
1521 4526 1748 4566 numero
1779 4527 1931 4565 man-

352 4615 563 4669 serint?
593 4613 661 4670 Et
686 4613 809 4683 quis
845 4611 1063 4666 dabitur
1098 4623 1164 4663 ex
1195 4610 1298 4663 hoc
1325 4605 1602 4676 proiectus
1636 4603 1702 4658 iis
1725 4603 1816 4674 qui
1844 4619 1930 4658 sa-

423 4757 471 4789 ⁸⁸
497 4755 661 4812 Num.
707 4771 749 4820 I,
796 4755 851 4809 5.
925 4755 970 4787 "
1005 4752 1148 4808 Psal.
1197 4767 1404 4818 cxuvu,
1444 4751 1500 4806 ι.

2046 2314 2167 2370 dest
2211 2315 2314 2367 ista
2359 2310 2650 2367 didicisse?
2685 2311 2793 2366 Aut
2830 2310 2958 2380 quid
2998 2310 3190 2365 animze
3219 2309 3502 2366 conlertur
3554 2314 3625 2369 ad

2046 2398 2306 2469 salutem,
2326 2405 2368 2459 si
2399 2405 2535 2458 sciat
2561 2403 2702 2472 quod
2746 2417 2872 2471 pars
2911 2401 3090 2472 aliqua
3125 2403 3306 2472 pepuli
3341 2415 3621 2460 numerata

2042 2504 2125 2549 est
2147 2495 2198 2548 in
2237 2495 2472 2556 deserto,
2510 2509 2636 2562 pars
2663 2507 2794 2548 vero
2831 2492 3171 2547 innumerata
3205 2494 3466 2548 derelicta
3496 2495 3624 2550 est?

2042 2584 2098 2640 Si
2133 2600 2262 2639 vero
2300 2592 2583 2652 sequentes
2623 2582 2774 2636 Pauli
2821 2583 3144 2636 sententiam
3190 2583 3363 2652 legem
3400 2586 3624 2654 spirita-

2039 2678 2145 2732 lem
2173 2693 2291 2733 esse
2325 2677 2630 2739 credamus,
2656 2685 2708 2730 et
2737 2673 3052 2744 spiritaliter
3092 2691 3211 2745 quae
3247 2679 3497 2733 continet
3526 2695 3622 2734 au-

2042 2771 2271 2836 diamus,
2307 2771 2497 2840 ingens
2535 2770 2809 2839 profectus
2837 2767 3032 2822 animm
3070 2769 3122 2821 in
3154 2769 3223 2824 iis
3259 2786 3380 2840 qua)
3410 2773 3617 2844 scripta

2041 2871 2170 2917 sunt
2200 2862 2498 2932 apparebit.
2529 2859 2693 2916 Docet
2721 2859 2866 2914 enim
2895 2874 2978 2914 me
3001 2875 3239 2930 przeseus
3265 2862 3444 2929 lectio,
3479 2874 3620 2934 quod

2041 2954 2086 3008 si
2127 2955 2518 3008 transcendero
2550 2952 2773 3019 puerilis
2796 2950 2973 3004 astatis
3004 2951 3397 3021 insipientiam,
3435 2955 3478 3010 si
3523 2959 3618 3012 de-

2040 3047 2184 3102 siero
2230 3047 2484 3118 parvulus
2519 3061 2639 3100 esse
2675 3046 2945 3109 sensibus,
2975 3052 3026 3099 et
3058 3045 3143 3098 vir
3177 3045 3402 3103 ell'ectus
3450 3053 3622 3122 depo-

2041 3154 2204 3194 suere
2237 3154 2356 3208 qua:
2390 3148 2512 3192 sunt
2544 3136 2780 3208 parvuli,
2811 3137 2880 3200 si,
2927 3135 3171 3203 inquam,
3213 3136 3439 3194 eﬂ‘ectus
3469 3140 3624 3198 fuero

2033 3233 2272 3304 juvenis,
2339 3240 2395 3286 et
2449 3228 2570 3284 talis
2613 3229 2852 3299 juvenis,
2897 3229 2988 3298 qui
3031 3231 3240 3283 vincam
3301 3231 3617 3303 malignum,

2040 3332 2196 3393 aptus
2221 3321 2445 3376 videbor
2492 3319 2580 3383 iis,
2626 3320 2691 3373 de
2722 3319 2917 3386 quibus
2939 3321 3201 3389 scriptum
3233 3329 3315 3376 est
3348 3322 3414 3387 ⁸⁸,
3449 3343 3468 3374 ι
3502 3339 3621 3378 om-

2041 3429 2136 3470 nes
2164 3414 2254 3484 qui
2291 3413 2589 3482 procetlnnt
2615 3412 2666 3465 in
2698 3411 2902 3466 virtute
2928 3409 3115 3478 Israel,
3148 3431 3167 3464 ι
3221 3422 3276 3467 et
3307 3415 3504 3484 dignus
3537 3419 3620 3470 di-

2038 3505 2179 3560 vinis
2216 3503 2459 3559 numeris
2486 3503 2865 3572 computabor.
2904 3501 3086 3558 Donec
3124 3513 3308 3558 autem
3349 3506 3489 3562 inest
3519 3507 3620 3563 ali-

1965 3585 2007 3640 B
2036 3597 2122 3650 cui
2150 3607 2414 3660 nostrum,
2447 3595 2530 3649 vel
2563 3592 2782 3663 puerilis
2809 3602 2863 3648 et
2889 3593 3126 3649 lubricus
3166 3611 3385 3664 sensus,
3425 3601 3511 3654 vel
3537 3600 3607 3655 le-

2040 3690 2216 3745 minea
2244 3688 2490 3745 etsoluta
2526 3686 2638 3758 (52)
2664 3686 2944 3756 segnities,
2971 3685 3052 3740 vel
3070 3685 3352 3758 Egyptios
3376 3691 3618 3761 gerimus

2036 3793 2092 3836 et
2121 3782 2382 3836 barbaros
2413 3794 2611 3843 mores,
2643 3778 2827 3832 haberi
2857 3779 2996 3846 apud
3039 3777 3204 3832 Deum
3248 3779 3299 3833 in
3341 3791 3531 3856 sancto
3564 3792 3619 3838 et

2037 3882 2360 3927 consecrato
2395 3885 2620 3924 numero
2655 3886 2759 3925 non
2811 3886 3104 3924 meremur.
3147 3870 3419 3927 Innumeri
3471 3875 3616 3928 enim

2036 3965 2176 4034 apud
2217 3964 2560 4019 Salomonem
2583 3966 2836 4018 dicuntur
2863 3978 2984 4017 esse
3007 3961 3096 4032 qui
3138 3973 3394 4033 pereunt;
3431 3981 3619 4020 mune-

2040 4056 2141 4109 rati
2201 4067 2382 4109 aulem
2431 4069 2624 4109 omnes
2663 4053 2740 4108 illi
2793 4054 2886 4124 qui
2935 4053 3234 4109 salvantur.
3297 4055 3361 4109 Et
3412 4057 3492 4111 vis
3521 4057 3614 4112 tibi

2036 4147 2321 4201 ostendam
2357 4147 2484 4216 quia
2538 4155 2850 4199 sanctorum
2897 4162 3157 4200 numerus
3201 4147 3433 4201 habetur
3474 4150 3615 4218 apud

2041 4239 2247 4292 Deum?
2284 4237 2426 4292 Audi
2465 4239 2739 4308 quomodo
2770 4239 2834 4292 de
2864 4238 3027 4292 astris
3054 4239 3270 4308 quidem
3306 4239 3617 4294 caelestibus

2039 4331 2168 4384 dicit
2205 4332 2369 4386 David
2394 4331 2438 4362 ⁶⁹
2471 4347 2485 4384 :
2520 4351 2540 4381 σ
2571 4331 2672 4398 Qui
2713 4342 2960 4384 numerat
2999 4332 3399 4387 multitudinem
3431 4334 3618 4388 stella—

2039 4439 2180 4490 rum,
2211 4434 2266 4478 et
2307 4425 2558 4478 omnibus
2582 4423 2662 4478 eis
2689 4424 2903 4478 nomina
2935 4433 3108 4478 vocat.
3151 4443 3168 4476 ι
3207 4425 3462 4480 Salvator
3488 4441 3617 4480 vero

2040 4531 2146 4569 non
2189 4516 2361 4571 solum
2391 4516 2684 4586 discipulos
2708 4531 2834 4571 suos
2878 4517 3081 4571 electos
3105 4519 3208 4573 sub
3244 4533 3471 4572 numero
3505 4527 3616 4573 sta-

2042 4607 2166 4670 tuit,
2201 4621 2387 4661 verum
2415 4617 2470 4663 et
2495 4607 2719 4678 capillos
2755 4607 2950 4677 capitis
2979 4623 3164 4661 eorum
3205 4609 3335 4663 dicit
3372 4625 3493 4664 esse
3517 4625 3615 4664 nu-

353 4899 457 4963 sis;
485 4900 540 4959 2,
576 4897 820 4951 ecclesim
864 4895 1193 4950 cathedralis
1237 4893 1617 4957 Ebroicensis;
1646 4891 1701 4955 '5,
1727 4906 1916 4963 muna-
1947 4895 1989 4953 (ζ
2024 4887 2207 4963 Sancti
2250 4885 2567 4963 Ilieodorici
2604 4883 2820 4963 legitur,
2855 4903 2874 4935 ε
2911 4885 3247 4963 arclabatur.
3277 4904 3304 4963 ε

352 4962 503 5025 sterii
529 4969 710 5023 Sancti
745 4967 1066 5021 Theoderici
1097 4972 1272 5036 ’prope
1310 4964 1666 5036 Rhemos._—
1691 4962 1917 5036 Collatus

352 5049 475 5092 sunt
504 5038 736 5092 humilia:
758 5054 878 5092 cum
910 5053 1003 5091 sex
1034 5032 1165 5090 mss.
1194 5032 1289 5088 {1°
1315 5033 1644 5088 cathedralis
1673 5032 1918 5087 ecclesiae

355 5110 698 5164 Ebroicensis
729 5107 818 5177 qui
853 5108 1064 5162 decimo
1095 5105 1292 5177 saeculo
1309 5115 1565 5177 exaratus
1604 5102 1916 5177 videturiln

349 5199 415 5236 eo
439 5173 780 5234 desideratur
802 5177 1019 5231 humilia
1052 5182 1245 5245 prima.
1269 5176 1328 5230 2ο
1358 5175 1588 5228 abbatis:
1615 5173 1920 5230 SnucliPc-

355 5253 417 5304 tri
444 5248 820 5308 Carnotensis,
850 5250 976 5301 dato
1003 5249 1125 5300 huic:
1157 5246 1490 5298 monasterio
1520 5245 1589 5296 ab
1635 5246 1804 5298 Alveu
1826 5245 1920 5295 ab-

355 5323 475 5374 bate
497 5322 587 5388 qui
615 5319 746 5370 obiit
771 5334 896 5370 ann.
927 5318 1052 5371 9‘55.
1085 5317 1140 5369 3°
1161 5317 1378 5383 Majoris
1398 5315 1718 5388 monasterii
1745 5313 1919 5388 Turo-

355 5384 557 5444 nensis.
616 5388 678 5441 4·
720 5388 972 5442 Ecclesiae
1019 5388 1348 5440 cathedralis
1396 5386 1818 5438 Bellovacensis.
1856 5384 1915 5435 5·

355 5460 604 5515 Ecclesia
631 5459 956 5513 cathedralis
992 5457 1386 5512 Laudunensis.
1411 5459 1466 5510 ϐε
1494 5455 1733 5524 Denique
1750 5454 1916 5508 abba-

354 5533 439 5584 tiaa
461 5531 644 5584 Sancti
669 5529 879 5582 Martini
912 5527 1211 5598 Sagiensis.

420 5600 534 5668 (48)
568 5600 738 5655 Codd.
784 5594 1198 5658 Bellovacensis.
1247 5607 1303 5652 et
1339 5596 1707 5668 Ebroicensis,
1745 5618 1770 5644 ε
1823 5594 1914 5668 qui

355 5673 464 5735 ιτεκὶ
510 5665 562 5724 in
610 5671 824 5738 oppido.
867 5689 886 5721 ι
935 5669 1116 5724 Codex
1165 5669 1349 5723 Sancti
1384 5666 1726 5730 Theudorici,
1767 5685 1786 5718 ‹
1819 5665 1917 5738 qui

356 5743 523 5811 regini
573 5737 775 5809 oppidi.
813 5759 830 5789 ι
869 5739 990 5794 Mox
1031 5757 1128 5808 pro
1158 5759 1176 5790 ι
1224 5739 1534 5804 arcebatur,
1576 5757 1594 5790 ι
1642 5739 1695 5791 in
1731 5737 1917 5793 codice

669 5836 943 5895 Ρηιιοι..
975 5834 1091 5895 Gn.
1121 5834 1263 5895 ΧΗ.

2098 4958 2210 5026 (49)
2241 4958 2422 5012 Codex
2451 4956 2795 5010 Belvaceusis
2821 4965 2877 5009 et
2896 4961 3034 5009 alter
3063 4956 3248 5010 Sancti
3277 4954 3607 5014 Theodorici

2031 5047 2049 5080 ι
2088 5039 2269 5096 ponat.
2310 5047 2328 5078 ι

2097 5100 2211 5169 (50)
2240 5099 2418 5154 Codex
2466 5096 2866 5169 Laudunensis,
2900 5114 2922 5148 ι
2964 5097 3300 5154 inscribitur.
3341 5118 3360 5152 ι
3411 5099 3608 5154 Ebroi-

2029 5167 2229 5232 censis,
2266 5187 2284 5218 ι
2321 5167 2674 5222 describitur.
2707 5185 2725 5217 ι

2098 5239 2212 5310 (51)
2245 5237 2500 5310 Nomen:
2550 5237 2710 5291 Israel
2737 5254 2758 5289 ι
2797 5237 2952 5310 deest
2983 5239 3034 5292 in
3069 5239 3303 5306 vulgatis
3343 5241 3603 5296 editioni-

2025 5313 2145 5373 lms,
2187 5308 2279 5365 Sed
2319 5309 2608 5380 suppletur
2642 5324 2673 5362 e
2707 5324 2834 5362 mss.
2875 5308 3190 5363 Eliroiceusi
3235 5322 3289 5363 et
3323 5310 3598 5380 Sagiensi.

2024 5382 2192 5436 Paulo
2221 5390 2340 5449 post
2379 5381 2510 5432 libb.
2542 5378 2697 5438 editi,
2729 5397 2746 5430 ι
2779 5383 2948 5433 virtus
2993 5381 3043 5432 in
3078 5381 3374 5434 Israelitica
3407 5378 3423 5380 ⁷
3444 5383 3600 5448 plebe

2024 5452 2339 5520 requiritur.
2388 5470 2407 5503 ι
2455 5450 2560 5503 Sed
2582 5458 2814 5518 quatuor
2852 5465 2980 5504 mss.
3023 5451 3393 5516 Ebroicensis,
3423 5450 3601 5504 Bellu-

2023 5522 2284 5580 vacensis.
2304 5520 2638 5575 Turonensis
2664 5531 2718 5574 et
2741 5521 3037 5588 Sagiensis,
3070 5522 3197 5574 utin
3220 5531 3402 5576 nostra
3427 5533 3598 5577 textu.

2093 5593 2206 5662 (52)
2239 5591 2580 5662 Ιιὶὺὺηριιίιρ,
2621 5607 2641 5641 ι
2683 5593 2943 5662 resoluta.
2981 5609 2999 5642 ι
3039 5593 3148 5646 Sed
3180 5592 3285 5647 duo
3317 5606 3450 5650 mss.
3485 5591 3607 5651 Bel-

2024 5660 2272 5718 vaCensis
2302 5671 2356 5715 et
2392 5660 2764 5727 Ebruicensis,
2795 5679 2814 5713 ε
2847 5660 3044 5719 soluta.
3081 5680 3102 5713 ι

3215 5826 3286 5884 19
