  <div class='ocr_page' id='page_1' title='image "/cluster/home/n/w/nwhite01/storage/ocr_20150623/12/mdp.39015028786690/303.png"; bbox 0 0 4074 6156; ppageno 0'>
   <div class='ocr_carea' id='block_1_1' title="bbox 447 250 546 307">
    <p class='ocr_par' dir='ltr' id='par_1_1' title="bbox 447 250 546 307">
     <span class='ocr_line' id='line_1_1' title="bbox 447 250 546 307; baseline -0.02 0"><span class='ocrx_word' id='word_1_1' title='bbox 447 250 546 307; x_wconf 83' lang='grc'><strong>587</strong></span> 
     </span>
    </p>
   </div>
   <div class='ocr_carea' id='block_1_2' title="bbox 1924 244 2252 301">
    <p class='ocr_par' dir='ltr' id='par_1_2' title="bbox 1924 244 2252 301">
     <span class='ocr_line' id='line_1_2' title="bbox 1924 244 2252 301; baseline 0 -1"><span class='ocrx_word' id='word_1_2' title='bbox 1924 244 2252 301; x_wconf 85' lang='lat' dir='ltr'><strong>ORIGENIS</strong></span> 
     </span>
    </p>
   </div>
   <div class='ocr_carea' id='block_1_3' title="bbox 3605 249 3714 307">
    <p class='ocr_par' dir='ltr' id='par_1_3' title="bbox 3605 249 3714 307">
     <span class='ocr_line' id='line_1_3' title="bbox 3605 249 3714 307; baseline 0.018 -3"><span class='ocrx_word' id='word_1_3' title='bbox 3605 249 3714 307; x_wconf 78' lang='lat'><strong>588</strong></span> 
     </span>
    </p>
   </div>
   <div class='ocr_carea' id='block_1_4' title="bbox 445 363 3712 438">
    <p class='ocr_par' dir='ltr' id='par_1_4' title="bbox 445 363 3712 438">
     <span class='ocr_line' id='line_1_4' title="bbox 445 363 3712 438; baseline 0 -15"><span class='ocrx_word' id='word_1_4' title='bbox 445 376 707 433; x_wconf 86' lang='lat' dir='ltr'><strong>meratos,</strong></span> <span class='ocrx_word' id='word_1_5' title='bbox 751 365 826 420; x_wconf 99' lang='lat' dir='ltr'><strong>ait</strong></span> <span class='ocrx_word' id='word_1_6' title='bbox 851 365 994 419; x_wconf 91' lang='lat' dir='ltr'><strong>enim</strong></span> <span class='ocrx_word' id='word_1_7' title='bbox 1023 363 1068 395; x_wconf 82' lang='grc' dir='ltr'><strong>⁷ο</strong></span> <span class='ocrx_word' id='word_1_8' title='bbox 1104 377 1119 415; x_wconf 89' lang='lat'><strong>:</strong></span> <span class='ocrx_word' id='word_1_9' title='bbox 1155 379 1172 413; x_wconf 72' lang='grc' dir='ltr'><strong>ι</strong></span> <span class='ocrx_word' id='word_1_10' title='bbox 1204 364 1383 420; x_wconf 80' lang='lat' dir='ltr'><strong>Vestri</strong></span> <span class='ocrx_word' id='word_1_11' title='bbox 1425 374 1606 420; x_wconf 89' lang='lat' dir='ltr'><strong>autem</strong></span> <span class='ocrx_word' id='word_1_12' title='bbox 1639 365 1805 421; x_wconf 86' lang='lat' dir='ltr'><strong>etiam</strong></span> <span class='ocrx_word' id='word_1_13' title='bbox 1839 366 2021 436; x_wconf 82' lang='lat' dir='ltr'><strong>capilli</strong></span> <span class='ocrx_word' id='word_1_14' title='bbox 2052 369 2097 426; x_wconf 82' lang='lat' dir='ltr'><strong>A</strong></span> <span class='ocrx_word' id='word_1_15' title='bbox 2129 372 2180 419; x_wconf 89' lang='lat' dir='ltr'><strong>ta</strong></span> <span class='ocrx_word' id='word_1_16' title='bbox 2217 365 2517 430; x_wconf 89' lang='lat' dir='ltr'><strong>toleranda,</strong></span> <span class='ocrx_word' id='word_1_17' title='bbox 2542 375 2677 436; x_wconf 90' lang='lat' dir='ltr'><strong>quot</strong></span> <span class='ocrx_word' id='word_1_18' title='bbox 2723 366 3077 437; x_wconf 69' lang='lat' dir='ltr'><strong>profectibus,</strong></span> <span class='ocrx_word' id='word_1_19' title='bbox 3116 377 3248 438; x_wconf 85' lang='lat' dir='ltr'><strong>quot</strong></span> <span class='ocrx_word' id='word_1_20' title='bbox 3286 369 3712 434; x_wconf 79' lang='lat' dir='ltr'><strong>tentationibus,</strong></span> 
     </span>
    </p>
   </div>
   <div class='ocr_carea' id='block_1_5' title="bbox 441 457 2023 530">
    <p class='ocr_par' dir='ltr' id='par_1_5' title="bbox 441 457 2023 530">
     <span class='ocr_line' id='line_1_5' title="bbox 441 457 2023 530; baseline -0.003 -14"><span class='ocrx_word' id='word_1_21' title='bbox 441 461 639 530; x_wconf 86' lang='lat' dir='ltr'><strong>capitis</strong></span> <span class='ocrx_word' id='word_1_22' title='bbox 672 458 939 514; x_wconf 87' lang='lat' dir='ltr'><strong>numerati</strong></span> <span class='ocrx_word' id='word_1_23' title='bbox 969 467 1115 513; x_wconf 88' lang='lat' dir='ltr'><strong>sunt.</strong></span> <span class='ocrx_word' id='word_1_24' title='bbox 1154 476 1171 508; x_wconf 80' lang='grc' dir='ltr'><strong>ι</strong></span> <span class='ocrx_word' id='word_1_25' title='bbox 1201 457 1254 511; x_wconf 86' lang='grc' dir='ltr'><strong>1η</strong></span> <span class='ocrx_word' id='word_1_26' title='bbox 1286 473 1391 527; x_wconf 93' lang='lat' dir='ltr'><strong>quo</strong></span> <span class='ocrx_word' id='word_1_27' title='bbox 1422 459 1609 527; x_wconf 87' lang='lat' dir='ltr'><strong>utique</strong></span> <span class='ocrx_word' id='word_1_28' title='bbox 1633 473 1738 512; x_wconf 92' lang='lat' dir='ltr'><strong>non</strong></span> <span class='ocrx_word' id='word_1_29' title='bbox 1767 457 1883 514; x_wconf 89' lang='lat' dir='ltr'><strong>illos</strong></span> <span class='ocrx_word' id='word_1_30' title='bbox 1937 459 2023 512; x_wconf 87' lang='lat' dir='ltr'><strong>di-</strong></span> 
     </span>
    </p>
   </div>
   <div class='ocr_carea' id='block_1_6' title="bbox 443 550 2023 619">
    <p class='ocr_par' dir='ltr' id='par_1_6' title="bbox 443 550 2023 619">
     <span class='ocr_line' id='line_1_6' title="bbox 443 550 2023 619; baseline -0.002 -12"><span class='ocrx_word' id='word_1_31' title='bbox 443 555 602 607; x_wconf 86' lang='lat' dir='ltr'><strong>cebat</strong></span> <span class='ocrx_word' id='word_1_32' title='bbox 638 550 860 619; x_wconf 88' lang='lat' dir='ltr'><strong>capillos</strong></span> <span class='ocrx_word' id='word_1_33' title='bbox 900 564 1020 603; x_wconf 90' lang='lat' dir='ltr'><strong>esse</strong></span> <span class='ocrx_word' id='word_1_34' title='bbox 1054 561 1389 614; x_wconf 80' lang='lat' dir='ltr'><strong>numeratos,</strong></span> <span class='ocrx_word' id='word_1_35' title='bbox 1422 551 1512 618; x_wconf 87' lang='lat' dir='ltr'><strong>qui</strong></span> <span class='ocrx_word' id='word_1_36' title='bbox 1545 551 1627 606; x_wconf 96' lang='lat' dir='ltr'><strong>vel</strong></span> <span class='ocrx_word' id='word_1_37' title='bbox 1665 550 1810 606; x_wconf 90' lang='lat' dir='ltr'><strong>ferro</strong></span> <span class='ocrx_word' id='word_1_38' title='bbox 1842 561 2023 606; x_wconf 78' lang='lat' dir='ltr'><strong>atton~</strong></span> 
     </span>
    </p>
   </div>
   <div class='ocr_carea' id='block_1_7' title="bbox 443 641 2025 712">
    <p class='ocr_par' dir='ltr' id='par_1_7' title="bbox 443 641 2025 712">
     <span class='ocr_line' id='line_1_7' title="bbox 443 641 2025 712; baseline -0.004 -11"><span class='ocrx_word' id='word_1_39' title='bbox 443 645 559 701; x_wconf 84' lang='lat' dir='ltr'><strong>deri</strong></span> <span class='ocrx_word' id='word_1_40' title='bbox 583 652 636 698; x_wconf 88' lang='lat' dir='ltr'><strong>et</strong></span> <span class='ocrx_word' id='word_1_41' title='bbox 659 641 848 712; x_wconf 84' lang='lat' dir='ltr'><strong>projici</strong></span> <span class='ocrx_word' id='word_1_42' title='bbox 882 641 1080 705; x_wconf 88' lang='lat' dir='ltr'><strong>solent,</strong></span> <span class='ocrx_word' id='word_1_43' title='bbox 1111 641 1193 695; x_wconf 85' lang='lat' dir='ltr'><strong>vel</strong></span> <span class='ocrx_word' id='word_1_44' title='bbox 1234 641 1490 710; x_wconf 89' lang='lat' dir='ltr'><strong>temporis</strong></span> <span class='ocrx_word' id='word_1_45' title='bbox 1525 651 1685 696; x_wconf 83' lang='lat' dir='ltr'><strong>aetate</strong></span> <span class='ocrx_word' id='word_1_46' title='bbox 1706 641 1939 697; x_wconf 81' lang='lat' dir='ltr'><strong>deﬂuere</strong></span> <span class='ocrx_word' id='word_1_47' title='bbox 1959 655 2025 696; x_wconf 91' lang='lat' dir='ltr'><strong>ac</strong></span> 
     </span>
    </p>
   </div>
   <div class='ocr_carea' id='block_1_8' title="bbox 447 715 2019 802">
    <p class='ocr_par' dir='ltr' id='par_1_8' title="bbox 447 715 2019 802">
     <span class='ocr_line' id='line_1_8' title="bbox 447 715 2019 802; baseline 0.001 -17"><span class='ocrx_word' id='word_1_48' title='bbox 447 715 658 800; x_wconf 77' lang='lat' dir='ltr'><strong>perire;</strong></span> <span class='ocrx_word' id='word_1_49' title='bbox 689 731 785 787; x_wconf 89' lang='lat' dir='ltr'><strong>sed</strong></span> <span class='ocrx_word' id='word_1_50' title='bbox 817 731 892 785; x_wconf 90' lang='lat' dir='ltr'><strong>illi</strong></span> <span class='ocrx_word' id='word_1_51' title='bbox 931 733 1124 802; x_wconf 86' lang='lat' dir='ltr'><strong>capitis</strong></span> <span class='ocrx_word' id='word_1_52' title='bbox 1161 732 1339 800; x_wconf 79' lang='lat' dir='ltr'><strong>capilli</strong></span> <span class='ocrx_word' id='word_1_53' title='bbox 1367 733 1507 802; x_wconf 88' lang='lat' dir='ltr'><strong>apud</strong></span> <span class='ocrx_word' id='word_1_54' title='bbox 1541 732 1708 787; x_wconf 90' lang='lat' dir='ltr'><strong>Deum</strong></span> <span class='ocrx_word' id='word_1_55' title='bbox 1752 733 2019 787; x_wconf 85' lang='lat' dir='ltr'><strong>numerati</strong></span> 
     </span>
    </p>
   </div>
   <div class='ocr_carea' id='block_1_9' title="bbox 443 822 2022 894">
    <p class='ocr_par' dir='ltr' id='par_1_9' title="bbox 443 822 2022 894">
     <span class='ocr_line' id='line_1_9' title="bbox 443 822 2022 894; baseline 0 -16"><span class='ocrx_word' id='word_1_56' title='bbox 443 838 588 889; x_wconf 78' lang='lat' dir='ltr'><strong>situt,</strong></span> <span class='ocrx_word' id='word_1_57' title='bbox 633 825 725 894; x_wconf 91' lang='lat' dir='ltr'><strong>qui</strong></span> <span class='ocrx_word' id='word_1_58' title='bbox 765 824 817 877; x_wconf 92' lang='lat' dir='ltr'><strong>in</strong></span> <span class='ocrx_word' id='word_1_59' title='bbox 867 822 1139 878; x_wconf 66' lang='lat' dir='ltr'><strong>Nazarmis</strong></span> <span class='ocrx_word' id='word_1_60' title='bbox 1173 833 1351 888; x_wconf 87' lang='lat' dir='ltr'><strong>erant,</strong></span> <span class='ocrx_word' id='word_1_61' title='bbox 1398 824 1596 892; x_wconf 83' lang='lat' dir='ltr'><strong>quibus</strong></span> <span class='ocrx_word' id='word_1_62' title='bbox 1634 824 1808 879; x_wconf 88' lang='lat' dir='ltr'><strong>inerat</strong></span> <span class='ocrx_word' id='word_1_63' title='bbox 1848 825 2022 879; x_wconf 90' lang='lat' dir='ltr'><strong>virtus</strong></span> 
     </span>
    </p>
   </div>
   <div class='ocr_carea' id='block_1_10' title="bbox 443 915 2022 990">
    <p class='ocr_par' dir='ltr' id='par_1_10' title="bbox 443 915 2022 990">
     <span class='ocr_line' id='line_1_10' title="bbox 443 915 2022 990; baseline -0.003 -14"><span class='ocrx_word' id='word_1_64' title='bbox 443 918 679 990; x_wconf 87' lang='lat' dir='ltr'><strong>Spiritus</strong></span> <span class='ocrx_word' id='word_1_65' title='bbox 719 917 893 971; x_wconf 88' lang='lat' dir='ltr'><strong>sancti</strong></span> <span class='ocrx_word' id='word_1_66' title='bbox 927 915 995 970; x_wconf 87' lang='lat' dir='ltr'><strong>ad</strong></span> <span class='ocrx_word' id='word_1_67' title='bbox 1032 917 1451 985; x_wconf 88' lang='lat' dir='ltr'><strong>prosternendos</strong></span> <span class='ocrx_word' id='word_1_68' title='bbox 1497 915 1850 987; x_wconf 82' lang='lat' dir='ltr'><strong>alienigenas.</strong></span> <span class='ocrx_word' id='word_1_69' title='bbox 1901 919 2022 972; x_wconf 82' lang='lat' dir='ltr'><strong>Vir-</strong></span> 
     </span>
    </p>
   </div>
   <div class='ocr_carea' id='block_1_11' title="bbox 443 1007 2020 1081">
    <p class='ocr_par' dir='ltr' id='par_1_11' title="bbox 443 1007 2020 1081">
     <span class='ocr_line' id='line_1_11' title="bbox 443 1007 2020 1081; baseline -0.003 -12"><span class='ocrx_word' id='word_1_70' title='bbox 443 1024 588 1069; x_wconf 91' lang='lat' dir='ltr'><strong>tutes</strong></span> <span class='ocrx_word' id='word_1_71' title='bbox 617 1027 746 1081; x_wconf 89' lang='lat' dir='ltr'><strong>ergo</strong></span> <span class='ocrx_word' id='word_1_72' title='bbox 779 1010 943 1065; x_wconf 89' lang='lat' dir='ltr'><strong>animi</strong></span> <span class='ocrx_word' id='word_1_73' title='bbox 978 1021 1032 1063; x_wconf 89' lang='lat' dir='ltr'><strong>et</strong></span> <span class='ocrx_word' id='word_1_74' title='bbox 1066 1007 1461 1064; x_wconf 86' lang='lat' dir='ltr'><strong>multitudinem</strong></span> <span class='ocrx_word' id='word_1_75' title='bbox 1495 1025 1775 1074; x_wconf 89' lang='lat' dir='ltr'><strong>sensuum,</strong></span> <span class='ocrx_word' id='word_1_76' title='bbox 1815 1011 1904 1078; x_wconf 85' lang='lat' dir='ltr'><strong>qui</strong></span> <span class='ocrx_word' id='word_1_77' title='bbox 1950 1010 2020 1065; x_wconf 89' lang='lat' dir='ltr'><strong>de</strong></span> 
     </span>
    </p>
   </div>
   <div class='ocr_carea' id='block_1_12' title="bbox 441 1101 2016 1178">
    <p class='ocr_par' dir='ltr' id='par_1_12' title="bbox 441 1101 2016 1178">
     <span class='ocr_line' id='line_1_12' title="bbox 441 1101 2016 1178; baseline -0.001 -18"><span class='ocrx_word' id='word_1_78' title='bbox 441 1105 731 1178; x_wconf 62' lang='lat' dir='ltr'><strong>principali</strong></span> <span class='ocrx_word' id='word_1_79' title='bbox 787 1103 983 1159; x_wconf 84' lang='lat' dir='ltr'><strong>mentis</strong></span> <span class='ocrx_word' id='word_1_80' title='bbox 1039 1111 1292 1168; x_wconf 86' lang='lat' dir='ltr'><strong>tanquam</strong></span> <span class='ocrx_word' id='word_1_81' title='bbox 1338 1101 1404 1155; x_wconf 91' lang='lat' dir='ltr'><strong>de</strong></span> <span class='ocrx_word' id='word_1_82' title='bbox 1438 1103 1616 1171; x_wconf 89' lang='lat' dir='ltr'><strong>capite</strong></span> <span class='ocrx_word' id='word_1_83' title='bbox 1651 1103 2016 1172; x_wconf 89' lang='lat' dir='ltr'><strong>apostolorum</strong></span> 
     </span>
    </p>
   </div>
   <div class='ocr_carea' id='block_1_13' title="bbox 446 1193 2015 1270">
    <p class='ocr_par' dir='ltr' id='par_1_13' title="bbox 446 1193 2015 1270">
     <span class='ocr_line' id='line_1_13' title="bbox 446 1193 2015 1270; baseline -0.001 -18"><span class='ocrx_word' id='word_1_84' title='bbox 446 1199 911 1270; x_wconf 85' lang='lat' dir='ltr'><strong>producebantur,</strong></span> <span class='ocrx_word' id='word_1_85' title='bbox 955 1193 1180 1264; x_wconf 90' lang='lat' dir='ltr'><strong>capillos</strong></span> <span class='ocrx_word' id='word_1_86' title='bbox 1216 1195 1412 1263; x_wconf 88' lang='lat' dir='ltr'><strong>capitis</strong></span> <span class='ocrx_word' id='word_1_87' title='bbox 1451 1195 1758 1265; x_wconf 80' lang='lat' dir='ltr'><strong>appellavit.</strong></span> <span class='ocrx_word' id='word_1_88' title='bbox 1795 1195 1900 1252; x_wconf 90' lang='lat' dir='ltr'><strong>Sed</strong></span> <span class='ocrx_word' id='word_1_89' title='bbox 1961 1197 2015 1252; x_wconf 92' lang='lat' dir='ltr'><strong>in</strong></span> 
     </span>
    </p>
   </div>
   <div class='ocr_carea' id='block_1_14' title="bbox 440 1290 2017 1364">
    <p class='ocr_par' dir='ltr' id='par_1_14' title="bbox 440 1290 2017 1364">
     <span class='ocr_line' id='line_1_14' title="bbox 440 1290 2017 1364; baseline -0.003 -15"><span class='ocrx_word' id='word_1_90' title='bbox 440 1295 559 1350; x_wconf 64' lang='lat' dir='ltr'><strong>hac</strong></span> <span class='ocrx_word' id='word_1_91' title='bbox 597 1309 695 1364; x_wconf 91' lang='lat' dir='ltr'><strong>per</strong></span> <span class='ocrx_word' id='word_1_92' title='bbox 729 1307 1009 1348; x_wconf 80' lang='lat' dir='ltr'><strong>excessum</strong></span> <span class='ocrx_word' id='word_1_93' title='bbox 1058 1293 1344 1362; x_wconf 81' lang='lat' dir='ltr'><strong>quetndam</strong></span> <span class='ocrx_word' id='word_1_94' title='bbox 1379 1290 1717 1353; x_wconf 80' lang='lat' dir='ltr'><strong>devenimus,</strong></span> <span class='ocrx_word' id='word_1_95' title='bbox 1765 1305 1910 1344; x_wconf 92' lang='lat' dir='ltr'><strong>nunc</strong></span> <span class='ocrx_word' id='word_1_96' title='bbox 1949 1291 2017 1345; x_wconf 91' lang='lat' dir='ltr'><strong>ad</strong></span> 
     </span>
    </p>
   </div>
   <div class='ocr_carea' id='block_1_15' title="bbox 440 1387 1162 1458">
    <p class='ocr_par' dir='ltr' id='par_1_15' title="bbox 440 1387 1162 1458">
     <span class='ocr_line' id='line_1_15' title="bbox 440 1387 1162 1458; baseline -0.008 -16"><span class='ocrx_word' id='word_1_97' title='bbox 440 1387 776 1458; x_wconf 89' lang='lat' dir='ltr'><strong>propositum</strong></span> <span class='ocrx_word' id='word_1_98' title='bbox 803 1394 1162 1440; x_wconf 86' lang='lat' dir='ltr'><strong>revertamur.</strong></span> 
     </span>
    </p>
   </div>
   <div class='ocr_carea' id='block_1_16' title="bbox 508 1475 2014 1547">
    <p class='ocr_par' dir='ltr' id='par_1_16' title="bbox 508 1475 2014 1547">
     <span class='ocr_line' id='line_1_16' title="bbox 508 1475 2014 1547; baseline -0.001 -13"><span class='ocrx_word' id='word_1_99' title='bbox 508 1481 565 1534; x_wconf 74' lang='grc'><strong>2.</strong></span> <span class='ocrx_word' id='word_1_100' title='bbox 600 1498 619 1531; x_wconf 78' lang='grc' dir='ltr'><strong>ι</strong></span> <span class='ocrx_word' id='word_1_101' title='bbox 651 1479 716 1534; x_wconf 87' lang='grc' dir='ltr'>Ει</span> <span class='ocrx_word' id='word_1_102' title='bbox 739 1479 949 1534; x_wconf 90' lang='lat' dir='ltr'><strong>locutus</strong></span> <span class='ocrx_word' id='word_1_103' title='bbox 974 1488 1077 1541; x_wconf 87' lang='lat' dir='ltr'><strong>est,</strong></span> <span class='ocrx_word' id='word_1_104' title='bbox 1107 1477 1281 1547; x_wconf 85' lang='lat' dir='ltr'><strong>inquit</strong></span> <span class='ocrx_word' id='word_1_105' title='bbox 1306 1478 1375 1542; x_wconf 82' lang='lat'><strong>“,</strong></span> <span class='ocrx_word' id='word_1_106' title='bbox 1407 1476 1668 1534; x_wconf 88' lang='lat' dir='ltr'><strong>Dominus</strong></span> <span class='ocrx_word' id='word_1_107' title='bbox 1693 1475 1760 1531; x_wconf 91' lang='lat' dir='ltr'><strong>ad</strong></span> <span class='ocrx_word' id='word_1_108' title='bbox 1796 1475 2014 1547; x_wconf 86' lang='lat' dir='ltr'><strong>Moysen</strong></span> 
     </span>
    </p>
   </div>
   <div class='ocr_carea' id='block_1_17' title="bbox 442 1569 2016 1639">
    <p class='ocr_par' dir='ltr' id='par_1_17' title="bbox 442 1569 2016 1639">
     <span class='ocr_line' id='line_1_17' title="bbox 442 1569 2016 1639; baseline -0.002 -12"><span class='ocrx_word' id='word_1_109' title='bbox 442 1574 496 1628; x_wconf 91' lang='lat' dir='ltr'><strong>in</strong></span> <span class='ocrx_word' id='word_1_110' title='bbox 529 1574 742 1629; x_wconf 90' lang='lat' dir='ltr'><strong>deserto</strong></span> <span class='ocrx_word' id='word_1_111' title='bbox 781 1573 943 1627; x_wconf 91' lang='lat' dir='ltr'><strong>Sina:</strong></span> <span class='ocrx_word' id='word_1_112' title='bbox 976 1590 995 1622; x_wconf 74' lang='grc' dir='ltr'><strong>ι</strong></span> <span class='ocrx_word' id='word_1_113' title='bbox 1027 1569 1115 1623; x_wconf 89' lang='lat' dir='ltr'><strong>illa</strong></span> <span class='ocrx_word' id='word_1_114' title='bbox 1151 1569 1360 1624; x_wconf 85' lang='lat' dir='ltr'><strong>scilicet</strong></span> <span class='ocrx_word' id='word_1_115' title='bbox 1392 1569 1573 1624; x_wconf 89' lang='lat' dir='ltr'><strong>omnia</strong></span> <span class='ocrx_word' id='word_1_116' title='bbox 1604 1585 1724 1639; x_wconf 71' lang='lat' dir='ltr'><strong>qua:</strong></span> <span class='ocrx_word' id='word_1_117' title='bbox 1765 1569 2016 1638; x_wconf 88' lang='lat' dir='ltr'><strong>superius</strong></span> 
     </span>
    </p>
   </div>
   <div class='ocr_carea' id='block_1_18' title="bbox 438 1658 2015 1736">
    <p class='ocr_par' dir='ltr' id='par_1_18' title="bbox 438 1658 2015 1736">
     <span class='ocr_line' id='line_1_18' title="bbox 438 1658 2015 1736; baseline -0.005 -13"><span class='ocrx_word' id='word_1_118' title='bbox 438 1667 820 1736; x_wconf 88' lang='lat' dir='ltr'><strong>compendiosa</strong></span> <span class='ocrx_word' id='word_1_119' title='bbox 853 1666 1165 1722; x_wconf 84' lang='lat' dir='ltr'><strong>narratione</strong></span> <span class='ocrx_word' id='word_1_120' title='bbox 1191 1662 1725 1734; x_wconf 76' lang='lat' dir='ltr'><strong>comprehendimus,</strong></span> <span class='ocrx_word' id='word_1_121' title='bbox 1759 1658 1848 1715; x_wconf 86' lang='lat' dir='ltr'><strong>ubi</strong></span> <span class='ocrx_word' id='word_1_122' title='bbox 1877 1676 2015 1730; x_wconf 75' lang='lat' dir='ltr'><strong>pra:-</strong></span> 
     </span>
    </p>
   </div>
   <div class='ocr_carea' id='block_1_19' title="bbox 439 1754 2012 1829">
    <p class='ocr_par' dir='ltr' id='par_1_19' title="bbox 439 1754 2012 1829">
     <span class='ocr_line' id='line_1_19' title="bbox 439 1754 2012 1829; baseline -0.004 -15"><span class='ocrx_word' id='word_1_123' title='bbox 439 1760 637 1829; x_wconf 91' lang='lat' dir='ltr'><strong>cipitur</strong></span> <span class='ocrx_word' id='word_1_124' title='bbox 667 1757 941 1814; x_wconf 87' lang='lat' dir='ltr'><strong>numerari</strong></span> <span class='ocrx_word' id='word_1_125' title='bbox 970 1773 998 1811; x_wconf 94' lang='lat' dir='ltr'><strong>a</strong></span> <span class='ocrx_word' id='word_1_126' title='bbox 1029 1759 1214 1828; x_wconf 83' lang='lat' dir='ltr'><strong>viginti</strong></span> <span class='ocrx_word' id='word_1_127' title='bbox 1252 1757 1407 1810; x_wconf 89' lang='lat' dir='ltr'><strong>annis</strong></span> <span class='ocrx_word' id='word_1_128' title='bbox 1433 1764 1489 1811; x_wconf 93' lang='lat' dir='ltr'><strong>et</strong></span> <span class='ocrx_word' id='word_1_129' title='bbox 1524 1770 1684 1824; x_wconf 87' lang='lat' dir='ltr'><strong>supra</strong></span> <span class='ocrx_word' id='word_1_130' title='bbox 1721 1754 1897 1809; x_wconf 88' lang='lat' dir='ltr'><strong>omnis</strong></span> <span class='ocrx_word' id='word_1_131' title='bbox 1923 1755 2012 1823; x_wconf 93' lang='lat' dir='ltr'><strong>qui</strong></span> 
     </span>
    </p>
   </div>
   <div class='ocr_carea' id='block_1_20' title="bbox 439 1848 2011 1920">
    <p class='ocr_par' dir='ltr' id='par_1_20' title="bbox 439 1848 2011 1920">
     <span class='ocr_line' id='line_1_20' title="bbox 439 1848 2011 1920; baseline -0.004 -12"><span class='ocrx_word' id='word_1_132' title='bbox 439 1852 684 1920; x_wconf 83' lang='lat' dir='ltr'><strong>procedit</strong></span> <span class='ocrx_word' id='word_1_133' title='bbox 714 1851 765 1905; x_wconf 92' lang='lat' dir='ltr'><strong>in</strong></span> <span class='ocrx_word' id='word_1_134' title='bbox 798 1851 999 1906; x_wconf 89' lang='lat' dir='ltr'><strong>virtute</strong></span> <span class='ocrx_word' id='word_1_135' title='bbox 1026 1849 1211 1906; x_wconf 86' lang='lat' dir='ltr'><strong>Israel.</strong></span> <span class='ocrx_word' id='word_1_136' title='bbox 1246 1849 1304 1904; x_wconf 89' lang='lat' dir='ltr'><strong>Si</strong></span> <span class='ocrx_word' id='word_1_137' title='bbox 1331 1850 1453 1920; x_wconf 86' lang='lat' dir='ltr'><strong>quis</strong></span> <span class='ocrx_word' id='word_1_138' title='bbox 1502 1865 1632 1919; x_wconf 89' lang='lat' dir='ltr'><strong>ergo</strong></span> <span class='ocrx_word' id='word_1_139' title='bbox 1661 1848 1906 1917; x_wconf 83' lang='lat' dir='ltr'><strong>procedit</strong></span> <span class='ocrx_word' id='word_1_140' title='bbox 1958 1849 2011 1903; x_wconf 91' lang='lat' dir='ltr'><strong>in</strong></span> 
     </span>
    </p>
   </div>
   <div class='ocr_carea' id='block_1_21' title="bbox 437 1941 2013 2014">
    <p class='ocr_par' dir='ltr' id='par_1_21' title="bbox 437 1941 2013 2014">
     <span class='ocr_line' id='line_1_21' title="bbox 437 1941 2013 2014; baseline -0.003 -15"><span class='ocrx_word' id='word_1_141' title='bbox 437 1948 656 2010; x_wconf 84' lang='lat' dir='ltr'><strong>virtute,</strong></span> <span class='ocrx_word' id='word_1_142' title='bbox 689 1947 802 2014; x_wconf 88' lang='lat' dir='ltr'><strong>ipse</strong></span> <span class='ocrx_word' id='word_1_143' title='bbox 835 1954 1174 2007; x_wconf 88' lang='lat' dir='ltr'><strong>numeratur,</strong></span> <span class='ocrx_word' id='word_1_144' title='bbox 1204 1953 1258 1998; x_wconf 85' lang='lat' dir='ltr'><strong>et</strong></span> <span class='ocrx_word' id='word_1_145' title='bbox 1285 1959 1390 1999; x_wconf 93' lang='lat' dir='ltr'><strong>non</strong></span> <span class='ocrx_word' id='word_1_146' title='bbox 1423 1941 1474 1996; x_wconf 93' lang='lat' dir='ltr'><strong>in</strong></span> <span class='ocrx_word' id='word_1_147' title='bbox 1505 1941 1872 2012; x_wconf 83' lang='lat' dir='ltr'><strong>qualicunque</strong></span> <span class='ocrx_word' id='word_1_148' title='bbox 1903 1941 2013 1995; x_wconf 89' lang='lat' dir='ltr'><strong>vir-</strong></span> 
     </span>
    </p>
   </div>
   <div class='ocr_carea' id='block_1_22' title="bbox 437 2033 2009 2107">
    <p class='ocr_par' dir='ltr' id='par_1_22' title="bbox 437 2033 2009 2107">
     <span class='ocr_line' id='line_1_22' title="bbox 437 2033 2009 2107; baseline -0.004 -15"><span class='ocrx_word' id='word_1_149' title='bbox 437 2047 572 2100; x_wconf 88' lang='lat' dir='ltr'><strong>tute,</strong></span> <span class='ocrx_word' id='word_1_150' title='bbox 616 2038 667 2091; x_wconf 94' lang='lat' dir='ltr'><strong>id</strong></span> <span class='ocrx_word' id='word_1_151' title='bbox 705 2045 811 2103; x_wconf 84' lang='lat' dir='ltr'><strong>est,</strong></span> <span class='ocrx_word' id='word_1_152' title='bbox 839 2051 946 2091; x_wconf 90' lang='lat' dir='ltr'><strong>non</strong></span> <span class='ocrx_word' id='word_1_153' title='bbox 978 2036 1030 2090; x_wconf 91' lang='lat' dir='ltr'><strong>in</strong></span> <span class='ocrx_word' id='word_1_154' title='bbox 1065 2035 1444 2107; x_wconf 66' lang='lat' dir='ltr'><strong>IEgyptiorum</strong></span> <span class='ocrx_word' id='word_1_155' title='bbox 1469 2035 1698 2098; x_wconf 81' lang='lat' dir='ltr'><strong>virtute,</strong></span> <span class='ocrx_word' id='word_1_156' title='bbox 1733 2047 1908 2102; x_wconf 91' lang='lat' dir='ltr'><strong>neque</strong></span> <span class='ocrx_word' id='word_1_157' title='bbox 1955 2033 2009 2087; x_wconf 92' lang='lat' dir='ltr'><strong>in</strong></span> 
     </span>
    </p>
   </div>
   <div class='ocr_carea' id='block_1_23' title="bbox 434 2122 2014 2199">
    <p class='ocr_par' dir='ltr' id='par_1_23' title="bbox 434 2122 2014 2199">
     <span class='ocr_line' id='line_1_23' title="bbox 434 2122 2014 2199; baseline -0.003 -16"><span class='ocrx_word' id='word_1_158' title='bbox 434 2128 804 2199; x_wconf 81' lang='lat' dir='ltr'><strong>Assyriorum,</strong></span> <span class='ocrx_word' id='word_1_159' title='bbox 832 2141 1004 2195; x_wconf 91' lang='lat' dir='ltr'><strong>neque</strong></span> <span class='ocrx_word' id='word_1_160' title='bbox 1061 2126 1115 2180; x_wconf 94' lang='lat' dir='ltr'><strong>in</strong></span> <span class='ocrx_word' id='word_1_161' title='bbox 1171 2126 1506 2189; x_wconf 68' lang='lat' dir='ltr'><strong>Graecorum,</strong></span> <span class='ocrx_word' id='word_1_162' title='bbox 1560 2125 1652 2177; x_wconf 93' lang='lat' dir='ltr'><strong>sed</strong></span> <span class='ocrx_word' id='word_1_163' title='bbox 1699 2122 1751 2176; x_wconf 91' lang='lat' dir='ltr'><strong>in</strong></span> <span class='ocrx_word' id='word_1_164' title='bbox 1806 2123 2014 2178; x_wconf 87' lang='lat' dir='ltr'><strong>virtute</strong></span> 
     </span>
    </p>
   </div>
   <div class='ocr_carea' id='block_1_24' title="bbox 435 2215 2012 2289">
    <p class='ocr_par' dir='ltr' id='par_1_24' title="bbox 435 2215 2012 2289">
     <span class='ocr_line' id='line_1_24' title="bbox 435 2215 2012 2289; baseline -0.003 -15"><span class='ocrx_word' id='word_1_165' title='bbox 435 2216 620 2286; x_wconf 82' lang='lat' dir='ltr'><strong>Israel,</strong></span> <span class='ocrx_word' id='word_1_166' title='bbox 649 2221 760 2289; x_wconf 91' lang='lat' dir='ltr'><strong>ipse</strong></span> <span class='ocrx_word' id='word_1_167' title='bbox 789 2229 1106 2274; x_wconf 90' lang='lat' dir='ltr'><strong>numeratur</strong></span> <span class='ocrx_word' id='word_1_168' title='bbox 1131 2219 1270 2288; x_wconf 89' lang='lat' dir='ltr'><strong>apud</strong></span> <span class='ocrx_word' id='word_1_169' title='bbox 1308 2217 1498 2272; x_wconf 90' lang='lat' dir='ltr'><strong>Deum.</strong></span> <span class='ocrx_word' id='word_1_170' title='bbox 1531 2215 1628 2271; x_wconf 89' lang='lat' dir='ltr'><strong>Est</strong></span> <span class='ocrx_word' id='word_1_171' title='bbox 1657 2215 1802 2270; x_wconf 92' lang='lat' dir='ltr'><strong>enim</strong></span> <span class='ocrx_word' id='word_1_172' title='bbox 1839 2216 2012 2270; x_wconf 89' lang='lat' dir='ltr'><strong>virtus</strong></span> 
     </span>
    </p>
   </div>
   <div class='ocr_carea' id='block_1_25' title="bbox 436 2310 2011 2384">
    <p class='ocr_par' dir='ltr' id='par_1_25' title="bbox 436 2310 2011 2384">
     <span class='ocr_line' id='line_1_25' title="bbox 436 2310 2011 2384; baseline -0.004 -14"><span class='ocrx_word' id='word_1_173' title='bbox 436 2316 625 2380; x_wconf 87' lang='lat' dir='ltr'><strong>animi,</strong></span> <span class='ocrx_word' id='word_1_174' title='bbox 650 2330 813 2384; x_wconf 91' lang='lat' dir='ltr'><strong>quam</strong></span> <span class='ocrx_word' id='word_1_175' title='bbox 837 2313 1150 2368; x_wconf 64' lang='lat' dir='ltr'><strong>Graecorum</strong></span> <span class='ocrx_word' id='word_1_176' title='bbox 1178 2311 1485 2382; x_wconf 86' lang='lat' dir='ltr'><strong>philosophi</strong></span> <span class='ocrx_word' id='word_1_177' title='bbox 1516 2313 1734 2366; x_wconf 91' lang='lat' dir='ltr'><strong>docent.</strong></span> <span class='ocrx_word' id='word_1_178' title='bbox 1767 2310 1872 2366; x_wconf 88' lang='lat' dir='ltr'><strong>Sed</strong></span> <span class='ocrx_word' id='word_1_179' title='bbox 1897 2313 2011 2365; x_wconf 65' lang='lat' dir='ltr'><strong>haec</strong></span> 
     </span>
    </p>
   </div>
   <div class='ocr_carea' id='block_1_26' title="bbox 438 2401 2006 2478">
    <p class='ocr_par' dir='ltr' id='par_1_26' title="bbox 438 2401 2006 2478">
     <span class='ocr_line' id='line_1_26' title="bbox 438 2401 2006 2478; baseline -0.004 -15"><span class='ocrx_word' id='word_1_180' title='bbox 438 2423 545 2463; x_wconf 91' lang='lat' dir='ltr'><strong>non</strong></span> <span class='ocrx_word' id='word_1_181' title='bbox 577 2407 811 2478; x_wconf 80' lang='lat' dir='ltr'><strong>pertinet</strong></span> <span class='ocrx_word' id='word_1_182' title='bbox 845 2405 910 2460; x_wconf 93' lang='lat' dir='ltr'><strong>ad</strong></span> <span class='ocrx_word' id='word_1_183' title='bbox 943 2419 1226 2459; x_wconf 88' lang='lat' dir='ltr'><strong>numerum</strong></span> <span class='ocrx_word' id='word_1_184' title='bbox 1258 2403 1377 2457; x_wconf 90' lang='lat' dir='ltr'><strong>Dei.</strong></span> <span class='ocrx_word' id='word_1_185' title='bbox 1420 2401 1536 2456; x_wconf 88' lang='lat' dir='ltr'><strong>Non</strong></span> <span class='ocrx_word' id='word_1_186' title='bbox 1564 2403 1708 2456; x_wconf 90' lang='lat' dir='ltr'><strong>enim</strong></span> <span class='ocrx_word' id='word_1_187' title='bbox 1749 2417 1847 2470; x_wconf 92' lang='lat' dir='ltr'><strong>pro</strong></span> <span class='ocrx_word' id='word_1_188' title='bbox 1877 2403 2006 2466; x_wconf 92' lang='lat' dir='ltr'><strong>Deo,</strong></span> 
     </span>
    </p>
   </div>
   <div class='ocr_carea' id='block_1_27' title="bbox 435 2494 2008 2569">
    <p class='ocr_par' dir='ltr' id='par_1_27' title="bbox 435 2494 2008 2569">
     <span class='ocr_line' id='line_1_27' title="bbox 435 2494 2008 2569; baseline -0.004 -14"><span class='ocrx_word' id='word_1_189' title='bbox 435 2501 528 2555; x_wconf 84' lang='lat' dir='ltr'><strong>sed</strong></span> <span class='ocrx_word' id='word_1_190' title='bbox 553 2513 650 2569; x_wconf 91' lang='lat' dir='ltr'><strong>pro</strong></span> <span class='ocrx_word' id='word_1_191' title='bbox 670 2497 842 2567; x_wconf 79' lang='lat' dir='ltr'><strong>gloria</strong></span> <span class='ocrx_word' id='word_1_192' title='bbox 859 2507 1148 2553; x_wconf 87' lang='lat' dir='ltr'><strong>exercetur</strong></span> <span class='ocrx_word' id='word_1_193' title='bbox 1177 2496 1434 2550; x_wconf 92' lang='lat' dir='ltr'><strong>humana.</strong></span> <span class='ocrx_word' id='word_1_194' title='bbox 1463 2494 1556 2549; x_wconf 89' lang='lat' dir='ltr'><strong>Est</strong></span> <span class='ocrx_word' id='word_1_195' title='bbox 1586 2503 1640 2549; x_wconf 91' lang='lat' dir='ltr'><strong>et</strong></span> <span class='ocrx_word' id='word_1_196' title='bbox 1661 2495 2008 2565; x_wconf 78' lang='lat' dir='ltr'><strong>Assyriorum</strong></span> 
     </span>
    </p>
   </div>
   <div class='ocr_carea' id='block_1_28' title="bbox 437 2587 2010 2658">
    <p class='ocr_par' dir='ltr' id='par_1_28' title="bbox 437 2587 2010 2658">
     <span class='ocr_line' id='line_1_28' title="bbox 437 2587 2010 2658; baseline -0.001 -14"><span class='ocrx_word' id='word_1_197' title='bbox 437 2591 632 2654; x_wconf 88' lang='lat' dir='ltr'><strong>virtus,</strong></span> <span class='ocrx_word' id='word_1_198' title='bbox 664 2598 751 2645; x_wconf 88' lang='lat' dir='ltr'><strong>est</strong></span> <span class='ocrx_word' id='word_1_199' title='bbox 790 2589 1190 2652; x_wconf 66' lang='lat' dir='ltr'><strong>Chaldaeorum,</strong></span> <span class='ocrx_word' id='word_1_200' title='bbox 1217 2604 1338 2658; x_wconf 73' lang='lat' dir='ltr'><strong>qua:</strong></span> <span class='ocrx_word' id='word_1_201' title='bbox 1373 2588 1426 2641; x_wconf 87' lang='lat' dir='ltr'><strong>in</strong></span> <span class='ocrx_word' id='word_1_202' title='bbox 1469 2587 1775 2658; x_wconf 58' lang='lat' dir='ltr'><strong>astrologia!</strong></span> <span class='ocrx_word' id='word_1_203' title='bbox 1817 2587 2010 2643; x_wconf 89' lang='lat' dir='ltr'><strong>studiis</strong></span> 
     </span>
    </p>
   </div>
   <div class='ocr_carea' id='block_1_29' title="bbox 435 2679 2011 2754">
    <p class='ocr_par' dir='ltr' id='par_1_29' title="bbox 435 2679 2011 2754">
     <span class='ocr_line' id='line_1_29' title="bbox 435 2679 2011 2754; baseline -0.003 -16"><span class='ocrx_word' id='word_1_204' title='bbox 435 2683 780 2754; x_wconf 57' lang='lat' dir='ltr'><strong>praedicatur.</strong></span> <span class='ocrx_word' id='word_1_205' title='bbox 824 2680 931 2738; x_wconf 90' lang='lat' dir='ltr'><strong>Sed</strong></span> <span class='ocrx_word' id='word_1_206' title='bbox 967 2697 1072 2736; x_wconf 90' lang='lat' dir='ltr'><strong>non</strong></span> <span class='ocrx_word' id='word_1_207' title='bbox 1117 2690 1203 2736; x_wconf 91' lang='lat' dir='ltr'><strong>est</strong></span> <span class='ocrx_word' id='word_1_208' title='bbox 1233 2680 1334 2734; x_wconf 90' lang='lat' dir='ltr'><strong>ista</strong></span> <span class='ocrx_word' id='word_1_209' title='bbox 1366 2679 1541 2733; x_wconf 89' lang='lat' dir='ltr'><strong>virtus</strong></span> <span class='ocrx_word' id='word_1_210' title='bbox 1582 2679 1902 2744; x_wconf 84' lang='lat' dir='ltr'><strong>Israelitica,</strong></span> <span class='ocrx_word' id='word_1_211' title='bbox 1955 2687 2011 2734; x_wconf 91' lang='lat' dir='ltr'><strong>et</strong></span> 
     </span>
    </p>
   </div>
   <div class='ocr_carea' id='block_1_30' title="bbox 435 2770 2010 2844">
    <p class='ocr_par' dir='ltr' id='par_1_30' title="bbox 435 2770 2010 2844">
     <span class='ocr_line' id='line_1_30' title="bbox 435 2770 2010 2844; baseline -0.004 -12"><span class='ocrx_word' id='word_1_212' title='bbox 435 2775 559 2832; x_wconf 89' lang='lat' dir='ltr'><strong>ideo</strong></span> <span class='ocrx_word' id='word_1_213' title='bbox 589 2790 693 2830; x_wconf 92' lang='lat' dir='ltr'><strong>non</strong></span> <span class='ocrx_word' id='word_1_214' title='bbox 719 2775 950 2844; x_wconf 88' lang='lat' dir='ltr'><strong>pertinet</strong></span> <span class='ocrx_word' id='word_1_215' title='bbox 979 2773 1045 2827; x_wconf 89' lang='lat' dir='ltr'><strong>ad</strong></span> <span class='ocrx_word' id='word_1_216' title='bbox 1068 2773 1256 2828; x_wconf 90' lang='lat' dir='ltr'><strong>Deum.</strong></span> <span class='ocrx_word' id='word_1_217' title='bbox 1288 2771 1384 2826; x_wconf 88' lang='lat' dir='ltr'><strong>Est</strong></span> <span class='ocrx_word' id='word_1_218' title='bbox 1413 2781 1466 2826; x_wconf 91' lang='lat' dir='ltr'><strong>et</strong></span> <span class='ocrx_word' id='word_1_219' title='bbox 1487 2770 1870 2844; x_wconf 59' lang='lat' dir='ltr'><strong>[Egyptiorum</strong></span> <span class='ocrx_word' id='word_1_220' title='bbox 1903 2771 2010 2826; x_wconf 82' lang='lat' dir='ltr'><strong>vir-</strong></span> 
     </span>
    </p>
   </div>
   <div class='ocr_carea' id='block_1_31' title="bbox 436 2862 2008 2935">
    <p class='ocr_par' dir='ltr' id='par_1_31' title="bbox 436 2862 2008 2935">
     <span class='ocr_line' id='line_1_31' title="bbox 436 2862 2008 2935; baseline -0.004 -13"><span class='ocrx_word' id='word_1_221' title='bbox 436 2877 525 2922; x_wconf 90' lang='lat' dir='ltr'><strong>tus</strong></span> <span class='ocrx_word' id='word_1_222' title='bbox 557 2868 611 2922; x_wconf 94' lang='lat' dir='ltr'><strong>in</strong></span> <span class='ocrx_word' id='word_1_223' title='bbox 638 2881 703 2922; x_wconf 90' lang='lat' dir='ltr'><strong>ea</strong></span> <span class='ocrx_word' id='word_1_224' title='bbox 751 2881 912 2935; x_wconf 87' lang='lat' dir='ltr'><strong>quant</strong></span> <span class='ocrx_word' id='word_1_225' title='bbox 942 2865 1128 2919; x_wconf 92' lang='lat' dir='ltr'><strong>dicunt</strong></span> <span class='ocrx_word' id='word_1_226' title='bbox 1178 2872 1390 2918; x_wconf 89' lang='lat' dir='ltr'><strong>secreta</strong></span> <span class='ocrx_word' id='word_1_227' title='bbox 1428 2863 1718 2930; x_wconf 82' lang='lat' dir='ltr'><strong>sapientia,</strong></span> <span class='ocrx_word' id='word_1_228' title='bbox 1753 2863 1849 2917; x_wconf 91' lang='lat' dir='ltr'><strong>sed</strong></span> <span class='ocrx_word' id='word_1_229' title='bbox 1893 2862 2008 2916; x_wconf 66' lang='lat' dir='ltr'><strong>haec</strong></span> 
     </span>
    </p>
   </div>
   <div class='ocr_carea' id='block_1_32' title="bbox 434 2953 2007 3028">
    <p class='ocr_par' dir='ltr' id='par_1_32' title="bbox 434 2953 2007 3028">
     <span class='ocr_line' id='line_1_32' title="bbox 434 2953 2007 3028; baseline -0.006 -12"><span class='ocrx_word' id='word_1_230' title='bbox 434 2975 541 3016; x_wconf 89' lang='lat' dir='ltr'><strong>non</strong></span> <span class='ocrx_word' id='word_1_231' title='bbox 571 2959 878 3028; x_wconf 86' lang='lat' dir='ltr'><strong>adjungitur</strong></span> <span class='ocrx_word' id='word_1_232' title='bbox 921 2957 987 3012; x_wconf 87' lang='lat' dir='ltr'><strong>ad</strong></span> <span class='ocrx_word' id='word_1_233' title='bbox 1011 2955 1279 3010; x_wconf 88' lang='lat' dir='ltr'><strong>calculum</strong></span> <span class='ocrx_word' id='word_1_234' title='bbox 1323 2955 1441 3010; x_wconf 92' lang='lat' dir='ltr'><strong>Dei.</strong></span> <span class='ocrx_word' id='word_1_235' title='bbox 1485 2953 1613 3009; x_wconf 90' lang='lat' dir='ltr'><strong>Sola</strong></span> <span class='ocrx_word' id='word_1_236' title='bbox 1667 2955 1810 3023; x_wconf 89' lang='lat' dir='ltr'><strong>apud</strong></span> <span class='ocrx_word' id='word_1_237' title='bbox 1840 2953 2007 3008; x_wconf 91' lang='lat' dir='ltr'><strong>Deum</strong></span> 
     </span>
    </p>
   </div>
   <div class='ocr_carea' id='block_1_33' title="bbox 2127 457 3713 530">
    <p class='ocr_par' dir='ltr' id='par_1_33' title="bbox 2127 457 3713 530">
     <span class='ocr_line' id='line_1_33' title="bbox 2127 457 3713 530; baseline 0.004 -19"><span class='ocrx_word' id='word_1_238' title='bbox 2127 469 2259 528; x_wconf 90' lang='lat' dir='ltr'><strong>quot</strong></span> <span class='ocrx_word' id='word_1_239' title='bbox 2291 457 2496 527; x_wconf 75' lang='lat' dir='ltr'><strong>prmliis</strong></span> <span class='ocrx_word' id='word_1_240' title='bbox 2532 460 2876 530; x_wconf 87' lang='lat' dir='ltr'><strong>pugnandum</strong></span> <span class='ocrx_word' id='word_1_241' title='bbox 2909 460 3002 513; x_wconf 93' lang='lat' dir='ltr'><strong>tibi</strong></span> <span class='ocrx_word' id='word_1_242' title='bbox 3053 470 3136 514; x_wconf 82' lang='lat' dir='ltr'><strong>est</strong></span> <span class='ocrx_word' id='word_1_243' title='bbox 3171 475 3224 516; x_wconf 91' lang='lat' dir='ltr'><strong>et</strong></span> <span class='ocrx_word' id='word_1_244' title='bbox 3253 465 3609 530; x_wconf 86' lang='lat' dir='ltr'><strong>vincendum,</strong></span> <span class='ocrx_word' id='word_1_245' title='bbox 3652 474 3713 518; x_wconf 90' lang='lat' dir='ltr'><strong>ut</strong></span> 
     </span>
    </p>
   </div>
   <div class='ocr_carea' id='block_1_34' title="bbox 2127 553 3711 627">
    <p class='ocr_par' dir='ltr' id='par_1_34' title="bbox 2127 553 3711 627">
     <span class='ocr_line' id='line_1_34' title="bbox 2127 553 3711 627; baseline 0.003 -22"><span class='ocrx_word' id='word_1_246' title='bbox 2127 553 2302 621; x_wconf 90' lang='lat' dir='ltr'><strong>possis</strong></span> <span class='ocrx_word' id='word_1_247' title='bbox 2339 553 2404 606; x_wconf 90' lang='lat' dir='ltr'><strong>ad</strong></span> <span class='ocrx_word' id='word_1_248' title='bbox 2435 553 2679 606; x_wconf 89' lang='lat' dir='ltr'><strong>divinum</strong></span> <span class='ocrx_word' id='word_1_249' title='bbox 2727 567 3013 608; x_wconf 89' lang='lat' dir='ltr'><strong>numerum</strong></span> <span class='ocrx_word' id='word_1_250' title='bbox 3058 557 3332 624; x_wconf 90' lang='lat' dir='ltr'><strong>pertinere</strong></span> <span class='ocrx_word' id='word_1_251' title='bbox 3365 557 3502 627; x_wconf 77' lang='lat'><strong>(53),</strong></span> <span class='ocrx_word' id='word_1_252' title='bbox 3556 565 3618 611; x_wconf 91' lang='grc' dir='ltr'><strong>ιιι</strong></span> <span class='ocrx_word' id='word_1_253' title='bbox 3657 557 3711 610; x_wconf 90' lang='lat' dir='ltr'><strong>in</strong></span> 
     </span>
    </p>
   </div>
   <div class='ocr_carea' id='block_1_35' title="bbox 2125 645 3710 718">
    <p class='ocr_par' dir='ltr' id='par_1_35' title="bbox 2125 645 3710 718">
     <span class='ocr_line' id='line_1_35' title="bbox 2125 645 3710 718; baseline 0.001 -18"><span class='ocrx_word' id='word_1_254' title='bbox 2125 654 2378 714; x_wconf 90' lang='lat' dir='ltr'><strong>computo</strong></span> <span class='ocrx_word' id='word_1_255' title='bbox 2400 645 2581 714; x_wconf 82' lang='lat' dir='ltr'><strong>aliquo</strong></span> <span class='ocrx_word' id='word_1_256' title='bbox 2618 647 2871 702; x_wconf 85' lang='lat' dir='ltr'><strong>habearis</strong></span> <span class='ocrx_word' id='word_1_257' title='bbox 2894 651 3034 718; x_wconf 91' lang='lat' dir='ltr'><strong>apud</strong></span> <span class='ocrx_word' id='word_1_258' title='bbox 3073 648 3265 713; x_wconf 86' lang='lat' dir='ltr'><strong>Deum,</strong></span> <span class='ocrx_word' id='word_1_259' title='bbox 3307 660 3365 704; x_wconf 87' lang='grc' dir='ltr'><strong>ιιι</strong></span> <span class='ocrx_word' id='word_1_260' title='bbox 3403 650 3554 705; x_wconf 90' lang='lat' dir='ltr'><strong>inter</strong></span> <span class='ocrx_word' id='word_1_261' title='bbox 3575 663 3710 704; x_wconf 86' lang='lat' dir='ltr'><strong>san-</strong></span> 
     </span>
    </p>
   </div>
   <div class='ocr_carea' id='block_1_36' title="bbox 2125 739 3710 810">
    <p class='ocr_par' dir='ltr' id='par_1_36' title="bbox 2125 739 3710 810">
     <span class='ocr_line' id='line_1_36' title="bbox 2125 739 3710 810; baseline 0.003 -18"><span class='ocrx_word' id='word_1_262' title='bbox 2125 747 2242 793; x_wconf 90' lang='lat' dir='ltr'><strong>ctas</strong></span> <span class='ocrx_word' id='word_1_263' title='bbox 2278 739 2450 793; x_wconf 91' lang='lat' dir='ltr'><strong>tribus</strong></span> <span class='ocrx_word' id='word_1_264' title='bbox 2484 739 2828 793; x_wconf 87' lang='lat' dir='ltr'><strong>adnumerari</strong></span> <span class='ocrx_word' id='word_1_265' title='bbox 2868 741 3060 810; x_wconf 88' lang='lat' dir='ltr'><strong>dignus</strong></span> <span class='ocrx_word' id='word_1_266' title='bbox 3095 742 3369 808; x_wconf 88' lang='lat' dir='ltr'><strong>habearis,</strong></span> <span class='ocrx_word' id='word_1_267' title='bbox 3401 753 3461 798; x_wconf 92' lang='lat' dir='ltr'><strong>ut</strong></span> <span class='ocrx_word' id='word_1_268' title='bbox 3487 742 3710 798; x_wconf 90' lang='lat' dir='ltr'><strong>visitari</strong></span> 
     </span>
    </p>
   </div>
   <div class='ocr_carea' id='block_1_37' title="bbox 2124 829 3710 902">
    <p class='ocr_par' dir='ltr' id='par_1_37' title="bbox 2124 829 3710 902">
     <span class='ocr_line' id='line_1_37' title="bbox 2124 829 3710 902; baseline 0.003 -21"><span class='ocrx_word' id='word_1_269' title='bbox 2124 831 2325 897; x_wconf 89' lang='lat' dir='ltr'><strong>possis,</strong></span> <span class='ocrx_word' id='word_1_270' title='bbox 2355 839 2409 884; x_wconf 90' lang='lat' dir='ltr'><strong>et</strong></span> <span class='ocrx_word' id='word_1_271' title='bbox 2449 845 2544 898; x_wconf 92' lang='lat' dir='ltr'><strong>per</strong></span> <span class='ocrx_word' id='word_1_272' title='bbox 2575 829 2666 884; x_wconf 93' lang='lat' dir='ltr'><strong>Dei</strong></span> <span class='ocrx_word' id='word_1_273' title='bbox 2701 830 3012 884; x_wconf 88' lang='lat' dir='ltr'><strong>sacerdotes</strong></span> <span class='ocrx_word' id='word_1_274' title='bbox 3039 830 3217 885; x_wconf 86' lang='lat' dir='ltr'><strong>Aaron</strong></span> <span class='ocrx_word' id='word_1_275' title='bbox 3257 841 3312 886; x_wconf 85' lang='lat' dir='ltr'><strong>et</strong></span> <span class='ocrx_word' id='word_1_276' title='bbox 3343 831 3564 902; x_wconf 77' lang='lat' dir='ltr'><strong>Moysen</strong></span> <span class='ocrx_word' id='word_1_277' title='bbox 3603 849 3710 886; x_wconf 86' lang='lat' dir='ltr'><strong>nu-</strong></span> 
     </span>
    </p>
   </div>
   <div class='ocr_carea' id='block_1_38' title="bbox 2125 919 3714 992">
    <p class='ocr_par' dir='ltr' id='par_1_38' title="bbox 2125 919 3714 992">
     <span class='ocr_line' id='line_1_38' title="bbox 2125 919 3714 992; baseline 0.002 -20"><span class='ocrx_word' id='word_1_278' title='bbox 2125 935 2397 974; x_wconf 88' lang='lat' dir='ltr'><strong>merorum</strong></span> <span class='ocrx_word' id='word_1_279' title='bbox 2421 922 2678 975; x_wconf 90' lang='lat' dir='ltr'><strong>censibus</strong></span> <span class='ocrx_word' id='word_1_280' title='bbox 2703 919 2922 974; x_wconf 87' lang='lat' dir='ltr'><strong>ascribi.</strong></span> <span class='ocrx_word' id='word_1_281' title='bbox 2958 919 3314 992; x_wconf 90' lang='lat' dir='ltr'><strong>Suscipienda</strong></span> <span class='ocrx_word' id='word_1_282' title='bbox 3354 923 3449 976; x_wconf 90' lang='lat' dir='ltr'><strong>tibi</strong></span> <span class='ocrx_word' id='word_1_283' title='bbox 3474 932 3560 976; x_wconf 90' lang='lat' dir='ltr'><strong>est</strong></span> <span class='ocrx_word' id='word_1_284' title='bbox 3595 923 3714 991; x_wconf 82' lang='lat' dir='ltr'><strong>pri-</strong></span> 
     </span>
    </p>
   </div>
   <div class='ocr_carea' id='block_1_39' title="bbox 2125 1011 3706 1083">
    <p class='ocr_par' dir='ltr' id='par_1_39' title="bbox 2125 1011 3706 1083">
     <span class='ocr_line' id='line_1_39' title="bbox 2125 1011 3706 1083; baseline 0 -18"><span class='ocrx_word' id='word_1_285' title='bbox 2125 1028 2212 1066; x_wconf 91' lang='lat' dir='ltr'><strong>mo</strong></span> <span class='ocrx_word' id='word_1_286' title='bbox 2251 1011 2333 1067; x_wconf 87' lang='lat' dir='ltr'><strong>lex</strong></span> <span class='ocrx_word' id='word_1_287' title='bbox 2356 1012 2474 1079; x_wconf 92' lang='lat' dir='ltr'><strong>Dei,</strong></span> <span class='ocrx_word' id='word_1_288' title='bbox 2504 1013 2588 1068; x_wconf 89' lang='lat' dir='ltr'><strong>lex</strong></span> <span class='ocrx_word' id='word_1_289' title='bbox 2619 1013 2854 1083; x_wconf 87' lang='lat' dir='ltr'><strong>Spiritus</strong></span> <span class='ocrx_word' id='word_1_290' title='bbox 2871 1016 3069 1076; x_wconf 90' lang='lat' dir='ltr'><strong>sancti,</strong></span> <span class='ocrx_word' id='word_1_291' title='bbox 3098 1015 3376 1070; x_wconf 75' lang='lat' dir='ltr'><strong>oﬂ‘erenda</strong></span> <span class='ocrx_word' id='word_1_292' title='bbox 3403 1016 3706 1082; x_wconf 80' lang='lat' dir='ltr'><strong>sacriﬁcia,</strong></span> 
     </span>
    </p>
   </div>
   <div class='ocr_carea' id='block_1_40' title="bbox 2122 1105 3706 1182">
    <p class='ocr_par' dir='ltr' id='par_1_40' title="bbox 2122 1105 3706 1182">
     <span class='ocr_line' id='line_1_40' title="bbox 2122 1105 3706 1182; baseline 0.001 -22"><span class='ocrx_word' id='word_1_293' title='bbox 2122 1105 2399 1174; x_wconf 69' lang='lat' dir='ltr'><strong>explenda:</strong></span> <span class='ocrx_word' id='word_1_294' title='bbox 2429 1107 2858 1176; x_wconf 83' lang='lat' dir='ltr'><strong>purificationes,</strong></span> <span class='ocrx_word' id='word_1_295' title='bbox 2901 1111 3204 1182; x_wconf 81' lang='lat' dir='ltr'><strong>peragenda</strong></span> <span class='ocrx_word' id='word_1_296' title='bbox 3240 1117 3431 1163; x_wconf 90' lang='lat' dir='ltr'><strong>cuncta</strong></span> <span class='ocrx_word' id='word_1_297' title='bbox 3463 1123 3587 1178; x_wconf 74' lang='lat' dir='ltr'><strong>qua:</strong></span> <span class='ocrx_word' id='word_1_298' title='bbox 3616 1108 3706 1161; x_wconf 87' lang='lat' dir='ltr'><strong>lex</strong></span> 
     </span>
    </p>
   </div>
   <div class='ocr_carea' id='block_1_41' title="bbox 2120 1197 3706 1272">
    <p class='ocr_par' dir='ltr' id='par_1_41' title="bbox 2120 1197 3706 1272">
     <span class='ocr_line' id='line_1_41' title="bbox 2120 1197 3706 1272; baseline 0 -20"><span class='ocrx_word' id='word_1_299' title='bbox 2120 1197 2348 1270; x_wconf 87' lang='lat' dir='ltr'><strong>spiritus</strong></span> <span class='ocrx_word' id='word_1_300' title='bbox 2377 1197 2552 1262; x_wconf 90' lang='lat' dir='ltr'><strong>docet,</strong></span> <span class='ocrx_word' id='word_1_301' title='bbox 2594 1209 2646 1252; x_wconf 94' lang='lat' dir='ltr'><strong>ut</strong></span> <span class='ocrx_word' id='word_1_302' title='bbox 2678 1200 2852 1268; x_wconf 91' lang='lat' dir='ltr'><strong>possis</strong></span> <span class='ocrx_word' id='word_1_303' title='bbox 2882 1202 3172 1272; x_wconf 79' lang='lat' dir='ltr'><strong>aliquando</strong></span> <span class='ocrx_word' id='word_1_304' title='bbox 3222 1202 3290 1255; x_wconf 91' lang='lat' dir='ltr'><strong>ad</strong></span> <span class='ocrx_word' id='word_1_305' title='bbox 3338 1199 3706 1255; x_wconf 88' lang='lat' dir='ltr'><strong>lsraeliticum</strong></span> 
     </span>
    </p>
   </div>
   <div class='ocr_carea' id='block_1_42' title="bbox 2120 1293 2883 1364">
    <p class='ocr_par' dir='ltr' id='par_1_42' title="bbox 2120 1293 2883 1364">
     <span class='ocr_line' id='line_1_42' title="bbox 2120 1293 2883 1364; baseline 0.008 -22"><span class='ocrx_word' id='word_1_306' title='bbox 2120 1305 2408 1344; x_wconf 89' lang='lat' dir='ltr'><strong>numerum</strong></span> <span class='ocrx_word' id='word_1_307' title='bbox 2440 1295 2714 1360; x_wconf 87' lang='lat' dir='ltr'><strong>pertinere</strong></span> <span class='ocrx_word' id='word_1_308' title='bbox 2747 1293 2883 1364; x_wconf 77' lang='grc'><strong>(54).</strong></span> 
     </span>
    </p>
   </div>
   <div class='ocr_carea' id='block_1_43' title="bbox 2189 1383 3707 1458">
    <p class='ocr_par' dir='ltr' id='par_1_43' title="bbox 2189 1383 3707 1458">
     <span class='ocr_line' id='line_1_43' title="bbox 2189 1383 3707 1458; baseline 0 -22"><span class='ocrx_word' id='word_1_309' title='bbox 2189 1383 2243 1437; x_wconf 80' lang='lat'><strong>3.</strong></span> <span class='ocrx_word' id='word_1_310' title='bbox 2294 1383 2406 1453; x_wconf 89' lang='lat' dir='ltr'><strong>Ego</strong></span> <span class='ocrx_word' id='word_1_311' title='bbox 2459 1385 2635 1441; x_wconf 87' lang='lat' dir='ltr'><strong>adhuc</strong></span> <span class='ocrx_word' id='word_1_312' title='bbox 2684 1387 2915 1458; x_wconf 89' lang='lat' dir='ltr'><strong>amplius</strong></span> <span class='ocrx_word' id='word_1_313' title='bbox 2970 1385 3170 1455; x_wconf 91' lang='lat' dir='ltr'><strong>aliquid</strong></span> <span class='ocrx_word' id='word_1_314' title='bbox 3219 1384 3432 1441; x_wconf 89' lang='lat' dir='ltr'><strong>intueor</strong></span> <span class='ocrx_word' id='word_1_315' title='bbox 3477 1385 3534 1439; x_wconf 90' lang='lat' dir='ltr'><strong>in</strong></span> <span class='ocrx_word' id='word_1_316' title='bbox 3597 1383 3707 1438; x_wconf 89' lang='lat' dir='ltr'><strong>hoc</strong></span> 
     </span>
    </p>
   </div>
   <div class='ocr_carea' id='block_1_44' title="bbox 2117 1475 3706 1551">
    <p class='ocr_par' dir='ltr' id='par_1_44' title="bbox 2117 1475 3706 1551">
     <span class='ocr_line' id='line_1_44' title="bbox 2117 1475 3706 1551; baseline -0.001 -21"><span class='ocrx_word' id='word_1_317' title='bbox 2117 1475 2481 1534; x_wconf 88' lang='lat' dir='ltr'><strong>Numerorum</strong></span> <span class='ocrx_word' id='word_1_318' title='bbox 2563 1480 2703 1536; x_wconf 93' lang='lat' dir='ltr'><strong>libro</strong></span> <span class='ocrx_word' id='word_1_319' title='bbox 2782 1481 3053 1551; x_wconf 86' lang='lat' dir='ltr'><strong>mysterii.</strong></span> <span class='ocrx_word' id='word_1_320' title='bbox 3131 1478 3291 1534; x_wconf 80' lang='lat' dir='ltr'><strong>Ratio</strong></span> <span class='ocrx_word' id='word_1_321' title='bbox 3375 1478 3521 1533; x_wconf 90' lang='lat' dir='ltr'><strong>enim</strong></span> <span class='ocrx_word' id='word_1_322' title='bbox 3607 1479 3706 1530; x_wconf 93' lang='lat' dir='ltr'><strong>tri-</strong></span> 
     </span>
    </p>
   </div>
   <div class='ocr_carea' id='block_1_45' title="bbox 2117 1569 3704 1639">
    <p class='ocr_par' dir='ltr' id='par_1_45' title="bbox 2117 1569 3704 1639">
     <span class='ocr_line' id='line_1_45' title="bbox 2117 1569 3704 1639; baseline -0.003 -14"><span class='ocrx_word' id='word_1_323' title='bbox 2117 1569 2326 1639; x_wconf 92' lang='lat' dir='ltr'><strong>buum,</strong></span> <span class='ocrx_word' id='word_1_324' title='bbox 2387 1581 2442 1626; x_wconf 91' lang='lat' dir='ltr'><strong>et</strong></span> <span class='ocrx_word' id='word_1_325' title='bbox 2480 1573 2754 1628; x_wconf 92' lang='lat' dir='ltr'><strong>distinctio</strong></span> <span class='ocrx_word' id='word_1_326' title='bbox 2796 1575 3087 1636; x_wconf 90' lang='lat' dir='ltr'><strong>ordinum,</strong></span> <span class='ocrx_word' id='word_1_327' title='bbox 3159 1573 3390 1628; x_wconf 90' lang='lat' dir='ltr'><strong>societas</strong></span> <span class='ocrx_word' id='word_1_328' title='bbox 3450 1569 3704 1625; x_wconf 88' lang='lat' dir='ltr'><strong>familia-</strong></span> 
     </span>
    </p>
   </div>
   <div class='ocr_carea' id='block_1_46' title="bbox 2120 1663 3700 1733">
    <p class='ocr_par' dir='ltr' id='par_1_46' title="bbox 2120 1663 3700 1733">
     <span class='ocr_line' id='line_1_46' title="bbox 2120 1663 3700 1733; baseline 0.003 -18"><span class='ocrx_word' id='word_1_329' title='bbox 2120 1679 2237 1716; x_wconf 89' lang='lat' dir='ltr'><strong>rum</strong></span> <span class='ocrx_word' id='word_1_330' title='bbox 2263 1702 2280 1728; x_wconf 95' lang='lat'><strong>,</strong></span> <span class='ocrx_word' id='word_1_331' title='bbox 2337 1675 2501 1732; x_wconf 83' lang='lat' dir='ltr'><strong>atque</strong></span> <span class='ocrx_word' id='word_1_332' title='bbox 2552 1667 2827 1721; x_wconf 88' lang='lat' dir='ltr'><strong>ordinatio</strong></span> <span class='ocrx_word' id='word_1_333' title='bbox 2866 1675 3062 1721; x_wconf 91' lang='lat' dir='ltr'><strong>cuncta</strong></span> <span class='ocrx_word' id='word_1_334' title='bbox 3131 1672 3434 1718; x_wconf 83' lang='lat' dir='ltr'><strong>castrorum</strong></span> <span class='ocrx_word' id='word_1_335' title='bbox 3468 1707 3483 1730; x_wconf 90' lang='lat'><strong>,</strong></span> <span class='ocrx_word' id='word_1_336' title='bbox 3525 1663 3700 1733; x_wconf 80' lang='lat'><strong>277</strong></span> 
     </span>
    </p>
   </div>
   <div class='ocr_carea' id='block_1_47' title="bbox 2119 1756 3700 1827">
    <p class='ocr_par' dir='ltr' id='par_1_47' title="bbox 2119 1756 3700 1827">
     <span class='ocr_line' id='line_1_47' title="bbox 2119 1756 3700 1827; baseline -0.003 -17"><span class='ocrx_word' id='word_1_337' title='bbox 2119 1756 2415 1826; x_wconf 74' lang='lat' dir='ltr'><strong>ingentium</strong></span> <span class='ocrx_word' id='word_1_338' title='bbox 2483 1759 2613 1813; x_wconf 89' lang='lat' dir='ltr'><strong>mihi</strong></span> <span class='ocrx_word' id='word_1_339' title='bbox 2681 1769 3147 1815; x_wconf 88' lang='lat' dir='ltr'><strong>sacramentorum</strong></span> <span class='ocrx_word' id='word_1_340' title='bbox 3214 1758 3396 1827; x_wconf 90' lang='lat' dir='ltr'><strong>prodit</strong></span> <span class='ocrx_word' id='word_1_341' title='bbox 3449 1756 3700 1810; x_wconf 83' lang='lat' dir='ltr'><strong>indicia:</strong></span> 
     </span>
    </p>
   </div>
   <div class='ocr_carea' id='block_1_48' title="bbox 2115 1848 3706 1922">
    <p class='ocr_par' dir='ltr' id='par_1_48' title="bbox 2115 1848 3706 1922">
     <span class='ocr_line' id='line_1_48' title="bbox 2115 1848 3706 1922; baseline 0.001 -22"><span class='ocrx_word' id='word_1_342' title='bbox 2115 1849 2358 1916; x_wconf 89' lang='lat' dir='ltr'><strong>apostolo</strong></span> <span class='ocrx_word' id='word_1_343' title='bbox 2409 1851 2568 1906; x_wconf 90' lang='lat' dir='ltr'><strong>nobis</strong></span> <span class='ocrx_word' id='word_1_344' title='bbox 2611 1850 2777 1906; x_wconf 89' lang='lat' dir='ltr'><strong>Paulo</strong></span> <span class='ocrx_word' id='word_1_345' title='bbox 2842 1853 3100 1922; x_wconf 85' lang='lat' dir='ltr'><strong>spiritalis</strong></span> <span class='ocrx_word' id='word_1_346' title='bbox 3172 1848 3550 1920; x_wconf 69' lang='lat' dir='ltr'><strong>intelligentiae</strong></span> <span class='ocrx_word' id='word_1_347' title='bbox 3616 1863 3706 1902; x_wconf 79' lang='lat' dir='ltr'><strong>se-</strong></span> 
     </span>
    </p>
   </div>
   <div class='ocr_carea' id='block_1_49' title="bbox 2114 1941 3700 2015">
    <p class='ocr_par' dir='ltr' id='par_1_49' title="bbox 2114 1941 3700 2015">
     <span class='ocr_line' id='line_1_49' title="bbox 2114 1941 3700 2015; baseline -0.002 -20"><span class='ocrx_word' id='word_1_348' title='bbox 2114 1942 2258 1996; x_wconf 90' lang='lat' dir='ltr'><strong>mina</strong></span> <span class='ocrx_word' id='word_1_349' title='bbox 2307 1956 2675 2015; x_wconf 88' lang='lat' dir='ltr'><strong>respergente.</strong></span> <span class='ocrx_word' id='word_1_350' title='bbox 2729 1946 2796 2002; x_wconf 88' lang='lat' dir='ltr'><strong>Et</strong></span> <span class='ocrx_word' id='word_1_351' title='bbox 2832 1960 2966 2015; x_wconf 85' lang='lat' dir='ltr'><strong>age,</strong></span> <span class='ocrx_word' id='word_1_352' title='bbox 3024 1945 3136 2015; x_wconf 87' lang='lat' dir='ltr'><strong>jam</strong></span> <span class='ocrx_word' id='word_1_353' title='bbox 3175 1945 3303 2013; x_wconf 91' lang='lat' dir='ltr'><strong>quid</strong></span> <span class='ocrx_word' id='word_1_354' title='bbox 3353 1941 3535 1997; x_wconf 91' lang='lat' dir='ltr'><strong>omnis</strong></span> <span class='ocrx_word' id='word_1_355' title='bbox 3570 1941 3700 1993; x_wconf 66' lang='lat' dir='ltr'><strong>haec</strong></span> 
     </span>
    </p>
   </div>
   <div class='ocr_carea' id='block_1_50' title="bbox 2113 2031 3702 2107">
    <p class='ocr_par' dir='ltr' id='par_1_50' title="bbox 2113 2031 3702 2107">
     <span class='ocr_line' id='line_1_50' title="bbox 2113 2031 3702 2107; baseline -0.003 -19"><span class='ocrx_word' id='word_1_356' title='bbox 2113 2050 2464 2091; x_wconf 90' lang='lat' dir='ltr'><strong>numerorum</strong></span> <span class='ocrx_word' id='word_1_357' title='bbox 2499 2040 2671 2102; x_wconf 86' lang='lat' dir='ltr'><strong>ratio,</strong></span> <span class='ocrx_word' id='word_1_358' title='bbox 2709 2038 2838 2107; x_wconf 90' lang='lat' dir='ltr'><strong>quid</strong></span> <span class='ocrx_word' id='word_1_359' title='bbox 2878 2039 3128 2094; x_wconf 89' lang='lat' dir='ltr'><strong>ordinum</strong></span> <span class='ocrx_word' id='word_1_360' title='bbox 3164 2036 3448 2092; x_wconf 86' lang='lat' dir='ltr'><strong>diversitas</strong></span> <span class='ocrx_word' id='word_1_361' title='bbox 3493 2031 3702 2086; x_wconf 80' lang='lat' dir='ltr'><strong>intelli-</strong></span> 
     </span>
    </p>
   </div>
   <div class='ocr_carea' id='block_1_51' title="bbox 2111 2127 3692 2200">
    <p class='ocr_par' dir='ltr' id='par_1_51' title="bbox 2111 2127 3692 2200">
     <span class='ocr_line' id='line_1_51' title="bbox 2111 2127 3692 2200; baseline -0.003 -17"><span class='ocrx_word' id='word_1_362' title='bbox 2111 2130 2302 2200; x_wconf 78' lang='lat' dir='ltr'><strong>gentia:</strong></span> <span class='ocrx_word' id='word_1_363' title='bbox 2353 2130 2592 2200; x_wconf 66' lang='lat' dir='ltr'><strong>mysticaa</strong></span> <span class='ocrx_word' id='word_1_364' title='bbox 2637 2131 2939 2196; x_wconf 87' lang='lat' dir='ltr'><strong>contineat,</strong></span> <span class='ocrx_word' id='word_1_365' title='bbox 2975 2131 3274 2186; x_wconf 83' lang='lat' dir='ltr'><strong>videamus.</strong></span> <span class='ocrx_word' id='word_1_366' title='bbox 3329 2127 3692 2197; x_wconf 76' lang='lat' dir='ltr'><strong>Ex3pectatio</strong></span> 
     </span>
    </p>
   </div>
   <div class='ocr_carea' id='block_1_52' title="bbox 2110 2217 3695 2285">
    <p class='ocr_par' dir='ltr' id='par_1_52' title="bbox 2110 2217 3695 2285">
     <span class='ocr_line' id='line_1_52' title="bbox 2110 2217 3695 2285; baseline -0.004 -9"><span class='ocrx_word' id='word_1_367' title='bbox 2110 2233 2257 2277; x_wconf 90' lang='lat' dir='ltr'><strong>certa</strong></span> <span class='ocrx_word' id='word_1_368' title='bbox 2295 2222 2450 2278; x_wconf 91' lang='lat' dir='ltr'><strong>nobis</strong></span> <span class='ocrx_word' id='word_1_369' title='bbox 2483 2232 2567 2278; x_wconf 90' lang='lat' dir='ltr'><strong>est</strong></span> <span class='ocrx_word' id='word_1_370' title='bbox 2611 2223 3027 2278; x_wconf 87' lang='lat' dir='ltr'><strong>resurrectionis</strong></span> <span class='ocrx_word' id='word_1_371' title='bbox 3069 2230 3431 2285; x_wconf 88' lang='lat' dir='ltr'><strong>mortuorum,</strong></span> <span class='ocrx_word' id='word_1_372' title='bbox 3473 2235 3597 2273; x_wconf 91' lang='lat' dir='ltr'><strong>cutn</strong></span> <span class='ocrx_word' id='word_1_373' title='bbox 3634 2217 3695 2271; x_wconf 88' lang='lat' dir='ltr'><strong>hi</strong></span> 
     </span>
    </p>
   </div>
   <div class='ocr_carea' id='block_1_53' title="bbox 2111 2309 3690 2386">
    <p class='ocr_par' dir='ltr' id='par_1_53' title="bbox 2111 2309 3690 2386">
     <span class='ocr_line' id='line_1_53' title="bbox 2111 2309 3690 2386; baseline -0.003 -20"><span class='ocrx_word' id='word_1_374' title='bbox 2111 2314 2199 2383; x_wconf 89' lang='lat' dir='ltr'><strong>qui</strong></span> <span class='ocrx_word' id='word_1_375' title='bbox 2237 2314 2445 2378; x_wconf 88' lang='lat' dir='ltr'><strong>vivunt,</strong></span> <span class='ocrx_word' id='word_1_376' title='bbox 2498 2317 2588 2382; x_wconf 85' lang='lat' dir='ltr'><strong>qui</strong></span> <span class='ocrx_word' id='word_1_377' title='bbox 2642 2314 2833 2386; x_wconf 88' lang='lat' dir='ltr'><strong>reliqui</strong></span> <span class='ocrx_word' id='word_1_378' title='bbox 2873 2325 3033 2379; x_wconf 91' lang='lat' dir='ltr'><strong>sunt,</strong></span> <span class='ocrx_word' id='word_1_379' title='bbox 3095 2330 3202 2369; x_wconf 93' lang='lat' dir='ltr'><strong>non</strong></span> <span class='ocrx_word' id='word_1_380' title='bbox 3257 2312 3588 2385; x_wconf 65' lang='lat' dir='ltr'><strong>praevenient</strong></span> <span class='ocrx_word' id='word_1_381' title='bbox 3634 2309 3690 2363; x_wconf 92' lang='lat' dir='ltr'><strong>in</strong></span> 
     </span>
    </p>
   </div>
   <div class='ocr_carea' id='block_1_54' title="bbox 2111 2402 3693 2478">
    <p class='ocr_par' dir='ltr' id='par_1_54' title="bbox 2111 2402 3693 2478">
     <span class='ocr_line' id='line_1_54' title="bbox 2111 2402 3693 2478; baseline -0.004 -17"><span class='ocrx_word' id='word_1_382' title='bbox 2111 2407 2344 2462; x_wconf 87' lang='lat' dir='ltr'><strong>adventu</strong></span> <span class='ocrx_word' id='word_1_383' title='bbox 2391 2407 2597 2462; x_wconf 87' lang='lat' dir='ltr'><strong>Christi</strong></span> <span class='ocrx_word' id='word_1_384' title='bbox 2643 2423 2738 2462; x_wconf 89' lang='lat' dir='ltr'><strong>eos</strong></span> <span class='ocrx_word' id='word_1_385' title='bbox 2806 2409 2898 2478; x_wconf 92' lang='lat' dir='ltr'><strong>qui</strong></span> <span class='ocrx_word' id='word_1_386' title='bbox 2959 2407 3337 2471; x_wconf 88' lang='lat' dir='ltr'><strong>dormierunt,</strong></span> <span class='ocrx_word' id='word_1_387' title='bbox 3380 2407 3474 2461; x_wconf 88' lang='lat' dir='ltr'><strong>sed</strong></span> <span class='ocrx_word' id='word_1_388' title='bbox 3527 2402 3693 2458; x_wconf 86' lang='lat' dir='ltr'><strong>simul</strong></span> 
     </span>
    </p>
   </div>
   <div class='ocr_carea' id='block_1_55' title="bbox 2111 2497 3693 2570">
    <p class='ocr_par' dir='ltr' id='par_1_55' title="bbox 2111 2497 3693 2570">
     <span class='ocr_line' id='line_1_55' title="bbox 2111 2497 3693 2570; baseline -0.003 -17"><span class='ocrx_word' id='word_1_389' title='bbox 2111 2515 2234 2554; x_wconf 91' lang='lat' dir='ltr'><strong>cum</strong></span> <span class='ocrx_word' id='word_1_390' title='bbox 2265 2500 2344 2553; x_wconf 89' lang='lat' dir='ltr'><strong>eis</strong></span> <span class='ocrx_word' id='word_1_391' title='bbox 2365 2498 2536 2568; x_wconf 88' lang='lat' dir='ltr'><strong>juncti</strong></span> <span class='ocrx_word' id='word_1_392' title='bbox 2566 2510 2619 2554; x_wconf 92' lang='lat' dir='ltr'><strong>et</strong></span> <span class='ocrx_word' id='word_1_393' title='bbox 2644 2500 2861 2565; x_wconf 87' lang='lat' dir='ltr'><strong>sociati,</strong></span> <span class='ocrx_word' id='word_1_394' title='bbox 2912 2502 3195 2570; x_wconf 89' lang='lat' dir='ltr'><strong>rapientur</strong></span> <span class='ocrx_word' id='word_1_395' title='bbox 3222 2500 3276 2553; x_wconf 89' lang='lat' dir='ltr'><strong>in</strong></span> <span class='ocrx_word' id='word_1_396' title='bbox 3325 2497 3558 2552; x_wconf 90' lang='lat' dir='ltr'><strong>nubibus</strong></span> <span class='ocrx_word' id='word_1_397' title='bbox 3589 2497 3693 2549; x_wconf 91' lang='lat' dir='ltr'><strong>ob-</strong></span> 
     </span>
    </p>
   </div>
   <div class='ocr_carea' id='block_1_56' title="bbox 2109 2586 3688 2657">
    <p class='ocr_par' dir='ltr' id='par_1_56' title="bbox 2109 2586 3688 2657">
     <span class='ocr_line' id='line_1_56' title="bbox 2109 2586 3688 2657; baseline -0.002 -15"><span class='ocrx_word' id='word_1_398' title='bbox 2109 2589 2250 2643; x_wconf 83' lang='lat' dir='ltr'><strong>viam</strong></span> <span class='ocrx_word' id='word_1_399' title='bbox 2286 2589 2503 2646; x_wconf 86' lang='lat' dir='ltr'><strong>Cltristo</strong></span> <span class='ocrx_word' id='word_1_400' title='bbox 2543 2592 2597 2646; x_wconf 90' lang='lat' dir='ltr'><strong>in</strong></span> <span class='ocrx_word' id='word_1_401' title='bbox 2648 2606 2798 2657; x_wconf 89' lang='lat' dir='ltr'><strong>aera,</strong></span> <span class='ocrx_word' id='word_1_402' title='bbox 2847 2591 3047 2645; x_wconf 90' lang='lat' dir='ltr'><strong>terreni</strong></span> <span class='ocrx_word' id='word_1_403' title='bbox 3103 2589 3313 2646; x_wconf 89' lang='lat' dir='ltr'><strong>scilicet</strong></span> <span class='ocrx_word' id='word_1_404' title='bbox 3363 2588 3522 2657; x_wconf 88' lang='lat' dir='ltr'><strong>hujus</strong></span> <span class='ocrx_word' id='word_1_405' title='bbox 3577 2586 3688 2642; x_wconf 89' lang='lat' dir='ltr'><strong>loci</strong></span> 
     </span>
    </p>
   </div>
   <div class='ocr_carea' id='block_1_57' title="bbox 2109 2679 3692 2754">
    <p class='ocr_par' dir='ltr' id='par_1_57' title="bbox 2109 2679 3692 2754">
     <span class='ocr_line' id='line_1_57' title="bbox 2109 2679 3692 2754; baseline -0.005 -16"><span class='ocrx_word' id='word_1_406' title='bbox 2109 2685 2472 2754; x_wconf 88' lang='lat' dir='ltr'><strong>corruptelam</strong></span> <span class='ocrx_word' id='word_1_407' title='bbox 2506 2692 2561 2739; x_wconf 91' lang='lat' dir='ltr'><strong>et</strong></span> <span class='ocrx_word' id='word_1_408' title='bbox 2593 2683 2782 2738; x_wconf 76' lang='lat' dir='ltr'><strong>mortis</strong></span> <span class='ocrx_word' id='word_1_409' title='bbox 2838 2684 3152 2740; x_wconf 85' lang='lat' dir='ltr'><strong>habitacula</strong></span> <span class='ocrx_word' id='word_1_410' title='bbox 3200 2686 3539 2743; x_wconf 88' lang='lat' dir='ltr'><strong>deserentes,</strong></span> <span class='ocrx_word' id='word_1_411' title='bbox 3573 2679 3692 2733; x_wconf 77' lang='lat' dir='ltr'><strong>sive</strong></span> 
     </span>
    </p>
   </div>
   <div class='ocr_carea' id='block_1_58' title="bbox 2109 2769 3682 2847">
    <p class='ocr_par' dir='ltr' id='par_1_58' title="bbox 2109 2769 3682 2847">
     <span class='ocr_line' id='line_1_58' title="bbox 2109 2769 3682 2847; baseline -0.004 -17"><span class='ocrx_word' id='word_1_412' title='bbox 2109 2790 2298 2830; x_wconf 91' lang='lat' dir='ltr'><strong>omnes</strong></span> <span class='ocrx_word' id='word_1_413' title='bbox 2323 2775 2377 2828; x_wconf 88' lang='lat' dir='ltr'><strong>in</strong></span> <span class='ocrx_word' id='word_1_414' title='bbox 2405 2788 2550 2841; x_wconf 89' lang='lat' dir='ltr'><strong>aere,</strong></span> <span class='ocrx_word' id='word_1_415' title='bbox 2580 2787 2634 2829; x_wconf 93' lang='lat' dir='ltr'><strong>ut</strong></span> <span class='ocrx_word' id='word_1_416' title='bbox 2660 2772 2855 2830; x_wconf 84' lang='lat' dir='ltr'><strong>Paulus</strong></span> <span class='ocrx_word' id='word_1_417' title='bbox 2879 2776 3221 2847; x_wconf 82' lang='lat' dir='ltr'><strong>pronuntiat,</strong></span> <span class='ocrx_word' id='word_1_418' title='bbox 3246 2770 3588 2844; x_wconf 79' lang='lat' dir='ltr'><strong>pet-mansuri</strong></span> <span class='ocrx_word' id='word_1_419' title='bbox 3609 2769 3682 2832; x_wconf 82' lang='grc'><strong>’⁸,</strong></span> 
     </span>
    </p>
   </div>
   <div class='ocr_carea' id='block_1_59' title="bbox 2111 2862 3690 2936">
    <p class='ocr_par' dir='ltr' id='par_1_59' title="bbox 2111 2862 3690 2936">
     <span class='ocr_line' id='line_1_59' title="bbox 2111 2862 3690 2936; baseline -0.004 -16"><span class='ocrx_word' id='word_1_420' title='bbox 2111 2866 2226 2921; x_wconf 89' lang='lat' dir='ltr'><strong>sive</strong></span> <span class='ocrx_word' id='word_1_421' title='bbox 2273 2865 2438 2920; x_wconf 85' lang='lat' dir='ltr'><strong>etiam</strong></span> <span class='ocrx_word' id='word_1_422' title='bbox 2495 2865 2663 2935; x_wconf 89' lang='lat' dir='ltr'><strong>aliqui</strong></span> <span class='ocrx_word' id='word_1_423' title='bbox 2695 2867 2761 2920; x_wconf 92' lang='lat' dir='ltr'><strong>ad</strong></span> <span class='ocrx_word' id='word_1_424' title='bbox 2802 2867 3112 2936; x_wconf 86' lang='lat' dir='ltr'><strong>paradisum</strong></span> <span class='ocrx_word' id='word_1_425' title='bbox 3153 2876 3246 2920; x_wconf 93' lang='lat' dir='ltr'><strong>aut</strong></span> <span class='ocrx_word' id='word_1_426' title='bbox 3288 2864 3393 2918; x_wconf 88' lang='lat' dir='ltr'><strong>alia</strong></span> <span class='ocrx_word' id='word_1_427' title='bbox 3429 2862 3690 2931; x_wconf 67' lang='lat' dir='ltr'><strong>quaelibet</strong></span> 
     </span>
    </p>
   </div>
   <div class='ocr_carea' id='block_1_60' title="bbox 2109 2956 3687 3028">
    <p class='ocr_par' dir='ltr' id='par_1_60' title="bbox 2109 2956 3687 3028">
     <span class='ocr_line' id='line_1_60' title="bbox 2109 2956 3687 3028; baseline -0.005 -16"><span class='ocrx_word' id='word_1_428' title='bbox 2109 2973 2177 3012; x_wconf 89' lang='lat' dir='ltr'><strong>ex</strong></span> <span class='ocrx_word' id='word_1_429' title='bbox 2229 2956 2418 3012; x_wconf 91' lang='lat' dir='ltr'><strong>multis</strong></span> <span class='ocrx_word' id='word_1_430' title='bbox 2473 2957 2849 3014; x_wconf 89' lang='lat' dir='ltr'><strong>mansionibus</strong></span> <span class='ocrx_word' id='word_1_431' title='bbox 2905 2975 3023 3028; x_wconf 64' lang='lat' dir='ltr'><strong>qua:</strong></span> <span class='ocrx_word' id='word_1_432' title='bbox 3077 2959 3220 3028; x_wconf 89' lang='lat' dir='ltr'><strong>apud</strong></span> <span class='ocrx_word' id='word_1_433' title='bbox 3280 2956 3497 3010; x_wconf 91' lang='lat' dir='ltr'><strong>Patrem</strong></span> <span class='ocrx_word' id='word_1_434' title='bbox 3557 2961 3687 3007; x_wconf 85' lang='lat' dir='ltr'><strong>sunt</strong></span> 
     </span>
    </p>
   </div>
   <div class='ocr_carea' id='block_1_61' title="bbox 433 3046 3686 3136">
    <p class='ocr_par' dir='ltr' id='par_1_61' title="bbox 433 3046 3686 3136">
     <span class='ocr_line' id='line_1_61' title="bbox 433 3046 3686 3136; baseline -0.003 -30"><span class='ocrx_word' id='word_1_435' title='bbox 433 3051 608 3107; x_wconf 88' lang='lat' dir='ltr'><strong>virtus</strong></span> <span class='ocrx_word' id='word_1_436' title='bbox 663 3051 957 3106; x_wconf 84' lang='lat' dir='ltr'><strong>Israelitica</strong></span> <span class='ocrx_word' id='word_1_437' title='bbox 1007 3057 1344 3103; x_wconf 89' lang='lat' dir='ltr'><strong>numeratur.</strong></span> <span class='ocrx_word' id='word_1_438' title='bbox 1393 3047 1518 3102; x_wconf 66' lang='lat' dir='ltr'><strong>llaec</strong></span> <span class='ocrx_word' id='word_1_439' title='bbox 1565 3060 1649 3105; x_wconf 88' lang='lat' dir='ltr'><strong>est</strong></span> <span class='ocrx_word' id='word_1_440' title='bbox 1686 3047 1776 3103; x_wconf 87' lang='lat' dir='ltr'><strong>illa</strong></span> <span class='ocrx_word' id='word_1_441' title='bbox 1807 3047 2002 3114; x_wconf 91' lang='lat' dir='ltr'><strong>virtus,</strong></span> <span class='ocrx_word' id='word_1_442' title='bbox 2034 3080 2077 3136; x_wconf 63' lang='grc' dir='ltr'>ο</span> <span class='ocrx_word' id='word_1_443' title='bbox 2113 3051 2478 3107; x_wconf 82' lang='lat' dir='ltr'><strong>transferendi</strong></span> <span class='ocrx_word' id='word_1_444' title='bbox 2519 3052 2638 3108; x_wconf 88' lang='lat' dir='ltr'><strong>loca</strong></span> <span class='ocrx_word' id='word_1_445' title='bbox 2675 3051 2808 3123; x_wconf 77' lang='lat'><strong>(55).</strong></span> <span class='ocrx_word' id='word_1_446' title='bbox 2861 3051 3154 3108; x_wconf 82' lang='lat' dir='ltr'><strong>Diversitas</strong></span> <span class='ocrx_word' id='word_1_447' title='bbox 3215 3061 3394 3104; x_wconf 91' lang='lat' dir='ltr'><strong>autem</strong></span> <span class='ocrx_word' id='word_1_448' title='bbox 3450 3046 3686 3102; x_wconf 82' lang='lat' dir='ltr'><strong>transla-</strong></span> 
     </span>
    </p>
   </div>
   <div class='ocr_carea' id='block_1_62' title="bbox 433 3140 2007 3215">
    <p class='ocr_par' dir='ltr' id='par_1_62' title="bbox 433 3140 2007 3215">
     <span class='ocr_line' id='line_1_62' title="bbox 433 3140 2007 3215; baseline -0.001 -18"><span class='ocrx_word' id='word_1_449' title='bbox 433 3159 556 3215; x_wconf 73' lang='lat' dir='ltr'><strong>qutc</strong></span> <span class='ocrx_word' id='word_1_450' title='bbox 603 3163 632 3198; x_wconf 87' lang='lat' dir='ltr'><strong>a</strong></span> <span class='ocrx_word' id='word_1_451' title='bbox 690 3143 801 3198; x_wconf 90' lang='lat' dir='ltr'><strong>Deo</strong></span> <span class='ocrx_word' id='word_1_452' title='bbox 840 3144 1088 3206; x_wconf 87' lang='lat' dir='ltr'><strong>docetur,</strong></span> <span class='ocrx_word' id='word_1_453' title='bbox 1130 3157 1249 3212; x_wconf 77' lang='lat' dir='ltr'><strong>qua:</strong></span> <span class='ocrx_word' id='word_1_454' title='bbox 1294 3157 1390 3212; x_wconf 91' lang='lat' dir='ltr'><strong>per</strong></span> <span class='ocrx_word' id='word_1_455' title='bbox 1446 3141 1759 3211; x_wconf 88' lang='lat' dir='ltr'><strong>Scripturas</strong></span> <span class='ocrx_word' id='word_1_456' title='bbox 1793 3140 2007 3196; x_wconf 91' lang='lat' dir='ltr'><strong>divinas</strong></span> 
     </span>
    </p>
   </div>
   <div class='ocr_carea' id='block_1_63' title="bbox 432 3234 2008 3305">
    <p class='ocr_par' dir='ltr' id='par_1_63' title="bbox 432 3234 2008 3305">
     <span class='ocr_line' id='line_1_63' title="bbox 432 3234 2008 3305; baseline -0.004 -11"><span class='ocrx_word' id='word_1_457' title='bbox 432 3238 690 3302; x_wconf 88' lang='lat' dir='ltr'><strong>discitur,</strong></span> <span class='ocrx_word' id='word_1_458' title='bbox 729 3251 848 3305; x_wconf 69' lang='lat' dir='ltr'><strong>quae</strong></span> <span class='ocrx_word' id='word_1_459' title='bbox 881 3251 979 3305; x_wconf 91' lang='lat' dir='ltr'><strong>per</strong></span> <span class='ocrx_word' id='word_1_460' title='bbox 1012 3236 1170 3291; x_wconf 81' lang='lat' dir='ltr'><strong>(idem</strong></span> <span class='ocrx_word' id='word_1_461' title='bbox 1226 3234 1596 3305; x_wconf 86' lang='lat' dir='ltr'><strong>evangelicam</strong></span> <span class='ocrx_word' id='word_1_462' title='bbox 1643 3244 1700 3289; x_wconf 89' lang='lat' dir='ltr'><strong>et</strong></span> <span class='ocrx_word' id='word_1_463' title='bbox 1747 3234 2008 3305; x_wconf 81' lang='lat' dir='ltr'><strong>apostoli-</strong></span> 
     </span>
    </p>
   </div>
   <div class='ocr_carea' id='block_1_64' title="bbox 434 3327 2004 3396">
    <p class='ocr_par' dir='ltr' id='par_1_64' title="bbox 434 3327 2004 3396">
     <span class='ocr_line' id='line_1_64' title="bbox 434 3327 2004 3396; baseline -0.006 -10"><span class='ocrx_word' id='word_1_464' title='bbox 434 3347 554 3386; x_wconf 91' lang='lat' dir='ltr'><strong>cam</strong></span> <span class='ocrx_word' id='word_1_465' title='bbox 581 3331 833 3385; x_wconf 86' lang='lat' dir='ltr'><strong>traditur.</strong></span> <span class='ocrx_word' id='word_1_466' title='bbox 876 3330 941 3383; x_wconf 89' lang='lat' dir='ltr'><strong>Et</strong></span> <span class='ocrx_word' id='word_1_467' title='bbox 969 3329 1088 3382; x_wconf 88' lang='lat' dir='ltr'><strong>ideo</strong></span> <span class='ocrx_word' id='word_1_468' title='bbox 1113 3328 1260 3396; x_wconf 84' lang='lat' dir='ltr'><strong>dicit</strong></span> <span class='ocrx_word' id='word_1_469' title='bbox 1294 3338 1352 3381; x_wconf 90' lang='lat' dir='ltr'><strong>ut</strong></span> <span class='ocrx_word' id='word_1_470' title='bbox 1376 3327 1452 3380; x_wconf 93' lang='lat' dir='ltr'><strong>illi</strong></span> <span class='ocrx_word' id='word_1_471' title='bbox 1484 3327 1587 3381; x_wconf 90' lang='lat' dir='ltr'><strong>soli</strong></span> <span class='ocrx_word' id='word_1_472' title='bbox 1625 3334 2004 3393; x_wconf 85' lang='lat' dir='ltr'><strong>numerentur,</strong></span> 
     </span>
    </p>
   </div>
   <div class='ocr_carea' id='block_1_65' title="bbox 433 3416 2004 3493">
    <p class='ocr_par' dir='ltr' id='par_1_65' title="bbox 433 3416 2004 3493">
     <span class='ocr_line' id='line_1_65' title="bbox 433 3416 2004 3493; baseline -0.005 -16"><span class='ocrx_word' id='word_1_473' title='bbox 433 3423 524 3493; x_wconf 85' lang='lat' dir='ltr'><strong>qui</strong></span> <span class='ocrx_word' id='word_1_474' title='bbox 578 3421 997 3491; x_wconf 77' lang='lat' dir='ltr'><strong>progrediuntur</strong></span> <span class='ocrx_word' id='word_1_475' title='bbox 1052 3419 1106 3473; x_wconf 90' lang='lat' dir='ltr'><strong>in</strong></span> <span class='ocrx_word' id='word_1_476' title='bbox 1157 3418 1359 3472; x_wconf 91' lang='lat' dir='ltr'><strong>virtute</strong></span> <span class='ocrx_word' id='word_1_477' title='bbox 1411 3417 1596 3472; x_wconf 91' lang='lat' dir='ltr'><strong>Israel.</strong></span> <span class='ocrx_word' id='word_1_478' title='bbox 1631 3417 1736 3472; x_wconf 91' lang='lat' dir='ltr'><strong>Sed</strong></span> <span class='ocrx_word' id='word_1_479' title='bbox 1781 3425 1836 3470; x_wconf 91' lang='lat' dir='ltr'><strong>et</strong></span> <span class='ocrx_word' id='word_1_480' title='bbox 1873 3416 2004 3470; x_wconf 89' lang='lat' dir='ltr'><strong>illud</strong></span> 
     </span>
    </p>
   </div>
   <div class='ocr_carea' id='block_1_66' title="bbox 433 3509 2007 3583">
    <p class='ocr_par' dir='ltr' id='par_1_66' title="bbox 433 3509 2007 3583">
     <span class='ocr_line' id='line_1_66' title="bbox 433 3509 2007 3583; baseline -0.005 -11"><span class='ocrx_word' id='word_1_481' title='bbox 433 3517 862 3578; x_wconf 88' lang='lat' dir='ltr'><strong>consideremus,</strong></span> <span class='ocrx_word' id='word_1_482' title='bbox 893 3511 1018 3583; x_wconf 93' lang='lat' dir='ltr'><strong>quid</strong></span> <span class='ocrx_word' id='word_1_483' title='bbox 1045 3520 1128 3566; x_wconf 92' lang='lat' dir='ltr'><strong>est</strong></span> <span class='ocrx_word' id='word_1_484' title='bbox 1151 3510 1293 3581; x_wconf 90' lang='lat' dir='ltr'><strong>quod</strong></span> <span class='ocrx_word' id='word_1_485' title='bbox 1325 3525 1428 3564; x_wconf 92' lang='lat' dir='ltr'><strong>non</strong></span> <span class='ocrx_word' id='word_1_486' title='bbox 1461 3509 1644 3565; x_wconf 86' lang='lat' dir='ltr'><strong>statim</strong></span> <span class='ocrx_word' id='word_1_487' title='bbox 1675 3518 1732 3563; x_wconf 94' lang='lat' dir='ltr'><strong>ut</strong></span> <span class='ocrx_word' id='word_1_488' title='bbox 1753 3525 2007 3580; x_wconf 91' lang='lat' dir='ltr'><strong>egressus</strong></span> 
     </span>
    </p>
   </div>
   <div class='ocr_carea' id='block_1_67' title="bbox 433 3603 2002 3676">
    <p class='ocr_par' dir='ltr' id='par_1_67' title="bbox 433 3603 2002 3676">
     <span class='ocr_line' id='line_1_67' title="bbox 433 3603 2002 3676; baseline -0.005 -11"><span class='ocrx_word' id='word_1_489' title='bbox 433 3609 612 3665; x_wconf 83' lang='lat' dir='ltr'><strong>estde</strong></span> <span class='ocrx_word' id='word_1_490' title='bbox 667 3606 900 3676; x_wconf 65' lang='lat' dir='ltr'><strong>Egypto</strong></span> <span class='ocrx_word' id='word_1_491' title='bbox 949 3603 1177 3673; x_wconf 92' lang='lat' dir='ltr'><strong>populus</strong></span> <span class='ocrx_word' id='word_1_492' title='bbox 1227 3611 1564 3658; x_wconf 88' lang='lat' dir='ltr'><strong>numeratur.</strong></span> <span class='ocrx_word' id='word_1_493' title='bbox 1615 3603 1808 3657; x_wconf 89' lang='lat' dir='ltr'><strong>Adhuc</strong></span> <span class='ocrx_word' id='word_1_494' title='bbox 1860 3603 2002 3657; x_wconf 87' lang='lat' dir='ltr'><strong>enim</strong></span> 
     </span>
    </p>
   </div>
   <div class='ocr_carea' id='block_1_68' title="bbox 433 3696 2005 3775">
    <p class='ocr_par' dir='ltr' id='par_1_68' title="bbox 433 3696 2005 3775">
     <span class='ocr_line' id='line_1_68' title="bbox 433 3696 2005 3775; baseline -0.005 -17"><span class='ocrx_word' id='word_1_495' title='bbox 433 3701 858 3775; x_wconf 76' lang='lat' dir='ltr'><strong>persequebatur</strong></span> <span class='ocrx_word' id='word_1_496' title='bbox 885 3700 1118 3753; x_wconf 86' lang='lat' dir='ltr'><strong>Pharao.</strong></span> <span class='ocrx_word' id='word_1_497' title='bbox 1149 3696 1259 3753; x_wconf 88' lang='lat' dir='ltr'><strong>Sed</strong></span> <span class='ocrx_word' id='word_1_498' title='bbox 1286 3713 1386 3752; x_wconf 89' lang='lat' dir='ltr'><strong>nec</strong></span> <span class='ocrx_word' id='word_1_499' title='bbox 1413 3712 1536 3751; x_wconf 90' lang='lat' dir='ltr'><strong>cutn</strong></span> <span class='ocrx_word' id='word_1_500' title='bbox 1568 3711 1718 3751; x_wconf 84' lang='lat' dir='ltr'><strong>mare</strong></span> <span class='ocrx_word' id='word_1_501' title='bbox 1759 3696 2005 3750; x_wconf 82' lang='lat' dir='ltr'><strong>Rubrum</strong></span> 
     </span>
    </p>
   </div>
   <div class='ocr_carea' id='block_1_69' title="bbox 433 3789 2006 3866">
    <p class='ocr_par' dir='ltr' id='par_1_69' title="bbox 433 3789 2006 3866">
     <span class='ocr_line' id='line_1_69' title="bbox 433 3789 2006 3866; baseline -0.004 -17"><span class='ocrx_word' id='word_1_502' title='bbox 433 3795 652 3866; x_wconf 89' lang='lat' dir='ltr'><strong>quidem</strong></span> <span class='ocrx_word' id='word_1_503' title='bbox 687 3794 959 3847; x_wconf 87' lang='lat' dir='ltr'><strong>transiens</strong></span> <span class='ocrx_word' id='word_1_504' title='bbox 986 3791 1135 3844; x_wconf 86' lang='lat' dir='ltr'><strong>venit</strong></span> <span class='ocrx_word' id='word_1_505' title='bbox 1165 3791 1219 3843; x_wconf 93' lang='lat' dir='ltr'><strong>in</strong></span> <span class='ocrx_word' id='word_1_506' title='bbox 1260 3791 1537 3846; x_wconf 90' lang='lat' dir='ltr'><strong>desertum</strong></span> <span class='ocrx_word' id='word_1_507' title='bbox 1579 3789 1777 3844; x_wconf 91' lang='lat' dir='ltr'><strong>dicitur</strong></span> <span class='ocrx_word' id='word_1_508' title='bbox 1814 3805 2006 3843; x_wconf 87' lang='lat' dir='ltr'><strong>nume-</strong></span> 
     </span>
    </p>
   </div>
   <div class='ocr_carea' id='block_1_70' title="bbox 435 3881 2008 3947">
    <p class='ocr_par' dir='ltr' id='par_1_70' title="bbox 435 3881 2008 3947">
     <span class='ocr_line' id='line_1_70' title="bbox 435 3881 2008 3947; baseline -0.004 -6"><span class='ocrx_word' id='word_1_509' title='bbox 435 3888 568 3941; x_wconf 85' lang='lat' dir='ltr'><strong>rari.</strong></span> <span class='ocrx_word' id='word_1_510' title='bbox 601 3885 846 3939; x_wconf 87' lang='lat' dir='ltr'><strong>Nondum</strong></span> <span class='ocrx_word' id='word_1_511' title='bbox 892 3884 1035 3938; x_wconf 89' lang='lat' dir='ltr'><strong>enim</strong></span> <span class='ocrx_word' id='word_1_512' title='bbox 1067 3883 1280 3947; x_wconf 83' lang='lat' dir='ltr'><strong>tentati,</strong></span> <span class='ocrx_word' id='word_1_513' title='bbox 1309 3882 1546 3936; x_wconf 86' lang='lat' dir='ltr'><strong>nondum</strong></span> <span class='ocrx_word' id='word_1_514' title='bbox 1590 3882 1659 3937; x_wconf 88' lang='lat' dir='ltr'><strong>ab</strong></span> <span class='ocrx_word' id='word_1_515' title='bbox 1705 3882 1858 3936; x_wconf 87' lang='lat' dir='ltr'><strong>hoste</strong></span> <span class='ocrx_word' id='word_1_516' title='bbox 1889 3881 2008 3936; x_wconf 86' lang='lat' dir='ltr'><strong>fue-</strong></span> 
     </span>
    </p>
   </div>
   <div class='ocr_carea' id='block_1_71' title="bbox 435 3973 2008 4048">
    <p class='ocr_par' dir='ltr' id='par_1_71' title="bbox 435 3973 2008 4048">
     <span class='ocr_line' id='line_1_71' title="bbox 435 3973 2008 4048; baseline -0.003 -15"><span class='ocrx_word' id='word_1_517' title='bbox 435 3988 557 4033; x_wconf 87' lang='lat' dir='ltr'><strong>rant</strong></span> <span class='ocrx_word' id='word_1_518' title='bbox 597 3976 916 4048; x_wconf 83' lang='lat' dir='ltr'><strong>impugnati.</strong></span> <span class='ocrx_word' id='word_1_519' title='bbox 956 3973 1263 4044; x_wconf 82' lang='lat' dir='ltr'><strong>Conﬂigunt</strong></span> <span class='ocrx_word' id='word_1_520' title='bbox 1305 3975 1592 4029; x_wconf 87' lang='lat' dir='ltr'><strong>adversum</strong></span> <span class='ocrx_word' id='word_1_521' title='bbox 1626 3973 1911 4038; x_wconf 84' lang='lat' dir='ltr'><strong>Amalech,</strong></span> <span class='ocrx_word' id='word_1_522' title='bbox 1951 3983 2008 4028; x_wconf 90' lang='lat' dir='ltr'><strong>et</strong></span> 
     </span>
    </p>
   </div>
   <div class='ocr_carea' id='block_1_72' title="bbox 435 4067 2004 4136">
    <p class='ocr_par' dir='ltr' id='par_1_72' title="bbox 435 4067 2004 4136">
     <span class='ocr_line' id='line_1_72' title="bbox 435 4067 2004 4136; baseline -0.001 -14"><span class='ocrx_word' id='word_1_523' title='bbox 435 4072 678 4125; x_wconf 82' lang='lat' dir='ltr'><strong>vincunt.</strong></span> <span class='ocrx_word' id='word_1_524' title='bbox 725 4069 829 4124; x_wconf 90' lang='lat' dir='ltr'><strong>Sed</strong></span> <span class='ocrx_word' id='word_1_525' title='bbox 879 4083 980 4123; x_wconf 91' lang='lat' dir='ltr'><strong>nec</strong></span> <span class='ocrx_word' id='word_1_526' title='bbox 1023 4079 1150 4123; x_wconf 90' lang='lat' dir='ltr'><strong>tunc</strong></span> <span class='ocrx_word' id='word_1_527' title='bbox 1195 4067 1414 4136; x_wconf 86' lang='lat' dir='ltr'><strong>quidem</strong></span> <span class='ocrx_word' id='word_1_528' title='bbox 1463 4077 1847 4124; x_wconf 87' lang='lat' dir='ltr'><strong>numerantur.</strong></span> <span class='ocrx_word' id='word_1_529' title='bbox 1887 4067 2004 4121; x_wconf 88' lang='lat' dir='ltr'><strong>Non</strong></span> 
     </span>
    </p>
   </div>
   <div class='ocr_carea' id='block_1_73' title="bbox 433 4157 2002 4229">
    <p class='ocr_par' dir='ltr' id='par_1_73' title="bbox 433 4157 2002 4229">
     <span class='ocr_line' id='line_1_73' title="bbox 433 4157 2002 4229; baseline -0.003 -12"><span class='ocrx_word' id='word_1_530' title='bbox 433 4163 576 4218; x_wconf 90' lang='lat' dir='ltr'><strong>enim</strong></span> <span class='ocrx_word' id='word_1_531' title='bbox 607 4161 802 4216; x_wconf 86' lang='lat' dir='ltr'><strong>suliicit</strong></span> <span class='ocrx_word' id='word_1_532' title='bbox 831 4161 897 4214; x_wconf 91' lang='lat' dir='ltr'><strong>ad</strong></span> <span class='ocrx_word' id='word_1_533' title='bbox 933 4158 1322 4229; x_wconf 78' lang='lat' dir='ltr'><strong>perfectionem</strong></span> <span class='ocrx_word' id='word_1_534' title='bbox 1345 4157 1583 4212; x_wconf 86' lang='lat' dir='ltr'><strong>tendenti</strong></span> <span class='ocrx_word' id='word_1_535' title='bbox 1617 4173 1720 4211; x_wconf 89' lang='lat' dir='ltr'><strong>una</strong></span> <span class='ocrx_word' id='word_1_536' title='bbox 1752 4157 2002 4213; x_wconf 89' lang='lat' dir='ltr'><strong>victoria.</strong></span> 
     </span>
    </p>
   </div>
   <div class='ocr_carea' id='block_1_74' title="bbox 433 4250 2006 4323">
    <p class='ocr_par' dir='ltr' id='par_1_74' title="bbox 433 4250 2006 4323">
     <span class='ocr_line' id='line_1_74' title="bbox 433 4250 2006 4323; baseline -0.003 -14"><span class='ocrx_word' id='word_1_537' title='bbox 433 4255 640 4310; x_wconf 64' lang='lat' dir='ltr'><strong>Manum</strong></span> <span class='ocrx_word' id='word_1_538' title='bbox 683 4253 957 4323; x_wconf 87' lang='lat' dir='ltr'><strong>accipiunt</strong></span> <span class='ocrx_word' id='word_1_539' title='bbox 999 4253 1206 4316; x_wconf 88' lang='lat' dir='ltr'><strong>cibum,</strong></span> <span class='ocrx_word' id='word_1_540' title='bbox 1237 4262 1289 4306; x_wconf 93' lang='lat' dir='ltr'><strong>et</strong></span> <span class='ocrx_word' id='word_1_541' title='bbox 1326 4266 1477 4320; x_wconf 68' lang='lat' dir='ltr'><strong>aqua:</strong></span> <span class='ocrx_word' id='word_1_542' title='bbox 1517 4250 1766 4319; x_wconf 89' lang='lat' dir='ltr'><strong>poculum</strong></span> <span class='ocrx_word' id='word_1_543' title='bbox 1798 4251 1866 4306; x_wconf 91' lang='lat' dir='ltr'><strong>de</strong></span> <span class='ocrx_word' id='word_1_544' title='bbox 1919 4264 2006 4305; x_wconf 80' lang='lat' dir='ltr'><strong>se-</strong></span> 
     </span>
    </p>
   </div>
   <div class='ocr_carea' id='block_1_75' title="bbox 433 4342 2001 4415">
    <p class='ocr_par' dir='ltr' id='par_1_75' title="bbox 433 4342 2001 4415">
     <span class='ocr_line' id='line_1_75' title="bbox 433 4342 2001 4415; baseline -0.003 -17"><span class='ocrx_word' id='word_1_545' title='bbox 433 4345 622 4415; x_wconf 90' lang='lat' dir='ltr'><strong>quenti</strong></span> <span class='ocrx_word' id='word_1_546' title='bbox 652 4345 907 4399; x_wconf 90' lang='lat' dir='ltr'><strong>hauriunt</strong></span> <span class='ocrx_word' id='word_1_547' title='bbox 933 4352 1111 4410; x_wconf 88' lang='lat' dir='ltr'><strong>petra;</strong></span> <span class='ocrx_word' id='word_1_548' title='bbox 1147 4342 1241 4396; x_wconf 92' lang='lat' dir='ltr'><strong>sed</strong></span> <span class='ocrx_word' id='word_1_549' title='bbox 1261 4357 1433 4411; x_wconf 89' lang='lat' dir='ltr'><strong>neque</strong></span> <span class='ocrx_word' id='word_1_550' title='bbox 1462 4351 1588 4396; x_wconf 92' lang='lat' dir='ltr'><strong>tunc</strong></span> <span class='ocrx_word' id='word_1_551' title='bbox 1621 4350 2001 4396; x_wconf 91' lang='lat' dir='ltr'><strong>numerantur.</strong></span> 
     </span>
    </p>
   </div>
   <div class='ocr_carea' id='block_1_76' title="bbox 2109 3145 3679 3218">
    <p class='ocr_par' dir='ltr' id='par_1_76' title="bbox 2109 3145 3679 3218">
     <span class='ocr_line' id='line_1_76' title="bbox 2109 3145 3679 3218; baseline -0.001 -17"><span class='ocrx_word' id='word_1_552' title='bbox 2109 3147 2292 3211; x_wconf 90' lang='lat' dir='ltr'><strong>tionis,</strong></span> <span class='ocrx_word' id='word_1_553' title='bbox 2323 3157 2378 3202; x_wconf 93' lang='lat' dir='ltr'><strong>et</strong></span> <span class='ocrx_word' id='word_1_554' title='bbox 2408 3147 2578 3218; x_wconf 86' lang='lat' dir='ltr'><strong>gloria</strong></span> <span class='ocrx_word' id='word_1_555' title='bbox 2621 3161 2687 3201; x_wconf 88' lang='lat' dir='ltr'><strong>ex</strong></span> <span class='ocrx_word' id='word_1_556' title='bbox 2735 3146 2952 3202; x_wconf 88' lang='lat' dir='ltr'><strong>nteritis</strong></span> <span class='ocrx_word' id='word_1_557' title='bbox 2982 3148 3102 3202; x_wconf 89' lang='lat' dir='ltr'><strong>sine</strong></span> <span class='ocrx_word' id='word_1_558' title='bbox 3143 3146 3307 3202; x_wconf 91' lang='lat' dir='ltr'><strong>dubio</strong></span> <span class='ocrx_word' id='word_1_559' title='bbox 3357 3153 3412 3200; x_wconf 91' lang='lat' dir='ltr'><strong>et</strong></span> <span class='ocrx_word' id='word_1_560' title='bbox 3463 3145 3679 3200; x_wconf 89' lang='lat' dir='ltr'><strong>actibus</strong></span> 
     </span>
    </p>
   </div>
   <div class='ocr_carea' id='block_1_77' title="bbox 2107 3238 3684 3310">
    <p class='ocr_par' dir='ltr' id='par_1_77' title="bbox 2107 3238 3684 3310">
     <span class='ocr_line' id='line_1_77' title="bbox 2107 3238 3684 3310; baseline -0.003 -16"><span class='ocrx_word' id='word_1_561' title='bbox 2107 3240 2531 3310; x_wconf 86' lang='lat' dir='ltr'><strong>uniuscujusque</strong></span> <span class='ocrx_word' id='word_1_562' title='bbox 2602 3240 2966 3309; x_wconf 68' lang='lat' dir='ltr'><strong>pratstabitur,</strong></span> <span class='ocrx_word' id='word_1_563' title='bbox 3015 3249 3070 3294; x_wconf 90' lang='lat' dir='ltr'><strong>ct</strong></span> <span class='ocrx_word' id='word_1_564' title='bbox 3122 3240 3252 3293; x_wconf 84' lang='lat' dir='ltr'><strong>-erit</strong></span> <span class='ocrx_word' id='word_1_565' title='bbox 3309 3238 3684 3309; x_wconf 77' lang='lat' dir='ltr'><strong>unusquisque</strong></span> 
     </span>
    </p>
   </div>
   <div class='ocr_carea' id='block_1_78' title="bbox 2110 3332 3683 3402">
    <p class='ocr_par' dir='ltr' id='par_1_78' title="bbox 2110 3332 3683 3402">
     <span class='ocr_line' id='line_1_78' title="bbox 2110 3332 3683 3402; baseline -0.004 -15"><span class='ocrx_word' id='word_1_566' title='bbox 2110 3334 2162 3387; x_wconf 92' lang='lat' dir='ltr'><strong>in</strong></span> <span class='ocrx_word' id='word_1_567' title='bbox 2208 3349 2274 3388; x_wconf 90' lang='lat' dir='ltr'><strong>eo</strong></span> <span class='ocrx_word' id='word_1_568' title='bbox 2317 3332 2528 3398; x_wconf 86' lang='lat' dir='ltr'><strong>ordine,</strong></span> <span class='ocrx_word' id='word_1_569' title='bbox 2573 3348 2734 3402; x_wconf 90' lang='lat' dir='ltr'><strong>quem</strong></span> <span class='ocrx_word' id='word_1_570' title='bbox 2773 3333 2878 3387; x_wconf 90' lang='lat' dir='ltr'><strong>sibi</strong></span> <span class='ocrx_word' id='word_1_571' title='bbox 2923 3342 3200 3401; x_wconf 88' lang='lat' dir='ltr'><strong>gestorum</strong></span> <span class='ocrx_word' id='word_1_572' title='bbox 3255 3332 3448 3386; x_wconf 87' lang='lat' dir='ltr'><strong>merita</strong></span> <span class='ocrx_word' id='word_1_573' title='bbox 3487 3341 3683 3386; x_wconf 88' lang='lat' dir='ltr'><strong>contn-</strong></span> 
     </span>
    </p>
   </div>
   <div class='ocr_carea' id='block_1_79' title="bbox 2108 3419 3682 3490">
    <p class='ocr_par' dir='ltr' id='par_1_79' title="bbox 2108 3419 3682 3490">
     <span class='ocr_line' id='line_1_79' title="bbox 2108 3419 3682 3490; baseline -0.006 -10"><span class='ocrx_word' id='word_1_574' title='bbox 2108 3426 2303 3488; x_wconf 89' lang='lat' dir='ltr'><strong>lerint;</strong></span> <span class='ocrx_word' id='word_1_575' title='bbox 2355 3428 2493 3478; x_wconf 88' lang='lat' dir='ltr'><strong>sicut</strong></span> <span class='ocrx_word' id='word_1_576' title='bbox 2550 3435 2604 3478; x_wconf 91' lang='lat' dir='ltr'><strong>et</strong></span> <span class='ocrx_word' id='word_1_577' title='bbox 2667 3424 2809 3479; x_wconf 90' lang='lat' dir='ltr'><strong>idem</strong></span> <span class='ocrx_word' id='word_1_578' title='bbox 2867 3421 3064 3476; x_wconf 84' lang='lat' dir='ltr'><strong>Paulus</strong></span> <span class='ocrx_word' id='word_1_579' title='bbox 3104 3429 3440 3490; x_wconf 90' lang='lat' dir='ltr'><strong>protestatur</strong></span> <span class='ocrx_word' id='word_1_580' title='bbox 3494 3419 3682 3473; x_wconf 88' lang='lat' dir='ltr'><strong>dicens</strong></span> 
     </span>
    </p>
   </div>
   <div class='ocr_carea' id='block_1_80' title="bbox 2107 3509 3676 3592">
    <p class='ocr_par' dir='ltr' id='par_1_80' title="bbox 2107 3509 3676 3592">
     <span class='ocr_line' id='line_1_80' title="bbox 2107 3509 3676 3592; baseline -0.006 -21"><span class='ocrx_word' id='word_1_581' title='bbox 2107 3517 2175 3571; x_wconf 91' lang='lat' dir='ltr'><strong>de</strong></span> <span class='ocrx_word' id='word_1_582' title='bbox 2245 3514 2649 3584; x_wconf 85' lang='lat' dir='ltr'><strong>resurgentibus</strong></span> <span class='ocrx_word' id='word_1_583' title='bbox 2712 3514 2796 3567; x_wconf 61' lang='lat'><strong>&#39;3:</strong></span> <span class='ocrx_word' id='word_1_584' title='bbox 2857 3529 2876 3563; x_wconf 70' lang='grc' dir='ltr'><strong>ι</strong></span> <span class='ocrx_word' id='word_1_585' title='bbox 2917 3510 3298 3592; x_wconf 60' lang='lat' dir='ltr'><strong>Unusquisque</strong></span> <span class='ocrx_word' id='word_1_586' title='bbox 3361 3518 3542 3565; x_wconf 88' lang='lat' dir='ltr'><strong>autem</strong></span> <span class='ocrx_word' id='word_1_587' title='bbox 3623 3509 3676 3562; x_wconf 88' lang='lat' dir='ltr'><strong>in</strong></span> 
     </span>
    </p>
   </div>
   <div class='ocr_carea' id='block_1_81' title="bbox 2109 3604 3676 3675">
    <p class='ocr_par' dir='ltr' id='par_1_81' title="bbox 2109 3604 3676 3675">
     <span class='ocr_line' id='line_1_81' title="bbox 2109 3604 3676 3675; baseline -0.008 -11"><span class='ocrx_word' id='word_1_588' title='bbox 2109 3625 2206 3664; x_wconf 91' lang='lat' dir='ltr'><strong>suo</strong></span> <span class='ocrx_word' id='word_1_589' title='bbox 2269 3608 2526 3663; x_wconf 67' lang='lat' dir='ltr'><strong>ordine.»</strong></span> <span class='ocrx_word' id='word_1_590' title='bbox 2605 3605 2742 3660; x_wconf 87' lang='lat' dir='ltr'><strong>llinc</strong></span> <span class='ocrx_word' id='word_1_591' title='bbox 2793 3619 2955 3675; x_wconf 86' lang='lat' dir='ltr'><strong>.ergo</strong></span> <span class='ocrx_word' id='word_1_592' title='bbox 3012 3604 3224 3658; x_wconf 87' lang='lat' dir='ltr'><strong>accidet</strong></span> <span class='ocrx_word' id='word_1_593' title='bbox 3283 3604 3334 3656; x_wconf 93' lang='lat' dir='ltr'><strong>in</strong></span> <span class='ocrx_word' id='word_1_594' title='bbox 3426 3615 3676 3656; x_wconf 88' lang='lat' dir='ltr'><strong>resurre-</strong></span> 
     </span>
    </p>
   </div>
   <div class='ocr_carea' id='block_1_82' title="bbox 2111 3693 3680 3767">
    <p class='ocr_par' dir='ltr' id='par_1_82' title="bbox 2111 3693 3680 3767">
     <span class='ocr_line' id='line_1_82' title="bbox 2111 3693 3680 3767; baseline -0.006 -12"><span class='ocrx_word' id='word_1_595' title='bbox 2111 3702 2312 3767; x_wconf 89' lang='lat' dir='ltr'><strong>ctione,</strong></span> <span class='ocrx_word' id='word_1_596' title='bbox 2346 3709 2404 3752; x_wconf 92' lang='lat' dir='ltr'><strong>ut</strong></span> <span class='ocrx_word' id='word_1_597' title='bbox 2433 3699 2804 3766; x_wconf 88' lang='lat' dir='ltr'><strong>unusquisque</strong></span> <span class='ocrx_word' id='word_1_598' title='bbox 2825 3706 2919 3751; x_wconf 90' lang='lat' dir='ltr'><strong>aut</strong></span> <span class='ocrx_word' id='word_1_599' title='bbox 2946 3696 2999 3749; x_wconf 95' lang='lat' dir='ltr'><strong>in</strong></span> <span class='ocrx_word' id='word_1_600' title='bbox 3033 3695 3176 3749; x_wconf 88' lang='lat' dir='ltr'><strong>tribu</strong></span> <span class='ocrx_word' id='word_1_601' title='bbox 3207 3695 3395 3749; x_wconf 88' lang='lat' dir='ltr'><strong>Ruben</strong></span> <span class='ocrx_word' id='word_1_602' title='bbox 3424 3693 3680 3764; x_wconf 73' lang='lat' dir='ltr'><strong>spiritali-</strong></span> 
     </span>
    </p>
   </div>
   <div class='ocr_carea' id='block_1_83' title="bbox 2107 3785 3681 3858">
    <p class='ocr_par' dir='ltr' id='par_1_83' title="bbox 2107 3785 3681 3858">
     <span class='ocr_line' id='line_1_83' title="bbox 2107 3785 3681 3858; baseline -0.008 -10"><span class='ocrx_word' id='word_1_603' title='bbox 2107 3796 2208 3848; x_wconf 91' lang='lat' dir='ltr'><strong>bus</strong></span> <span class='ocrx_word' id='word_1_604' title='bbox 2243 3791 2454 3846; x_wconf 90' lang='lat' dir='ltr'><strong>indiciis</strong></span> <span class='ocrx_word' id='word_1_605' title='bbox 2485 3791 2814 3852; x_wconf 87' lang='lat' dir='ltr'><strong>ascribatur,</strong></span> <span class='ocrx_word' id='word_1_606' title='bbox 2859 3790 2929 3844; x_wconf 94' lang='lat' dir='ltr'><strong>ob</strong></span> <span class='ocrx_word' id='word_1_607' title='bbox 2963 3791 3064 3843; x_wconf 87' lang='lat' dir='ltr'><strong>hoc</strong></span> <span class='ocrx_word' id='word_1_608' title='bbox 3107 3787 3372 3858; x_wconf 88' lang='lat' dir='ltr'><strong>profecto,</strong></span> <span class='ocrx_word' id='word_1_609' title='bbox 3403 3785 3546 3854; x_wconf 92' lang='lat' dir='ltr'><strong>quod</strong></span> <span class='ocrx_word' id='word_1_610' title='bbox 3581 3785 3681 3837; x_wconf 84' lang='lat' dir='ltr'><strong>ali-</strong></span> 
     </span>
    </p>
   </div>
   <div class='ocr_carea' id='block_1_84' title="bbox 2108 3875 3680 3953">
    <p class='ocr_par' dir='ltr' id='par_1_84' title="bbox 2108 3875 3680 3953">
     <span class='ocr_line' id='line_1_84' title="bbox 2108 3875 3680 3953; baseline -0.005 -15"><span class='ocrx_word' id='word_1_611' title='bbox 2108 3885 2239 3953; x_wconf 86' lang='lat' dir='ltr'><strong>quid</strong></span> <span class='ocrx_word' id='word_1_612' title='bbox 2266 3885 2318 3936; x_wconf 91' lang='lat' dir='ltr'><strong>in</strong></span> <span class='ocrx_word' id='word_1_613' title='bbox 2345 3883 2608 3948; x_wconf 76' lang='lat' dir='ltr'><strong>moribus,</strong></span> <span class='ocrx_word' id='word_1_614' title='bbox 2645 3882 2877 3945; x_wconf 89' lang='lat' dir='ltr'><strong>actibus,</strong></span> <span class='ocrx_word' id='word_1_615' title='bbox 2909 3889 3000 3934; x_wconf 90' lang='lat' dir='ltr'><strong>aut</strong></span> <span class='ocrx_word' id='word_1_616' title='bbox 3026 3880 3132 3933; x_wconf 88' lang='lat' dir='ltr'><strong>vita</strong></span> <span class='ocrx_word' id='word_1_617' title='bbox 3160 3879 3260 3948; x_wconf 87' lang='lat' dir='ltr'><strong>ipsi</strong></span> <span class='ocrx_word' id='word_1_618' title='bbox 3289 3875 3477 3932; x_wconf 78' lang='lat' dir='ltr'><strong>Ruben</strong></span> <span class='ocrx_word' id='word_1_619' title='bbox 3506 3877 3680 3931; x_wconf 70' lang='lat' dir='ltr'><strong>simile</strong></span> 
     </span>
    </p>
   </div>
   <div class='ocr_carea' id='block_1_85' title="bbox 2107 3969 3678 4045">
    <p class='ocr_par' dir='ltr' id='par_1_85' title="bbox 2107 3969 3678 4045">
     <span class='ocr_line' id='line_1_85' title="bbox 2107 3969 3678 4045; baseline -0.006 -12"><span class='ocrx_word' id='word_1_620' title='bbox 2107 3988 2162 4032; x_wconf 93' lang='lat' dir='ltr'><strong>et</strong></span> <span class='ocrx_word' id='word_1_621' title='bbox 2223 3975 2684 4045; x_wconf 85' lang='lat' dir='ltr'><strong>consanguineum</strong></span> <span class='ocrx_word' id='word_1_622' title='bbox 2735 3973 2943 4029; x_wconf 88' lang='lat' dir='ltr'><strong>habuit.</strong></span> <span class='ocrx_word' id='word_1_623' title='bbox 2991 3971 3145 4028; x_wconf 89' lang='lat' dir='ltr'><strong>Alius</strong></span> <span class='ocrx_word' id='word_1_624' title='bbox 3187 3982 3366 4027; x_wconf 87' lang='lat' dir='ltr'><strong>autem</strong></span> <span class='ocrx_word' id='word_1_625' title='bbox 3419 3969 3473 4024; x_wconf 90' lang='lat' dir='ltr'><strong>in</strong></span> <span class='ocrx_word' id='word_1_626' title='bbox 3533 3971 3678 4024; x_wconf 91' lang='lat' dir='ltr'><strong>tribu</strong></span> 
     </span>
    </p>
   </div>
   <div class='ocr_carea' id='block_1_86' title="bbox 2109 4063 3674 4137">
    <p class='ocr_par' dir='ltr' id='par_1_86' title="bbox 2109 4063 3674 4137">
     <span class='ocr_line' id='line_1_86' title="bbox 2109 4063 3674 4137; baseline -0.007 -12"><span class='ocrx_word' id='word_1_627' title='bbox 2109 4069 2351 4137; x_wconf 90' lang='lat' dir='ltr'><strong>Simeon,</strong></span> <span class='ocrx_word' id='word_1_628' title='bbox 2406 4067 2658 4122; x_wconf 83' lang='lat' dir='ltr'><strong>fortassis</strong></span> <span class='ocrx_word' id='word_1_629' title='bbox 2707 4083 2808 4136; x_wconf 92' lang='lat' dir='ltr'><strong>pro</strong></span> <span class='ocrx_word' id='word_1_630' title='bbox 2859 4066 3191 4120; x_wconf 87' lang='lat' dir='ltr'><strong>obedientia.</strong></span> <span class='ocrx_word' id='word_1_631' title='bbox 3243 4065 3392 4117; x_wconf 87' lang='lat' dir='ltr'><strong>Alius</strong></span> <span class='ocrx_word' id='word_1_632' title='bbox 3437 4063 3490 4117; x_wconf 90' lang='lat' dir='ltr'><strong>in</strong></span> <span class='ocrx_word' id='word_1_633' title='bbox 3535 4063 3674 4116; x_wconf 88' lang='lat' dir='ltr'><strong>tribu</strong></span> 
     </span>
    </p>
   </div>
   <div class='ocr_carea' id='block_1_87' title="bbox 2107 4152 3678 4230">
    <p class='ocr_par' dir='ltr' id='par_1_87' title="bbox 2107 4152 3678 4230">
     <span class='ocr_line' id='line_1_87' title="bbox 2107 4152 3678 4230; baseline -0.008 -13"><span class='ocrx_word' id='word_1_634' title='bbox 2107 4162 2257 4228; x_wconf 88' lang='lat' dir='ltr'><strong>Levi,</strong></span> <span class='ocrx_word' id='word_1_635' title='bbox 2290 4163 2452 4216; x_wconf 87' lang='lat' dir='ltr'><strong>credo</strong></span> <span class='ocrx_word' id='word_1_636' title='bbox 2485 4161 2575 4230; x_wconf 87' lang='lat' dir='ltr'><strong>qtti</strong></span> <span class='ocrx_word' id='word_1_637' title='bbox 2609 4160 2746 4214; x_wconf 91' lang='lat' dir='ltr'><strong>bene</strong></span> <span class='ocrx_word' id='word_1_638' title='bbox 2797 4156 3032 4228; x_wconf 58' lang='lat' dir='ltr'><strong>praefuit:</strong></span> <span class='ocrx_word' id='word_1_639' title='bbox 3061 4157 3387 4220; x_wconf 87' lang='lat' dir='ltr'><strong>sacerdotio,</strong></span> <span class='ocrx_word' id='word_1_640' title='bbox 3447 4155 3530 4208; x_wconf 89' lang='lat' dir='ltr'><strong>vel</strong></span> <span class='ocrx_word' id='word_1_641' title='bbox 3588 4152 3678 4221; x_wconf 88' lang='lat' dir='ltr'><strong>qui</strong></span> 
     </span>
    </p>
   </div>
   <div class='ocr_carea' id='block_1_88' title="bbox 2107 4247 3675 4319">
    <p class='ocr_par' dir='ltr' id='par_1_88' title="bbox 2107 4247 3675 4319">
     <span class='ocr_line' id='line_1_88' title="bbox 2107 4247 3675 4319; baseline -0.007 -11"><span class='ocrx_word' id='word_1_642' title='bbox 2107 4254 2242 4309; x_wconf 88' lang='lat' dir='ltr'><strong>bene</strong></span> <span class='ocrx_word' id='word_1_643' title='bbox 2293 4252 2608 4307; x_wconf 88' lang='lat' dir='ltr'><strong>ministrans</strong></span> <span class='ocrx_word' id='word_1_644' title='bbox 2665 4250 2891 4319; x_wconf 85' lang='lat' dir='ltr'><strong>gradum</strong></span> <span class='ocrx_word' id='word_1_645' title='bbox 2945 4249 3046 4304; x_wconf 89' lang='lat' dir='ltr'><strong>sibi</strong></span> <span class='ocrx_word' id='word_1_646' title='bbox 3098 4249 3300 4304; x_wconf 89' lang='lat' dir='ltr'><strong>bonum</strong></span> <span class='ocrx_word' id='word_1_647' title='bbox 3369 4247 3675 4317; x_wconf 76' lang='lat' dir='ltr'><strong>acquisivit.</strong></span> 
     </span>
    </p>
   </div>
   <div class='ocr_carea' id='block_1_89' title="bbox 2107 4340 3676 4414">
    <p class='ocr_par' dir='ltr' id='par_1_89' title="bbox 2107 4340 3676 4414">
     <span class='ocr_line' id='line_1_89' title="bbox 2107 4340 3676 4414; baseline -0.005 -14"><span class='ocrx_word' id='word_1_648' title='bbox 2107 4345 2258 4400; x_wconf 87' lang='lat' dir='ltr'><strong>Alius</strong></span> <span class='ocrx_word' id='word_1_649' title='bbox 2285 4347 2338 4399; x_wconf 87' lang='lat' dir='ltr'><strong>itt</strong></span> <span class='ocrx_word' id='word_1_650' title='bbox 2371 4346 2514 4398; x_wconf 87' lang='lat' dir='ltr'><strong>tribu</strong></span> <span class='ocrx_word' id='word_1_651' title='bbox 2545 4342 2682 4397; x_wconf 84' lang='lat' dir='ltr'><strong>Juda</strong></span> <span class='ocrx_word' id='word_1_652' title='bbox 2709 4382 2724 4407; x_wconf 94' lang='lat'><strong>,</strong></span> <span class='ocrx_word' id='word_1_653' title='bbox 2761 4357 2866 4396; x_wconf 91' lang='lat' dir='ltr'><strong>non</strong></span> <span class='ocrx_word' id='word_1_654' title='bbox 2896 4343 3080 4398; x_wconf 91' lang='lat' dir='ltr'><strong>dubito</strong></span> <span class='ocrx_word' id='word_1_655' title='bbox 3114 4342 3254 4414; x_wconf 86' lang='lat' dir='ltr'><strong>quod</strong></span> <span class='ocrx_word' id='word_1_656' title='bbox 3297 4342 3342 4395; x_wconf 91' lang='lat' dir='ltr'><strong>is</strong></span> <span class='ocrx_word' id='word_1_657' title='bbox 3383 4342 3473 4410; x_wconf 89' lang='lat' dir='ltr'><strong>qui</strong></span> <span class='ocrx_word' id='word_1_658' title='bbox 3504 4340 3676 4410; x_wconf 86' lang='lat' dir='ltr'><strong>regios</strong></span> 
     </span>
    </p>
   </div>
   <div class='ocr_carea' id='block_1_90' title="bbox 433 4433 3676 4506">
    <p class='ocr_par' dir='ltr' id='par_1_90' title="bbox 433 4433 3676 4506">
     <span class='ocr_line' id='line_1_90' title="bbox 433 4433 3676 4506; baseline -0.003 -12"><span class='ocrx_word' id='word_1_659' title='bbox 433 4437 679 4494; x_wconf 77' lang='lat' dir='ltr'><strong>Nondum</strong></span> <span class='ocrx_word' id='word_1_660' title='bbox 719 4439 862 4491; x_wconf 88' lang='lat' dir='ltr'><strong>enim</strong></span> <span class='ocrx_word' id='word_1_661' title='bbox 903 4437 954 4490; x_wconf 94' lang='lat' dir='ltr'><strong>in</strong></span> <span class='ocrx_word' id='word_1_662' title='bbox 995 4437 1079 4489; x_wconf 91' lang='lat' dir='ltr'><strong>his</strong></span> <span class='ocrx_word' id='word_1_663' title='bbox 1112 4449 1176 4487; x_wconf 92' lang='lat' dir='ltr'><strong>ea</strong></span> <span class='ocrx_word' id='word_1_664' title='bbox 1217 4448 1337 4501; x_wconf 63' lang='lat' dir='ltr'><strong>quas</strong></span> <span class='ocrx_word' id='word_1_665' title='bbox 1365 4435 1606 4488; x_wconf 91' lang='lat' dir='ltr'><strong>numeris</strong></span> <span class='ocrx_word' id='word_1_666' title='bbox 1637 4443 1759 4501; x_wconf 83' lang='lat' dir='ltr'><strong>apta</strong></span> <span class='ocrx_word' id='word_1_667' title='bbox 1789 4435 2000 4488; x_wconf 84' lang='lat' dir='ltr'><strong>ducun-</strong></span> <span class='ocrx_word' id='word_1_668' title='bbox 2037 4437 2079 4492; x_wconf 95' lang='lat' dir='ltr'><strong>D</strong></span> <span class='ocrx_word' id='word_1_669' title='bbox 2109 4438 2335 4506; x_wconf 86' lang='lat' dir='ltr'><strong>spiritus</strong></span> <span class='ocrx_word' id='word_1_670' title='bbox 2370 4435 2562 4504; x_wconf 83' lang='lat' dir='ltr'><strong>gessit,</strong></span> <span class='ocrx_word' id='word_1_671' title='bbox 2591 4445 2645 4488; x_wconf 88' lang='lat' dir='ltr'><strong>et</strong></span> <span class='ocrx_word' id='word_1_672' title='bbox 2674 4435 2812 4488; x_wconf 91' lang='lat' dir='ltr'><strong>bene</strong></span> <span class='ocrx_word' id='word_1_673' title='bbox 2850 4435 2991 4488; x_wconf 86' lang='lat' dir='ltr'><strong>rexit</strong></span> <span class='ocrx_word' id='word_1_674' title='bbox 3022 4434 3278 4504; x_wconf 90' lang='lat' dir='ltr'><strong>populum</strong></span> <span class='ocrx_word' id='word_1_675' title='bbox 3323 4433 3416 4502; x_wconf 92' lang='lat' dir='ltr'><strong>qui</strong></span> <span class='ocrx_word' id='word_1_676' title='bbox 3455 4433 3595 4486; x_wconf 90' lang='lat' dir='ltr'><strong>intra</strong></span> <span class='ocrx_word' id='word_1_677' title='bbox 3619 4446 3676 4484; x_wconf 87' lang='lat' dir='ltr'><strong>se</strong></span> 
     </span>
    </p>
   </div>
   <div class='ocr_carea' id='block_1_91' title="bbox 436 4525 2004 4595">
    <p class='ocr_par' dir='ltr' id='par_1_91' title="bbox 436 4525 2004 4595">
     <span class='ocr_line' id='line_1_91' title="bbox 436 4525 2004 4595; baseline -0.002 -11"><span class='ocrx_word' id='word_1_678' title='bbox 436 4540 542 4595; x_wconf 91' lang='lat' dir='ltr'><strong>tur,</strong></span> <span class='ocrx_word' id='word_1_679' title='bbox 575 4529 940 4584; x_wconf 85' lang='lat' dir='ltr'><strong>adoleverant.</strong></span> <span class='ocrx_word' id='word_1_680' title='bbox 966 4525 1394 4581; x_wconf 88' lang='lat' dir='ltr'><strong>Tabernaculum</strong></span> <span class='ocrx_word' id='word_1_681' title='bbox 1424 4525 1713 4579; x_wconf 88' lang='lat' dir='ltr'><strong>testimonii</strong></span> <span class='ocrx_word' id='word_1_682' title='bbox 1733 4529 2004 4581; x_wconf 88' lang='lat' dir='ltr'><strong>construi-</strong></span> 
     </span>
    </p>
   </div>
   <div class='ocr_carea' id='block_1_92' title="bbox 432 4617 2000 4688">
    <p class='ocr_par' dir='ltr' id='par_1_92' title="bbox 432 4617 2000 4688">
     <span class='ocr_line' id='line_1_92' title="bbox 432 4617 2000 4688; baseline -0.003 -11"><span class='ocrx_word' id='word_1_683' title='bbox 432 4629 545 4687; x_wconf 88' lang='lat' dir='ltr'><strong>tur,</strong></span> <span class='ocrx_word' id='word_1_684' title='bbox 575 4623 669 4675; x_wconf 89' lang='lat' dir='ltr'><strong>sed</strong></span> <span class='ocrx_word' id='word_1_685' title='bbox 699 4636 798 4675; x_wconf 89' lang='lat' dir='ltr'><strong>nec</strong></span> <span class='ocrx_word' id='word_1_686' title='bbox 837 4621 888 4674; x_wconf 92' lang='lat' dir='ltr'><strong>in</strong></span> <span class='ocrx_word' id='word_1_687' title='bbox 917 4621 1020 4675; x_wconf 93' lang='lat' dir='ltr'><strong>hoc</strong></span> <span class='ocrx_word' id='word_1_688' title='bbox 1046 4619 1266 4688; x_wconf 89' lang='lat' dir='ltr'><strong>quidem</strong></span> <span class='ocrx_word' id='word_1_689' title='bbox 1290 4617 1608 4671; x_wconf 88' lang='lat' dir='ltr'><strong>numerandi</strong></span> <span class='ocrx_word' id='word_1_690' title='bbox 1643 4619 1824 4688; x_wconf 90' lang='lat' dir='ltr'><strong>populi</strong></span> <span class='ocrx_word' id='word_1_691' title='bbox 1863 4629 2000 4674; x_wconf 91' lang='lat' dir='ltr'><strong>tem-</strong></span> 
     </span>
    </p>
   </div>
   <div class='ocr_carea' id='block_1_93' title="bbox 434 4707 2001 4784">
    <p class='ocr_par' dir='ltr' id='par_1_93' title="bbox 434 4707 2001 4784">
     <span class='ocr_line' id='line_1_93' title="bbox 434 4707 2001 4784; baseline -0.001 -18"><span class='ocrx_word' id='word_1_692' title='bbox 434 4727 536 4784; x_wconf 89' lang='lat' dir='ltr'><strong>pus</strong></span> <span class='ocrx_word' id='word_1_693' title='bbox 583 4712 820 4766; x_wconf 89' lang='lat' dir='ltr'><strong>advenit.</strong></span> <span class='ocrx_word' id='word_1_694' title='bbox 871 4709 978 4765; x_wconf 90' lang='lat' dir='ltr'><strong>Lex</strong></span> <span class='ocrx_word' id='word_1_695' title='bbox 1007 4724 1104 4778; x_wconf 83' lang='lat' dir='ltr'><strong>per</strong></span> <span class='ocrx_word' id='word_1_696' title='bbox 1137 4707 1357 4778; x_wconf 81' lang='lat' dir='ltr'><strong>Moysen</strong></span> <span class='ocrx_word' id='word_1_697' title='bbox 1389 4707 1568 4771; x_wconf 91' lang='lat' dir='ltr'><strong>datur,</strong></span> <span class='ocrx_word' id='word_1_698' title='bbox 1605 4708 2001 4764; x_wconf 86' lang='lat' dir='ltr'><strong>sacriﬁciorum</strong></span> 
     </span>
    </p>
   </div>
   <div class='ocr_carea' id='block_1_94' title="bbox 433 4798 2003 4873">
    <p class='ocr_par' dir='ltr' id='par_1_94' title="bbox 433 4798 2003 4873">
     <span class='ocr_line' id='line_1_94' title="bbox 433 4798 2003 4873; baseline -0.003 -12"><span class='ocrx_word' id='word_1_699' title='bbox 433 4819 554 4861; x_wconf 90' lang='lat' dir='ltr'><strong>mos</strong></span> <span class='ocrx_word' id='word_1_700' title='bbox 588 4803 839 4870; x_wconf 88' lang='lat' dir='ltr'><strong>traditur,</strong></span> <span class='ocrx_word' id='word_1_701' title='bbox 868 4800 1308 4873; x_wconf 88' lang='lat' dir='ltr'><strong>purificationum</strong></span> <span class='ocrx_word' id='word_1_702' title='bbox 1351 4799 1489 4854; x_wconf 88' lang='lat' dir='ltr'><strong>ritus</strong></span> <span class='ocrx_word' id='word_1_703' title='bbox 1519 4798 1766 4867; x_wconf 86' lang='lat' dir='ltr'><strong>docetur,</strong></span> <span class='ocrx_word' id='word_1_704' title='bbox 1799 4803 2003 4856; x_wconf 87' lang='lat' dir='ltr'><strong>sancti-</strong></span> 
     </span>
    </p>
   </div>
   <div class='ocr_carea' id='block_1_95' title="bbox 433 4890 2003 4961">
    <p class='ocr_par' dir='ltr' id='par_1_95' title="bbox 433 4890 2003 4961">
     <span class='ocr_line' id='line_1_95' title="bbox 433 4890 2003 4961; baseline -0.002 -11"><span class='ocrx_word' id='word_1_705' title='bbox 433 4893 751 4950; x_wconf 81' lang='lat' dir='ltr'><strong>ﬁcationum</strong></span> <span class='ocrx_word' id='word_1_706' title='bbox 782 4893 927 4961; x_wconf 81' lang='lat' dir='ltr'><strong>leges</strong></span> <span class='ocrx_word' id='word_1_707' title='bbox 959 4905 1013 4946; x_wconf 89' lang='lat' dir='ltr'><strong>et</strong></span> <span class='ocrx_word' id='word_1_708' title='bbox 1061 4898 1402 4946; x_wconf 87' lang='lat' dir='ltr'><strong>sacramenta</strong></span> <span class='ocrx_word' id='word_1_709' title='bbox 1440 4890 1767 4954; x_wconf 90' lang='lat' dir='ltr'><strong>conduntur,</strong></span> <span class='ocrx_word' id='word_1_710' title='bbox 1793 4902 1847 4944; x_wconf 89' lang='lat' dir='ltr'><strong>et</strong></span> <span class='ocrx_word' id='word_1_711' title='bbox 1877 4901 2003 4947; x_wconf 91' lang='lat' dir='ltr'><strong>tunc</strong></span> 
     </span>
    </p>
   </div>
   <div class='ocr_carea' id='block_1_96' title="bbox 434 4979 1999 5054">
    <p class='ocr_par' dir='ltr' id='par_1_96' title="bbox 434 4979 1999 5054">
     <span class='ocr_line' id='line_1_96' title="bbox 434 4979 1999 5054; baseline 0 -16"><span class='ocrx_word' id='word_1_712' title='bbox 434 4986 503 5040; x_wconf 90' lang='lat' dir='ltr'><strong>ad</strong></span> <span class='ocrx_word' id='word_1_713' title='bbox 544 4999 829 5040; x_wconf 91' lang='lat' dir='ltr'><strong>numerum</strong></span> <span class='ocrx_word' id='word_1_714' title='bbox 873 5000 942 5038; x_wconf 82' lang='lat' dir='ltr'><strong>ex</strong></span> <span class='ocrx_word' id='word_1_715' title='bbox 972 4993 1242 5054; x_wconf 65' lang='lat' dir='ltr'><strong>praecepto</strong></span> <span class='ocrx_word' id='word_1_716' title='bbox 1294 4981 1386 5036; x_wconf 89' lang='lat' dir='ltr'><strong>Dei</strong></span> <span class='ocrx_word' id='word_1_717' title='bbox 1427 4979 1657 5049; x_wconf 87' lang='lat' dir='ltr'><strong>populus</strong></span> <span class='ocrx_word' id='word_1_718' title='bbox 1691 4983 1999 5038; x_wconf 85' lang='lat' dir='ltr'><strong>adducitur.</strong></span> 
     </span>
    </p>
   </div>
   <div class='ocr_carea' id='block_1_97' title="bbox 439 5073 2006 5142">
    <p class='ocr_par' dir='ltr' id='par_1_97' title="bbox 439 5073 2006 5142">
     <span class='ocr_line' id='line_1_97' title="bbox 439 5073 2006 5142; baseline 0.001 -10"><span class='ocrx_word' id='word_1_719' title='bbox 439 5077 693 5132; x_wconf 88' lang='lat' dir='ltr'><strong>Describe</strong></span> <span class='ocrx_word' id='word_1_720' title='bbox 720 5079 854 5141; x_wconf 64' lang='lat' dir='ltr'><strong>ham,</strong></span> <span class='ocrx_word' id='word_1_721' title='bbox 895 5093 927 5131; x_wconf 93' lang='grc' dir='ltr'>ο</span> <span class='ocrx_word' id='word_1_722' title='bbox 957 5075 1192 5138; x_wconf 87' lang='lat' dir='ltr'><strong>auditor.</strong></span> <span class='ocrx_word' id='word_1_723' title='bbox 1225 5074 1278 5128; x_wconf 93' lang='lat' dir='ltr'><strong>in</strong></span> <span class='ocrx_word' id='word_1_724' title='bbox 1319 5073 1481 5127; x_wconf 92' lang='lat' dir='ltr'><strong>corde</strong></span> <span class='ocrx_word' id='word_1_725' title='bbox 1515 5083 1606 5126; x_wconf 91' lang='lat' dir='ltr'><strong>tuo</strong></span> <span class='ocrx_word' id='word_1_726' title='bbox 1632 5074 1920 5142; x_wconf 90' lang='lat' dir='ltr'><strong>dupliciter</strong></span> <span class='ocrx_word' id='word_1_727' title='bbox 1949 5089 2006 5134; x_wconf 92' lang='lat' dir='ltr'><strong>et</strong></span> 
     </span>
    </p>
   </div>
   <div class='ocr_carea' id='block_1_98' title="bbox 437 5165 2006 5240">
    <p class='ocr_par' dir='ltr' id='par_1_98' title="bbox 437 5165 2006 5240">
     <span class='ocr_line' id='line_1_98' title="bbox 437 5165 2006 5240; baseline 0.001 -19"><span class='ocrx_word' id='word_1_728' title='bbox 437 5169 741 5240; x_wconf 88' lang='lat' dir='ltr'><strong>tripliciter.</strong></span> <span class='ocrx_word' id='word_1_729' title='bbox 772 5167 905 5222; x_wconf 80' lang='lat' dir='ltr'><strong>Vide</strong></span> <span class='ocrx_word' id='word_1_730' title='bbox 926 5176 1128 5237; x_wconf 88' lang='lat' dir='ltr'><strong>quanta</strong></span> <span class='ocrx_word' id='word_1_731' title='bbox 1160 5166 1256 5220; x_wconf 92' lang='lat' dir='ltr'><strong>tibi</strong></span> <span class='ocrx_word' id='word_1_732' title='bbox 1291 5165 1617 5218; x_wconf 88' lang='lat' dir='ltr'><strong>transeunda</strong></span> <span class='ocrx_word' id='word_1_733' title='bbox 1645 5175 1795 5230; x_wconf 90' lang='lat' dir='ltr'><strong>sunt,</strong></span> <span class='ocrx_word' id='word_1_734' title='bbox 1837 5183 2006 5236; x_wconf 89' lang='lat' dir='ltr'><strong>quan-</strong></span> 
     </span>
    </p>
   </div>
   <div class='ocr_carea' id='block_1_99' title="bbox 507 5307 1472 5378">
    <p class='ocr_par' dir='ltr' id='par_1_99' title="bbox 507 5307 1472 5378">
     <span class='ocr_line' id='line_1_99' title="bbox 507 5307 1472 5378; baseline -0.006 -9"><span class='ocrx_word' id='word_1_735' title='bbox 507 5315 556 5347; x_wconf 83' lang='lat'><strong>&quot;°</strong></span> <span class='ocrx_word' id='word_1_736' title='bbox 582 5313 776 5368; x_wconf 75' lang='lat' dir='ltr'><strong>Matth.</strong></span> <span class='ocrx_word' id='word_1_737' title='bbox 808 5329 864 5378; x_wconf 85' lang='lat' dir='ltr'><strong>x,</strong></span> <span class='ocrx_word' id='word_1_738' title='bbox 900 5311 990 5366; x_wconf 77' lang='grc'><strong>50.</strong></span> <span class='ocrx_word' id='word_1_739' title='bbox 1061 5311 1106 5342; x_wconf 75' lang='grc'>⁷⁸</span> <span class='ocrx_word' id='word_1_740' title='bbox 1140 5309 1300 5364; x_wconf 87' lang='lat' dir='ltr'><strong>Num.</strong></span> <span class='ocrx_word' id='word_1_741' title='bbox 1343 5325 1385 5372; x_wconf 89' lang='lat' dir='ltr'><strong>t,</strong></span> <span class='ocrx_word' id='word_1_742' title='bbox 1416 5307 1472 5363; x_wconf 81' lang='grc'><strong>1.</strong></span> 
     </span>
    </p>
   </div>
   <div class='ocr_carea' id='block_1_100' title="bbox 505 5413 1997 5504">
    <p class='ocr_par' dir='ltr' id='par_1_100' title="bbox 505 5413 1997 5504">
     <span class='ocr_line' id='line_1_100' title="bbox 505 5413 1997 5504; baseline -0.003 -15"><span class='ocrx_word' id='word_1_743' title='bbox 505 5413 618 5504; x_wconf 62' lang='lat'><strong>(33)</strong></span> <span class='ocrx_word' id='word_1_744' title='bbox 634 5434 805 5490; x_wconf 89' lang='lat' dir='ltr'><strong>Codd.</strong></span> <span class='ocrx_word' id='word_1_745' title='bbox 833 5432 1229 5504; x_wconf 78' lang='lat' dir='ltr'><strong>Bellovacensis</strong></span> <span class='ocrx_word' id='word_1_746' title='bbox 1252 5439 1307 5486; x_wconf 91' lang='lat' dir='ltr'><strong>et</strong></span> <span class='ocrx_word' id='word_1_747' title='bbox 1326 5429 1557 5504; x_wconf 57' lang='grc' dir='ltr'><strong>Τιινρη.2</strong></span> <span class='ocrx_word' id='word_1_748' title='bbox 1583 5445 1602 5479; x_wconf 79' lang='grc' dir='ltr'><strong>ι</strong></span> <span class='ocrx_word' id='word_1_749' title='bbox 1633 5430 1934 5504; x_wconf 80' lang='lat' dir='ltr'><strong>pervenire.</strong></span> <span class='ocrx_word' id='word_1_750' title='bbox 1978 5451 1997 5484; x_wconf 73' lang='grc' dir='ltr'><strong>ι</strong></span> 
     </span>
    </p>
   </div>
   <div class='ocr_carea' id='block_1_101' title="bbox 434 5499 2002 5576">
    <p class='ocr_par' dir='ltr' id='par_1_101' title="bbox 434 5499 2002 5576">
     <span class='ocr_line' id='line_1_101' title="bbox 434 5499 2002 5576; baseline -0.004 -14"><span class='ocrx_word' id='word_1_751' title='bbox 434 5499 609 5562; x_wconf 81' lang='lat' dir='ltr'><strong>Paulo</strong></span> <span class='ocrx_word' id='word_1_752' title='bbox 637 5516 755 5576; x_wconf 92' lang='lat' dir='ltr'><strong>post</strong></span> <span class='ocrx_word' id='word_1_753' title='bbox 782 5506 934 5559; x_wconf 89' lang='lat' dir='ltr'><strong>codd.</strong></span> <span class='ocrx_word' id='word_1_754' title='bbox 972 5503 1312 5576; x_wconf 81' lang='lat' dir='ltr'><strong>Ebroicensis</strong></span> <span class='ocrx_word' id='word_1_755' title='bbox 1339 5513 1393 5554; x_wconf 92' lang='lat' dir='ltr'><strong>et</strong></span> <span class='ocrx_word' id='word_1_756' title='bbox 1437 5499 1728 5576; x_wconf 84' lang='lat' dir='ltr'><strong>Sagiensis,</strong></span> <span class='ocrx_word' id='word_1_757' title='bbox 1771 5518 1790 5552; x_wconf 79' lang='grc' dir='ltr'><strong>ι</strong></span> <span class='ocrx_word' id='word_1_758' title='bbox 1825 5502 2002 5556; x_wconf 84' lang='lat' dir='ltr'><strong>adnu-</strong></span> 
     </span>
    </p>
   </div>
   <div class='ocr_carea' id='block_1_102' title="bbox 437 5571 1566 5640">
    <p class='ocr_par' dir='ltr' id='par_1_102' title="bbox 437 5571 1566 5640">
     <span class='ocr_line' id='line_1_102' title="bbox 437 5571 1566 5640; baseline -0.009 -7"><span class='ocrx_word' id='word_1_759' title='bbox 437 5571 946 5640; x_wconf 51' lang='lat' dir='ltr'><strong>tnerari&#39;merearis,</strong></span> <span class='ocrx_word' id='word_1_760' title='bbox 972 5584 1031 5627; x_wconf 92' lang='lat' dir='ltr'><strong>ut</strong></span> <span class='ocrx_word' id='word_1_761' title='bbox 1065 5573 1272 5627; x_wconf 87' lang='lat' dir='ltr'><strong>visitari</strong></span> <span class='ocrx_word' id='word_1_762' title='bbox 1315 5571 1509 5640; x_wconf 89' lang='lat' dir='ltr'><strong>possis.</strong></span> <span class='ocrx_word' id='word_1_763' title='bbox 1547 5591 1566 5623; x_wconf 71' lang='grc' dir='ltr'><strong>ι</strong></span> 
     </span>
    </p>
   </div>
   <div class='ocr_carea' id='block_1_103' title="bbox 507 5642 1712 5715">
    <p class='ocr_par' dir='ltr' id='par_1_103' title="bbox 507 5642 1712 5715">
     <span class='ocr_line' id='line_1_103' title="bbox 507 5642 1712 5715; baseline -0.006 -14"><span class='ocrx_word' id='word_1_764' title='bbox 507 5646 620 5715; x_wconf 74' lang='grc'><strong>(54)</strong></span> <span class='ocrx_word' id='word_1_765' title='bbox 652 5646 833 5700; x_wconf 84' lang='lat' dir='ltr'><strong>Codex</strong></span> <span class='ocrx_word' id='word_1_766' title='bbox 864 5644 1325 5715; x_wconf 74' lang='lat' dir='ltr'><strong>Bellovacensis,_«</strong></span> <span class='ocrx_word' id='word_1_767' title='bbox 1358 5642 1662 5711; x_wconf 91' lang='lat' dir='ltr'><strong>pervenire.</strong></span> <span class='ocrx_word' id='word_1_768' title='bbox 1692 5659 1712 5694; x_wconf 72' lang='grc' dir='ltr'><strong>ι</strong></span> 
     </span>
    </p>
   </div>
   <div class='ocr_carea' id='block_1_104' title="bbox 509 5712 1998 5792">
    <p class='ocr_par' dir='ltr' id='par_1_104' title="bbox 509 5712 1998 5792">
     <span class='ocr_line' id='line_1_104' title="bbox 509 5712 1998 5792; baseline -0.002 -20"><span class='ocrx_word' id='word_1_769' title='bbox 509 5712 620 5792; x_wconf 78' lang='grc'><strong>(55)</strong></span> <span class='ocrx_word' id='word_1_770' title='bbox 654 5717 894 5789; x_wconf 73' lang='lat' dir='ltr'><strong>Vulgata:</strong></span> <span class='ocrx_word' id='word_1_771' title='bbox 922 5717 1186 5772; x_wconf 88' lang='lat' dir='ltr'><strong>editiones</strong></span> <span class='ocrx_word' id='word_1_772' title='bbox 1217 5713 1417 5770; x_wconf 88' lang='lat' dir='ltr'><strong>habent</strong></span> <span class='ocrx_word' id='word_1_773' title='bbox 1446 5730 1458 5766; x_wconf 89' lang='lat'><strong>:</strong></span> <span class='ocrx_word' id='word_1_774' title='bbox 1497 5730 1516 5766; x_wconf 83' lang='grc' dir='ltr'><strong>ι</strong></span> <span class='ocrx_word' id='word_1_775' title='bbox 1544 5723 1706 5784; x_wconf 91' lang='lat' dir='ltr'><strong>atque</strong></span> <span class='ocrx_word' id='word_1_776' title='bbox 1747 5712 1814 5768; x_wconf 89' lang='lat' dir='ltr'><strong>ad</strong></span> <span class='ocrx_word' id='word_1_777' title='bbox 1845 5727 1998 5784; x_wconf 86' lang='lat' dir='ltr'><strong>para-</strong></span> 
     </span>
    </p>
   </div>
   <div class='ocr_carea' id='block_1_105' title="bbox 1547 5305 2136 5379">
    <p class='ocr_par' dir='ltr' id='par_1_105' title="bbox 1547 5305 2136 5379">
     <span class='ocr_line' id='line_1_105' title="bbox 1547 5305 2136 5379; baseline 0.005 -19"><span class='ocrx_word' id='word_1_778' title='bbox 1547 5307 1591 5338; x_wconf 79' lang='lat'>&quot;</span> <span class='ocrx_word' id='word_1_779' title='bbox 1633 5306 1653 5360; x_wconf 84' lang='grc' dir='ltr'><strong>Ι</strong></span> <span class='ocrx_word' id='word_1_780' title='bbox 1689 5305 1881 5366; x_wconf 85' lang='lat' dir='ltr'><strong>Thess.</strong></span> <span class='ocrx_word' id='word_1_781' title='bbox 1921 5325 1998 5379; x_wconf 84' lang='lat' dir='ltr'><strong>tv,</strong></span> <span class='ocrx_word' id='word_1_782' title='bbox 2048 5315 2136 5371; x_wconf 74' lang='grc'><strong>14,</strong></span> 
     </span>
    </p>
   </div>
   <div class='ocr_carea' id='block_1_106' title="bbox 2109 4523 3673 4596">
    <p class='ocr_par' dir='ltr' id='par_1_106' title="bbox 2109 4523 3673 4596">
     <span class='ocr_line' id='line_1_106' title="bbox 2109 4523 3673 4596; baseline -0.006 -11"><span class='ocrx_word' id='word_1_783' title='bbox 2109 4539 2212 4596; x_wconf 89' lang='lat' dir='ltr'><strong>est,</strong></span> <span class='ocrx_word' id='word_1_784' title='bbox 2235 4544 2489 4584; x_wconf 89' lang='lat' dir='ltr'><strong>sensuum</strong></span> <span class='ocrx_word' id='word_1_785' title='bbox 2513 4526 2723 4581; x_wconf 89' lang='lat' dir='ltr'><strong>scilicet</strong></span> <span class='ocrx_word' id='word_1_786' title='bbox 2752 4530 2947 4580; x_wconf 90' lang='lat' dir='ltr'><strong>mentis</strong></span> <span class='ocrx_word' id='word_1_787' title='bbox 2978 4540 3032 4581; x_wconf 93' lang='lat' dir='ltr'><strong>et</strong></span> <span class='ocrx_word' id='word_1_788' title='bbox 3059 4527 3443 4596; x_wconf 85' lang='lat' dir='ltr'><strong>cogitationum</strong></span> <span class='ocrx_word' id='word_1_789' title='bbox 3471 4523 3673 4580; x_wconf 91' lang='lat' dir='ltr'><strong>cordis.</strong></span> 
     </span>
    </p>
   </div>
   <div class='ocr_carea' id='block_1_107' title="bbox 2110 4616 3675 4688">
    <p class='ocr_par' dir='ltr' id='par_1_107' title="bbox 2110 4616 3675 4688">
     <span class='ocr_line' id='line_1_107' title="bbox 2110 4616 3675 4688; baseline -0.005 -13"><span class='ocrx_word' id='word_1_790' title='bbox 2110 4620 2215 4675; x_wconf 91' lang='lat' dir='ltr'><strong>Sed</strong></span> <span class='ocrx_word' id='word_1_791' title='bbox 2264 4629 2319 4673; x_wconf 92' lang='lat' dir='ltr'><strong>et</strong></span> <span class='ocrx_word' id='word_1_792' title='bbox 2361 4619 2586 4688; x_wconf 84' lang='lat' dir='ltr'><strong>singulis</strong></span> <span class='ocrx_word' id='word_1_793' title='bbox 2641 4619 2942 4688; x_wconf 86' lang='lat' dir='ltr'><strong>quibusque</strong></span> <span class='ocrx_word' id='word_1_794' title='bbox 3000 4619 3250 4672; x_wconf 90' lang='lat' dir='ltr'><strong>tribubus</strong></span> <span class='ocrx_word' id='word_1_795' title='bbox 3306 4616 3675 4686; x_wconf 86' lang='lat' dir='ltr'><strong>unusquisque</strong></span> 
     </span>
    </p>
   </div>
   <div class='ocr_carea' id='block_1_108' title="bbox 2109 4713 3672 4783">
    <p class='ocr_par' dir='ltr' id='par_1_108' title="bbox 2109 4713 3672 4783">
     <span class='ocr_line' id='line_1_108' title="bbox 2109 4713 3672 4783; baseline -0.005 -15"><span class='ocrx_word' id='word_1_796' title='bbox 2109 4713 2406 4768; x_wconf 90' lang='lat' dir='ltr'><strong>sociabitur</strong></span> <span class='ocrx_word' id='word_1_797' title='bbox 2454 4729 2550 4783; x_wconf 91' lang='lat' dir='ltr'><strong>pro</strong></span> <span class='ocrx_word' id='word_1_798' title='bbox 2597 4713 2683 4769; x_wconf 87' lang='lat' dir='ltr'><strong>his</strong></span> <span class='ocrx_word' id='word_1_799' title='bbox 2708 4728 2830 4782; x_wconf 64' lang='lat' dir='ltr'><strong>qua:</strong></span> <span class='ocrx_word' id='word_1_800' title='bbox 2861 4714 2930 4767; x_wconf 88' lang='lat' dir='ltr'><strong>ad</strong></span> <span class='ocrx_word' id='word_1_801' title='bbox 2981 4725 3418 4780; x_wconf 89' lang='lat' dir='ltr'><strong>unamquamque</strong></span> <span class='ocrx_word' id='word_1_802' title='bbox 3463 4723 3672 4770; x_wconf 80' lang='lat' dir='ltr'><strong>earum,</strong></span> 
     </span>
    </p>
   </div>
   <div class='ocr_carea' id='block_1_109' title="bbox 2107 4803 3674 4878">
    <p class='ocr_par' dir='ltr' id='par_1_109' title="bbox 2107 4803 3674 4878">
     <span class='ocr_line' id='line_1_109' title="bbox 2107 4803 3674 4878; baseline -0.005 -17"><span class='ocrx_word' id='word_1_803' title='bbox 2107 4806 2193 4861; x_wconf 87' lang='lat' dir='ltr'><strong>vel</strong></span> <span class='ocrx_word' id='word_1_804' title='bbox 2227 4806 2278 4860; x_wconf 92' lang='lat' dir='ltr'><strong>in</strong></span> <span class='ocrx_word' id='word_1_805' title='bbox 2305 4807 2520 4860; x_wconf 89' lang='lat' dir='ltr'><strong>actibus</strong></span> <span class='ocrx_word' id='word_1_806' title='bbox 2544 4819 2773 4878; x_wconf 88' lang='lat' dir='ltr'><strong>cognata</strong></span> <span class='ocrx_word' id='word_1_807' title='bbox 2805 4808 2882 4862; x_wconf 91' lang='lat' dir='ltr'><strong>vel</strong></span> <span class='ocrx_word' id='word_1_808' title='bbox 2909 4808 2959 4860; x_wconf 91' lang='lat' dir='ltr'><strong>in</strong></span> <span class='ocrx_word' id='word_1_809' title='bbox 2996 4807 3232 4860; x_wconf 90' lang='lat' dir='ltr'><strong>moribus</strong></span> <span class='ocrx_word' id='word_1_810' title='bbox 3262 4804 3469 4860; x_wconf 91' lang='lat' dir='ltr'><strong>habuit.</strong></span> <span class='ocrx_word' id='word_1_811' title='bbox 3502 4803 3674 4857; x_wconf 87' lang='lat' dir='ltr'><strong>Erunt</strong></span> 
     </span>
    </p>
   </div>
   <div class='ocr_carea' id='block_1_110' title="bbox 2107 4895 3676 4967">
    <p class='ocr_par' dir='ltr' id='par_1_110' title="bbox 2107 4895 3676 4967">
     <span class='ocr_line' id='line_1_110' title="bbox 2107 4895 3676 4967; baseline -0.001 -15"><span class='ocrx_word' id='word_1_812' title='bbox 2107 4913 2237 4967; x_wconf 89' lang='lat' dir='ltr'><strong>ergo</strong></span> <span class='ocrx_word' id='word_1_813' title='bbox 2286 4898 2597 4966; x_wconf 87' lang='lat' dir='ltr'><strong>hujusmodi</strong></span> <span class='ocrx_word' id='word_1_814' title='bbox 2650 4899 2870 4967; x_wconf 92' lang='lat' dir='ltr'><strong>quidam</strong></span> <span class='ocrx_word' id='word_1_815' title='bbox 2912 4899 3130 4954; x_wconf 89' lang='lat' dir='ltr'><strong>ordines</strong></span> <span class='ocrx_word' id='word_1_816' title='bbox 3178 4899 3227 4951; x_wconf 94' lang='lat' dir='ltr'><strong>in</strong></span> <span class='ocrx_word' id='word_1_817' title='bbox 3277 4895 3676 4952; x_wconf 72' lang='lat' dir='ltr'><strong>resurrectione</strong></span> 
     </span>
    </p>
   </div>
   <div class='ocr_carea' id='block_1_111' title="bbox 2108 4988 3676 5062">
    <p class='ocr_par' dir='ltr' id='par_1_111' title="bbox 2108 4988 3676 5062">
     <span class='ocr_line' id='line_1_111' title="bbox 2108 4988 3676 5062; baseline -0.004 -17"><span class='ocrx_word' id='word_1_818' title='bbox 2108 4999 2466 5057; x_wconf 89' lang='lat' dir='ltr'><strong>mortuorum,</strong></span> <span class='ocrx_word' id='word_1_819' title='bbox 2497 4990 2901 5062; x_wconf 86' lang='lat' dir='ltr'><strong>sicutdesignat</strong></span> <span class='ocrx_word' id='word_1_820' title='bbox 2925 4990 3246 5059; x_wconf 79' lang='lat' dir='ltr'><strong>Apostolus;</strong></span> <span class='ocrx_word' id='word_1_821' title='bbox 3273 5003 3507 5056; x_wconf 92' lang='lat' dir='ltr'><strong>quorum</strong></span> <span class='ocrx_word' id='word_1_822' title='bbox 3532 4988 3676 5041; x_wconf 84' lang='lat' dir='ltr'><strong>ordi-</strong></span> 
     </span>
    </p>
   </div>
   <div class='ocr_carea' id='block_1_112' title="bbox 2108 5077 3672 5151">
    <p class='ocr_par' dir='ltr' id='par_1_112' title="bbox 2108 5077 3672 5151">
     <span class='ocr_line' id='line_1_112' title="bbox 2108 5077 3672 5151; baseline -0.005 -14"><span class='ocrx_word' id='word_1_823' title='bbox 2108 5097 2237 5138; x_wconf 87' lang='lat' dir='ltr'><strong>num</strong></span> <span class='ocrx_word' id='word_1_824' title='bbox 2269 5091 2424 5150; x_wconf 85' lang='lat' dir='ltr'><strong>typus</strong></span> <span class='ocrx_word' id='word_1_825' title='bbox 2455 5081 2508 5136; x_wconf 91' lang='lat' dir='ltr'><strong>in</strong></span> <span class='ocrx_word' id='word_1_826' title='bbox 2537 5083 2638 5136; x_wconf 89' lang='lat' dir='ltr'><strong>hoc</strong></span> <span class='ocrx_word' id='word_1_827' title='bbox 2674 5080 2812 5136; x_wconf 89' lang='lat' dir='ltr'><strong>libro</strong></span> <span class='ocrx_word' id='word_1_828' title='bbox 2849 5094 2904 5136; x_wconf 90' lang='lat' dir='ltr'><strong>et</strong></span> <span class='ocrx_word' id='word_1_829' title='bbox 2941 5083 3107 5151; x_wconf 77' lang='lat' dir='ltr'><strong>ligura</strong></span> <span class='ocrx_word' id='word_1_830' title='bbox 3162 5079 3502 5150; x_wconf 63' lang='lat' dir='ltr'><strong>prmfortntttzi</strong></span> <span class='ocrx_word' id='word_1_831' title='bbox 3542 5077 3672 5130; x_wconf 87' lang='lat' dir='ltr'><strong>mihi</strong></span> 
     </span>
    </p>
   </div>
   <div class='ocr_carea' id='block_1_113' title="bbox 2112 5170 3672 5244">
    <p class='ocr_par' dir='ltr' id='par_1_113' title="bbox 2112 5170 3672 5244">
     <span class='ocr_line' id='line_1_113' title="bbox 2112 5170 3672 5244; baseline -0.006 -15"><span class='ocrx_word' id='word_1_832' title='bbox 2112 5177 2344 5231; x_wconf 91' lang='lat' dir='ltr'><strong>videtur.</strong></span> <span class='ocrx_word' id='word_1_833' title='bbox 2402 5173 2509 5230; x_wconf 91' lang='lat' dir='ltr'><strong>Sed</strong></span> <span class='ocrx_word' id='word_1_834' title='bbox 2548 5184 2604 5229; x_wconf 91' lang='lat' dir='ltr'><strong>et</strong></span> <span class='ocrx_word' id='word_1_835' title='bbox 2644 5174 2778 5231; x_wconf 78' lang='lat' dir='ltr'><strong>illud</strong></span> <span class='ocrx_word' id='word_1_836' title='bbox 2807 5176 2950 5244; x_wconf 90' lang='lat' dir='ltr'><strong>quod</strong></span> <span class='ocrx_word' id='word_1_837' title='bbox 2993 5173 3399 5229; x_wconf 81' lang='lat' dir='ltr'><strong>consociatione</strong></span> <span class='ocrx_word' id='word_1_838' title='bbox 3439 5170 3672 5241; x_wconf 85' lang='lat' dir='ltr'><strong>quadam</strong></span> 
     </span>
    </p>
   </div>
   <div class='ocr_carea' id='block_1_114' title="bbox 2212 5316 2737 5381">
    <p class='ocr_par' dir='ltr' id='par_1_114' title="bbox 2212 5316 2737 5381">
     <span class='ocr_line' id='line_1_114' title="bbox 2212 5316 2737 5381; baseline 0.002 -10"><span class='ocrx_word' id='word_1_839' title='bbox 2212 5317 2257 5349; x_wconf 91' lang='grc'><strong>⁷³</strong></span> <span class='ocrx_word' id='word_1_840' title='bbox 2295 5317 2315 5371; x_wconf 89' lang='lat' dir='ltr'>l</span> <span class='ocrx_word' id='word_1_841' title='bbox 2348 5316 2475 5372; x_wconf 84' lang='lat' dir='ltr'><strong>Cor.</strong></span> <span class='ocrx_word' id='word_1_842' title='bbox 2518 5333 2608 5381; x_wconf 74' lang='lat' dir='ltr'><strong>xv,</strong></span> <span class='ocrx_word' id='word_1_843' title='bbox 2649 5317 2737 5372; x_wconf 71' lang='lat'><strong>23.</strong></span> 
     </span>
    </p>
   </div>
   <div class='ocr_carea' id='block_1_115' title="bbox 2112 5436 3677 5506">
    <p class='ocr_par' dir='ltr' id='par_1_115' title="bbox 2112 5436 3677 5506">
     <span class='ocr_line' id='line_1_115' title="bbox 2112 5436 3677 5506; baseline -0.001 -12"><span class='ocrx_word' id='word_1_844' title='bbox 2112 5441 2284 5495; x_wconf 90' lang='lat' dir='ltr'><strong>disum</strong></span> <span class='ocrx_word' id='word_1_845' title='bbox 2329 5441 2380 5496; x_wconf 90' lang='lat' dir='ltr'><strong>in</strong></span> <span class='ocrx_word' id='word_1_846' title='bbox 2417 5455 2576 5494; x_wconf 86' lang='lat' dir='ltr'><strong>unam</strong></span> <span class='ocrx_word' id='word_1_847' title='bbox 2620 5455 2684 5493; x_wconf 81' lang='lat' dir='ltr'><strong>ex</strong></span> <span class='ocrx_word' id='word_1_848' title='bbox 2732 5439 2912 5493; x_wconf 89' lang='lat' dir='ltr'><strong>multis</strong></span> <span class='ocrx_word' id='word_1_849' title='bbox 2961 5452 3081 5506; x_wconf 69' lang='lat' dir='ltr'><strong>quae</strong></span> <span class='ocrx_word' id='word_1_850' title='bbox 3110 5437 3251 5504; x_wconf 87' lang='lat' dir='ltr'><strong>apud</strong></span> <span class='ocrx_word' id='word_1_851' title='bbox 3287 5436 3500 5492; x_wconf 88' lang='lat' dir='ltr'><strong>Patrem</strong></span> <span class='ocrx_word' id='word_1_852' title='bbox 3547 5444 3677 5493; x_wconf 80' lang='lat' dir='ltr'><strong>sunt</strong></span> 
     </span>
    </p>
   </div>
   <div class='ocr_carea' id='block_1_116' title="bbox 2109 5509 3674 5565">
    <p class='ocr_par' dir='ltr' id='par_1_116' title="bbox 2109 5509 3674 5565">
     <span class='ocr_line' id='line_1_116' title="bbox 2109 5509 3674 5565; baseline -0.002 0"><span class='ocrx_word' id='word_1_853' title='bbox 2109 5512 2479 5565; x_wconf 88' lang='lat' dir='ltr'><strong>mansionibus</strong></span> <span class='ocrx_word' id='word_1_854' title='bbox 2514 5510 2894 5565; x_wconf 78' lang='lat' dir='ltr'><strong>transferendi.</strong></span> <span class='ocrx_word' id='word_1_855' title='bbox 2923 5527 2940 5560; x_wconf 78' lang='grc' dir='ltr'><strong>ι</strong></span> <span class='ocrx_word' id='word_1_856' title='bbox 2991 5509 3098 5562; x_wconf 86' lang='lat' dir='ltr'><strong>Sed</strong></span> <span class='ocrx_word' id='word_1_857' title='bbox 3132 5523 3321 5562; x_wconf 89' lang='lat' dir='ltr'><strong>omnes</strong></span> <span class='ocrx_word' id='word_1_858' title='bbox 3359 5525 3490 5563; x_wconf 90' lang='lat' dir='ltr'><strong>mss.</strong></span> <span class='ocrx_word' id='word_1_859' title='bbox 3526 5518 3583 5561; x_wconf 85' lang='grc' dir='ltr'><strong>ιιι</strong></span> <span class='ocrx_word' id='word_1_860' title='bbox 3619 5510 3674 5562; x_wconf 82' lang='lat' dir='ltr'><strong>in</strong></span> 
     </span>
    </p>
   </div>
   <div class='ocr_carea' id='block_1_117' title="bbox 2108 5577 3675 5650">
    <p class='ocr_par' dir='ltr' id='par_1_117' title="bbox 2108 5577 3675 5650">
     <span class='ocr_line' id='line_1_117' title="bbox 2108 5577 3675 5650; baseline -0.003 -16"><span class='ocrx_word' id='word_1_861' title='bbox 2108 5593 2297 5637; x_wconf 84' lang='lat' dir='ltr'><strong>nostro</strong></span> <span class='ocrx_word' id='word_1_862' title='bbox 2358 5592 2524 5635; x_wconf 76' lang='lat' dir='ltr'><strong>textu.</strong></span> <span class='ocrx_word' id='word_1_863' title='bbox 2595 5579 3147 5650; x_wconf 8' lang='lat' dir='ltr'><strong>Consule_lluﬁetium</strong></span> <span class='ocrx_word' id='word_1_864' title='bbox 3227 5577 3675 5650; x_wconf 78' lang='lat' dir='ltr'><strong>Origeniauorum</strong></span> 
     </span>
    </p>
   </div>
   <div class='ocr_carea' id='block_1_118' title="bbox 2106 5647 3290 5721">
    <p class='ocr_par' dir='ltr' id='par_1_118' title="bbox 2106 5647 3290 5721">
     <span class='ocr_line' id='line_1_118' title="bbox 2106 5647 3290 5721; baseline 0.002 -16"><span class='ocrx_word' id='word_1_865' title='bbox 2106 5650 2199 5708; x_wconf 91' lang='lat' dir='ltr'><strong>lib.</strong></span> <span class='ocrx_word' id='word_1_866' title='bbox 2230 5666 2292 5718; x_wconf 89' lang='lat' dir='ltr'><strong>tt,</strong></span> <span class='ocrx_word' id='word_1_867' title='bbox 2317 5660 2512 5721; x_wconf 74' lang='lat' dir='ltr'><strong>qua-st.</strong></span> <span class='ocrx_word' id='word_1_868' title='bbox 2542 5651 2630 5716; x_wconf 81' lang='lat' dir='ltr'><strong>ll,</strong></span> <span class='ocrx_word' id='word_1_869' title='bbox 2662 5666 2810 5704; x_wconf 90' lang='lat' dir='ltr'><strong>num.</strong></span> <span class='ocrx_word' id='word_1_870' title='bbox 2843 5647 2896 5716; x_wconf 89' lang='lat'><strong>9,</strong></span> <span class='ocrx_word' id='word_1_871' title='bbox 2925 5649 3014 5715; x_wconf 78' lang='lat' dir='ltr'><strong>l0,</strong></span> <span class='ocrx_word' id='word_1_872' title='bbox 3041 5649 3098 5703; x_wconf 85' lang='grc' dir='ltr'>Η</span> <span class='ocrx_word' id='word_1_873' title='bbox 3127 5657 3180 5704; x_wconf 92' lang='lat' dir='ltr'><strong>et</strong></span> <span class='ocrx_word' id='word_1_874' title='bbox 3207 5649 3290 5707; x_wconf 69' lang='lat' dir='ltr'><strong>l2.</strong></span> 
     </span>
    </p>
   </div>
  </div>
