4074 6156
378 277 502 334 589

377 397 636 452 tribuum
665 407 721 452 et
752 396 1112 463 connexione,
1143 405 1451 455 castrorum
1496 398 1699 467 positio
1727 407 1783 452 et
1810 407 1980 451 meta-
2010 405 2057 456 Α

377 493 562 547 tionis
584 493 720 546 ordo
746 491 1098 556 describitur,
1144 493 1386 561 pertinet
1417 493 1538 546 sine
1569 489 1734 546 dubio
1779 492 1844 544 ad
1878 489 1978 542 ali-

376 601 558 657 quem
603 586 659 640 iu
711 587 1115 642 resurrectione
1167 596 1504 641 mortuorum
1542 595 1761 639 statum.
1825 583 1980 650 Quod

380 688 509 733 tres
539 678 606 732 ad
637 679 907 734 orientem
936 678 1214 732 collocata:
1250 677 1509 732 dicuntur
1537 677 1731 740 tribus,
1770 685 1882 730 tres
1912 673 1978 727 ad

378 768 760 832 occidentem,
812 778 922 822 tres
971 769 1137 823 etiam
1183 768 1249 821 ad
1288 768 1571 822 meridiem
1610 766 1721 840 (56)
1767 775 1818 822 et
1867 775 1979 821 tres

380 860 603 914 ultima:
658 861 724 912 ad
784 860 1114 930 aquilonem,
1165 860 1258 929 qui
1295 861 1461 915 durus
1499 859 1699 915 dicitur
1742 869 1974 923 ventus;

376 955 488 1006 sed
517 962 574 1008 et
609 953 752 1022 quod
781 955 955 1007 tribus
976 952 1135 1014 Juda,
1169 968 1290 1022 quae
1323 952 1518 1020 regalis
1557 962 1663 1018 εει,
1703 952 1768 1004 ad
1794 951 1978 1004 orien-

380 1053 506 1098 tem
536 1047 814 1109 statuitur,
835 1062 901 1101 ex
925 1062 1026 1116 qua
1059 1057 1212 1101 ortus
1236 1063 1319 1101 εει
1351 1047 1608 1101 Dominus
1636 1056 1840 1110 noster,
1867 1059 1974 1100 non

378 1148 527 1205 puto
555 1139 816 1206 otiosum,
858 1147 913 1192 et
952 1142 1096 1208 quod
1138 1138 1391 1196 lssacbar
1441 1141 1567 1194 huic
1606 1139 1874 1210 jungitur,
1921 1148 1978 1192 et

376 1226 661 1294 Zabulon,
709 1241 766 1285 et
815 1232 958 1302 quod
1013 1231 1066 1286 in
1114 1243 1350 1302 quatuor
1406 1244 1590 1302 partes
1650 1233 1826 1288 trinus
1874 1233 1978 1286 iste

376 1336 654 1377 numerus
676 1323 980 1378 ordinatur.
1012 1326 1143 1391 Quae
1190 1327 1442 1395 quamvis
1476 1327 1807 1396 positionum
1847 1340 1976 1381 sua-

377 1429 514 1468 rum
545 1414 794 1470 diversas
837 1415 1075 1472 habeant
1107 1419 1429 1488 qualitates,
1457 1434 1646 1474 omnes
1677 1429 1854 1473 tamen
1892 1419 1974 1472 itt-

379 1515 476 1560 tra
531 1506 793 1563 trinitatis
841 1525 1121 1563 numerum
1171 1510 1538 1566 continentur.
1579 1510 1646 1565 Et
1693 1511 1835 1580 quod
1877 1525 1974 1580 per

378 1610 535 1655 tutas
563 1602 664 1656 has
689 1611 920 1672 quatuor
959 1616 1142 1673 partes
1165 1606 1218 1659 in
1251 1621 1417 1659 unum
1448 1619 1735 1659 numerum
1763 1603 1968 1675 colligi-

378 1703 482 1747 tur
509 1695 700 1749 eadem
730 1695 945 1750 trinitas
977 1712 1212 1767 semper,
1240 1711 1342 1767 pro
1368 1713 1435 1751 eo
1464 1697 1582 1752 sine
1621 1696 1788 1753 dubio
1827 1697 1968 1766 quod

377 1789 492 1842 sub
534 1803 644 1842 nuo
675 1789 893 1845 nomine
941 1789 1120 1845 Patris
1169 1799 1226 1845 et
1260 1789 1382 1844 Filii
1427 1802 1483 1844 et
1522 1789 1758 1859 Spiritus
1791 1792 1967 1844 sancti

380 1892 689 1937 censentur
723 1898 932 1945 omnes,
986 1884 1078 1954 qui
1119 1899 1187 1939 ex
1246 1897 1484 1953 quatuor
1533 1882 1682 1939 orbis
1723 1885 1971 1953 partibus

379 1975 674 2038 venientes
734 1974 989 2028 invocant
1033 1990 1232 2030 nomen
1288 1976 1538 2041 Domini,
1591 1979 1969 2035 recumbentes

377 2083 513 2122 cum
545 2067 818 2121 Abraham
846 2075 900 2122 et
925 2067 1076 2122 Isaac
1097 2076 1152 2122 et
1179 2065 1352 2122 Jacob
1389 2068 1442 2122 in
1472 2083 1642 2138 regno
1685 2069 1802 2125 Dei.
1837 2069 1963 2124 lltec

382 2175 414 2213 a
446 2159 610 2214 nobis
651 2158 979 2226 generaliter
1025 2157 1266 2214 indicata
1310 2159 1418 2214 sint
1460 2161 1772 2216 volentibus
1803 2161 1966 2216 totius

381 2253 529 2307 sacri
563 2252 724 2322 hujus
757 2251 1046 2306 voluminis
1079 2253 1477 2308 continentiam
1521 2254 1809 2325 mysticam
1847 2254 1972 2309 bre-

378 2345 531 2399 viter
560 2343 1048 2413 comprehendere,
1090 2351 1149 2397 ut
1175 2357 1243 2398 ex
1271 2344 1356 2399 his
1396 2344 1768 2414 intelligentiae
1807 2346 1973 2416 spiri-

389 2436 520 2491 talis
554 2439 849 2491 occasione
882 2445 1134 2505 suscepta
1165 2439 1540 2507 unusquisque
1580 2447 1635 2491 et
1663 2438 1716 2493 in
1748 2439 1970 2510 reliquis

382 2529 662 2593 similem,
697 2539 795 2583 aut
833 2529 994 2582 etiam
1040 2529 1086 2582 si
1138 2529 1223 2582 cui
1270 2529 1501 2599 amplius
1543 2529 1682 2585 Deus
1741 2531 1966 2598 revelat,

383 2623 725 2692 superiorem
757 2633 811 2678 et
840 2624 1198 2679 excelsiorem
1228 2633 1589 2694 persequatur
1633 2623 1964 2695 indaginem.

382 2716 503 2786 Ego
529 2718 674 2771 enim
710 2732 838 2772 vere
882 2719 1144 2787 imparem
1195 2733 1279 2773 me
1320 2717 1506 2786 judico
1550 2719 1616 2770 ad
1658 2721 1968 2774 enarranda

381 2809 684 2880 mysteria,
741 2825 861 2879 qua:
927 2809 1066 2865 liber
1116 2809 1205 2864 hic
1269 2811 1513 2864 continet
1558 2807 1964 2871 Numerorum;

385 2901 561 2956 multo
583 2913 763 2956 autem
799 2902 1113 2956 inferiorem
1148 2905 1212 2954 ad
1241 2903 1330 2956 illa
1357 2944 1373 2969 ,
1404 2917 1523 2971 quae
1560 2903 1965 2956 Deuteronomii

383 2993 638 3047 volumen
687 2993 932 3050 includit.
991 2994 1056 3047 Et
1109 2995 1226 3048 ideo
1263 2994 1629 3048 festinandum
1676 2993 1832 3047 nobis
1883 3002 1967 3047 est

385 3082 680 3152 pervenire
705 3085 772 3136 ad
799 3081 1009 3146 Jesum,
1040 3099 1146 3138 nou
1178 3085 1327 3137 illum
1363 3084 1528 3136 lilium
1565 3083 1734 3146 Nave,
1766 3084 1858 3138 scd
1897 3083 1962 3136 ad
1993 3114 2034 3170 ε

382 3172 567 3228 Jesutn
621 3173 913 3228 Christum.
977 3172 1135 3227 Prius
1188 3183 1365 3228 tamen
1417 3173 1709 3242 paedagogo
1752 3183 1963 3228 utentes

389 3269 596 3339 Moyse,
616 3277 668 3321 et
687 3268 829 3336 apud
860 3283 980 3322 eum
1014 3269 1318 3322 rudimenta
1348 3267 1590 3321 infantiae
1613 3267 1961 3336 deponentes,

385 3359 468 3414 sic
501 3358 784 3413 tendamus
809 3359 874 3411 ad
903 3355 1290 3425 perfectionem
1318 3355 1540 3412 Christi.
1585 3356 1796 3427 Moyses
1819 3356 1964 3410 enim

391 3467 496 3503 non
530 3450 695 3504 multa
727 3449 867 3505 bella
894 3450 1238 3518 compressit.
1275 3447 1432 3506 Jesus
1455 3458 1635 3504 autem
1670 3449 1808 3505 bella
1842 3448 1965 3519 qui-

387 3543 509 3596 dem
560 3543 810 3596 uuiversa
859 3543 1216 3611 compescuit,
1282 3556 1470 3611 pacem
1527 3555 1658 3597 vero
1710 3541 1966 3597 omnibus

389 3635 558 3697 dedit,
592 3633 665 3687 ita
706 3644 764 3688 ut
793 3634 1062 3704 scriptum
1101 3635 1173 3689 sit
1226 3634 1292 3700 7‘,
1338 3635 1462 3704 quia
1501 3652 1521 3685 ‹
1552 3637 1784 3689 cessavit
1815 3641 1962 3689 terra

388 3745 414 3778 a
451 3726 625 3781 bellis.
677 3744 696 3777 ι
733 3725 900 3780 Terra
937 3725 1393 3795 repromissionis,
1435 3733 1576 3780 terra
1610 3726 1962 3790 bmreditatis,

389 3828 534 3872 terra
582 3834 705 3888 qua:
748 3817 868 3872 ﬂuit
919 3818 1005 3872 lac
1042 3829 1091 3872 et
1127 3817 1252 3882 mel,
1287 3816 1355 3870 ab
1407 3815 1535 3871 Jesu
1594 3817 1960 3871 distrilmitur.

392 3912 605 3967 «Beati»
631 3912 777 3966 enim
810 3911 1020 3975 unites,
1041 3911 1165 3981 quia
1187 3909 1317 3978 ipsi»
1351 3926 1448 3978 per
1469 3909 1653 3964 Jesum
1692 3911 1962 3965 cliteredi-

384 4008 579 4060 tabunt
607 4015 810 4059 terram
838 4003 937 4060 ⁷⁸.»
975 4002 1081 4058 Sed
1109 4012 1166 4058 et
1194 4003 1360 4072 ipsius
1382 4001 1781 4057 distributionis
1808 4003 1964 4057 inre-

387 4099 504 4152 nies
537 4109 693 4168 typos
723 4107 779 4152 et
818 4097 1082 4167 imagines
1110 4096 1480 4164 praecessisse.
1508 4093 1624 4148 Non
1655 4096 1800 4150 enim
1833 4095 1964 4148 otio-

386 4205 503 4244 sum
537 4199 623 4243 est
652 4189 792 4258 quod
823 4189 944 4242 aliis
982 4186 1125 4240 ultra
1154 4185 1444 4242 Jordanem
1486 4196 1630 4242 terra
1679 4186 1961 4250 dividitur,

388 4281 508 4334 aliis
545 4280 689 4333 intra
735 4276 1062 4342 Iordanem,
1123 4286 1177 4332 et
1224 4278 1344 4332 aliis
1394 4279 1606 4346 primis,
1663 4276 1788 4332 aliis
1834 4292 1964 4332 vero

387 4373 664 4438 secundis,
693 4369 968 4425 nonnullis
994 4369 1160 4425 etiam
1191 4368 1382 4433 tertiis,
1402 4377 1456 4422 et
1487 4368 1565 4422 sic
1591 4382 1687 4436 per
1717 4368 1962 4423 ordinem

1629 276 1697 331 lN
1733 252 2063 331 Nummos
2102 273 2387 332 llOMlLtA
2423 277 2487 334 tt.
3559 281 3670 338 δυο

2675 397 2956 454 llOMlLlA
3001 379 3062 454 It.

2343 490 2420 544 De
2460 491 2642 547 ordine
2681 503 2730 547 et
2770 493 3050 547 collatione
3089 505 3404 554 castrorum.

2156 584 2208 636 l.
2256 581 2440 638 Prima
2481 585 2844 641 Numerorum
2882 586 3044 640 lectio
3079 588 3283 650 docuit,
3321 590 3464 659 quod
3501 606 3664 648 exer-

2083 672 2222 726 citus
2256 673 2349 727 Dei
2398 677 2488 744 qui
2543 677 2712 730 exivit
2771 677 2838 730 de
2893 687 3037 731 terra
3076 677 3297 750 [Egypti
3334 689 3388 737 et
3419 683 3524 737 iter
3554 685 3666 753 egit

2085 779 2179 830 per
2201 763 2499 832 desertum,
2542 769 2793 824 visitatus
2819 770 2910 833 sit,
2961 771 3062 824 hoc
3088 780 3189 836 est,
3222 782 3540 830 numeratus
3566 791 3664 845 per

2084 855 2299 927 Moysen
2335 868 2391 912 et
2432 859 2636 924 Aaron,
2676 876 2738 915 ac
2786 875 2884 928 per
2917 862 3156 931 singulas
3197 880 3439 936 quasque
3489 869 3664 924 tribus

2082 961 2452 1020 sequestratus
2487 963 2638 1008 certo
2664 954 2768 1009 sub
2792 969 3020 1009 numero
3053 959 3350 1016 recensitus
3378 963 3450 1016 sit
3475 983 3488 1017 :
3515 967 3662 1031 quod

2081 1059 2180 1099 nos
2217 1044 2366 1100 velut
2401 1061 2524 1101 cum
2560 1055 2672 1101 tcta
2701 1046 2862 1101 simul
2907 1047 3069 1102 libelli
3122 1053 3458 1108 continentia
3491 1069 3660 1124 expo-

2081 1150 2292 1206 nentes,
2315 1138 2541 1195 formam
2567 1139 2807 1194 diximus
2833 1154 2953 1195 esse
2979 1144 3362 1212 persCriptam,
3387 1151 3660 1216 quomodo

2081 1231 2312 1303 populus
2348 1232 2440 1287 Dei
2469 1233 2759 1303 egrediens
2783 1231 2850 1287 de
2884 1233 3067 1287 mundi
3101 1234 3260 1303 hujus
3301 1235 3570 1310 Egypto,
3604 1252 3660 1296 et

2078 1326 2144 1379 ad
2183 1337 2381 1379 terram
2429 1325 2909 1394 repromissionis,
2954 1327 3007 1381 id
3056 1334 3176 1391 est,
3212 1329 3381 1400 278
3434 1333 3523 1388 vel
3587 1337 3656 1389 ad

2078 1418 2336 1471 virtutum
2381 1415 2580 1479 locum,
2635 1415 2720 1470 vel
2769 1416 2835 1470 ad
2885 1418 3032 1486 regni
3110 1419 3373 1475 ccelorum
3425 1423 3656 1493 gloriam

2078 1508 2562 1578 lnereditatemque
2597 1506 2864 1564 festinans
2887 1547 2901 1572 ,
2933 1493 3214 1566 ordinibus
3249 1511 3571 1582 quibusdam
3603 1526 3658 1570 et

2078 1602 2399 1656 meritorum
2431 1602 2688 1669 gradibus
2712 1602 3032 1656 deducatur.
3061 1601 3124 1656 Et
3151 1619 3247 1673 per
3273 1606 3391 1662 haec
3411 1609 3658 1663 ostendi-

2077 1711 2196 1749 mus
2251 1695 2562 1748 futurorum
2613 1696 2878 1750 bonorum
2938 1696 3394 1767 magnificentiam
3437 1700 3490 1754 in
3522 1701 3656 1770 legis

2075 1786 2406 1856 imaginibus
2439 1787 2843 1842 adumbratam.
2881 1786 3037 1843 Nunc
3058 1804 3186 1844 vero
3220 1790 3471 1847 lectionis
3495 1793 3656 1861 hujus

2072 1879 2307 1943 initium,
2339 1892 2459 1945 quae
2493 1877 2653 1932 hodie
2693 1880 2921 1933 recitata
2946 1889 3051 1944 est,
3074 1881 3266 1936 edocet
3291 1898 3392 1938 nos
3421 1885 3656 1953 qualiter

2071 1974 2138 2026 ab
2171 1973 2256 2027 his
2286 1973 2378 2041 qui
2411 1970 2527 2027 Deo
2579 1973 2874 2041 mancipati
2920 1986 3086 2041 sunt,
3125 1990 3228 2032 nec
3279 1978 3560 2048 implicant
3597 1995 3658 2037 se

2071 2063 2302 2133 negotiis
2327 2062 2679 2118 saecularibus
2700 2103 2716 2128 ,
2765 2073 3118 2133 componatur
3155 2067 3292 2121 ordo
3325 2077 3653 2122 castrorum.

2069 2156 2162 2210 Ait
2194 2156 2339 2210 enim
2379 2155 2425 2188 ⁷⁸
2462 2174 2474 2208 :
2523 2175 2542 2208 ε
2569 2153 2636 2209 Ει
2670 2157 2880 2212 locutus
2909 2167 2994 2213 est
3023 2158 3282 2213 Dominus
3320 2158 3388 2212 ad
3433 2159 3654 2230 Moysen

2069 2257 2124 2302 et
2161 2247 2346 2303 Aaron
2380 2248 2608 2303 dicens:
2638 2247 2810 2304 Homo
2843 2252 3143 2306 secundum
3179 2252 3430 2307 ordinem
3471 2267 3651 2316 suum,

2070 2349 2127 2395 et
2157 2341 2454 2395 secundum
2500 2342 2653 2412 signa
2699 2358 2819 2410 sua,
2856 2353 2909 2399 et
2936 2345 3236 2400 secundum
3273 2346 3469 2400 domus
3493 2344 3654 2400 fanti-

2071 2431 2264 2485 liarum
2283 2445 2505 2485 suarum
2533 2441 2714 2485 castra
2743 2433 2996 2501 collocet,
3018 2434 3112 2489 lilii
3138 2434 3305 2491 Israel
3329 2452 3394 2492 ex
3418 2440 3654 2498 adverso

2073 2523 2127 2576 in
2197 2522 2430 2577 circuitu
2503 2524 2840 2578 tabernaculi
2914 2526 3211 2580 testimonii
3283 2531 3588 2588 considant.
3629 2554 3649 2586 ι

2069 2615 2284 2687 Moyses
2316 2615 2450 2670 dicit
2483 2634 2497 2670 :
2526 2614 2702 2670 Homo
2737 2619 3032 2673 secundum
3076 2621 3323 2676 ordinem
3365 2639 3547 2688 suum,
3597 2639 3655 2681 et

2070 2709 2368 2765 secundum
2399 2708 2551 2777 signa
2602 2723 2723 2771 sua,
2771 2719 2828 2764 et
2855 2711 3153 2766 secundum
3203 2713 3390 2769 domos
3422 2715 3656 2772 familia.

2071 2817 2188 2855 rum
2211 2817 2434 2856 suarum
2461 2802 2682 2856 incedat
2718 2801 2771 2855 in
2805 2802 3038 2871 castris;
3075 2813 3130 2860 et
3178 2805 3378 2862 Paulus
3404 2807 3602 2862 dicit"
3637 2828 3649 2863 :

2073 2913 2092 2945 ι
2122 2894 2315 2950 Omnia
2360 2895 2589 2950 honeste
2619 2906 2675 2951 et
2719 2897 3016 2951 secundum
3051 2898 3299 2954 ordinem
3336 2898 3491 2956 (iant.
3528 2920 3547 2952 ι
3586 2901 3654 2955 Et

2070 3003 2173 3043 non
2206 2989 2298 3043 tibi
2331 2987 2546 3043 videtur
2576 3004 2716 3043 unus
2751 3004 2872 3044 esse
2933 2987 3171 3058 Spiritus
3219 2990 3336 3059 Dei,
3368 2993 3459 3062 qui
3500 3004 3554 3048 et
3593 2995 3648 3048 in

2071 3080 2252 3150 Moyse
2293 3080 2554 3149 loquitur,
2592 3091 2648 3135 et
2696 3080 2747 3134 in
2779 3080 2990 3135 Paulo?
3033 3081 3350 3139 Secundum
3399 3085 3649 3141 ordinem

2073 3173 2284 3244 Moyses
2311 3173 2488 3227 incedi
2519 3175 2744 3227 mandat
2791 3173 2846 3227 in
2899 3174 3130 3240 castris;
3180 3177 3473 3230 secundum
3500 3179 3652 3232 ordi-

2070 3280 2193 3319 nem
2244 3275 2441 3320 cuncta
2477 3265 2590 3335 geri
2635 3265 2686 3318 in
2721 3265 2969 3320 Ecclesia
3020 3265 3267 3336 praacipit
3307 3266 3528 3323 Paulus.
3584 3269 3653 3323 Et

2073 3358 2284 3430 Moyses
2327 3358 2568 3427 quidem,
2621 3357 2711 3427 qui
2770 3357 2877 3428 legi
2928 3357 3295 3421 ministrabat,
3350 3359 3404 3413 in
3451 3360 3652 3413 castris

2070 3450 2329 3506 custodiri
2388 3450 2639 3504 ordinem
2693 3448 2885 3518 jubet:
2938 3448 3142 3504 Paulus
3205 3464 3337 3504 vero
3393 3459 3650 3520 tanquam

2069 3543 2349 3615 Evangelii
2377 3544 2656 3608 minister,
2709 3557 2814 3596 non
2862 3541 3034 3596 solum
3067 3540 3119 3594 in
3165 3542 3415 3607 actibus,
3463 3544 3558 3597 sed
3594 3545 3649 3598 in

2069 3641 2183 3710 ipso
2219 3640 2400 3694 habitu
2432 3679 2447 3703 ,
2482 3639 2792 3692 ordinatum
2829 3635 2947 3688 vult
2977 3649 3097 3688 esse
3142 3634 3518 3689 Chrisuanum
3547 3650 3564 3702 ;
3595 3648 3651 3690 et

2075 3734 2197 3787 ideo
2227 3733 2360 3787 dicit
2387 3732 2473 3784 l'°:
2506 3730 2792 3784 «Mulieres
2819 3727 3074 3782 similiter
3097 3727 3148 3779 in
3177 3727 3366 3781 habitu
3395 3741 3645 3783 ornato.»

2071 3824 2224 3881 Unde
2267 3838 2368 3893 ego
2395 3823 2638 3877 arbitror
2671 3819 2818 3890 quod
2875 3832 2980 3872 non
3031 3816 3204 3872 solum
3250 3818 3305 3872 in
3351 3818 3542 3873 allii-iis
3597 3830 3650 3872 et

2068 3915 2256 3971 habitu
2292 3913 2502 3970 servari
2555 3913 2803 3967 ordinem
2837 3910 3060 3972 volunt,
3119 3909 3214 3963 sed
3257 3910 3386 3962 dant
3421 3909 3650 3980 intelligi

2069 4008 2211 4079 quod
2251 4007 2323 4062 sit
2361 4006 2557 4075 aliquis
2576 4005 2741 4061 etiam
2783 4004 2834 4057 in
2867 4003 3045 4056 anima
3079 4001 3234 4064 ordo,
3269 4004 3334 4054 de
3359 4015 3468 4070 quo
3504 4001 3653 4054 dica-

2071 4113 2156 4157 tur
2189 4100 2336 4170 qttod
2379 4098 2754 4167 unusquisque
2801 4095 3059 4149 incedere
3100 4093 3299 4147 debeat
3345 4093 3649 4146 secundum

2067 4191 2315 4246 ordinem
2344 4204 2527 4244 suum.
2552 4188 2654 4254 Qui
2685 4186 2819 4242 ordo
2849 4184 3126 4254 praecipue
3162 4183 3381 4253 quidem
3423 4197 3490 4236 ex
3520 4197 3651 4251 ope-

2072 4300 2190 4339 rum
2251 4284 2433 4338 fructu
2484 4281 2760 4336 indicatur
2793 4297 2806 4334 :
2841 4277 3193 4332 nihilominus
3237 4287 3416 4330 autem
3469 4286 3524 4331 et
3580 4291 3651 4331 ex

2073 4374 2475 4446 magniﬁcentia
2507 4388 2788 4430 sensuum.
2819 4371 2952 4426 Nam
2985 4385 3126 4439 saepe
3158 4370 3379 4437 accidit,
3404 4379 3460 4422 ut
3485 4369 3532 4424 is
3555 4371 3647 4436 qui

385 4464 678 4519 ltarreditas
701 4473 858 4518 terra
881 4463 1184 4528 dividitur;
1216 4462 1302 4515 ubi
1345 4461 1717 4530 unusquisque
1753 4461 1962 4529 requie-

2073 4468 2332 4523 lmmilem
2362 4481 2580 4522 sensum
2615 4465 2754 4537 gerit
2783 4464 3128 4534 etabjectum
3152 4505 3167 4529 ,
3203 4476 3257 4515 et
3295 4463 3385 4529 qni
3425 4471 3645 4515 terrena

385 4569 502 4614 scat
521 4558 619 4613 sub
644 4558 746 4612 ficu
775 4571 892 4622 sua,
923 4565 979 4611 et
1009 4555 1112 4610 sub
1139 4555 1253 4609 vite
1279 4569 1374 4608 sua
1405 4553 1476 4617 ⁷⁸,
1505 4562 1560 4607 et
1583 4567 1686 4606 non
1719 4553 1792 4606 sit
1819 4552 1960 4607 ultra

385 4651 477 4718 qui
514 4659 808 4704 exterreat.
862 4650 992 4713 Quae
1038 4655 1234 4702 cuncta
1283 4644 1588 4716 magniﬁcis
1635 4645 1960 4713 prtesignata

385 4743 684 4818 mysteriis,
725 4744 839 4812 ipse
869 4743 1129 4796 Dominus
1163 4739 1321 4794 Jesus
1349 4739 1400 4792 in
1443 4738 1528 4792 die
1570 4737 1840 4790 adventus
1878 4737 1960 4789 sui

386 4855 492 4894 non
514 4837 627 4904 jam
664 4851 758 4904 per
789 4835 1063 4904 speculum
1093 4843 1147 4888 et
1174 4835 1227 4888 in
1253 4833 1542 4904 aenigmate
1565 4872 1579 4895 ,
1613 4830 1705 4884 sed
1732 4827 1870 4882 facie
1898 4828 1964 4881 ad

387 4930 579 4986 faciem
609 4931 651 4961 ⁷⁷
691 4947 742 4983 ιη
773 4931 1005 4982 veritate
1045 4927 1338 4997 complebit
1393 4923 1724 4991 unicuique,
1773 4934 1967 4974 secun-

388 5025 516 5078 dum
568 5022 712 5092 quod
757 5023 871 5091 ipse
917 5021 1129 5076 noverit
1189 5021 1378 5073 merita
1433 5015 1768 5086 singulorum
1804 5053 1819 5077 ,
1869 5011 1961 5080 qui

387 5117 634 5188 cognitor
657 5117 836 5171 cordis
865 5124 967 5179 est,
988 5114 1071 5168 cui
1098 5112 1269 5184 gloria
1290 5120 1346 5166 et
1375 5109 1660 5179 imperium
1685 5107 1740 5160 in
1766 5104 1962 5160 sarcula

390 5211 733 5266 saeculorum.
769 5209 968 5266 Amen.

456 5452 506 5485 "
572 5449 682 5504 Jos.
710 5465 819 5513 xuv,
864 5447 951 5503 15.
1027 5449 1072 5480 ⁷⁵
1110 5446 1302 5501 Matth.
1335 5461 1388 5513 v,
1431 5443 1488 5498 4.

387 5535 502 5589 XIV,
531 5523 621 5576 40.
675 5522 720 5553 ⁸ο
761 5522 868 5574 Tit.
911 5535 972 5585 tt,
1014 5519 1070 5574 ‘5.

486 5642 575 5714 56)
611 5641 782 5697 Codd.
803 5639 1092 5714 Sagiensis
1121 5650 1175 5714 et
1205 5634 1624 5714 llellovaccnsis,
1686 5651 1704 5683 ι
1730 5647 1940 5714 mare.)

486 5705 575 5782 57)
615 5714 738 5766 MSs.
800 5705 1214 5782 Bellovaceusis,
1251 5707 1604 5782 'l‘uroueusis,
1654 5717 1705 5782 et
1734 5705 1950 5782 libi-ui-

389 5777 604 5855 censis,
643 5801 663 5835 ι
691 5784 936 5838 insideat.
970 5802 987 5834 ι
1027 5779 1267 5850 Vulgata:
1290 5779 1553 5834 editiones
1591 5794 1609 5826 ι
1631 5777 1893 5832 obsideat.
1929 5791 1944 5823 ι

1564 5442 1610 5474 ⁷³
1648 5437 1816 5495 Zach.
1845 5455 1925 5506 Ill,
1950 5439 2034 5494 lO.

2071 4561 2234 4630 sapit,
2268 4559 2543 4615 excelsum
2573 4557 2864 4613 sacerdotii
2899 4558 3124 4624 gradum
3153 4595 3167 4618 ,
3211 4554 3291 4607 vel
3320 4554 3642 4608 cathedram

2073 4652 2313 4708 doctoris
2341 4650 2576 4706 insideat
2603 4646 2740 4721 (57);
2767 4657 2822 4702 et
2851 4647 2943 4701 ille
2974 4647 3066 4715 qui
3095 4645 3360 4715 spiritalis
3391 4655 3507 4709 est,
3539 4653 3643 4698 eta

2073 4753 2291 4798 terrena
2335 4743 2748 4797 conversatione
2787 4749 2894 4794 tam
2928 4739 3063 4793 liber
3117 4747 3176 4792 ut
3218 4737 3388 4807 possit
3436 4737 3647 4790 exami-

2071 4850 2202 4890 nare
2228 4835 2432 4899 omnia,
2455 4843 2511 4889 et
2532 4834 2650 4904 ipse
2677 4849 2709 4887 a
2749 4834 2966 4887 nemine
2995 4830 3230 4900 judicari
3260 4871 3274 4896 ,
3305 4829 3388 4884 vel
3422 4829 3646 4884 inferio-

2072 4929 2150 4981 ris
2180 4925 2466 4981 ministerii
2495 4926 2740 4981 ordinem
2775 4931 2954 4978 teneat
2979 4963 2994 4987 ,
3024 4921 3108 4976 vel
3147 4921 3313 4975 etiam
3352 4923 3404 4974 in
3439 4919 3649 4990 plebeia

2072 5016 2423 5070 multitudine
2467 5016 2831 5086 relinquatur.
2884 5014 2991 5068 Sed
3039 5014 3145 5067 hoc
3191 5022 3275 5066 est
3309 5023 3364 5066 et
3411 5012 3541 5080 legis
3589 5019 3647 5066 et

2071 5107 2351 5178 Evangelii
2401 5116 2604 5162 statuta
2658 5117 3045 5169 contemnere,
3073 5115 3130 5158 et
3177 5103 3312 5158 nihil
3346 5101 3643 5157 secundum

2072 5199 2317 5254 ordinem
2345 5213 2556 5270 gerere.
2587 5197 2694 5252 Sed
2725 5207 2780 5252 et
2817 5195 3191 5265 unusquisque
3231 5202 3481 5248 nostrum
3508 5193 3552 5246 si
3575 5191 3645 5244 de

2066 5294 2187 5349 cibo
2219 5300 2275 5347 et
2297 5303 2426 5363 potu
2455 5291 2721 5347 sollicitus
2742 5291 2836 5354 sit,
2859 5299 2913 5343 et
2936 5303 3149 5342 onmem
3183 5302 3367 5341 curam
3398 5285 3451 5338 in
3477 5289 3642 5338 rebus

2111 5442 2153 5472 ⁷⁷
2194 5438 2370 5495 lCor.
2413 5455 2549 5504 xm,
2591 5437 2678 5491 12.
2753 5437 2797 5468 ⁷⁸
2836 5435 2995 5489 Nutu.
3041 5450 3100 5497 ιι,
3144 5434 3193 5496 l,
3235 5431 3289 5483 2.
3367 5431 3412 5461 τ’
3452 5428 3471 5483 l
3509 5430 3640 5484 Cor.

2060 5626 2226 5682 Paulo
2250 5633 2370 5693 post
2399 5622 2599 5678 etedem
2625 5620 2888 5693 editiones
2922 5637 2938 5668 ι
2967 5618 3204 5693 inplelte
3240 5633 3264 5668 a
3287 5615 3638 5693 inultitudiue

2064 5685 2460 5765 relinquatur.»
2519 5693 2620 5745 Sed
2669 5692 2774 5742 duo
2809 5706 2937 5740 mss.
2987 5685 3329 5742 libroiceusis
3367 5696 3419 5739 et
3465 5685 3636 5739 Beliu-

2066 5767 2314 5822 vacensis
2347 5776 2403 5820 ut
2430 5766 2482 5820 in
2515 5772 2697 5817 nostro
2731 5770 2902 5814 textu.
