4074 6156
435 221 534 278 89!

1886 226 2045 284 ORIG
2055 228 2207 286 ENIS

3586 237 3694 296 59!

432 338 791 395 smcularibus
836 349 1009 410 gerat,
1048 354 1207 394 unam
1234 356 1365 397 vero
1408 352 1501 397 aut
1554 342 1688 398 duas
1734 344 1900 400 horas
1939 361 2006 402 ex
2035 355 2084 410 Α
2112 349 2457 417 hominibus,
2491 357 2641 405 tanta
2669 361 2723 407 et
2753 353 2806 407 in
2836 353 3031 409 animis
3071 355 3345 410 invenitur
3376 370 3501 411 esse
3529 355 3691 409 (πίπο-

436 432 651 503 integro
693 432 779 487 die
812 433 972 487 etiam
1025 433 1135 487 Deo
1176 433 1417 504 deputet,
1470 446 1524 491 et
1575 437 1644 492 ad
1691 438 2001 493 orationem

432 523 617 578 veniat
669 522 721 575 in
762 520 1072 587 ecclesiam,
1119 523 1205 578 vel
1264 524 1316 579 in
1370 526 1600 579 transitu
1651 528 1874 582 verbum
1907 529 2001 584 Dei

430 612 638 676 audiat,
677 610 1006 680 przecipuam
1039 626 1168 665 vero
1198 627 1387 667 curam
1417 629 1542 685 erga
1578 617 2000 674 sollicitudinem

430 701 613 757 saeculi
647 708 702 757 et
723 701 929 756 ventris
963 703 1279 773 expendat:
1318 705 1420 760 iste
1449 721 1554 761 non
1588 709 1824 779 complet
1846 728 1995 767 man-

428 800 611 852 datum
660 795 800 864 quod
866 797 1017 863 dicit,
1078 806 1136 851 ut
1182 799 1347 854 homo
1399 802 1698 858 secundum
1753 806 1998 861 ordinem

426 904 581 943 suum
612 890 867 956 incedat,
903 889 989 945 vel
1022 890 1165 960 quod
1201 890 1354 955 dicit,
1388 902 1450 947 ut
1478 896 1661 949 omnia
1700 900 1997 954 secundum

423 981 669 1037 ordinem
728 980 883 1034 fiant.
916 980 1063 1036 Ordo
1111 991 1195 1036 est
1228 983 1372 1038 enim
1402 994 1640 1042 statutus
1682 1003 1712 1042 a
1754 990 1995 1057 Christo,

421 1087 668 1144 quaerere
695 1074 843 1143 prius
875 1090 1100 1144 regnum
1139 1075 1232 1132 Dei
1271 1086 1327 1130 et
1349 1075 1619 1145 justitiam
1651 1079 1768 1149 ejus
1799 1093 1853 1138 et
1876 1099 1999 1139 cre-

416 1170 549 1220 dere
593 1167 737 1236 quod
770 1165 1008 1219 secundo
1047 1165 1165 1220 loco
1196 1166 1308 1221 haec
1349 1168 1501 1223 nobis
1545 1182 1885 1241 apponantur
1924 1176 1992 1230 ⁸³.

417 1258 593 1313 llomo
619 1272 748 1328 ergo
781 1257 1076 1311 secundum
1123 1258 1368 1314 ordinem
1406 1276 1561 1315 suum
1609 1263 1843 1319 incedat.
1889 1266 1996 1321 Pu-

416 1359 573 1404 tasne
616 1349 707 1419 qui
765 1347 1074 1403 sacerdotio
1126 1347 1449 1420 funguntur,
1485 1352 1622 1408 etin
1664 1355 1992 1413 sacerdotali

414 1443 609 1498 ordine
645 1441 969 1512 gloriantur,
1017 1441 1316 1496 secundum
1353 1445 1599 1501 ordinem
1648 1464 1804 1504 suum
1844 1450 1993 1507 ince-

414 1537 569 1603 dunt,
618 1544 672 1590 et
700 1543 867 1604 agunt
893 1535 1076 1589 omnia
1106 1550 1227 1605 qua:
1262 1536 1353 1591 illo
1384 1541 1578 1594 ordine
1622 1540 1782 1612 digna
1816 1547 1995 1600 sunt?

414 1626 678 1683 Similiter
695 1636 874 1680 autem
903 1633 960 1680 et
986 1625 1202 1680 dlaconi
1234 1638 1390 1696 putas
1421 1630 1717 1685 secundum
1741 1634 1986 1689 ordinem

412 1718 700 1774 ministerii
735 1717 819 1771 sui
853 1717 1154 1772 incedunt?
1204 1716 1277 1774 Et
1333 1721 1474 1777 unde
1532 1731 1613 1778 est
1659 1725 1804 1793 quod
1847 1741 1989 1798 saepe

411 1811 661 1865 audimus
707 1809 1086 1879 hlasphemare
1142 1812 1416 1879 homines,
1471 1825 1526 1870 et
1572 1816 1801 1885 dicere,
1847 1819 1988 1877 Ecce

410 1900 586 1969 qualis
620 1900 909 1971 episcopus
932 1942 948 1967 ,
996 1911 1089 1956 aut
1124 1903 1301 1974 qualis
1345 1906 1654 1979 presbyter,
1696 1912 1778 1967 vel
1810 1914 1986 1984 qualis

409 1993 713 2050 diaconus?
758 1992 947 2049 Nonne
1000 1996 1113 2050 haec
1163 1996 1440 2064 dicuntur,
1489 1999 1579 2056 ubi
1614 2003 1696 2057 vel
1729 2006 1985 2062 sacerdos

407 2084 492 2139 vel
525 2085 772 2142 minister
804 2084 897 2142 Dei
930 2101 1093 2142 ausus
1123 2087 1288 2143 fuerit
1314 2090 1369 2144 in
1401 2091 1584 2164 aliquo
1610 2106 1801 2153 contra
1829 2100 1980 2154 ordi-

410 2193 531 2233 nem
572 2194 729 2233 suum
775 2179 981 2243 venire,
1014 2176 1069 2233 et
1105 2179 1309 2250 aliquid
1356 2193 1545 2240 contra
1588 2191 1981 2248 sacerdotalem

408 2270 491 2325 vel
540 2268 836 2324 Leviticum
876 2270 1122 2325 ordinem
1167 2273 1397 2342 gerere?
1447 2275 1585 2343 Quid
1617 2289 1793 2337 autem
1835 2294 1890 2339 et
1917 2287 1982 2342 de

408 2361 707 2433 virginibus
740 2360 941 2428 dicam,
971 2370 1067 2415 aut
1089 2362 1157 2417 de
1182 2365 1593 2425 continentibus
1619 2372 1705 2428 vel
1728 2377 1981 2435 omnibus

405 2454 500 2524 qui
542 2454 597 2509 in
657 2453 999 2524 professione
1034 2456 1316 2529 religionis
1352 2461 1646 2520 videntur?
1696 2467 1889 2526 Nonne
1930 2474 1975 2529 si

402 2542 533 2614 quid
566 2544 1016 2615 inverecundum,
1042 2548 1124 2602 vel
1143 2551 1478 2620 petulans,si
1504 2557 1633 2625 quid
1664 2572 1974 2629 protervum

403 2639 713 2706 gesserint,
767 2640 949 2707 arguit
1002 2655 1095 2696 eos
1143 2645 1399 2701 continuo
1445 2644 1660 2718 Moyses
1705 2661 1758 2706 et
1805 2655 1974 2724 dicit,

405 2749 425 2781 t
468 2730 641 2787 Homo
674 2735 969 2790 secundum
995 2737 1240 2793 ordinem
1275 2754 1430 2795 suum
1460 2743 1713 2799 incedat?
1736 2764 1757 2798 ι
1789 2747 1975 2818 Agno-

398 2833 516 2881 scat
554 2826 719 2897 igitur
754 2828 1129 2900 unusquisque
1185 2831 1433 2887 ordinem
1495 2849 1680 2903 suum,
1726 2848 1782 2894 et
1843 2842 1972 2911 quid

396 2917 621 2990 dignum
659 2918 732 2974 sit
777 2935 842 2975 eo
868 2921 1062 2976 ordine
1093 2935 1253 2990 quem
1292 2926 1564 2994 suscepit,
1604 2929 1889 3001 intelligat,
1918 2943 1973 2989 et

399 3010 473 3063 ita
502 3011 661 3066 libret
691 3022 843 3066 actus
865 3027 1013 3081 suos,
1047 3013 1118 3066 ita
1145 3015 1312 3069 etiam
1342 3031 1671 3087 sermonem,
1698 3022 1971 3083 incessum

395 3117 610 3171 quoque
636 3101 809 3171 ipsum
831 3113 884 3158 et
912 3105 1153 3160 habitum
1181 3108 1515 3177 moderetur,
1541 3120 1599 3166 ut
1616 3129 1738 3169 cum
1761 3120 1972 3179 ordinis

395 3196 477 3248 sui
510 3193 849 3264 professione
889 3199 1215 3265 conveniat,
1266 3215 1335 3254 ne
1382 3204 1565 3258 audiat
1596 3205 1699 3262 dici
1753 3211 1821 3265 ad
1850 3227 1910 3268 se
1940 3229 1970 3268 a

397 3287 530 3352 Deo,
558 3288 683 3358 quia
715 3300 967 3358 tpropter
999 3306 1093 3347 vos
1116 3307 1312 3348 nomen
1345 3310 1526 3352 meum
1558 3297 1970 3371 blasphematur

392 3379 536 3431 inter
563 3386 753 3447 gentes
781 3379 845 3433 ⁸³.
873 3400 892 3432 ι

460 3494 520 3549 2.
559 3493 699 3562 Quid
747 3505 929 3553 autem
984 3499 1056 3554 sit
1103 3502 1248 3571 quod
1296 3504 1463 3574 dicit,
1519 3519 1612 3566 tet
1670 3517 1967 3574 secundum

390 3586 542 3657 signa
574 3603 738 3654 sua,»
790 3590 1089 3649 videamus.
1144 3595 1259 3666 Ego
1310 3610 1440 3669 puto
1495 3603 1652 3674 signa
1705 3623 1827 3665 esse
1881 3629 1966 3680 ea,

393 3676 588 3746 quibus
614 3680 1039 3753 uniuscujusque
1067 3689 1375 3757 proprietas
1421 3693 1739 3767 designatur
1769 3717 1784 3756 :
1813 3676 1963 3761 verbi

393 3770 591 3839 gratia,
621 3785 811 3827 omnes
838 3775 1053 3844 quidem
1100 3779 1347 3839 homines
1379 3784 1586 3845 similes
1624 3806 1842 3863 sumus,
1870 3799 1964 3853 sed

389 3871 475 3916 est
506 3862 720 3932 propria
748 3867 992 3934 quaedam
1041 3870 1468 3946 uniuscujusque
1510 3862 1835 3955 distinctio,
1879 3890 1964 3945 vel

389 3954 446 4009 in
477 3954 590 4024 ipso
614 3954 787 4022 vultu,
817 3957 900 4012 vel
928 3959 984 4013 in
1018 3971 1241 4029 statura,
1275 3968 1358 4023 vel
1391 3973 1446 4025 in
1474 3975 1760 4048 positione,
1793 3954 1875 4037 vel
1910 3985 1961 4039 in

392 4047 600 4112 itahitu,
633 4062 730 4117 per
758 4063 899 4118 quae,
943 4054 1094 4108 verbi
1123 4058 1320 4127 gratia,
1368 4062 1566 4123 Paulus
1606 4047 1963 4140 quiaPaulus

390 4137 463 4193 sit
488 4136 824 4208 designatur,
850 4148 905 4194 et
930 4141 1121 4200 Petrus
1147 4148 1274 4216 quia
1303 4151 1496 4211 Petrus
1525 4136 1638 4228 sit,
1668 4171 1723 4216 et
1752 4180 1856 4221 non
1891 4169 1963 4223 sit

387 4228 606 4286 Paulus.
670 4232 947 4288 Interdum
1013 4249 1193 4295 autem
1249 4246 1411 4301 etiam
1480 4267 1585 4309 non
1650 4257 1963 4319 videntibus

389 4323 818 4395 uniuscujusque
851 4327 989 4398 signi
1037 4331 1326 4393 diversitas
1359 4340 1537 4411 datur,
1574 4354 1632 4401 ut
1653 4362 1716 4403 ex
1742 4366 1879 4408 voce
1908 4364 1964 4410 et

392 4416 603 4486 loquela
627 4429 887 4488 agnoscat
919 4421 1066 4476 illum
1098 4439 1219 4481 esse
1249 4429 1331 4483 vel
1354 4431 1505 4488 illum
1545 4437 1636 4506 qui
1668 4439 1915 4511 loquitur
1943 4463 1957 4499 :
1993 4430 2038 4486 D

390 4521 445 4562 et
473 4511 765 4565 secundum
798 4529 909 4569 suae
944 4521 1294 4589 proprietatis
1330 4525 1545 4594 siguqu
1590 4538 1962 4610 unusquisque

389 4600 553 4655 etiam
579 4601 699 4656 sine
726 4608 993 4675 corporali
1034 4611 1243 4668 visione
1265 4623 1631 4686 cognoscitur.
1655 4623 1768 4683 Hoc
1799 4600 1960 4687 modo

390 4692 630 4748 arbitror
644 4709 767 4753 esse
793 4699 955 4755 etiam
985 4700 1038 4756 in
1065 4705 1263 4761 animis
1287 4708 1439 4778 signa
1473 4712 1707 4771 diversa.
1739 4718 1807 4775 Et
1826 4720 1963 4776 alte-

389 4783 503 4838 rius
528 4784 745 4853 quidem
775 4791 939 4845 auimi
965 4805 1145 4850 motus
1168 4795 1343 4852 leuior
1366 4810 1471 4868 est,
1506 4804 1674 4879 mitis,
1695 4808 1958 4883 placidus,

392 4878 735 4948 tranquillus,
763 4885 1021 4954 aqualis;
1046 4889 1269 4947 alterius
1296 4894 1564 4964 turbidus,
1585 4878 1780 4971 elatus,
1804 4878 1962 4977 aspe;

394 4969 525 5033 rior,
565 4970 862 5042 incitatior,
917 4980 1267 5048 petulantior.
1310 4987 1465 5045 Alius
1498 4969 1958 5067 circumspectus,

390 5070 604 5125 cautus.
631 5067 906 5140 providus,
938 5071 1225 5144 sollicitus,
1253 5079 1501 5153 impiger.
1527 5085 1678 5142 Alius
1710 5091 1955 5150 desidio-

391 5174 503 5223 sus,
539 5164 818 5235 remissus,
856 5170 1153 5244 negligens,
1202 5177 1474 5237 incautus.
1528 5184 1595 5239 Et
1620 5186 1677 5242 in
1707 5189 1793 5246 his
1820 5192 1960 5250 alius

395 5250 533 5317 plus,
588 5255 726 5311 alius
776 5260 977 5317 minus.
1022 5264 1089 5319 Et
1148 5269 1321 5324 audeo
1380 5279 1766 5349 pronuntiare,
1830 5289 1956 5354 quia

393 5344 640 5402 fortassis
683 5362 882 5419 quanta
925 5355 979 5409 in
1022 5362 1203 5428 specie
1244 5366 1423 5421 vultus
1485 5370 1629 5426 inest
1670 5375 1959 5436 diversitas

466 5442 510 5472 ⁸¹
537 5442 725 5503 Matth.
756 5467 828 5518 vt,
858 5453 945 5509 55.
1022 5456 1066 5490 ⁸³
1096 5458 1253 5518 Rom.
1284 5481 1343 5529 ιι,
1374 5468 1462 5522 24.
1538 5470 1585 5502 ⁸³
1612 5471 1634 5526 Ι
1664 5472 1787 5531 Cor.
1823 5494 1894 5546 lx,
1924 5481 1977 5537 2'2

2088 5486 2133 5521 ⁸⁵
2162 5442 2414 5564 Hebrfx,
2445 5500 2493 5554 l.

465 5577 577 5649 (58)
610 5580 758 5653 Mss.,
792 5605 810 5639 t
847 5591 1060 5666 subjici.
1095 5616 1114 5651 ι
1148 5597 1301 5658 Libb.
1340 5605 1487 5677 editi,
1528 5628 1546 5663 t
1578 5613 1867 5686 subjicere.
1908 5640 1928 5673 ι

2109 438 2305 492 rentia.
2332 437 2479 493 Sicut
2505 449 2558 494 et
2590 442 3047 512 sapientissimum
3076 444 3425 501 Salomonem
3461 447 3689 502 memini

2104 532 2335 599 quodam
2370 530 2490 586 loco
2524 532 2790 588 dicentem
2829 551 2842 586 :
2881 554 2899 586 t
2925 534 3081 590 Sicut
3112 536 3316 591 diversi
3351 542 3479 591 sunt
3507 536 3692 591 vultus

2102 622 2357 691 vultibus,
2385 624 2455 677 ita
2487 634 2541 679 et
2572 625 2786 680 diversa
2820 636 2950 681 sunt
2984 626 3151 682 corda
3176 628 3483 683 hominum.
3522 646 3544 680 ι
3580 627 3693 683 Sed

2103 717 2494 787 unusquisque,
2550 726 2608 770 ut
2640 719 2714 771 ait
2745 716 2978 789 Moyses,
3030 720 3330 776 secundum
3380 721 3538 791 signa
3587 737 3687 775 sua

2101 807 2336 871 incedat,
2389 809 2440 863 id
2476 817 2580 877 est,
2619 826 2687 864 ne
2718 811 2762 864 is
2788 849 2805 874 ,
2839 809 3257 889 cujus_humilia
3309 821 3364 866 et
3418 814 3687 882 despecta

2100 909 2224 952 sunt
2270 899 2447 968 signa,
2484 900 2678 955 elatior
2706 901 2946 967 incedat,
2998 903 3081 958 vel
3121 902 3286 959 altior
3334 919 3502 975 quam
3560 903 3685 958 atti-

2100 1005 2312 1045 morum
2376 1008 2597 1048 suorum
2653 995 2806 1066 signa
2860 996 3181 1066 deposcunt.
3255 996 3322 1052 Et
3388 1009 3446 1053 ttt
3505 999 3687 1054 adhuc

2100 1083 2332 1153 amplius
2360 1085 2691 1142 diversitatis
2722 1088 3004 1158 signorum
3030 1090 3168 1143 ratio
3193 1089 3484 1157 clarescat,
3513 1092 3684 1146 adde-

2103 1189 2222 1229 mus
2267 1177 2432 1231 etiam
2472 1178 2605 1233 haec.
2632 1180 2837 1237 Omnes
2884 1182 2977 1252 qui
3026 1182 3240 1238 litteras
3265 1193 3486 1247 norunt,
3512 1183 3687 1254 279

2097 1271 2307 1316 certum
2345 1271 2428 1317 est
2457 1268 2598 1334 quod
2631 1267 2816 1337 viginti
2866 1276 3101 1338 quatuor
3130 1269 3176 1325 si
3223 1269 3435 1339 Graeca,
3486 1272 3684 1344 viginti

2096 1351 2200 1404 tria
2241 1352 2286 1406 si
2332 1351 2526 1408 Latina
2558 1355 2858 1411 litterarum
2894 1357 3159 1415 elementa
3184 1362 3496 1428 didicerint,
3528 1374 3585 1420 et
3612 1378 3683 1419 ex

2095 1442 2183 1498 his
2254 1445 2435 1499 omnia
2486 1462 2819 1518 quascunque
2876 1453 3160 1509 scribenda
3208 1465 3355 1526 sunt,
3398 1459 3679 1514 scribunt.

2092 1533 2253 1587 Aliud
2289 1544 2468 1591 tamen
2501 1538 2737 1608 signum,
2775 1541 2925 1594 verbi
2958 1544 3155 1611 gratia,
3180 1545 3342 1614 alpha
3365 1549 3511 1618 quod
3536 1548 3682 1603 Pau-

2095 1623 2177 1678 lus
2211 1625 2523 1695 scripserit,
2559 1629 2746 1694 habet,
2790 1641 2844 1684 et
2885 1630 3029 1686 aliud
3061 1634 3203 1701 quod
3236 1634 3467 1706 Petrus;
3510 1645 3567 1692 et
3596 1640 3680 1695 sic

2019 1696 2064 1756 Β
2093 1729 2192 1782 per
2215 1715 2460 1785 singulos
2502 1717 2775 1784 homines,
2815 1721 2906 1790 qui
2933 1720 3147 1779 litteras
3185 1736 3404 1791 norunt,
3454 1728 3678 1785 diversa

2093 1805 2363 1861 scribendi
2398 1822 2495 1876 per
2531 1807 2774 1875 singulas
2803 1827 3046 1882 quasque
3071 1815 3287 1872 litteras
3323 1818 3478 1890 signa
3511 1836 3678 1892 repe-

2094 1898 2224 1953 ries.
2288 1896 2442 1953 Unde
2496 1910 2551 1954 et
2600 1901 2962 1974 chirographa
3024 1909 3361 1979 singulorum
3418 1916 3675 1972 manibus

2090 1987 2318 2059 scripta,
2343 1991 2580 2061 propriis
2607 1995 2933 2062 quibusdam
2969 1999 3142 2070 signis
3168 2011 3223 2056 et
3250 2002 3464 2061 indiciis
3505 2022 3674 2079 agno-

2093 2090 2351 2145 scuntur;
2385 2090 2439 2135 et
2467 2098 2589 2137 cum
2610 2084 2719 2138 sint
2745 2084 3015 2142 elementa
3038 2091 3251 2160 eadem,
3275 2102 3359 2148 est
3393 2104 3570 2152 tamen
3612 2097 3672 2153 in

2086 2169 2204 2238 ipsa
2234 2170 2591 2227 similitudine
2620 2172 2927 2230 litterarum
2962 2179 3131 2234 multa
3163 2182 3558 2242 dissimilitudo
3585 2190 3667 2244 si-

2086 2276 2336 2330 gnorum.
2370 2261 2542 2334 Igitur
2586 2265 2629 2320 si
2663 2265 2875 2345 integre
2919 2270 3016 2325 tibi
3050 2276 3343 2343 propositae
3374 2278 3452 2333 rei
3494 2281 3668 2350 patuit

2085 2353 2415 2423 exemplum,
2442 2356 2567 2410 veni
2602 2373 2747 2413 nunc
2797 2360 2865 2415 ad
2916 2373 3097 2418 motus
3144 2368 3345 2424 mentis
3374 2381 3429 2425 et
3458 2373 3668 2427 animo-

2085 2458 2230 2510 rum,
2261 2445 2464 2514 quibus
2509 2446 2577 2500 ad
2610 2447 2815 2518 aliquid
2858 2455 3206 2511 concitantur
3228 2464 3544 2530 gerendum.
3575 2462 3665 2519 ln-

2086 2548 2241 2593 tuere
2262 2538 2599 2609 singulorum
2637 2545 2874 2599 virorum
2905 2548 3264 2621 chirographa
3298 2562 3353 2607 et
3382 2556 3504 2610 vide
3523 2572 3662 2627 quo—

2083 2630 2265 2699 ntodo,
2303 2634 2452 2687 verbi
2488 2635 2687 2704 gratia,
2722 2636 2938 2694 animus
2980 2639 3133 2697 Pauli
3182 2649 3463 2715 proposuit
3491 2652 3660 2706 casti-

2084 2731 2269 2789 tatem,
2288 2733 2343 2779 et
2376 2726 2594 2782 animus
2618 2729 2975 2789 nihilominus
2996 2733 3178 2804 Petri;
3208 2741 3301 2794 sed
3330 2751 3413 2797 est
3442 2745 3657 2812 propria

2080 2815 2326 2883 quazdam
2358 2819 2586 2875 castitas
2601 2819 2766 2888 Petri,
2784 2834 2837 2878 et
2864 2825 2969 2880 alia
2994 2832 3219 2887 castitas
3245 2832 3418 2898 Pauli,
3443 2837 3658 2894 etiamsi

2080 2921 2189 2961 una
2220 2911 2522 2982 eademque
2552 2914 2823 2972 videatur.
2857 2919 3098 2991 Denique
3140 2924 3370 2983 alterius
3409 2930 3653 3000 ipsorum

2083 3001 2213 3058 talis
2268 3007 2494 3060 castitas
2546 3018 2649 3074 est,
2682 3026 2802 3080 qua:
2842 3015 3082 3085 requirat
3134 3022 3402 3075 macerari
3452 3038 3652 3094 corpus

2084 3110 2262 3161 suum,
2294 3107 2348 3151 et
2377 3099 2572 3169 subjici
2609 3102 2726 3174 (58)
2775 3108 3049 3174 servituti,
3095 3118 3150 3165 et
3192 3127 3310 3180 quae
3340 3115 3518 3173 adhuc
3574 3118 3655 3173 di-

2082 3195 2173 3241 cat
2204 3186 2252 3219 ⁸⁸
2285 3203 2300 3242 :
2340 3207 2359 3241 ι
2394 3189 2617 3260 Castigo
2660 3211 2859 3266 corpus
2883 3215 3085 3266 meum,
3115 3219 3182 3257 ne
3212 3201 3352 3259 forte
3374 3208 3495 3265 aliis
3521 3225 3655 3280 prae-

2079 3277 2270 3334 dicans
2318 3281 2434 3351 ipse
2469 3287 2733 3355 reprobus
2790 3289 3075 3359 inveniar;
3122 3313 3143 3348 ι
3195 3296 3420 3355 alterius
3473 3313 3650 3357 autem

2078 3372 2302 3428 castitas
2340 3374 2462 3430 talis
2491 3386 2597 3442 est,
2634 3395 2757 3448 quae
2780 3380 2920 3437 istud
2944 3384 3084 3440 forte
3108 3403 3212 3442 non
3263 3390 3468 3447 timeat.
3494 3393 3655 3449 Simi-

2076 3460 2201 3516 liter
2225 3464 2513 3534 etjustitia
2555 3470 2719 3525 habet
2749 3471 2955 3542 aliquid
2993 3479 3345 3546 proprietatis
3373 3483 3431 3538 in
3460 3485 3649 3549 Paulo,

2077 3550 2241 3606 habet
2269 3562 2325 3609 et
2358 3556 2409 3610 in
2445 3556 2628 3615 Petro.
2658 3561 2859 3618 Eodem
2891 3566 3051 3621 modo
3081 3579 3136 3623 et
3185 3572 3454 3641 sapientia
3499 3587 3652 3632 ctete-

2077 3658 2258 3713 rchue
2282 3649 2529 3707 virtutes.
2555 3651 2709 3720 Quod
2734 3655 2778 3709 si
2808 3655 2972 3712 etiam
3003 3658 3057 3715 in
3090 3660 3177 3717 his
3201 3666 3507 3723 nominibus
3532 3684 3650 3740 quae

2077 3740 2309 3812 exempli
2341 3758 2501 3799 causa
2542 3747 2844 3814 posuimus,
2881 3759 3059 3820 potest
3091 3753 3206 3809 fieri
3238 3764 3293 3810 ut
3331 3773 3455 3813 cum
3480 3776 3645 3816 unum

2081 3832 2193 3885 sint
2214 3846 2313 3901 per
2339 3833 2608 3904 Spiritum
2634 3835 2753 3903 Dei,
2772 3839 2844 3893 sit
2867 3849 3043 3896 tamen
3073 3844 3253 3916 aliqua
3281 3847 3568 3907 diversitas
3591 3852 3644 3908 in

2074 3921 2312 3992 ipsarum
2338 3929 2677 3995 proprietate
2702 3930 2986 3997 virtutum,
3016 3948 3223 4005 quanto
3255 3941 3428 4011 magis
3451 3944 3645 4014 reliqui

2075 4028 2267 4072 omnes
2296 4017 2545 4077 homines
2571 4024 2790 4093 propria
2824 4029 3071 4095 quadam
3119 4030 3272 4100 signa
3315 4033 3368 4087 in
3414 4038 3647 4093 motibus

2073 4107 2378 4163 animorum
2408 4120 2463 4165 et
2491 4115 2687 4169 anima:
2708 4117 3000 4174 virtutibus
3028 4122 3266 4191 gerunt?
3283 4124 3415 4191 Quae
3432 4126 3644 4201 Moyses

2071 4198 2298 4268 mystica
2348 4200 2562 4257 ratione
2618 4208 2997 4276 perspiciens,
3046 4212 3240 4267 scribit
3293 4216 3346 4269 in
3398 4198 3537 4289 lege,
3587 4228 3645 4274 ut

2072 4293 2441 4362 unusquisque
2472 4299 2767 4352 secundum
2800 4300 2955 4371 signa
2988 4303 3320 4361 snaincedat
3346 4307 3398 4362 in
3425 4310 3640 4366 castris.

2070 4378 2485 4440 Potest.autem
2514 4387 2630 4443 fieri
2660 4399 2718 4444 ut
2749 4393 3096 4450 simulatione
3125 4411 3352 4467 operum
3375 4399 3639 4457 bonorum

2067 4472 2137 4528 ab
2170 4475 2524 4535 inferioribus
2552 4481 2725 4551 signis
2794 4486 2862 4539 ad
2906 4488 3132 4543 meliora
3184 4499 3240 4545 et
3288 4495 3641 4564 magnificen-

2066 4562 2208 4619 tiora
2244 4568 2542 4625 veniamus.
2580 4570 2636 4626 Si
2672 4574 2816 4628 enim
2859 4586 3011 4632 recte
3054 4593 3086 4633 a
3117 4583 3272 4638 nobis
3304 4584 3635 4642 intellectum

2063 4667 2172 4723 est,
2219 4658 2335 4714 haec
2364 4661 2546 4716 omnia
2576 4678 2697 4733 quae
2743 4666 2798 4720 in
2833 4666 2950 4739 lege
2994 4674 3199 4744 scripta
3243 4685 3392 4743 sunt,
3433 4677 3636 4735 formas

2064 4761 2187 4802 esse
2217 4748 2529 4807 futurorum
2557 4754 2822 4813 bonorum
2846 4760 2913 4829 “,
2935 4772 2987 4817 et
3011 4763 3156 4821 illius
3188 4769 3374 4823 saeculi
3402 4773 3544 4841 quod
3568 4763 3635 4827 ex

2065 4844 2465 4900 resurrectione
2519 4861 2854 4907 mortuorum
2901 4870 3182 4925 speramus
3209 4901 3226 4927 ,
3297 4873 3507 4918 certum
3553 4875 3637 4922 est

2058 4929 2245 5002 utique
2273 4937 2417 5005 quod
2443 4938 2488 4993 si
2515 4938 2568 4993 iu
2596 4946 2846 5011 praesenti
2874 4946 2983 5001 vita
3010 4948 3364 5009 habuerimus
3395 4957 3632 5012 studium

2059 5023 2369 5093 meliorum,
2402 5038 2458 5084 et
2505 5034 2806 5091 secundum
2846 5038 3095 5110 Apostoli
3120 5046 3427 5115 exemplum
3456 5060 3635 5120 poste-

2060 5117 2207 5175 riora
2236 5120 2618 5184 ohliviscentes
2677 5131 2744 5185 ad
2775 5130 2854 5189 ea
2882 5150 3003 5205 quas
3036 5139 3090 5193 in
3132 5150 3259 5196 ante
3287 5154 3416 5199 sunt
3443 5117 3623 5202 extett-
3649 5144 3671 5161 "

2057 5210 2286 5269 damur:
2309 5216 2363 5270 in
2394 5224 2794 5280 resurrectione
2817 5238 3176 5298 mortuorum,
3198 5233 3289 5288 ubi
3307 5237 3448 5292 sicut
3471 5241 3628 5295 stella
