4074 6156
459 269 562 326 595

1903 247 2224 306 ORIGENIS

3603 241 3710 297 595

456 388 664 447 ctenim
691 386 872 443 cordis
917 382 1061 453 quod
1110 384 1220 436 Deo
1265 377 1464 450 patuit,
1509 375 1673 431 etiam
1711 372 2024 443 priusquam
2059 373 2102 428 Λ
2131 376 2184 420 et
2216 365 2493 427 Manasse;
2527 363 2579 416 in
2610 360 2860 432 aquilone
2902 373 3029 414 vero
3064 360 3176 413 Dan
3205 371 3327 412 cum
3359 355 3702 422 Nephthalim

461 480 518 536 in
544 481 648 534 hoc
683 476 883 532 mundo
905 483 1286 536 nasceremur,
1323 479 1416 524 aut
1437 467 1637 537 aliquid
1665 472 1890 535 agerent
1907 461 2032 515 boni

461 572 545 626 vel
579 572 728 636 mali,
757 568 1070 640 pronuntiat
1108 565 1368 620 Dominus
1414 564 1478 618 de
1508 562 1588 616 eis
1616 561 1683 626 ⁸⁷,
1727 560 1849 628 quia
1883 577 1901 610 ι
1939 556 2033 611 Ja-

457 662 560 720 cOb
591 662 774 727 dilexi,
820 662 961 714 Esau
1019 667 1196 712 autem
1240 656 1362 710 odio
1411 653 1600 709 habui.
1661 671 1680 705 ι
1733 650 1856 705 Filii
1901 663 2053 723 ergo.

460 752 587 806 Levi
619 749 969 822 primogeniti
1003 747 1221 818 quidem
1255 761 1361 801 non
1400 753 1528 799 sunt
1558 741 1854 798 secundum
1903 756 2028 794 rar-

457 857 603 906 nem,
635 843 727 896 sed
755 856 854 910 pro
893 839 1269 911 primogenitis
1307 846 1691 901 assumuntur;
1727 843 1785 888 ut
1811 835 1880 888 sit
1913 848 2029 886 am-

457 935 597 999 plius
649 933 855 1003 aliquid
903 948 1004 1002 pro
1043 930 1405 1000 primogenita
1440 928 1662 991 assumi,
1701 942 1863 996 quam
1917 925 2028 995 pri-

454 1025 789 1096 mogenitum
813 1026 986 1080 nasci.
1021 1042 1039 1074 ι
1083 1023 1244 1088 Ecce,
1279 1021 1477 1090 inquit,
1511 1019 1774 1102 assumpsi
1811 1018 2026 1072 Levitas

446 1125 518 1169 ex
576 1117 751 1171 medio
788 1116 1023 1172 ﬁliorum
1081 1114 1271 1170 Israel.
1333 1132 1354 1166 ι
1397 1112 1495 1167 Dic
1542 1110 1881 1180 simpliciter,
1922 1120 2026 1164 As-

449 1206 658 1273 sumpsi
685 1205 902 1261 Levitas
927 1221 991 1261 ex
1030 1206 1158 1260 ﬁliis
1193 1203 1376 1260 Israel.
1401 1202 1540 1270 Quid
1568 1211 1654 1256 est
1680 1203 1825 1270 quod
1845 1201 2022 1262 addis,

449 1304 508 1349 et
546 1296 612 1352 de
664 1297 843 1352 medio
873 1297 1104 1351 ﬁliorum
1144 1294 1351 1350 Israel?
1382 1295 1450 1349 de
1480 1307 1588 1363 quo
1616 1292 1792 1345 medio
1823 1291 1845 1344 ?
1895 1289 2022 1346 Ter.

453 1388 562 1441 tius
598 1399 683 1442 est
713 1387 862 1455 Levi,
909 1399 966 1442 ut
992 1405 1153 1458 supra
1186 1387 1450 1452 diximus,
1485 1388 1626 1439 inter
1661 1384 1805 1438 ﬁlios
1833 1382 2019 1438 Israel.

454 1481 526 1533 De
555 1496 663 1549 quo
711 1495 840 1550 ergo
886 1481 1064 1538 medio
1111 1489 1461 1536 assumantur
1523 1477 1726 1532 Levitze
1771 1492 2020 1547 cuperem

448 1572 612 1626 scire.
642 1571 866 1628 Invenio
891 1573 941 1627 in
969 1573 1267 1644 Scripturis
1308 1574 1520 1628 beatam
1546 1573 1690 1626 illam
1727 1570 2024 1624 Sunamiti-

446 1666 570 1719 dem
607 1680 728 1735 qua:
752 1665 1273 1734 aluerataliquando
1305 1666 1645 1736 prophetam,
1689 1663 2017 1731 responden-

2139 469 2190 514 et
2223 460 2380 513 Aser.
2415 457 2491 510 Ex
2533 457 2615 510 his
2659 455 2909 508 omnibus
2949 454 3102 521 quasi
3156 469 3253 522 per
3282 463 3516 521 quatuor
3547 460 3706 506 terrae

2137 551 2388 606 eardines
2441 549 2494 603 in
2538 547 2768 602 circuitu
2821 545 3142 612 collocatis,
3199 547 3254 601 in
3313 546 3492 600 medio
3515 561 3701 598 eorum

2138 653 2323 712 utpote
2358 641 2465 695 Deo
2492 638 2726 710 proximi
2753 638 2896 692 circa
2930 639 3104 706 ipsum
3153 638 3563 693 tabernaculum
3610 637 3702 692 Dei

2134 735 2540 790 constituuntur
2572 731 2794 788 Leviter.
2823 733 2879 786 ιιι
2928 733 3124 787 castris
3171 733 3391 801 quidem
3419 731 3555 785 Juda
3584 745 3705 801 quae

2137 836 2262 882 sttnt
2310 827 2376 880 ab
2403 825 2638 891 oriente,
2665 823 2880 895 Moyses
2913 835 2968 880 et
3009 825 3227 889 Aaron;
3269 825 3319 877 in
3349 823 3545 878 castris
3573 838 3703 877 vero

2134 916 2361 982 Ruben,
2415 915 2680 979 Gerson;
2748 915 2799 967 in
2865 915 3064 967 castris
3137 923 3314 969 autent
3369 910 3651 980 Benjamin
3685 955 3698 976 ,

2133 1009 2292 1078 281
2329 1007 2533 1071 Caath;
2579 1007 2667 1061 ubi
2718 997 2849 1059 vero
2877 1006 2989 1060 Dan
3025 1015 3201 1061 castra
3247 1004 3564 1065 constituit,
3599 1001 3703 1056 Me-

2133 1102 2244 1155 rari
2278 1100 2536 1155 scribitur
2593 1097 2922 1162 collocatus;
2964 1107 3018 1151 et
3046 1100 3118 1153 ita
3167 1099 3222 1151 in
3254 1098 3429 1152 medio
3464 1096 3700 1150 ﬁliorum

2130 1192 2298 1248 Israel
2328 1207 2393 1246 ex
2441 1190 2587 1246 omni
2619 1199 2791 1258 parte,
2840 1201 2895 1244 et
2940 1204 3034 1258 per
3085 1189 3394 1248 circuitum,
3425 1187 3576 1257 quasi
3615 1187 3700 1240 in-

2131 1285 2260 1341 serti
2290 1285 2501 1339 eaeteris
2529 1292 2584 1338 et
2614 1283 2797 1336 innexi
2832 1282 3079 1334 videntur
3104 1296 3227 1336 esse
3262 1280 3356 1334 ﬁlii
3394 1279 3542 1333 Levi.
3574 1279 3700 1332 Ila'c

2131 1385 2255 1432 sunt
2282 1391 2404 1446 quae
2449 1374 2603 1429 nobis
2624 1374 2801 1429 littera
2847 1374 2982 1444 legis
3022 1373 3262 1442 exponit,
3302 1383 3360 1426 ttt
3400 1389 3465 1426 ex
3500 1373 3585 1426 Itis
3613 1387 3700 1426 sa.

2128 1477 2527 1522 cramentorum
2552 1465 2757 1521 semina
2784 1465 3123 1534 colligentes,
3152 1474 3412 1534 tanquam
3441 1463 3698 1534 gradibus

2127 1559 2450 1631 quibusdam
2481 1557 2549 1612 ab
2584 1555 2876 1611 humilibus
2902 1559 2968 1611 ad
2997 1556 3206 1612 excelsa
3227 1596 3242 1620 ,
3289 1566 3344 1610 et
3393 1572 3422 1609 a
3459 1556 3696 1609 terrenis

2129 1649 2195 1703 ad
2237 1648 2479 1703 coelestia
2526 1649 2969 1703 conscendamus.
3023 1648 3267 1703 Ascende
3295 1663 3424 1718 ergo
3468 1661 3631 1711 nunc,
3663 1662 3696 1698 ο

450 1766 556 1810 tem
578 1772 700 1811 cum
735 1757 932 1813 ﬁducia
969 1759 1084 1828 regi
1102 1757 1268 1814 Israel
1305 1756 1505 1812 volenti
1531 1755 1636 1810 sibi
1665 1755 1870 1826 aliquid
1896 1770 2012 1810 con-

2127 1739 2365 1806 auditor,
2412 1739 2455 1792 si
2498 1750 2674 1808 potes,
2724 1747 2780 1793 et
2826 1754 2854 1792 a
2923 1741 3148 1794 terrenis
3197 1740 3444 1793 sensibus
3499 1737 3692 1792 intuitu

448 1847 595 1904 ferre
626 1847 899 1915 beneﬁcii,
950 1861 1006 1906 et
1052 1851 1321 1905 dicentem
1347 1851 1392 1884 ³⁸
1424 1870 1438 1907 :
1477 1870 1494 1903 ι
1531 1852 1588 1906 In
1625 1850 1804 1906 medio
1835 1848 2019 1918 populi

448 1939 553 1993 mei
593 1954 694 2009 ego
741 1941 949 1997 habito.
1009 1961 1029 1994 ι
1064 1942 1311 2012 Amplius
1358 1953 1540 1998 autem
1575 1952 1628 1998 et
1675 1942 2021 2012 magniﬁcen-

446 2031 554 2084 tius
619 2031 672 2085 itt
713 2032 1009 2103 Evangelia
1064 2034 1221 2088 video
1275 2035 1537 2103 scriptum
1593 2034 1660 2090 de
1706 2033 1936 2088 Domino
1965 2041 2020 2086 et

447 2122 731 2180 Salvatore
765 2135 974 2193 nostro,
1004 2125 1222 2181 dicente
1249 2125 1458 2182 Joanne
1477 2128 1523 2162 θ’
1555 2147 1568 2180 :
1607 2146 1625 2180 ι
1665 2127 1872 2182 Medius
1925 2141 2018 2180 ve-

443 2223 617 2272 strum
665 2227 792 2281 stat,
828 2234 988 2287 quem
1024 2233 1118 2272 vos
1178 2220 1423 2274 nescitis.
1470 2238 1489 2274 ι
1523 2217 1663 2276 Ρυιο
1700 2235 1833 2290 ergo
1890 2234 2013 2274 eum

447 2309 541 2374 qui
575 2323 851 2378 nunquam
893 2308 1250 2364 declinaverit
1303 2311 1370 2364 ad
1416 2310 1696 2376 dextram,
1737 2325 1910 2379 neque
1950 2310 2013 2364 ad

441 2393 867 2465 sin’istram,dici
896 2413 1056 2470 posse
1088 2401 1325 2456 medium
1355 2409 1524 2463 stare,
1549 2420 1569 2453 ι
1610 2402 1699 2472 qui
1733 2411 2012 2470 peccatmn

442 2505 546 2544 non
579 2488 727 2552 fecit,
759 2505 858 2545 nec
905 2491 1158 2547 inventus
1193 2502 1277 2545 est
1307 2491 1462 2547 dolus
1500 2491 1554 2545 in
1607 2506 1702 2545 ore
1742 2491 1857 2560 ejus
1894 2491 1935 2543 ¹.
1990 2509 2008 2540 ι

440 2583 508 2638 Et
542 2584 664 2638 ideo
710 2583 802 2638 ille
851 2584 1112 2652 quidem,
1167 2585 1293 2652 quia
1346 2600 1562 2654 semper
1621 2594 1754 2647 stat.
1803 2585 2013 2638 medius

440 2685 587 2731 stare
626 2675 852 2733 dicitur.
892 2677 948 2731 Si
988 2678 1112 2746 quis
1146 2692 1278 2733 vero
1324 2678 1569 2732 imitator
1599 2677 1718 2746 ejus
1746 2687 1848 2741 est,
1873 2677 2013 2734 sicut

437 2781 629 2822 omnes
657 2767 855 2830 sancti,
906 2777 964 2822 et
999 2767 1092 2822 illa
1129 2768 1289 2822 beata
1318 2767 1534 2833 mulier,
1573 2767 1728 2835 cujus
1761 2767 2010 2837 superius

438 2856 670 2913 fecimus
695 2861 1057 2924 mentionem,
1087 2866 1233 2914 stare
1261 2859 1476 2928 quidem
1513 2874 1618 2913 non
1651 2859 1867 2914 dicitur.
1893 2857 2008 2913 Non

435 2956 585 3006 enim
614 2961 794 3022 potest
820 2952 963 3018 ﬁeri,
992 2961 1049 3006 ut
1075 2966 1179 3006 non
1203 2951 1515 3020 aliquando,
1554 2961 1648 3005 aut
1670 2953 1737 3005 ad
1763 2953 2007 3006 dextram

436 3044 566 3111 quis
597 3045 888 3100 inclinatus
914 3045 1005 3110 sit,
1042 3053 1138 3097 aut
1167 3043 1234 3098 ad
1267 3043 1572 3098 sinistram.
1610 3061 1629 3094 ι
1668 3042 1840 3098 Nemo
1863 3044 2006 3098 enim

2129 1833 2326 1889 mentis
2370 1845 2427 1889 et
2466 1832 2799 1902 perSpicacia
2851 1833 3030 1887 cordis
3079 1831 3309 1886 elevare.
3356 1830 3693 1886 Obliviscere

2128 1927 2397 1996 paulisper
2431 1937 2665 1991 terrena,
2695 1941 2853 1996 supra
2888 1926 3056 1980 nubes
3089 1935 3143 1980 et
3176 1941 3337 1994 sttpra
3378 1925 3551 1994 ipsnnt
3578 1939 3690 1979 cce-

2126 2021 2234 2074 lum
2264 2035 2449 2089 gressu
2484 2021 2682 2075 mentis
2715 2020 2922 2075 incede.
2971 2020 3047 2074 Ibi
3097 2019 3313 2087 require
3364 2018 3688 2071 tabernacu-

2126 2115 2232 2169 lum
2267 2115 2384 2179 Dei,
2413 2115 2501 2169 tibi
2532 2130 2834 2184 praecursor
2867 2130 2962 2184 pro
2988 2115 3140 2168 nobis
3166 2111 3409 2166 introivit
3434 2109 3690 2172 Jcsus,et

2124 2208 2331 2262 assistit
2363 2223 2506 2262 nunc
2540 2207 2706 2262 vultui
2737 2208 2827 2262 Dei
2879 2205 3228 2274 interpellans
3257 2218 3353 2274 pro
3377 2206 3553 2258 nobis.
3590 2203 3686 2266 lbi,

2124 2302 2367 2372 inquam,
2408 2300 2624 2370 require
2673 2310 2972 2370 quaternos
3015 2299 3148 2353 istos
3200 2299 3442 2361 ordines,
3493 2297 3686 2350 statio-

2123 2408 2325 2463 nesque
2350 2402 2676 2448 castrorum.
2729 2392 2804 2447 Ibi
2837 2391 3131 2446 Israelitica
3179 2389 3392 2459 agmina
3420 2396 3474 2442 et
3518 2402 3686 2441 excu-

2125 2487 2238 2540 bias
2265 2500 2428 2540 cerne
2452 2492 2786 2551 sanctorum,
2811 2494 2864 2539 et
2889 2484 2962 2539 ibi
2998 2483 3086 2537 illa
3113 2496 3232 2552 quae
3260 2483 3346 2536 hic
3371 2495 3515 2534 nunc
3540 2495 3688 2548 quae-

2123 2577 2289 2631 rimus
2327 2576 2724 2644 primitivorum
2775 2583 3119 2629 sacramenta
3172 2573 3392 2627 rimare.
3443 2571 3551 2625 Sed
3585 2585 3683 2638 ego

2125 2683 2228 2721 non
2261 2669 2432 2722 audeo
2461 2667 2590 2721 illuc
2620 2651 2767 2722 solus
2797 2666 3112 2730 ascendere,
3150 2681 3255 2720 non
3299 2665 3473 2718 audeo
3521 2678 3608 2718 me
3632 2663 3686 2716 in

2119 2757 2221 2811 hos
2273 2765 2381 2810 tam
2420 2765 2659 2811 secretos
2707 2756 3084 2826 mysteriorum
3133 2768 3380 2809 secessus
3427 2753 3547 2806 sine
3585 2767 3684 2804 au-

2119 2847 2369 2901 ctoritate
2403 2847 2583 2916 magni
2623 2846 2850 2915 alicujus
2893 2847 3129 2901 doctoris
3177 2848 3519 2918 immergere.
3565 2845 3684 2902 Non

2121 2955 2340 3010 possum
2366 2939 2492 2994 illuc
2520 2941 2835 3003 ascendere,
2865 2938 2962 2993 nisi
2991 2939 3262 3007 praecedat
3284 2954 3369 2993 tne
3397 2939 3685 3005 Paulus,et

2120 3032 2235 3101 ipse
2265 3033 2394 3086 tttilti
2427 3031 2568 3084 viaut
2599 3030 2723 3084 novi
2771 3027 2929 3097 hujus
2957 3039 3012 3085 et
3058 3030 3213 3084 ardui
3263 3030 3471 3085 itineris
3498 3042 3685 3086 osten-

439 3137 675 3190 mundus
719 3153 748 3191 a
792 3138 988 3203 sorde;
1050 3150 1152 3191 uec
1202 3136 1247 3190 si
1304 3136 1467 3191 unius
1530 3136 1640 3191 diei
1690 3137 1856 3191 fuerit
1901 3137 2011 3190 vita

2119 3123 2232 3177 dat.
2282 3121 2402 3193 Ipse
2448 3139 2576 3193 ergo
2607 3121 2972 3193 apostolorum
3020 3121 3321 3186 maximus,
3369 3122 3461 3190 qui
3519 3123 3684 3176 sciret

435 3225 554 3294 ejus
583 3225 625 3278 '.
664 3243 684 3277 ι
722 3225 982 3280 Habitare
1008 3237 1188 3280 tamen
1217 3224 1422 3280 dicitur
1464 3227 1516 3280 in
1565 3226 1742 3280 medio
1773 3227 1953 3295 populi
1994 3243 2009 3278 ε

434 3327 490 3370 et
522 3316 724 3370 Levitze
772 3333 911 3387 ergo
938 3329 1294 3373 assumuntur
1325 3320 1391 3374 de
1434 3319 1612 3373 medio
1652 3316 1890 3372 ﬁliorum
1935 3316 2012 3372 Is-

437 3407 570 3462 rael.
599 3407 800 3462 Levita:
828 3417 956 3462 sunt
981 3409 1127 3463 enim
1175 3410 1266 3479 qui
1317 3425 1420 3464 non
1463 3418 1836 3478 cognoverunt
1875 3409 2008 3463 dex-

438 3506 573 3552 tram
607 3508 662 3551 et
702 3499 978 3554 sinistram
1009 3515 1186 3566 suam,
1219 3501 1310 3554 sed
1341 3509 1632 3569 sequentes
1671 3499 1914 3572 Moysen,
1959 3501 2010 3556 id

435 3595 524 3640 est
557 3585 727 3656 legem
770 3587 883 3651 Dei,
917 3603 1023 3658 non
1083 3601 1450 3662 pepercerunt
1505 3591 1648 3661 patri
1687 3607 1786 3645 nec
1824 3592 2007 3646 matri.

439 3673 505 3728 Et
541 3685 595 3730 tu
640 3691 771 3746 ergo
818 3678 862 3733 si
905 3679 1158 3734 veniente
1197 3681 1520 3747 tentatio-ne,
1564 3682 1609 3736 si
1643 3683 1896 3736 veniente
1925 3683 2007 3737 ira

437 3769 652 3836 peccati
683 3785 789 3825 non
821 3771 1100 3827 iuclineris
1157 3771 1223 3826 ad
1271 3772 1573 3840 dexteram,
1630 3790 1807 3845 neque
1838 3775 1905 3829 ad
1931 3774 2004 3828 si-

437 3858 688 3926 nistram,
731 3875 830 3916 nec
876 3866 1265 3932 prmvaricatus
1307 3867 1478 3922 fueris
1525 3865 1696 3938 legem
1749 3868 1866 3931 Dei,
1912 3867 2009 3922 sed

438 3957 549 4005 stes
580 3951 632 4005 in
666 3953 846 4010 medio
896 3953 1040 4012 ﬁxus
1084 3971 1142 4012 et
1188 3957 1420 4024 stabilis,
1457 3968 1510 4014 et
1563 3975 1668 4013 tton
1703 3958 2004 4024 iuclineris,

436 4058 611 4112 neque
636 4057 830 4099 curves
854 4059 1030 4116 genua
1055 4058 1141 4102 tua
1171 4059 1419 4119 peccato,
1451 4065 1549 4105 nec
1569 4050 1795 4120 pecudis
1819 4060 2002 4121 caput,

435 4137 488 4192 id
537 4145 624 4193 est
674 4137 919 4194 stultitiae
944 4143 1195 4210 sequaris
1242 4144 1557 4214 imaginem,
1591 4147 1890 4200 assumeris
1940 4147 2006 4200 de

437 4225 617 4281 medio
645 4226 882 4282 ﬁliorum
928 4229 1117 4296 Israel,
1150 4241 1204 4285 et
1253 4232 1307 4286 in
1344 4235 1742 4302 primitivorum
1778 4253 2004 4292 numero

433 4317 810 4375 collocaberis.
845 4319 970 4377 Haec
998 4337 1097 4392 pro
1133 4336 1201 4377 eo
1227 4324 1369 4390 quod
1415 4325 1681 4395 scriptum
1731 4337 1835 4388 est,
1872 4348 1890 4378 ι
1950 4336 2005 4384 et

431 4423 706 4465 assumatn
737 4411 1053 4468 Levites-de
1088 4417 1266 4470 medio
1289 4416 1524 4471 ﬁliorum
1560 4416 1749 4472 Israel.
1792 4437 1813 4470 ι

501 4501 556 4555 5.
608 4499 830 4568 Verum,
860 4502 905 4556 si
933 4503 1166 4572 videtur,
1218 4521 1568 4564 recurramus
1619 4509 1794 4564 adhuc
1822 4513 1888 4564 ad
1923 4511 2001 4575 ip-

431 4611 548 4649 sum
583 4597 827 4650 ordinem
859 4597 1124 4666 historiae,
1160 4602 1251 4670 qui
1281 4603 1518 4656 refertur
1564 4603 1618 4657 in
1644 4603 1916 4670 Numeris,
1945 4615 2000 4658 et

427 4703 497 4742 ex
529 4688 646 4758 ipso
692 4692 1006 4760 mysterium
1043 4693 1466 4762 primitivorum,
1497 4697 1587 4750 tibi
1619 4696 1702 4751 vel
1731 4699 2000 4766 quomodo

433 4783 639 4850 requiri
669 4784 884 4847 debeat,
913 4789 1365 4858 contemplemur.
1411 4789 1579 4860 Igitur
1616 4807 2000 4847 recenseamus

431 4875 716 4942 attentius,
763 4878 1034 4946 quomodo
1075 4880 1476 4936 distribuuntur
1504 4883 1787 4937 duodecim
1828 4882 2000 4936 tribus

431 4983 528 5034 per
560 4979 745 5023 ternas
797 4971 848 5023 itt
875 4982 1111 5040 quatuor
1129 4983 1331 5042 partes,
1363 4983 1532 5043 etper
1560 4973 1804 5044 singulas
1838 4989 2002 5043 quas-

429 5073 536 5126 que
561 5059 684 5114 coeli
724 5060 908 5131 plagas
934 5073 1086 5118 certa
1114 5065 1351 5120 statione
1397 5065 1684 5120 considunt
1719 5083 1732 5118 :
1764 5073 1818 5118 et
1855 5065 2003 5118 inve-

430 5152 642 5205 niemus
675 5149 870 5206 Judam
911 5155 1127 5222 quidem
1160 5156 1228 5210 ab
1257 5157 1466 5211 oriente
1508 5157 1673 5211 statui
1719 5173 1840 5210 cum
1865 5157 2002 5211 Issa-

430 5244 566 5296 char
601 5254 657 5298 et
687 5246 964 5312 Zabulou;
1017 5247 1204 5302 Ruben
1247 5265 1374 5304 vero
1418 5250 1485 5303 ab
1525 5252 1825 5314 occidente,
1878 5266 1997 5303 cum

431 5330 650 5389 Sittteon
677 5347 732 5390 et
769 5336 916 5404 Gad;
945 5340 997 5392 itt
1038 5341 1265 5395 meridie
1299 5342 1528 5410 Ephrem
1557 5357 1678 5396 cum
1716 5341 1995 5410 Benjamin

502 5517 802 5594 _"’_i\Ialaclt.
830 5522 1010 5594 52,75.
1067 5523 1131 5594 _9'
1154 5521 1239 5576 IV.
1270 5526 1399 5594 Reg.
1431 5541 1505 5589 tv,
1537 5526 1622 5579 15.

430 5585 633 5643 ⁸1Μπ.
675 5603 778 5654 Xtt,
821 5592 906 5663 I8,
939 5593 1027 5657 22,
1058 5592 1149 5648 25.

1698 5527 1742 5560 ’⁸
1767 5524 1922 5580 Joan.
1960 5542 1998 5594 ι,
2035 5525 2126 5580 26.

2118 3215 2314 3270 multas
2349 3230 2473 3271 esse
2519 3231 2625 3270 non
2659 3215 2831 3269 sohuu
2881 3216 2931 3268 in
2980 3214 3160 3280 terris,
3211 3215 3303 3267 sed
3353 3223 3408 3268 et
3441 3215 3494 3268 in
3532 3215 3685 3271 cmlis

2116 3307 2408 3373 Ecclesias,
2453 3320 2519 3361 ex
2565 3307 2762 3377 quibus
2803 3319 2857 3360 et
2901 3315 3104 3374 septem
3145 3307 3402 3374 quasdam
3445 3305 3683 3363 Joannes

2114 3409 2398 3454 enumerat
2437 3398 2459 3430 ⁸
2495 3417 2508 3454 :
2539 3399 2653 3469 ipse
2681 3409 2863 3451 tamen
2915 3395 3113 3451 Paulus
3155 3397 3443 3452 ostendere
3497 3398 3682 3454 volens

2112 3504 2233 3544 esse
2255 3491 2539 3558 quamdam
2574 3498 2770 3561 praeter
2795 3504 2888 3542 eas
2919 3489 3086 3543 etiam
3134 3487 3530 3557 primitivorum
3577 3489 3680 3544 Ec-

2113 3581 2356 3645 clesium,
2384 3581 2517 3636 dicit
2541 3583 2605 3634 ad
2635 3580 2890 3635 Hebraeos
2919 3578 3162 3633 scribens
3201 3577 3222 3610 ⁸
3251 3594 3264 3629 :
3322 3597 3342 3630 ι
3382 3577 3497 3632 Non
3530 3581 3678 3634 enim

2111 3674 2421 3728 accessistis
2461 3674 2527 3728 ad
2566 3674 2842 3727 ardentem
2888 3682 2943 3726 et
2981 3671 3317 3726 tractabilem
3347 3672 3546 3742 ignem,
3581 3673 3678 3728 sed

2111 3768 2420 3822 accessistis
2447 3769 2510 3822 ad
2539 3776 2774 3821 montem
2808 3764 2958 3832 Sion,
2991 3774 3046 3820 et
3068 3763 3341 3820 civitatem
3369 3766 3462 3820 Dei
3491 3768 3682 3821 viven-

2111 3858 2178 3912 tis
2207 3855 2507 3911 Jerusalem
2541 3855 2836 3919 cmlestem,
2860 3865 2914 3909 et
2942 3855 3336 3912 multitudinem
3363 3857 3677 3927 angelorum

2109 3949 2556 4015 collaudantium,
2606 3957 2660 4003 et
2701 3946 2996 4002 Ecclesiam
3049 3949 3448 4018 primitivorum
3501 3950 3678 4004 ascri-

2109 4051 2254 4111 ptaut
2285 4042 2337 4095 in
2365 4041 2541 4096 caelis.
2579 4058 2596 4091 ι
2655 4038 2824 4108 Igitur
2850 4037 3058 4108 Moyses
3084 4054 3182 4109 per
3231 4048 3466 4109 quatuor
3499 4051 3677 4095 castra

2107 4134 2356 4204 populum
2392 4133 2485 4188 Dei
2533 4133 2766 4187 divisum
2811 4129 3073 4185 describit
3107 4131 3159 4185 in
3197 4132 3358 4186 terris
3395 4149 3409 4184 :
3449 4140 3505 4186 et
3531 4133 3674 4202 Apo-

2108 4227 2282 4282 stolus
2310 4236 2546 4296 quatuor
2575 4227 2794 4282 ordines
2827 4233 3139 4279 sanctorum
3176 4221 3290 4292 (61)
3336 4223 3592 4278 describit
3619 4227 3671 4278 iu

2109 4320 2282 4384 caelis,
2311 4321 2385 4374 ad-
2405 4335 2635 4390 quorum
2665 4317 2905 4388 singulos
2941 4330 3378 4384 unumquemque
3425 4327 3673 4372 nostrum

2108 4414 2241 4469 dicit
2270 4413 2549 4468 accedere.
2591 4411 2707 4468 Non
2757 4409 2902 4466 enim
2949 4421 3141 4461 omnes
3192 4408 3258 4461 ad
3303 4423 3493 4464 omnes
3519 4425 3670 4465 acce-

2109 4509 2263 4573 dunt,
2289 4507 2383 4561 sed
2414 4518 2467 4561 et
2499 4505 2591 4560 alii
2623 4504 2839 4574 quidem
2871 4501 3135 4556 accedunt
3159 4500 3225 4554 ad
3253 4508 3490 4555 montem
3517 4502 3672 4568 Sion,

2109 4599 2301 4653 horum
2337 4609 2515 4654 autent
2546 4598 2711 4669 paqu
2741 4595 2990 4652 meliores
3012 4593 3276 4648 accedunt
3300 4595 3366 4647 ad
3399 4595 3673 4650 civitatem

2109 4695 2202 4749 Dei
2235 4694 2465 4749 viventis
2492 4692 2793 4748 Jerusalem
2827 4691 3138 4757 cmlestem;
3179 4691 3270 4759 qui
3307 4700 3488 4746 autem
3523 4703 3576 4746 et
3607 4693 3674 4747 iis

2107 4786 2494 4843 eminentiores
2535 4795 2680 4849 sunt,
2712 4786 2976 4840 accedunt
3021 4785 3087 4838 ad
3145 4783 3540 4838 multitudinem
3571 4799 3671 4837 an-

2107 4881 2348 4952 gelorum
2403 4877 2853 4942 collaudatttium;
2921 4878 3012 4946 qui
3064 4886 3242 4930 autem
3310 4891 3472 4944 super
3541 4879 3674 4932 istos

2106 4987 2296 5027 omnes
2326 4978 2472 5033 sunt,
2521 4969 2786 5022 accedunt
2831 4966 2896 5020 ad
2941 4965 3232 5021 Ecclesiam
3277 4967 3671 5036 primitivorum

2107 5063 2397 5132 ascriptam
2431 5063 2484 5115 in
2515 5060 2688 5116 caelis.
2730 5059 2787 5114 Si
2822 5073 2951 5127 ergo
2990 5071 3055 5112 ex
3093 5060 3157 5114 iis
3206 5060 3517 5114 intellexisti
3551 5063 3676 5130 quis

2109 5155 2181 5208 sit
2211 5159 2344 5210 ordo
2389 5155 2811 5225 primitivorum,
2853 5163 2906 5205 et
2954 5154 3093 5222 quod
3122 5153 3192 5206 sit
3228 5153 3462 5207 nominis
3519 5155 3674 5208 istius

2107 5259 2528 5310 sacramentuttt,
2559 5265 2798 5318 praepara
2829 5260 2898 5313 te,
2948 5259 3000 5306 et
3029 5248 3236 5300 enitere
3272 5255 3532 5314 quantum
3574 5261 3669 5299 va-

2107 5339 2204 5400 les.
2235 5339 2280 5393 si
2312 5340 2452 5394 forte
2479 5342 2704 5405 actibus,
2746 5343 2877 5408 vita,
2916 5339 3175 5403 moribus,
3211 5338 3334 5405 ﬁde,
3381 5337 3670 5392 institutis-

2206 5527 2221 5556 ¹
2254 5526 2269 5578 l
2303 5526 2448 5581 Petr.
2483 5543 2542 5594 tt,
2587 5528 2675 5581 22.
2750 5529 2770 5558 ³
2799 5525 2917 5581 Job.
2955 5525 3132 5592 angi,
3163 5525 3212 5578 5.
3279 5522 3485 5593 ’Apoc.
3521 5521 3666 5586 1,“.

504 5702 615 5776 (fil)
647 5705 814 5767 Codd.
847 5707 1074 5775 Turou.,
1107 5706 1452 5768 Bclvaccnsis
1481 5721 1535 5767 ct
1559 5711 1745 5768 Sancti
1779 5710 2126 5779 Theoderici,
2159 5729 2184 5762 ι.
2215 5719 2545 5766 sanctorum.
2591 5729 2608 5762 t
2646 5707 2800 5764 Libb.
2828 5706 2976 5773 editi,
3013 5723 3030 5756 ι
3068 5715 3302 5759 sanctos.
3339 5723 3358 5758 t
