4074 6156
445 203 542 261 597

1679 199 1746 255 IN
1779 199 2113 257 NUMEROS
2143 197 2431 256 HOMILIA
2469 198 2561 255 IV.

3585 199 3684 257 598

443 337 547 392 que
575 321 847 390 proﬁcias,
884 331 942 377 ut
972 321 1149 393 possis
1173 323 1438 380 accedere
1470 322 1536 377 ad
1567 323 1868 380 Ecclesiam
1900 325 2012 395 pri-
2040 330 2086 385 Α
2113 323 2388 387 exstincti,
2437 317 2917 376 sauctiﬁcationem
2965 319 3251 390 percipere
3316 317 3684 376 lsraelitaritm

444 415 780 478 mitivorum,
811 429 931 484 qua:
966 414 1200 484 ascripta
1225 424 1310 470 est
1343 416 1395 468 in
1421 415 1594 470 cmlis.
1646 416 1801 483 Quod
1829 417 1873 470 si
1906 431 2012 470 non

442 515 646 561 tantum
698 507 864 572 vales,
914 509 1010 561 sed
1051 522 1113 562 es
1163 508 1325 576 paulo
1378 507 1640 571 inferior,
1696 508 1896 563 accede
1946 509 2014 561 ad

441 597 845 653 multitudinem
889 599 1207 670 angelorum
1260 600 1713 655 collaudantium.
1766 600 1920 666 Quod
1966 600 2011 654 si

441 703 539 744 nec
576 689 645 742 ad
676 689 838 744 istum
886 691 1136 744 ordinem
1178 700 1332 759 potes
1377 692 1695 756 ascendere,
1724 693 1790 746 ad
1815 692 2012 746 civita-

441 788 545 833 tem
573 781 764 835 saltem
799 782 891 837 Dei
921 782 1153 836 viventis
1184 781 1482 838 Jerusalem
1514 781 1790 839 caelestem
1818 799 2012 854 prope-

439 884 560 925 rare
585 874 865 926 contende.
899 871 957 927 Si
999 889 1128 930 vero
1156 890 1258 931 nec
1289 875 1357 931 ad
1388 878 1491 932 hoc
1521 885 1679 944 aptus
1710 890 1788 941 es,
1819 876 2010 931 saltem

437 963 503 1017 ad
548 973 785 1018 montem
837 969 1112 1024 contende
1161 967 1314 1034 Sion,
1365 968 1501 1022 utin
1537 977 1720 1022 monte
1762 968 2007 1022 salveris.

437 1056 666 1113 Tantum
714 1074 784 1116 ne
835 1062 890 1117 in
947 1071 1095 1120 terra
1142 1065 1404 1128 resideas,
1457 1079 1524 1119 ne
1553 1065 1606 1118 in
1639 1063 1870 1118 vallibus
1895 1080 2010 1118 ma-

435 1166 586 1217 neas,
617 1166 686 1207 ne
711 1153 765 1208 in
799 1155 1065 1211 demersis
1098 1163 1152 1211 et
1177 1157 1471 1212 humilibus
1507 1170 1842 1226 perseveres.
1875 1155 2007 1211 Mihi

435 1243 506 1298 ita
556 1246 968 1317 intelligendum
1027 1249 1241 1304 videtur
1286 1249 1488 1304 assumi
1531 1249 1921 1318 primogenitos
1948 1247 2008 1302 ﬁ-

434 1333 531 1390 lios
557 1335 707 1400 Levi,
741 1336 836 1408 qui
873 1341 1184 1396 ministrant
1236 1342 1366 1403 Deo,
1399 1349 1455 1396 et
1477 1340 1640 1396 altari
1678 1340 1798 1410 ejus
1827 1343 2010 1396 taber-

435 1425 738 1495 naculuque
764 1429 1102 1494 deserviunt,
1149 1431 1506 1500 excubiisque
1535 1431 1812 1501 perpetuis
1847 1432 2008 1487 mini-

432 1519 596 1571 steria
629 1519 810 1573 divina
839 1521 1242 1576 concelebrant.

498 1606 553 1659 4.
583 1607 690 1664 Sed
716 1620 772 1664 et
799 1611 944 1680 quod
975 1612 1078 1674 ait,
1116 1631 1134 1662 ‹
1173 1629 1270 1683 pro
1303 1615 1449 1669 omni
1480 1615 1863 1685 primogenita,
1911 1615 2002 1685 qui

430 1701 674 1770 adaperit
703 1703 940 1769 vulvam,
977 1724 996 1757 ι
1037 1721 1142 1760 non
1173 1706 1303 1761 mihi
1343 1707 1504 1763 facile
1552 1707 1773 1763 videtur
1810 1707 2002 1763 disseri

429 1806 588 1860 posse
610 1802 667 1848 et
698 1795 1004 1866 explanari.
1045 1795 1233 1866 Neque
1267 1798 1410 1854 enim
1457 1799 1769 1869 quicunque
1801 1801 2004 1869 adape-

429 1888 500 1940 rit
524 1887 758 1955 vulvam,
809 1891 1070 1947 continuo
1096 1891 1292 1962 dignus
1321 1893 1756 1949 sanctiﬁcatione
1819 1894 2004 1965 primi-

429 1981 630 2036 tivatus
655 1980 940 2039 habendus
966 1993 1073 2048 est,
1107 1985 1235 2053 quia
1267 1995 1322 2040 et
1356 1985 1407 2038 in
1438 1984 1671 2040 Psalmis
1702 1985 1930 2056 legimus
1956 1989 2000 2055 ⁵,

426 2069 568 2138 quod
601 2087 622 2122 ‹
659 2072 878 2126 alienati
929 2083 1056 2128 sunt
1115 2085 1432 2143 peccatores
1472 2089 1502 2130 a
1553 2076 1738 2143 vulva,
1789 2092 2003 2132 errave-

427 2170 552 2215 runt
601 2177 632 2216 a
686 2172 908 2228 ventre,
957 2165 1123 2220 locuti
1174 2173 1301 2221 sunt
1346 2165 1504 2222 falsa.
1547 2187 1567 2221 ι
1608 2168 1759 2236 Quod
1813 2172 2001 2242 utique

424 2262 572 2308 stare
602 2257 897 2311 secundum
941 2257 1179 2313 litteram
1213 2259 1363 2315 nullo
1401 2261 1563 2316 modo
1594 2271 1790 2331 potest.
1847 2263 1995 2332 Quo-

424 2345 584 2399 modo
608 2347 771 2401 etiam
805 2349 929 2415 quis
970 2364 1157 2406 errare
1186 2365 1217 2405 a
1251 2352 1336 2405 via
1380 2351 1474 2407 Dei
1517 2355 1695 2423 potuit
1724 2355 1908 2410 statim
1941 2365 2000 2412 ut

423 2435 490 2489 de
514 2445 702 2491 ventre
730 2441 921 2494 matris
955 2441 1162 2495 exivit?
1197 2440 1302 2496 Aut
1338 2446 1609 2512 quomodo
1649 2447 1824 2514 potuit
1858 2447 1996 2504 falsa

421 2525 569 2595 loqui
598 2542 768 2597 nuper
807 2530 985 2585 editus
1029 2546 1188 2600 puer,
1239 2533 1324 2588 vel
1372 2534 1807 2607 qualemcunque
1864 2554 1995 2607 pro-

421 2616 568 2672 ferre
598 2613 944 2675 sermonem?
971 2621 1104 2675 Cum
1138 2638 1267 2694 ergo
1308 2626 1647 2694 impossibile
1701 2630 1772 2684 sit
1795 2630 1879 2685 vel
1907 2647 1997 2686 er-

422 2724 547 2764 rare
581 2709 814 2780 aliquem
864 2727 892 2764 a
925 2724 1135 2777 ventre,
1199 2713 1282 2768 vel
1342 2714 1488 2785 loqui
1540 2715 1702 2783 falsa,
1741 2733 1995 2776 necessa-

422 2799 563 2852 rium
589 2800 695 2854 erit
722 2811 776 2856 et
802 2811 1062 2866 ventrem,
1104 2811 1158 2858 et
1189 2803 1407 2859 vulvam
1459 2807 1622 2864 talem
1671 2812 1872 2880 requiri
1905 2815 1993 2868 cui

419 2894 718 2948 convenire
757 2895 928 2964 possit
967 2895 1070 2950 hoc
1115 2896 1318 2952 dictum
1349 2899 1495 2967 quod
1535 2919 1555 2952 ‹
1587 2902 1804 2958 alienati
1863 2915 1994 2961 sunt

2118 414 2464 484 primogeniti
2486 412 2709 468 omnino
2736 427 2840 466 non
2871 418 3113 479 possunt.
3139 410 3272 477 Quis
3302 424 3433 481 ergo
3455 421 3536 466 est
3561 413 3684 478 iste,

2116 507 2208 575 qui
2239 506 2627 576 primogenitos
2673 503 3076 574 IEgyptiorum,
3115 503 3168 556 id
3215 511 3298 557 est
3347 505 3689 573 principatus

2115 609 2170 652 et
2206 595 2508 666 potestates
2564 597 2870 651 daemonum
2915 595 3219 664 percussit?
3266 594 3453 649 Nonne
3499 595 3687 650 Domi-

2115 706 2216 745 nus
2272 704 2422 744 meus
2473 689 2628 743 .Iesus
2678 687 2950 751 Christus,
3004 689 3098 755 qui
3155 695 3240 741 est
3295 686 3688 757 primogenitus

2114 783 2291 838 omnis
2319 781 2482 852 282
2517 789 2798 846 creaturae,
2836 779 2928 848 qui
2954 779 3365 848 principatuset
3387 788 3685 848 potestates

2115 875 2374 928 adversas
2421 873 2681 936 traduxit,
2713 869 3054 939 triumphans
3085 885 3179 924 eos
3205 870 3259 924 in
3306 869 3515 925 cruce?
3537 871 3686 937 Quos

2114 961 2304 1030 utique
2325 960 2428 1014 nisi
2462 959 2551 1014 ille
2585 960 2970 1030 percussisset,
3006 967 3063 1013 et
3094 959 3500 1029 triumphasset,
3558 977 3687 1017 sau-

2114 1053 2370 1108 ctilicatio
2393 1051 2461 1106 ad
2490 1067 2589 1106 nos
2619 1051 2962 1120 primitivalis
3006 1053 3194 1108 venire
3259 1054 3566 1109 nullatenus
3587 1070 3686 1125 po-

2112 1144 2322 1200 tuisset.
2360 1143 2426 1200 Ut
2448 1153 2628 1198 autem
2658 1144 2816 1200 nobis
2841 1145 3319 1214 primogenitorum
3349 1147 3685 1204 benedictio-

2111 1252 2208 1292 nes
2259 1237 2509 1299 donaret.
2549 1235 2778 1291 efﬁcitur
2824 1237 2976 1308 prius
3018 1238 3136 1308 ipse
3175 1238 3571 1307 primogenitus
3611 1256 3681 1296 ex

2110 1330 2360 1395 mortuis,
2396 1338 2456 1385 ut
2491 1331 2562 1384 sit
2601 1329 2653 1384 in
2686 1329 2940 1385 omnibus
2989 1331 3106 1398 ipse
3135 1329 3430 1400 primatum
3467 1343 3678 1398 tenens,

2109 1429 2163 1477 et
2194 1437 2291 1477 nos
2327 1423 2614 1478 credentes
2653 1425 3041 1479 resurrectioni
3097 1437 3210 1480 suae
3246 1434 3551 1480 assumeret
3580 1441 3676 1495 pro

2109 1513 2423 1584 primitivis,
2459 1524 2515 1569 et
2544 1515 2596 1569 in
2638 1516 3039 1584 primitivorum
3071 1517 3263 1572 ordine
3291 1516 3605 1586 collocaret,
3629 1519 3679 1574 si

2111 1615 2288 1661 tamen
2326 1606 2762 1661 benedictionum
2804 1609 3031 1678 gratiam
3059 1622 3233 1678 usque
3284 1609 3352 1663 ad
3396 1608 3558 1664 ﬁnem
3591 1609 3683 1664 ﬁr-

2109 1713 2251 1751 mam
2281 1699 2631 1764 retineamus,
2659 1698 2828 1768 adjuti
2852 1699 3223 1754 misericordia
3262 1699 3433 1770 ipsius
3464 1699 3680 1756 Domini

2106 1789 2278 1843 nostri
2307 1789 2430 1844 Iesu
2462 1787 2690 1856 Christi,
2719 1791 2803 1844 cui
2830 1800 2912 1846 est
2942 1791 3114 1862 gloria
3146 1802 3201 1848 et
3234 1792 3524 1862 imperium
3560 1791 3679 1864 (64)

2106 1877 2161 1932 in
2186 1878 2381 1933 saecula
2407 1879 2752 1936 satculorum.
2781 1881 2972 1936 Amen.

2685 1990 2962 2047 HOMILIA
3005 1991 3094 2048 IV.

2104 2103 2183 2158 De
2209 2121 2267 2158 eo
2308 2105 2450 2177 quod
2493 2105 2744 2174 scriptum
2770 2117 2845 2177 est
2874 2105 2916 2168 °,
2964 2123 2983 2157 ι
3017 2107 3200 2177 viginti
3234 2107 3337 2162 duo
3372 2108 3545 2163 millia
3577 2126 3677 2163 mt-

2176 2174 2328 2246 rnero
2360 2176 2602 2246 inuentus
2642 2192 2756 2229 esse
2789 2174 3452 2246 Levitamfprimogenilos
3499 2190 3676 2234 autem

2172 2245 2406 2320 ﬁliorum
2430 2243 2601 2298 Israel
2636 2246 2815 2316 uiginti
2853 2247 2958 2299 duo
2982 2243 3156 2300 millia
3180 2243 3432 2304 ducentos
3457 2262 3674 2320 septua-

2173 2316 2322 2384 ginta
2347 2326 2478 2370 tres.
2517 2334 2536 2366 ι

2176 2430 2226 2482 1.
2267 2426 2622 2484 Numerorum
2647 2427 2787 2484 liber
2813 2436 2916 2495 est,
2947 2430 3036 2499 qui
3062 2429 3258 2500 legitur
3288 2429 3460 2499 nobis,
3481 2432 3537 2488 in
3566 2448 3674 2503 quo

2102 2522 2284 2576 multa:
2317 2529 2442 2576 sunt
2490 2537 2841 2576 numerorum
2885 2520 3231 2588 diﬂ‘erentize,
3281 2540 3404 2596 quae
3431 2527 3673 2582 conscri-

2100 2613 2305 2668 buntur
2334 2613 2401 2667 de
2432 2612 2556 2668 ﬁliis
2583 2612 2765 2668 Israel.
2805 2613 2912 2669 Sed
2957 2625 3076 2686 post
3122 2616 3261 2673 ﬁlios
3287 2616 3450 2672 Israel
3482 2634 3672 2674 nurne-

2100 2714 2291 2760 rantur
2336 2705 2502 2760 etiam
2542 2704 2744 2760 Levitze
2787 2720 3054 2762 seorsum.
3106 2706 3222 2764 Non
3272 2709 3412 2766 enim
3461 2710 3671 2766 fuerant

2100 2797 2354 2852 recensiti
2388 2813 2510 2852 cum
2544 2798 2668 2853 ﬁliis
2699 2795 2886 2863 Israel,
2919 2808 2974 2853 et
2999 2799 3229 2856 habetur
3265 2815 3451 2856 eorum
3480 2817 3669 2872 segre-

2098 2898 2254 2958 gatus
2281 2888 2523 2958 quidam,
2556 2903 2619 2944 ac
2649 2890 2949 2960 praecipuus
2993 2904 3104 2958 pra:
3139 2893 3352 2948 caeteris
3383 2909 3665 2959 numerus,

416 2995 727 3052 peccatores
776 2987 844 3042 ab
894 3000 1069 3055 υιθιοο,
1120 3003 1439 3047 erraverunt
1488 3011 1517 3049 α
1564 3009 1775 3064 venue,
1825 2998 1989 3056 ιοευιε
2019 3010 2062 3068 C
2097 2996 2206 3051 quo
2241 2981 2548 3037 referuntur
2595 2996 2785 3038 omnes
2814 2981 2978 3036 simul
3018 2982 3206 3052 viginti
3242 2985 3348 3040 duo
3379 2985 3544 3040 millia
3580 3001 3668 3040 re-

418 3087 543 3133 sunt
574 3078 731 3135 falsa.
759 3099 778 3133 ι
806 3081 872 3136 Ει
899 3082 986 3137 illa
1014 3085 1118 3138 erit
1145 3086 1325 3156 vulva,
1353 3104 1514 3158 quam
1545 3089 1788 3160 adaperit
1809 3093 1989 3148 omnis

415 3171 748 3239 primitivus,
805 3174 896 3243 qui
953 3176 1328 3234 sanctiﬁcatur
1373 3180 1504 3237 Deo.
1553 3182 1852 3251 Adaperuit
1886 3183 1988 3238 ali-

412 3267 631 3334 quando
657 3264 800 3321 Dens
826 3267 1036 3322 vulvam
1068 3268 1178 3323 Lize
1205 3271 1246 3338 ⁸,
1283 3289 1404 3343 quae
1427 3284 1544 3330 erat
1580 3275 1784 3341 clausa,
1817 3285 1872 3330 et
1894 3291 1987 3344 pe-

413 3355 553 3423 perit
588 3357 968 3424 patriarchas;
1023 3359 1279 3416 similiter
1307 3373 1363 3418 et
1385 3364 1623 3431 Rachel,
1669 3375 1728 3420 ut
1769 3376 1988 3436 pareret

408 3447 577 3501 etiam
610 3449 724 3519 ipsa
767 3453 922 3516 cujus
967 3455 1115 3510 visus
1151 3471 1270 3512 erat
1305 3457 1612 3527 perspicax,
1665 3467 1718 3514 et
1751 3459 1983 3516 decorus

387 3549 683 3609 aspectus.
723 3542 828 3598 Sed
857 3555 911 3599 et
941 3547 995 3600 in
1031 3547 1213 3603 multis
1245 3548 1368 3604 aliis
1401 3549 1700 3618 Scriptura:
1730 3548 1867 3606 locis
1894 3550 1979 3604 in-

408 3633 598 3689 venies
638 3637 909 3705 adaperiri
942 3642 1145 3696 vulvas.
1192 3643 1428 3709 Quarum
1463 3643 1506 3697 si
1537 3643 1747 3712 singula
1775 3658 1873 3712 pro
1902 3643 1982 3699 lo-

403 3725 488 3780 cis
517 3727 857 3796 consideres,
897 3732 1142 3788 invenies
1176 3735 1450 3802 quomodo
1492 3743 1547 3788 et
1579 3745 1764 3789 errent
1785 3750 1980 3804 pecca-

403 3825 556 3873 tores
578 3833 607 3872 a
649 3820 825 3887 vulva,
857 3832 913 3877 et
942 3823 1017 3878 illi
1051 3825 1428 3892 adaperientes
1459 3826 1694 3893 vulvam,
1729 3827 1976 3882 sanctiﬁ-

406 3922 604 3965 centur
630 3913 682 3966 in
715 3915 906 3969 ordine
935 3916 1354 3984 primitivorum.
1378 3937 1396 3969 ‹
1420 3917 1484 3972 Et
1513 3928 1670 3973 erunt
1703 3920 1857 3982 mihi,
1889 3920 1974 3974 in-

405 4005 596 4072 quit",
618 4004 862 4072 Levit:e;
898 4024 1074 4062 meum
1115 4017 1197 4064 est
1225 4010 1370 4064 enim
1406 4025 1565 4064 omne
1594 4010 1974 4080 primitivum:

403 4111 468 4150 ex
502 4112 608 4168 qua
637 4097 724 4153 die
771 4100 1018 4168 percussi
1072 4115 1234 4156 omne
1263 4102 1691 4172 primogenitum
1735 4103 1786 4156 in
1831 4111 1972 4158 terra

399 4189 642 4262 Egypti,
685 4192 815 4246 mihi
865 4193 1198 4247 sanctiﬁcavi
1258 4210 1418 4249 omne
1470 4195 1908 4266 primogenitum.
1948 4213 1966 4249 ι

401 4280 596 4337 Notum
623 4283 856 4353 estquid
895 4285 961 4338 de
986 4285 1054 4339 iis
1081 4284 1306 4339 historia
1345 4289 1647 4354 contineat,
1699 4290 1971 4357 quomodo

2097 3073 2256 3144 perti,
2306 3075 2378 3128 ita
2426 3085 2485 3130 ut
2523 3089 2697 3144 neque
2726 3074 2958 3143 amplius
3006 3073 3236 3145 aliquid,
3278 3093 3454 3147 neque
3487 3080 3668 3135 minus

2097 3166 2202 3221 hoc
2227 3180 2453 3220 numero
2477 3167 2757 3223 inventum
2782 3170 2871 3225 sit.
2897 3169 3024 3225 Post
3067 3171 3168 3224 ltoc
3197 3171 3452 3239 praecepit
3482 3170 3664 3224 Domi~

2094 3275 2198 3315 nus
2237 3261 2512 3315 numerari
2558 3263 2722 3316 etiam
2783 3263 3169 3332 primogenitos
3217 3262 3448 3317 ﬁliorum
3500 3263 3672 3317 Israel

2093 3354 2280 3408 eodem
2312 3354 2523 3418 ordine,
2553 3370 2660 3424 quo
2687 3355 2886 3412 Levila:
2908 3356 3120 3411 fuerant
3150 3355 3441 3419 numerati,
3475 3355 3528 3409 id
3559 3365 3662 3422 est,

2094 3445 2162 3500 ab
2195 3460 2301 3501 uno
2335 3460 2520 3502 mense
2549 3457 2602 3501 et
2628 3463 2812 3517 supra,
2848 3461 2903 3502 et
2946 3448 3290 3502 inveniuntur
3318 3448 3661 3517 primogeniti

2092 3539 2325 3595 ﬁliorum
2349 3539 2514 3597 Israel
2549 3543 2738 3612 viginti
2764 3541 2869 3596 duo
2895 3540 3086 3606 millia,
3115 3550 3170 3594 et
3197 3541 3415 3596 ducenti
3442 3552 3667 3611 scptua-.

2089 3633 2238 3704 ginta
2279 3641 2410 3689 tres.
2456 3632 2701 3689 Putasne
2744 3649 2843 3704 per
2891 3637 3008 3691 haec
3033 3637 3204 3692 solam
3247 3636 3455 3691 numeri
3484 3635 3660 3690 histo-

2089 3733 2224 3787 riam
2254 3733 2451 3788 docere
2481 3747 2580 3788 nos
2607 3733 2777 3786 voluit
2815 3732 3046 3804 Moyses,
3067 3745 3121 3790 et
3146 3734 3349 3789 nullum
3384 3735 3435 3788 in
3470 3734 3536 3788 iis
3569 3733 3654 3788 di-

2086 3825 2436 3880 versitatibus
2467 3839 2814 3878 numerorum
2871 3824 3139 3881 conclusit
3173 3825 3334 3882 solito
3365 3826 3468 3882 sibi
3505 3839 3656 3880 more

2087 3917 2442 3988 mysterium?
2488 3916 2707 3971 Nihilne
2749 3915 3019 3970 videbitur
3061 3932 3183 3972 esse
3227 3918 3453 3972 rationis
3511 3916 3655 3986 quod

2085 4005 2300 4062 ducenti
2324 4005 2662 4075 septuaginta
2699 4013 2806 4059 tres
2830 4016 3036 4061 tantum
3073 4007 3353 4062 abundare
3403 4005 3656 4060 dicuntur

2083 4102 2136 4156 in
2163 4101 2539 4171 primogenitis
2563 4099 2750 4164 Israel,
2786 4109 2840 4154 et
2872 4100 2922 4154 in
2946 4101 3201 4157 Leviticis
3229 4103 3296 4156 ad
3326 4101 3512 4171 viginti
3547 4099 3654 4154 duo

2083 4193 2273 4258 millia,
2320 4207 2495 4262 neque
2552 4192 2830 4247 abundare
2875 4194 3191 4263 quidquam,
3245 4207 3422 4262 nequc
3464 4192 3652 4245 deesse

2080 4285 2449 4340 describitur?
2475 4285 2674 4357 Viginti
2721 4286 2827 4342 duo
2870 4288 3087 4357 quidem
3123 4301 3379 4341 numerus
3415 4285 3468 4339 in
3509 4283 3652 4338 Scri-

401 4388 658 4440 percussa
692 4376 796 4428 sint
827 4376 1182 4447 primogenita
1216 4376 1619 4448 Egyptiorum,
1647 4395 1768 4435 cum
1805 4395 1974 4451 p0pu-
2005 4376 2050 4431 D
2078 4377 2249 4447 pluris
2273 4377 2499 4442 divinis,
2530 4378 2574 4432 si
2607 4377 2730 4445 quis
2757 4378 3051 4444 observet,
3081 4379 3224 4448 quod
3258 4375 3652 4446 principalibus

399 4464 482 4519 Ius
535 4464 700 4521 Israel
739 4468 1062 4524 educeretur
1093 4484 1161 4524 ex
1205 4468 1441 4541 [Egypto
1478 4472 1519 4526 ⁸.
1572 4471 1684 4527 Hoc
1721 4483 1802 4526 est
1837 4488 1968 4543 ergo

395 4559 538 4628 quod
567 4560 766 4616 inloco
796 4560 1087 4626 indicatur,
1132 4563 1257 4632 quia
1292 4579 1397 4618 non
1433 4565 1587 4634 prius
1639 4566 1965 4620 sanctiﬁcati

393 4660 522 4707 sunt
567 4653 911 4723 primogeniti
949 4654 1110 4711 Israel
1173 4671 1336 4725 quam
1386 4665 1802 4724 percuterentur
1852 4657 1965 4730 (62)

391 4740 770 4813 Α-ἰςγριίοιυιιτη
802 4747 1143 4818 primogeniti
1175 4765 1190 4802 :
1226 4758 1282 4802 et
1311 4749 1465 4817 quasi
1499 4765 1721 4805 causam
1761 4755 1964 4806 sancti-

393 4833 662 4890 ﬁcationis
693 4836 909 4903 horum,
935 4839 1214 4894 interitum
1237 4850 1293 4894 et
1325 4855 1512 4894 necem
1542 4841 1692 4911 ponit
1721 4841 1956 4896 illorum.

393 4923 547 4980 Unde
571 4935 627 4981 et
669 4927 758 4982 hic
799 4929 1201 5000 intelligendum
1233 4943 1337 4995 est,
1384 4947 1506 4987 esse
1547 4933 1811 5003 quosdam
1844 4933 1959 5004 pri-

389 5017 692 5087 mogenitos
725 5019 884 5074 etiam
917 5021 969 5075 in
1001 5022 1290 5094 Egyptiis,
1343 5026 1396 5080 id
1428 5034 1532 5092 est,
1582 5027 1634 5079 in
1664 5026 1959 5080 contrariis

388 5112 767 5175 potestatibus,
800 5117 958 5182 quasi
988 5115 1190 5171 electos
1238 5117 1291 5170 in
1325 5117 1526 5172 malitia
1555 5126 1610 5172 et
1637 5117 1843 5187 primos
1875 5117 1957 5171 in-

388 5210 470 5254 ter
523 5201 636 5274 (63)
695 5204 967 5261 daemonas
1019 5225 1036 5262 :
1096 5209 1188 5278 qui
1251 5209 1355 5264 nisi
1385 5210 1632 5279 percussi
1676 5208 1878 5274 iuerint
1905 5219 1960 5264 et

451 5373 473 5404 '
499 5372 645 5428 Psal.
677 5390 810 5440 Lvn,
838 5375 888 5430 ι.
963 5379 984 5408 ⁸
1005 5377 1142 5434 Gen.
1168 5395 1296 5434 xxx.
1366 5379 1389 5412 ⁷
1417 5379 1576 5434 Νυιη.
1605 5395 1693 5446 tu,
1725 5381 1814 5446 12,
1842 5380 1926 5434 I3.

389 5494 570 5621 ω
597 5495 723 5554 Mss.
759 5498 1036 5570 Sagiensis
1051 5508 1106 5556 et
1132 5501 1498 5570 Ebroicensis,
1525 5520 1546 5554 ι
1578 5512 1954 5575 perverteren-

461 5635 569 5704 (63)
606 5637 775 5695 Codd.
818 5639 1153 5698 Turonensis
1195 5653 1250 5700 et
1301 5643 1666 5712 Ebroicensis,
1700 5663 1718 5699 ε
1754 5647 1953 5712 primo-

2008 5382 2029 5414 ⁸
2061 5382 2233 5438 Exod.
2262 5389 2340 5439 in.

2075 4470 2396 4540 quibusdam
2422 4471 2605 4526 causis
2629 4472 2896 4541 ascriptus
2922 4473 3012 4538 sit,
3048 4471 3359 4541 frequenter
3386 4470 3644 4523 inveniet.

2071 4557 2206 4612 Nam
2253 4560 2449 4628 viginti
2505 4560 2613 4616 duo
2663 4563 2840 4631 prima
2883 4562 3023 4630 apud
3076 4561 3332 4616 Hebraeos
3375 4561 3642 4616 elementa

2073 4651 2294 4706 tradunt
2333 4667 2455 4707 esse
2503 4652 2834 4708 litterarum.
2895 4653 3094 4723 Viginti
3137 4664 3192 4710 et
3235 4655 3342 4708 duo
3381 4667 3570 4708 rursus
3609 4668 3643 4707 a

2067 4745 2405 4814 protoplasto
2428 4747 2600 4801 Adam
2624 4763 2797 4818 usque
2827 4749 2893 4802 ad
2922 4747 3114 4813 Jacob,
3149 4762 3216 4801 ex
3244 4747 3398 4817 cujus
3434 4748 3643 4802 semine

2069 4837 2283 4894 initium
2307 4839 2588 4895 duodecim
2621 4842 2792 4896 tribus
2814 4852 3058 4906 sumunt,
3106 4852 3290 4911 patres
3329 4839 3496 4894 fuisse
3530 4854 3644 4893 me-

2071 4941 2369 4986 morantur.
2439 4931 2688 4988 Tradunt
2743 4934 2912 4988 etiam
2960 4935 3201 4989 omnium
3257 4944 3638 4988 creaturarum

2069 5023 2163 5077 Dei
2197 5025 2408 5094 species
2451 5025 2593 5078 intra
2638 5024 2829 5095 viginti
2872 5034 2927 5078 et
2961 5025 3067 5080 duo
3101 5038 3386 5080 numerum
3431 5022 3634 5092 colligi.

2068 5116 2174 5172 Sed
2206 5127 2262 5173 et
2290 5119 2408 5172 alia.
2442 5118 2612 5174 multa
2653 5118 2707 5172 in
2745 5118 3068 5189 Scripturis,
3099 5119 3143 5174 si
3183 5118 3304 5187 quis
3330 5116 3639 5186 diligentius

2051 5224 2420 5288 exsequatur,
2453 5214 2552 5268 sub
2577 5214 2701 5294 “hoc
2750 5231 2977 5272 numero
3029 5223 3348 5270 consecrata
3379 5213 3636 5279 reperiet.

2417 5385 2447 5416 ⁸·
2468 5384 2626 5440 Num.
2659 5401 2741 5452 ut,
2773 5385 2864 5452 59,
2891 5385 2978 5441 45.

2062 5508 2269 5577 genitos
2295 5509 2449 5562 inter.
2486 5527 2504 5560 ι

2135 5577 2248 5649 (64)
2270 5578 2324 5630 in
2345 5579 2574 5649 vulgatis
2595 5579 2923 5638 editionibus
2954 5583 3121 5648 deest,
3149 5597 3167 5632 ‹
3189 5587 3242 5633 et
3267 5576 3577 5649 imperium,
3601 5592 3624 5630 ν

2061 5650 2200 5710 quod
2231 5648 2507 5711 Suppletur
2531 5665 2562 5706 e
2584 5665 2714 5706 mss.
3343 5648 3357 5649 ί
3663 5681 3668 5688 ·
