4074 6156
427 176 534 233 599

1846 173 2006 229 ORIG
2015 170 2168 226 ENIS

3599 150 3708 202 GiLU

428 291 658 362 Propter
682 292 790 348 hoc
813 307 944 363 ergo
965 300 1020 346 et
1044 291 1267 354 Levitze,
1310 292 1501 357 idest,
1549 293 1644 361 qui
1691 287 2616 350 deserviuntAconstructiouibns
2665 284 2966 354 exemplari
3016 292 3077 338 et-
3128 283 3332 338 umbra:
3383 277 3707 334 caelestium

429 383 682 448 Domino,
723 393 779 439 et
808 383 1153 453 primogeniti
1202 383 1434 439 ﬁliorum
1486 384 1651 438 Israel
1693 385 1998 440 admirabili

425 479 532 534 hoc
559 488 614 532 et
652 486 866 532 sacrato
909 490 1136 530 numero
1183 475 1496 530 titulantur.
1547 475 1701 543 Quod
1733 486 1912 532 autem
1943 478 1998 532 in

427 568 552 623 ﬁliis
579 566 742 622 Israel
771 567 1042 620 adduntur
1085 565 1307 620 ducenti
1354 567 1700 635 septuaginta
1748 577 1879 631 tres,
1912 581 2000 621 ne-

425 674 535 729 que
555 659 787 713 otiosum
819 657 951 711 mibi
979 656 1214 721 videtur,
1253 673 1431 726 neque
1461 657 1818 714 absolutionis
1852 659 1996 713 viam

423 750 582 805 facile
611 763 794 814 cerno,
843 748 944 804 nisi
996 749 1266 804 Dominus
1311 749 1554 804 velamen
1601 751 1740 803 istud
1776 750 1998 820 imposi-

422 851 538 894 tum
566 856 594 894 a
626 839 811 910 Moyse
838 839 906 894 iis
948 839 1146 895 litteris
1186 839 1474 909 adaperire
1511 839 1666 895 nobis
1714 840 1994 911 dignetur,

420 939 479 986 et
506 929 742 986 auferre.
775 931 944 1002 Igitur
968 931 1189 985 humani
1229 930 1449 999 generis
1480 929 1533 983 in
1578 944 1742 986 carne
1769 945 1998 1000 genera-

423 1025 501 1080 tio
533 1024 696 1089 (sicut
717 1032 970 1079 asserunt
997 1024 1089 1092 qui
1121 1025 1174 1078 in
1204 1023 1403 1080 talibus
1435 1025 1592 1094 periti
1617 1024 1768 1096 sunt)
1799 1039 1994 1080 novem

421 1116 642 1185 quidem
665 1115 942 1170 mensibus
965 1117 1272 1172 continetur
1298 1118 1351 1171 in
1381 1116 1564 1182 vulva,
1591 1117 1683 1172 sed
1714 1131 1822 1171 non
1845 1118 1996 1185 prius

422 1207 628 1261 moveri
659 1205 832 1262 fertur
869 1207 935 1262 ad
965 1217 1182 1278 partum
1218 1224 1375 1278 quam
1407 1209 1567 1263 etiam
1615 1209 1812 1264 decimi
1839 1226 1992 1264 men-

422 1297 500 1352 sis
540 1297 772 1351 triduum
806 1307 1086 1354 transeat:
1125 1306 1181 1354 et
1217 1299 1289 1353 ita
1319 1299 1594 1353 invenitur
1629 1301 1771 1368 quod
1806 1315 1996 1354 nume-

421 1402 517 1444 rus
541 1388 663 1452 iste,
692 1388 745 1443 id
779 1397 885 1456 est,
925 1391 1144 1445 ducenti
1191 1391 1531 1461 septuaginta
1572 1401 1684 1446 tres
1720 1392 1834 1447 dies
1873 1392 1996 1446 illos

421 1480 680 1547 Iudicem,
708 1481 801 1551 qui
831 1496 895 1536 ex
929 1497 1123 1538 novem
1153 1484 1432 1536 mensibus
1453 1521 1468 1547 ,
1500 1492 1555 1538 et
1589 1483 1765 1538 triduo
1793 1484 1995 1537 mensis

421 1572 615 1627 decimi
660 1572 1005 1642 colliguntur,
1054 1583 1110 1628 et
1153 1573 1286 1629 ﬁunt
1317 1573 1480 1628 simul
1521 1575 1739 1629 ducenti
1772 1585 1989 1644 septua-

421 1659 566 1728 ginta
599 1667 710 1714 tres
745 1661 860 1714 dies
891 1661 1007 1726 isti,
1035 1663 1233 1732 quibus
1266 1661 1506 1719 humano
1547 1665 1732 1733 generi
1764 1665 1817 1719 in
1837 1642 1993 1722 hunc
2025 1642 2066 1696 Β

419 1749 676 1804 mundum
707 1754 980 1819 praebetur
1014 1753 1318 1822 ingressus.
1358 1754 1423 1808 Et
1450 1755 1527 1810 ita
1563 1756 1614 1810 in
1645 1757 1838 1827 viginti
1866 1760 1989 1826 qui-

417 1842 540 1895 dem
563 1850 617 1896 et
646 1843 855 1899 duobus
879 1847 1140 1913 numeris,
1161 1847 1402 1901 omnium
1431 1847 1590 1902 simul
1612 1859 1992 1906 creaturarum

419 1934 721 1990 rationibus
771 1937 1019 2007 mysticis
1061 1954 1270 1994 summa
1313 1939 1608 2010 colligitur.
1651 1939 1709 1995 In
1739 1943 1825 1998 bis
1858 1957 1990 1997 vero

414 2041 536 2095 qua:
582 2041 649 2082 ex
703 2029 997 2085 abundanti
1076 2033 1130 2084 in
1201 2032 1568 2102 primogenitis
1637 2035 1990 2088 inveniuntur

415 2119 602 2185 Israel,
635 2121 796 2175 etiam
829 2124 1148 2194 mysterium
1192 2125 1440 2180 humanae
1474 2128 1840 2196 generationis
1887 2145 1987 2183 ex-

415 2212 688 2278 primitur.
721 2214 848 2269 Post
892 2216 1008 2270 hasc
1037 2230 1158 2271 cum
1196 2217 1248 2270 in
1289 2227 1399 2272 tres
1436 2220 1656 2274 ordines
1701 2221 1856 2274 divisi
1895 2235 1986 2275 es-

415 2316 538 2358 sent
566 2306 659 2359 lilii
705 2305 856 2371 Levi,
887 2318 941 2362 et
993 2324 1059 2363 ex
1109 2308 1281 2364 tribus
1336 2311 1642 2366 nominibus
1683 2313 1983 2383 principum

414 2395 608 2466 singuli
649 2398 851 2468 quique
893 2400 1113 2454 ordines
1156 2411 1513 2456 censerentur
1541 2402 1676 2472 (65),
1729 2404 1894 2456 etiam
1929 2403 1982 2455 in

414 2491 545 2556 ipsis
567 2491 907 2548 diversitates
935 2494 1180 2561 quaedam
1213 2511 1318 2548 non
1341 2496 1458 2549 sine
1495 2496 1777 2567 mysteriis
1809 2497 1983 2550 ascri-

413 2581 634 2637 buntur.
671 2582 804 2638 Nam
833 2585 1061 2640 ﬁliorum
1101 2584 1270 2640 Caath
1314 2587 1521 2655 primus
1551 2587 1689 2641 ordo
1719 2586 1984 2643 describi-

413 2681 524 2735 tur,
551 2684 606 2727 et
644 2676 839 2730 merito
881 2693 896 2731 :
933 2691 998 2730 ex
1028 2677 1144 2744 ipso
1182 2679 1327 2733 enim
1363 2679 1642 2735 descendit
1676 2679 1888 2752 Moyses
1931 2689 1985 2735 et

410 2767 613 2830 Aaron,
655 2767 850 2835 quibus
885 2768 1176 2824 sacerdotii
1219 2784 1429 2824 summa
1471 2771 1856 2825 committitur.
1902 2771 1978 2825 Ex

412 2860 528 2929 ipso
587 2859 733 2914 enim
784 2860 1023 2915 nascitur
1077 2860 1315 2916 Amram.
1377 2862 1456 2917 Ex
1511 2863 1735 2918 Amram
1801 2874 1980 2920 autem

410 2952 646 3024 Moyses.
692 2964 747 3008 et
777 2953 982 3009 Aaron.
1015 2953 1298 3010 Secundus
1348 2969 1478 3026 ergo
1533 2968 1618 3012 est
1647 2957 1978 3028 Gerson,qui

409 3048 617 3116 primus
643 3046 856 3116 quidem
891 3046 946 3100 in
979 3045 1278 3107 nativitate,
1331 3052 1426 3103 sed
1455 3056 1723 3103 secundus
1752 3048 1980 3103 habetur

410 3141 463 3193 in
489 3140 701 3194 ordine.
737 3137 828 3192 Sic
867 3138 1013 3192 enim
1049 3139 1328 3208 Scriptura
1361 3140 1493 3194 dicit
1522 3141 1565 3172 ¹⁰
1602 3156 1614 3192 :
1659 3158 1678 3192 ‹
1715 3139 1833 3193 Filii
1879 3156 1980 3192 au-

407 3242 514 3286 tem
545 3231 695 3296 Levi,
726 3230 959 3294 Gerson.
996 3231 1166 3285 Caatb
1217 3241 1272 3286 et
1298 3231 1515 3286 Merari.
1553 3251 1572 3284 ι
1615 3233 1720 3287 Sed
1753 3247 1819 3286 ex
1857 3230 1984 3287 ﬁliis

405 3323 575 3378 Caatb
605 3323 710 3375 duo
749 3337 936 3377 rursus
980 3322 1200 3377 ordines
1229 3321 1566 3390 diriguntur,
1620 3331 1676 3378 et
1701 3323 1736 3377 ii
1761 3323 1978 3392 quidem

404 3415 495 3484 qui
527 3428 593 3468 ex
618 3413 803 3468 Aaron
841 3412 1198 3476 descendunt,
1244 3412 1544 3466 sacerdotio
1576 3413 1976 3482 mancipantur,

406 3523 532 3579 pars
569 3523 700 3564 vero
741 3509 947 3579 reliqua
997 3508 1063 3562 ad
1116 3508 1528 3563 ministrandum
1602 3510 1978 3566 sacerdotibus

402 3603 706 3666 ordinatur,
753 3613 809 3658 et
845 3603 1050 3657 idcirco
1101 3602 1154 3655 in
1185 3610 1422 3670 quatuor
1448 3611 1628 3669 partes
1666 3600 1975 3656 Levitarum

402 3695 719 3750 dividuntur
747 3693 946 3761 oﬁicia,
976 3704 1036 3750 ut
1078 3696 1382 3750 sacerdotio
1410 3695 1628 3764 quidem
1682 3694 1979 3765 fungantur

400 3787 585 3841 Aaron
635 3796 690 3842 et
723 3785 820 3840 ﬁlii
855 3786 1010 3857 ejus,
1072 3787 1273 3841 Sancta
1309 3795 1488 3840 autem
1546 3795 1858 3842 sanctorum
1919 3798 1978 3842 ut

403 3885 620 3948 portent
662 3877 713 3930 in
765 3878 1008 3933 humeris
1045 3878 1156 3932 suis
1191 3878 1224 3930 ii
1255 3877 1347 3948 qui
1390 3877 1583 3948 reliqui
1618 3886 1744 3931 sunt
1786 3892 1851 3933 ex
1883 3893 1978 3946 po-

402 3970 530 4040 pulo
555 3968 725 4025 Caath
758 3967 890 4041 (66).
923 3969 1052 4036 Quae
1085 3984 1268 4025 autem
1301 3969 1368 4024 ad
1403 3969 1813 4026 tabernaculum
1856 3985 1975 4039 per-

401 4069 579 4120 tinent
627 4064 919 4120 testimonii
967 4066 1052 4120 vel
1097 4068 1162 4118 ad
1211 4067 1347 4120 atria
1385 4065 1524 4134 ejus,
1564 4074 1620 4120 et
1659 4066 1850 4136 pelles,
1892 4067 1974 4121 vel

399 4158 564 4213 etiam
593 4157 920 4221 velamenta,
953 4166 1007 4211 et
1045 4173 1381 4226 quaecunque
1422 4169 1550 4213 sunt
1588 4159 1770 4215 minus
1816 4162 1974 4225 dura,

399 4259 455 4306 et
486 4251 553 4306 ad
579 4265 716 4306 onus
747 4251 908 4314 levia,
933 4258 991 4303 ut
1021 4260 1311 4319 procurent
1340 4249 1434 4305 ﬁlii
1476 4251 1706 4307 Gerson.
1757 4252 1978 4308 Coimu-

2103 383 2460 439 deservierit.
2487 382 2554 436 Et
2581 381 2694 435 haec
2725 379 2972 442 audiens,
3005 377 3288 432 considera
3321 389 3397 428 ne
3427 375 3578 426 forte
3615 369 3704 422 isti

2101 487 2338 547 quatuor
2371 475 2591 530 ordines
2619 482 2924 527 castrorum
2973 469 3284 538 exemplum
3318 468 3442 523 sint
3482 472 3542 518 et
3584 480 3709 514 IIIII-

2101 573 2200 626 bra
2253 570 2464 624 illorum
2515 575 2751 635 quatuor
2800 564 3082 629 ordinum,
3131 576 3268 631 quos
3312 560 3381 614 ad
3437 556 3708 611 Hebraeos

2101 665 2346 720 scribens
2394 659 2600 716 Paulus
2647 655 2990 714 enumeravit
3042 656 3095 710 in
3146 653 3322 710 caelis.
3378 652 3452 706 Et
3511 663 3708 704 rursus

2099 754 2412 812 Israeliticis
2439 761 2672 823 quatuor
2698 751 2981 805 ordinibus
3011 756 3346 810 castrorum,
3382 752 3705 813 quaternos

2100 846 2273 914 adjice
2316 844 2663 906 Levitarum;
2698 854 2820 909 qua:
2868 854 2966 894 nos
2996 852 3102 892 non
3140 846 3246 890 tam
3287 835 3603 905 explanare
3646 841 3710 886 et

2100 939 2339 1009 aperire,
2388 951 2552 1006 quam
2593 933 2888 1003 contigisse
2918 929 3341 998 itaututnmodo,
3392 935 3455 980 et
3508 923 3706 992 purica

2100 1033 2251 1086 ribus
2286 1029 2539 1085 sensibus
2572 1026 2640 1098 (si
2697 1025 2786 1092 qui
2839 1034 3014 1078 tamen
3051 1033 3177 1077 sunt
3224 1020 3314 1091 qui
3359 1032 3543 1088 puros
3591 1016 3703 1070 huc

2099 1133 2152 1178 et
2186 1123 2384 1176 liberos
2413 1136 2442 1174 a
2477 1117 2830 1175 saecularibus
2879 1112 3304 1184 cogitationibus
3336 1108 3460 1179 (68)
3493 1119 3703 1161 sensus

2099 1215 2407 1284 detuteriut)
2451 1213 2743 1275 indicasse,
2771 1221 2827 1266 et
2875 1207 3066 1263 leviter
3097 1203 3499 1275 perstrinxisse
3537 1196 3701 1254 suﬁi-

2097 1309 2226 1363 ciat.
2258 1326 2277 1359 ι
2303 1307 2525 1375 Accipe,
2555 1305 2726 1374 inquit
2749 1304 2816 1368 “,
2847 1313 3136 1355 numerum
3175 1297 3410 1350 liliorum
3446 1290 3696 1347 Caatb.»

2096 1402 2240 1458 Ecce
2286 1401 2485 1455 iterum
2516 1398 2656 1452 alius
2712 1393 3078 1449 introducitur
3107 1389 3242 1446 ordo
3292 1400 3694 1442 numerorum.

2097 1493 2376 1548 Numerati
2410 1500 2537 1546 sunt
2568 1490 2681 1560 jam
2724 1488 2818 1542 ﬁlii
2859 1485 2987 1543 Levi
3022 1482 3090 1538 ab
3127 1497 3234 1535 uno
3266 1494 3464 1535 mense
3494 1488 3556 1532 et
3603 1491 3698 1529 su-

2096 1601 2192 1655 pra
2230 1584 2378 1655 (69),
2425 1597 2570 1638 nunc
2620 1589 2976 1636 numerantur
3029 1576 3121 1630 ﬁlii
3171 1573 3298 1628 Levi
3343 1587 3374 1625 a
3411 1569 3699 1624 vicesimo

2098 1681 2291 1746 quinto
2320 1691 2486 1736 anno,
2524 1673 2619 1730 sed
2656 1689 2760 1727 non
2795 1680 2853 1724 ut
2882 1671 2933 1725 in
2969 1668 3182 1724 cmteris
3217 1680 3409 1733 supra,
3462 1663 3566 1717 sed
3601 1675 3698 1713 us-

2097 1786 2206 1842 que
2243 1770 2309 1823 ad
2347 1765 2858 1837 quinquagesimum
2895 1776 3120 1823 annum,
3159 1770 3211 1812 et
3246 1756 3302 1809 ﬁt
3336 1757 3439 1809 iste
3489 1751 3703 1822 praeci-

2099 1879 2236 1930 pnus
2269 1876 2526 1917 numerus
2556 1868 2612 1914 et
2637 1856 2863 1910 electus.
2896 1853 3134 1906 Additur
3164 1850 3308 1904 enim
3344 1849 3410 1902 iis
3441 1865 3455 1900 :
3499 1866 3518 1897 α
3553 1845 3695 1900 Om-

2099 1952 2212 2016 nis,
2260 1948 2522 2018 iuquit“,
2570 1947 2659 2016 qui
2707 1943 2952 2014 procedit
3005 1942 3070 1995 ad
3129 1938 3562 1994 ministrandum
3617 1935 3689 1989 ad

2096 2060 2259 2114 opera
2305 2039 2640 2097 tabernaculi
2690 2035 3053 2092 testimonii.»
3094 2033 3185 2088 Isti
3243 2041 3370 2085 sunt
3420 2030 3521 2099 qui
3576 2044 3692 2081 nu-

2097 2143 2380 2190 Inerantur
2432 2132 2659 2186 meliore
2705 2128 2962 2196 quodam,
3008 2132 3061 2180 et
3106 2123 3380 2193 praecipuo
3409 2132 3684 2174 numero.

2097 2228 2250 2282 Sicut
2278 2226 2421 2280 enim
2455 2225 2506 2277 iu
2553 2223 2678 2276 ﬁliis
2717 2219 2886 2274 Israel
2918 2219 3202 2273 dicebatur
3233 2234 3246 2269 :
3282 2234 3299 2266 ι
3332 2212 3531 2268 Omnis
3579 2210 3675 2280 qui

2095 2318 2336 2389 procedit
2363 2318 2429 2371 ad
2470 2314 2719 2384 proelium
2763 2313 2815 2366 in
2850 2311 2972 2365 ﬁliis
3002 2310 3192 2374 Israel;
3219 2327 3236 2360 ι
3272 2310 3345 2362 ita
3379 2316 3435 2361 et
3474 2305 3568 2359 hic
3602 2302 3684 2357 di-

2093 2413 2268 2465 citur:
2297 2431 2317 2464 ί
2346 2408 2532 2466 Omnis
2564 2409 2656 2476 qui
2691 2404 2934 2476 procedit
2963 2405 3029 2457 ad
3071 2400 3454 2464 ministerium,
3499 2404 3560 2452 ut
3598 2397 3681 2448 fa-

2091 2506 2199 2560 ciat
2244 2518 2408 2574 opera
2447 2502 2500 2556 in
2537 2497 2892 2554 tabernacqu
2943 2494 3302 2550 testimonii.»
3357 2492 3494 2546 Post
3554 2491 3678 2543 haec

2090 2599 2289 2651 dicitur
2323 2610 2443 2664 quae
2475 2593 2586 2648 sint
2623 2605 2789 2661 opera
2825 2589 3054 2642 ﬁliorum
3096 2586 3268 2640 Caath
3302 2586 3352 2638 itt
3389 2582 3578 2637 medio
3611 2579 3677 2634 ﬁ-

2091 2690 2284 2744 liorum
2317 2687 2445 2742 Levi
2489 2687 2787 2740 secundum
2833 2685 3015 2754 plebes
3057 2698 3184 2736 suas
3224 2682 3277 2734 in
3309 2675 3674 2734 tabernaculo

2092 2780 2408 2838 testimonii.
2445 2799 2463 2833 ι
2493 2777 2764 2841 Introibit,
2796 2777 2971 2846 inquit
2995 2776 3059 2843 ¹¹⁶,
3090 2776 3273 2830 Aaron
3308 2782 3362 2827 et
3395 2769 3492 2824 ﬁlii
3523 2767 3673 2837 ejus,

2090 2889 2210 2927 cum
2242 2873 2448 2928 elevata
2479 2870 2682 2926 fuerint
2709 2878 2912 2931 castra,
2937 2877 2991 2924 et
3017 2868 3295 2936 deponent
3319 2863 3523 2927 velum,
3552 2873 3668 2930 quo

2092 2973 2350 3036 teguntur
2383 2972 2592 3025 sancta.
2634 2973 2691 3016 et
2737 2962 2987 3030 operient
3030 2975 3095 3014 ex
3131 2960 3247 3028 ipso
3302 2955 3424 3011 velo
3477 2968 3670 3008 arcam

2090 3057 2419 3111 testamenti.
2442 3075 2462 3108 ι
2495 3055 2561 3110 Ει
2590 3065 2712 3124 post
2750 3053 2867 3107 haec
2901 3062 3108 3120 septem
3159 3051 3408 3120 quaedam
3451 3047 3668 3116 species

2087 3156 2499 3211 enumerantur,
2530 3160 2651 3214 quae
2681 3143 3072 3214 praecipiuntur
3106 3139 3331 3210 operiri.
3383 3136 3569 3191 Primo
3609 3133 3665 3186 in

2087 3239 2238 3301 loco,
2276 3249 2334 3292 ut
2381 3238 2623 3293 omnium
2670 3235 2961 3306 pretiosior
3009 3234 3124 3301 ipsa
3166 3246 3294 3284 arca
3346 3223 3663 3282 testamenti

2085 3330 2366 3400 operiatur
2391 3329 2509 3384 velo
2535 3344 2641 3398 quo
2675 3329 2826 3399 prius
2858 3325 3158 3387 velabatur,
3190 3320 3284 3376 sed
3314 3329 3368 3374 ct
3400 3317 3540 3388 pelle
3565 3317 3666 3370 de-

2085 3437 2247 3493 super
2300 3421 2650 3484 hyaciulhina
2706 3431 2936 3491 tegatur.
2987 3417 3221 3471 Additur
3283 3414 3452 3469 etiam
3513 3410 3661 3465 aliud

2085 3517 2328 3571 velamen
2379 3515 2609 3584 desuper
2667 3511 3104 3584 hyacinthinum.
3150 3506 3400 3562 Secundo
3436 3505 3491 3558 iu
3535 3503 3662 3556 loco

2085 3619 2270 3659 mensa
2313 3605 2576 3673 operitur.
2628 3601 2815 3657 Tertio
2865 3599 3277 3656 candelabrum.
3320 3595 3526 3662 Quarto
3574 3592 3656 3645 al-

2087 3709 2202 3752 lare
2233 3712 2481 3751 aureum.
2519 3695 2722 3762 Quinto
2754 3709 2880 3748 vasa
2913 3689 3228 3746 ministerii.
3259 3688 3425 3743 Sexto
3472 3684 3656 3755 operi-

2085 3797 2326 3841 mentum
2367 3785 2555 3841 altaris
2588 3801 2708 3839 cum
2751 3783 3074 3853 quibusdam
3122 3779 3443 3835 velamentis
3487 3792 3656 3846 appo-

2085 3880 2249 3932 nitur.
2282 3877 2524 3947 Seplimo
2553 3877 2606 3930 in
2652 3877 2772 3930 loco
2802 3874 3044 3943 operitur
3071 3880 3125 3927 et
3173 3871 3404 3933 labrum,
3433 3878 3490 3923 et
3523 3865 3654 3920 nihil

2087 3969 2279 4022 borum
2310 3966 2552 4020 omnium
2581 3966 2781 4020 nudum
2818 3964 3166 4032 relinquitur,
3195 3969 3288 4014 aut
3322 3959 3651 4014 revelatum.

2085 4059 2326 4129 Denique
2351 4059 2570 4112 additur
2593 4059 2757 4112 etiam
2786 4066 3112 4127 praeceptum
3146 4051 3484 4120 hujusmodi:
3510 4069 3528 4101 ι
3555 4048 3655 4103 Nu-

2085 4153 2204 4219 lite,
2252 4154 2426 4222 inquit
2468 4152 2541 4217 ”,
2587 4150 2957 4206 exterminare
2989 4149 3055 4201 de
3101 4147 3244 4200 tribu
3297 4159 3392 4198 sua
3445 4141 3651 4211 plebem

2082 4245 2275 4298 Caatb.
2303 4262 2322 4294 ι
2363 4241 2480 4308 Quo
2529 4242 2741 4297 scilicet
2789 4237 3233 4296 exterminandos
3275 4251 3396 4290 esse
3438 4249 3500 4288 se
3544 4232 3650 4286 sci-

399 4358 499 4397 nas
546 4358 675 4398 vero
707 4340 1068 4404 tabernaculi,
1116 4349 1170 4394 et
1212 4341 1369 4396 bases
1407 4342 1544 4410 ejus,
1575 4354 1629 4398 ct
1656 4357 1807 4397 seras
1835 4342 1972 4411 (67),
2007 4370 2050 4424 D
2085 4346 2226 4400 rent,
2260 4335 2304 4391 si
2342 4334 2484 4390 forte
2512 4336 2577 4390 ad
2624 4335 2740 4389 hzrc
2776 4333 3040 4388 movenda
3074 4345 3267 4386 manus
3311 4342 3438 4384 suas
3473 4325 3654 4380 mitte-

400 4442 460 4486 nt
483 4441 699 4500 porleut
732 4431 826 4486 ﬁlii
859 4430 1074 4486 Merari.
1105 4429 1314 4486 Idcirco
1345 4442 1401 4486 et
1427 4432 1481 4486 in
1518 4433 1869 4488 recensendis
1892 4435 1974 4489 eis

400 4526 747 4595 designanter
777 4523 1062 4595 Scriptura
1119 4533 1542 4590 commemorat,
1591 4535 1648 4581 ut
1687 4541 1972 4581 recensea-

399 4627 487 4671 tur
518 4619 692 4672 virtus
733 4615 930 4673 Morari
966 4635 980 4672 :
1015 4617 1216 4671 virtute
1254 4617 1400 4673 enim
1441 4633 1577 4687 opus
1610 4627 1694 4674 est
1733 4619 1800 4674 ad
1842 4635 1972 4690 por-

401 4711 592 4764 tandas
626 4711 926 4779 hujusmodi
968 4711 1232 4768 sarcinas.

467 4801 522 4856 2.
554 4801 660 4856 Sed
679 4803 958 4856 redeamus
985 4803 1276 4871 aliquando
1298 4802 1363 4857 ad
1394 4801 1699 4870 apostolum
1723 4801 1970 4868 Paulum,

399 4890 488 4959 qui
519 4891 634 4946 haec
685 4893 862 4946 omnia
906 4893 1076 4948 libero
1107 4893 1216 4962 jam
1247 4901 1302 4946 et
1353 4892 1591 4946 revelato
1622 4893 1786 4963 283
1812 4895 1972 4948 oculo

403 4987 601 5040 mentis
652 4984 956 5054 aspiciens,
995 4995 1049 5039 et
1095 4984 1294 5039 veteris
1336 4983 1668 5038 Testamenti
1722 4984 1967 5040 velamen

401 5074 686 5143 abjieiens,
722 5076 796 5130 ait
821 5076 888 5143 “,
935 5079 1060 5146 quia
1097 5078 1247 5144 prior
1282 5075 1508 5148 populus
1549 5076 1602 5130 iu
1656 5075 1966 5145 hujusmodi

471 5209 516 5242 ¹⁹
544 5207 702 5265 Num.
733 5227 814 5274 Ill,
847 5213 935 5268 I7.
1012 5214 1052 5244 "
1091 5213 1252 5268 IIebr.
1295 5215 1424 5282 vm',
1451 5215 1506 5270 5.

497 5325 586 5410 es)
611 5327 790 5410 Codex
828 5331 1010 5410 Sancti
1039 5331 1382 5399 Theoderici,
1417 5355 1436 5387 ‹
1473 5336 1831 5407 principatum
1857 5335 1973 5390 sin-

405 5403 737 5471 guliquique
767 5403 984 5455 ordines
1013 5416 1491 5471 consequerentur.
1525 5427 1544 5460 ι

478 5468 589 5544 αξξ)
619 5468 765 5544 Ideni
789 5473 977 5544 codex,
1014 5491 1032 5522 ι
1067 5468 1313 5544 exemplo
1340 5475 1530 5533 Caatb.
1572 5496 1592 5529 ι

477 5537 590 5605 (67)
612 5537 786 5620 Codd.
825 5541 1166 5620 Ebroiceusis
1195 5537 1249 5598 et
1281 5546 1558 5620 Sagieusis
1581 5562 1701 5620 pro,
1734 5565 1751 5598 ί
1791 5556 1845 5604 et
1873 5561 1962 5602 se-

407 5619 520 5671 ras,
559 5627 577 5661 ι
612 5608 811 5675 legunt,
843 5629 860 5662 ε
896 5626 958 5668 ac
992 5617 1267 5672 scmissas.
1310 5633 1330 5668 ι

1585 5217 1628 5249 ι’
1668 5215 1824 5270 Num.
1870 5228 1942 5278 IV,
1975 5213 2029 5268 2.

2084 4441 2226 4494 rent,
2261 4431 2362 4484 nisi
2417 4429 2840 4498 unumquodque
2885 4441 3072 4482 eorum
3126 4423 3277 4496 prius
3319 4440 3348 4476 a
3397 4423 3653 4476 sacerdo-

2083 4522 2227 4576 tibus
2259 4520 2442 4574 fuisset
2475 4522 2770 4575 obtectum.

2152 4615 2208 4669 5.
2248 4614 2401 4668 Nunc
2445 4629 2575 4683 ergo
2612 4613 2900 4667 redeamus
2928 4611 2995 4664 ad
3045 4609 3187 4664 istud
3241 4604 3648 4663 tabernaculum

2084 4707 2340 4764 Ecclesiae
2387 4707 2479 4760 Dei
2522 4706 2779 4769 viventis,
2809 4714 2863 4760 et
2906 4704 3183 4758 videamus
3227 4701 3502 4771 quomodo
3537 4700 3652 4752 haec

2083 4799 2291 4869 singula
2327 4799 2607 4853 observari
2644 4808 2894 4865 oporteat
2922 4798 2975 4851 in
3007 4796 3247 4850 Ecclesia
3278 4794 3370 4848 Dei
3409 4811 3438 4846 a
3470 4807 3653 4846 sacer-

2081 4893 2302 4948 dotibus
2334 4891 2559 4946 Cbristi.
2597 4889 2654 4944 Si
2685 4892 2810 4961 quis
2843 4907 2971 4946 vero
3006 4892 3257 4946 sacerdos
3286 4899 3369 4943 est
3397 4887 3484 4944 cui
3521 4901 3649 4941 vasa

2081 5000 2262 5051 sacra,
2292 4985 2342 5037 id
2379 4993 2483 5047 est,
2518 4985 2901 5055 mysteriorum
2946 4985 3225 5054 sapientiae
3257 4990 3467 5037 secreta
3504 4994 3653 5035 com—

2080 5079 2242 5132 missa
2289 5085 2451 5142 sunt,
2495 5076 2668 5130 discat
2715 5089 2782 5130 ex
2817 5076 2909 5141 iis,
2957 5086 3010 5130 et
3049 5074 3331 5135 observet,
3375 5070 3653 5142 quomodo

2109 5215 2151 5247 ¹⁶
2189 5216 2344 5282 ibid.,
2375 5214 2431 5269 5.
2508 5211 2554 5244 ’⁸
2589 5212 2747 5266 Num.
2773 5226 2848 5278 tv,
2877 5211 2932 5266 5.
3010 5211 3056 5242 ³⁵
3091 5209 3252 5275 ibid.,
3282 5208 3369 5263 18.

2154 5336 2265 5407 (68)
2305 5333 2484 5391 Codex
2521 5335 2706 5390 Sancti
2752 5333 3093 5407 Theoderici,
3129 5350 3147 5383 σ
3180 5329 3594 5407 tentationibus.
3621 5347 3646 5385 ι

2081 5402 2255 5461 Paulo
2291 5419 2411 5474 post
2457 5421 2648 5462 omnes
2697 5420 2854 5465 mss.,
2897 5423 2915 5454 ι
2945 5405 3152 5472 accipe,
3199 5402 3406 5470 inquit,
3453 5416 3650 5454 imme-

2079 5493 2221 5532 rum.
2249 5497 2265 5527 ι
2303 5477 2462 5531 Libb.
2503 5477 2661 5540 editi,
2699 5494 2716 5525 ι
2747 5475 3008 5542 accipiat,
3057 5474 3259 5543 inquit,
3293 5485 3642 5524 muneran

2149 5548 2265 5616 (69)
2305 5548 2489 5602 Codex
2527 5546 2711 5601 Sancti
2753 5544 3100 5611 Theoderici,
3130 5564 3148 5596 ι
3181 5543 3246 5598 ab
3278 5557 3386 5597 uno
3420 5557 3566 5596 anno
3591 5550 3647 5597 et

2076 5633 2260 5686 Supra.
2287 5637 2305 5671 ›
