4074 6156
242 254 346 314 60!

1512 239 1580 298 IN
1616 236 1954 298 NUMEROS
1986 232 2271 290 HOMILIA
2304 231 2375 290 ν.

3431 222 3539 277 602

245 382 369 432 haec
407 383 672 446 oporteat
702 373 845 429 intra
872 371 1119 428 velamen
1168 366 1521 426 conscientiae
1549 364 1847 426 custodire,
1878 365 1927 423 Α
1953 373 2077 413 mur
2108 355 2244 428 (70).
2289 353 2439 410 Gens
2480 347 2630 406 enim
2666 354 2893 411 sancta,
2943 341 3539 446 regale‘sacerdotium

245 483 349 524 nec
397 467 576 522 lacile
602 465 850 536 proferre
893 465 960 519 ad
1003 462 1300 535 publicum.
1327 463 1436 515 Aut
1469 459 1513 515 si
1552 473 1638 514 res
1675 456 1851 527 poscit

243 557 542 630 proferre,
570 566 627 612 et
659 555 1038 620 inferioribus,
1066 554 1121 609 id
1151 562 1258 620 est,
1290 550 1718 623 imperitioribus
1746 558 1852 602 tra-

244 653 408 716 dere,
460 666 539 705 ne
570 652 713 704 nuda
744 648 1009 718 proferat,
1040 663 1108 704 ne
1147 655 1331 717 aperta
1373 644 1642 710 ostendat,
1675 650 1728 697 et
1757 657 1852 711 pe-

247 741 403 795 nitus
454 742 729 810 patentia,
775 740 1014 809 alioquin
1070 738 1424 795 homicidium
1462 737 1619 802 facit,
1645 746 1702 792 et
1746 751 1847 791 ex-

248 833 537 888 terminat
587 832 824 904 plebem.
874 831 1284 887 Exterminatur
1338 830 1483 885 enim
1532 831 1713 884 omnis
1756 829 1849 898 qui

244 932 476 979 secreta
510 933 567 979 et
608 920 905 978 ineﬁ‘abilia
957 930 1305 976 sacramenta
1345 919 1660 991 contigerit,
1708 934 1849 973 non-

244 1018 382 1073 dum
418 1018 646 1072 meritis
674 1026 729 1071 et
758 1015 996 1071 scientia
1029 1015 1082 1069 in
1122 1013 1412 1070 sacerdotii
1442 1013 1691 1068 ordinem
1726 1027 1848 1083 gra-

247 1112 510 1179 du‘mque
542 1109 860 1164 translatus.
890 1106 1036 1163 Solis
1063 1107 1212 1162 enim
1260 1105 1390 1161 ﬁliis
1427 1104 1635 1169 Aaron,
1666 1120 1851 1161 sacer.

245 1202 487 1258 dotibus
535 1201 767 1264 scilicet,
809 1201 979 1271 ipsam
1013 1213 1197 1254 arcam
1231 1197 1567 1260 testamenti,
1593 1206 1651 1253 et:
1694 1213 1852 1254 men-

244 1308 404 1360 sant,
458 1303 521 1349 et
563 1290 979 1357 candelabrum,
1025 1297 1080 1345 et
1123 1289 1169 1345 si
1206 1288 1336 1358 quid
1374 1297 1458 1343 est
1498 1301 1686 1343 eorum
1729 1303 1851 1356 qua:

244 1400 421 1455 supra
476 1384 1033 1454 comprehendimus,
1080 1380 1224 1436 nuda
1259 1395 1321 1436 ac
1370 1379 1611 1434 revelata
1661 1378 1851 1433 videre

246 1496 589 1537 concessum
612 1488 717 1536 est.
742 1479 849 1535 Alii
888 1488 1070 1533 autem
1102 1484 1289 1546 operta
1318 1476 1433 1531 lucc
1463 1474 1704 1539 videant,
1738 1476 1850 1530 imo

246 1576 447 1645 potius
479 1574 662 1630 velata
710 1573 827 1628 hac
857 1572 911 1627 in
946 1572 1190 1627 humeris
1231 1570 1345 1625 suis
1374 1578 1613 1639 portent.
1649 1569 1714 1624 Et
1754 1568 1847 1624 ﬁlii

248 1670 485 1737 quidem
526 1668 727 1735 Caath,
761 1669 1020 1739 quoniam
1063 1668 1163 1738 ipsi
1207 1661 1334 1722 licet
1373 1682 1479 1721 non
1510 1668 1624 1722 sint
1668 1680 1850 1721 sacer-

249 1763 434 1827 dotes,
468 1771 605 1817 sunt
648 1762 881 1832 proximi
929 1760 1331 1824 sacerdotibus,
1374 1759 1429 1814 in
1462 1759 1704 1815 humeris
1736 1759 1850 1814 suis

248 1864 493 1924 possunt
536 1854 642 1909 ista
694 1866 954 1925 portare;
1000 1853 1105 1908 alii
1135 1868 1266 1931 vero
1317 1852 1560 1908 sarcinas
1601 1866 1751 1915 suas,
1797 1862 1852 1906 et

251 1947 572 2003 ministeria
609 1962 711 2003 nec
742 1948 795 2002 in
826 1946 1089 2013 humeris,
1119 1948 1212 2001 sed
1243 1947 1300 2002 in
1336 1944 1596 2015 plaustris
1618 1956 1848 2014 ponunt.

256 2039 328 2095 Ut
366 2040 529 2096 enim
569 2042 968 2109 praevenientes
1032 2039 1324 2095 lectionem
1375 2039 1621 2095 dicamus
1669 2038 1849 2106 aliqua

253 2134 424 2188 etiam
456 2134 531 2188 de
560 2133 629 2189 iis
668 2148 793 2203 quae
823 2133 973 2188 locus
1020 2132 1325 2198 admonuit,
1359 2146 1482 2185 cum
1519 2129 1854 2186 oﬁ‘errentnr

257 2240 286 2278 a
323 2223 569 2294 singulis
634 2224 940 2293 quibusque
988 2221 1239 2277 tribubus
1291 2221 1564 2290 plaustra,
1618 2227 1852 2289 quatuor

256 2330 322 2369 ex
373 2314 445 2369 iis
493 2323 830 2385 acceperunt
880 2313 972 2367 lilii
1018 2312 1247 2377 Merari,
1279 2312 1385 2367 duo
1415 2321 1595 2368 autem
1640 2312 1848 2368 Gerson

262 2407 379 2462 lilii.
416 2408 504 2462 Illi
556 2422 688 2463 vero
734 2409 825 2477 qui
862 2408 1056 2462 horum
1107 2405 1359 2460 meliores
1405 2416 1560 2471 sunt,
1606 2407 1847 2476 plaustra

260 2516 366 2556 non
410 2500 720 2570 accipiunt.
759 2498 978 2554 Intuere
1031 2515 1164 2568 ergo
1212 2515 1357 2555 nunc
1401 2499 1707 2569 cujusmodi
1769 2499 1849 2552 di-

256 2594 398 2648 visio
439 2590 688 2648 ellicitur
717 2591 771 2647 in
806 2590 997 2646 oﬁiciis
1041 2591 1335 2647 ministerii
1382 2591 1575 2656 divini,
1618 2599 1675 2647 et
1709 2605 1845 2660 quo~

262 2684 425 2740 modo
473 2685 573 2739 illa
619 2684 840 2755 quidem
890 2699 1013 2754 quae
1063 2693 1252 2740 sancta
1310 2693 1469 2751 sunt,
1513 2699 1619 2738 non
1671 2684 1847 2754 impo—

264 2787 473 2832 nuntur
522 2777 785 2847 portanda
839 2776 1168 2831 animalibus
1221 2779 1417 2840 mutis,
1462 2778 1556 2832 sed
1607 2777 1850 2831 rationa-

263 2871 397 2925 biles
426 2883 560 2926 esse
588 2870 787 2925 debent
814 2869 1089 2935 homines,
1118 2880 1172 2925 et
1202 2869 1257 2924 in
1298 2870 1541 2925 humeris
1570 2869 1685 2924 suis
1725 2883 1850 2939 por-

264 2974 380 3021 tare
411 2978 577 3028 vasa,
611 2963 807 3033 quibus
837 2963 1231 3018 ministrantur
1268 2961 1470 3017 Sancta
1505 2970 1843 3017 sanctorum.

263 3056 335 3111 Ea
379 3073 525 3115 vero
563 3073 683 3127 qua:
716 3058 964 3127 graviora
1016 3064 1145 3111 sunt
1188 3065 1242 3110 et
1294 3056 1531 3123 duriora,
1582 3069 1686 3109 non
1737 3064 1847 3107 tam
1876 3072 1917 3130 α

263 3149 691 3205 rationabilibus
752 3163 915 3218 quam
967 3149 1132 3203 mutis
1182 3147 1450 3217 portanda
1519 3144 1850 3200 animalibus

266 3244 649 3312 imponuntur.
692 3240 798 3297 Sed
830 3250 883 3296 et
919 3241 971 3294 in
1003 3240 1138 3311 ipsis
1165 3249 1250 3294 est
1287 3240 1470 3308 aliqua
1520 3236 1847 3293 diﬁ‘erenlia.

267 3335 398 3391 Nam
438 3336 523 3391 illi
564 3335 657 3404 qui
704 3335 954 3406 graviora
990 3342 1041 3389 et
1092 3333 1316 3389 duriora
1352 3333 1647 3387 observant
1685 3330 1846 3384 mini-

266 3429 458 3493 steria,
494 3428 649 3498 plura
692 3428 895 3483 habent
930 3425 1214 3482 animalia.
1242 3427 1487 3492 Quatuor
1517 3423 1662 3477 enim
1698 3424 1850 3491 plau-

267 3533 378 3574 stra
414 3519 621 3576 dantur
649 3519 778 3575 ﬁliis
815 3519 1032 3575 Merari.
1072 3517 1226 3572 Filiis
1254 3526 1434 3571 autem
1466 3515 1678 3570 Gersou
1720 3515 1848 3584 quia

265 3623 425 3669 erant
460 3628 632 3685 prepe
668 3613 808 3668 ﬁlios
837 3611 1013 3669 Caatb
1065 3611 1174 3666 duo
1221 3620 1427 3664 tantum
1461 3608 1700 3678 plaustra
1741 3604 1853 3660 suf-

272 3705 484 3772 ﬁciunt,
514 3723 581 3762 ex
609 3706 804 3776 quibus
836 3703 1143 3763 OSteuditur
1172 3702 1315 3772 quod
1349 3699 1607 3770 operibus
1628 3697 1846 3766 quidem

268 3799 608 3862 durioribus,
637 3806 718 3865 et,
753 3808 811 3851 ut
855 3798 927 3851 ita
982 3795 1193 3860 dicam,
1240 3791 1628 3858 crassioribus,
1667 3792 1848 3861 plures

268 3905 428 3960 sunt,
472 3890 567 3960 qui
600 3890 750 3944 velut
801 3888 1059 3942 animalia
1110 3887 1410 3941 inserviunt
1447 3901 1463 3938 :
1511 3885 1578 3939 ad
1619 3899 1681 3939 ea
1717 3899 1849 3938 vero

268 3998 388 4054 quae
438 3982 856 4038 rationabilibus
891 3987 1277 4050 procurantur,
1321 3976 1483 4049 pauci
1534 3991 1599 4031 ex
1645 3975 1713 4031 iis
1755 3976 1849 4047 qui

268 4076 321 4130 in
354 4076 441 4131 his
468 4074 720 4130 instructi
746 4083 838 4127 aut
860 4071 1060 4128 eruditi
1091 4071 1364 4135 videntur,
1392 4067 1680 4127 accedunt.
1710 4065 1846 4122 Nam

269 4169 335 4223 ad
372 4170 466 4224 illa
503 4182 627 4238 quae
670 4166 898 4238 mystica
929 4175 1076 4232 sunt,
1106 4173 1155 4219 et
1194 4163 1248 4217 in
1284 4161 1511 4218 secretis
1542 4161 1847 4228 recondita,

270 4269 321 4317 et
354 4261 492 4317 solis
530 4260 904 4316 sacerdotibus
931 4266 1145 4329 patent,
1174 4271 1280 4312 non
1314 4255 1486 4310 solum
1524 4253 1702 4309 nullus
1732 4254 1851 4309 ani-

274 4354 430 4410 malis
462 4355 626 4410 homo
669 4352 919 4416 accedit,
967 4349 1059 4406 sed
1094 4364 1162 4404 ne
1198 4349 1304 4419 ipsi
1349 4347 1566 4417 quidem
1607 4347 1700 4417 qui
1748 4347 1846 4402 ha-

272 4444 401 4502 bere
446 4444 651 4516 aliquid
681 4443 930 4500 exercitii
974 4451 1030 4497 et
1059 4439 1380 4496 eruditionis
1407 4437 1679 4505 videntur,
1711 4453 1848 4494 non-
1881 4420 1924 4475 Ῑ)

271 4541 397 4593 dum
444 4546 629 4594 tamen
680 4537 891 4593 meritis
919 4543 974 4590 et
1001 4533 1114 4588 vita
1152 4532 1220 4587 ad
1273 4532 1664 4588 sacerdotalem
1715 4548 1844 4604 gra-

274 4635 404 4689 tiam
445 4634 903 4690 couscenderunt.
946 4631 1064 4687 Non
1114 4628 1288 4686 solum
1344 4645 1442 4701 per
1472 4629 1750 4701 speculum
1783 4642 1847 4683 ea

273 4735 327 4782 et
358 4732 414 4783 In
447 4727 735 4797 aanigmate
763 4727 966 4790 vident,
995 4726 1091 4782 sed
1117 4738 1171 4781 et
1208 4734 1394 4796 operta
1427 4732 1482 4779 et
1514 4721 1691 4777 velata
1731 4735 1850 4776 sus-

275 4820 508 4891 cipiunt,
544 4828 598 4873 et
629 4819 682 4873 in
713 4819 959 4873 humeris
996 4828 1236 4889 portant,
1282 4831 1390 4888 quo
1421 4815 1634 4872 scilicet
1680 4812 1851 4884 magis

272 4928 332 4968 ea
361 4923 489 4969 actu
521 4927 771 4983 operum,
802 4926 964 4981 quam
1005 4911 1246 4967 scicntia:
1281 4910 1617 4966 revelatione
1647 4922 1851 4978 cogno-

274 5016 452 5064 scant.
475 5006 609 5074 Quia
644 5007 808 5075 igitur
839 5004 1142 5072 huiusmodi
1183 5005 1511 5074 dispensatio
1544 5012 1627 5058 est
1649 5010 1851 5073 myste-

275 5101 485 5155 riorum
523 5099 615 5153 Dei
648 5108 703 5153 et
730 5100 1017 5154 ministerii
1051 5100 1195 5167 quod
1241 5097 1472 5151 habetur
1517 5096 1569 5149 in
1622 5093 1846 5159 sanctis,

278 5194 413 5250 tales
466 5208 566 5247 nos
605 5193 867 5247 exhibere
908 5192 1199 5255 debemus,
1246 5201 1301 5243 ut
1348 5189 1496 5257 digni
1553 5185 1849 5241 eﬂiciamur

278 5281 443 5355 Μ
491 5283 682 5337 ordine
732 5281 1048 5345 sacerdotii,
1090 5295 1158 5335 ne
1192 5279 1338 5335 velut
1382 5275 1850 5333 irrationabilibus

280 5377 435 5432 nobis
467 5388 636 5430 onera
679 5374 865 5444 gravia
908 5373 1278 5442 imponantur,
1315 5370 1411 5427 sed
1463 5379 1720 5439 tanquam
1756 5383 1846 5421 ra-

279 5466 571 5523 tionabiles
607 5474 663 5521 ει
691 5465 866 5521 sancti
919 5463 1349 5520 sacerdotalibus
1394 5461 1586 5519 oﬁiciis
1616 5463 1845 5532 depute-

346 5582 395 5616 ¹⁶
430 5581 452 5637 ι
486 5581 602 5637 Pet.
632 5599 703 5648 ιι,
736 5582 790 5639 9.
870 5582 911 5614 "
931 5579 1089 5638 Num.
1119 5597 1193 5649 tv,
1230 5582 1313 5639 l8.

1953 465 2141 506 sumus
2184 458 2243 503 et
2285 445 2515 517 populus
2556 444 2611 499 in
2659 437 3084 509 acquisitionem
3111 434 3183 500 “,
3225 442 3437 489 tantum
3480 441 3541 487 ut

1952 550 2234 610 acceptam
2288 539 2518 608 gratiam
2557 536 2686 589 vitae
2716 529 2928 586 meritis
2968 535 3356 596 exsequentes,
3386 525 3537 595 digni

1950 636 2257 691 babeamur
2283 642 2479 685 sancto
2504 624 2855 682 ministerio:
2889 628 2948 675 ut
2975 632 3099 674 cum
3127 617 3540 673 discesserimus

1958 728 2028 784 de
2064 729 2167 782 hac
2195 726 2674 789 vita,vmereamur
2705 715 2941 780 assumi,
2984 722 3044 766 ut
3075 724 3237 780 supra
3279 708 3544 773 diximus,

1954 820 2103 875 inter
2139 816 2455 872 sacerdotes
2506 811 2625 876 Dei,
2667 819 2722 865 et
2764 805 3146 862 ministrantes
3183 813 3326 854 arca
3373 808 3543 852 testa»

1952 910 2147 975 menti,
2192 910 2244 964 in
2277 907 2494 962 arcanis
2529 903 2742 960 scilicet
2782 905 2841 952 et
2880 893 3182 952 reconditis
3227 890 3537 963 mysteriis,

1940 1003 2193 1059 .revelata
2240 998 2379 1054 l'acie
2423 996 2653 1068 gloriam
2699 989 2910 1047 Domini
2962 985 3332 1054 speculemur,
3366 992 3421 1037 et
3453 984 3541 1039 in-

1950 1095 2264 1165 grediamur
2287 1102 2488 1147 terram
2510 1097 2784 1147 sanctam.
2803 1084 2959 1154 cujus
2991 1081 3362 1137 hereditatem
3380 1078 3545 1133 nobis

1949 1185 2239 1257 praestabit
2275 1181 2538 1236 Dominus
2584 1184 2775 1232 noster
2819 1172 2980 1228 Iesus
3024 1171 3302 1233 Christus,
3334 1168 3422 1222 cui
3452 1175 3540 1222 est

1950 1279 2118 1351 gloria
2148 1287 2204 1333 et
2234 1274 2522 1346 imperium
2552 1273 2606 1325 in
2641 1267 2840 1324 srecula
2872 1264 3214 1321 saeculorum.
3234 1263 3428 1317 Amen.

2554 1357 2843 1417 HOMILIA
2885 1354 2950 1412 ν.

1952 1462 2029 1518 De
2059 1477 2120 1517 eo
2166 1459 2307 1531 quod
2343 1457 2596 1531 scriptum
2638 1465 2714 1531 est
2749 1467 2774 1531 ς
2810 1467 2829 1502 ι
2880 1446 3062 1531 yolite
3099 1446 3451 1502 exterminare
3475 1444 3543 1498 de

2372 1517 2512 1582 tribu
2532 1540 2632 1579 sua
2658 1522 2854 1591 plebem
2874 1517 3065 1573 Caalh.
3094 1539 3114 1569 ι

2024 1626 2074 1680 I.
2117 1623 2397 1692 Responsa
2427 1617 2563 1668 dans
2600 1609 2858 1666 Dominus
2893 1610 2959 1660 ad
2993 1604 3215 1676 Moysen
3241 1613 3296 1657 et
3325 1603 3536 1668 Aaron,

1884 1716 1928 1772 Β
1954 1716 2085 1771 dicit
2111 1714 2154 1745 ”
2184 1727 2200 1766 :
2230 1690 2263 1764 -ι
2295 1707 2471 1763 Nolite
2510 1698 2883 1759 exterminare
2907 1696 2978 1752 de
3008 1694 3151 1750 tribu
3187 1708 3286 1750 sua
3327 1690 3538 1760 plebem

1954 1807 2126 1865 Caath
2155 1805 2223 1860 de
2253 1800 2432 1856 medio
2468 1797 2698 1852 ﬁliorum
2749 1791 2914 1858 Levi,
2965 1789 3061 1845 sed
3105 1788 3208 1843 hoc
3240 1784 3403 1849 facile
3434 1783 3541 1849 eis,

1954 1912 2006 1956 et
2039 1900 2228 1954 vivent
2253 1905 2305 1950 et
2341 1909 2450 1950 non
2478 1889 2785 1945 morientur
2804 1900 2927 1941 cum
2955 1882 3217 1938 accedent
3238 1880 3306 1934 ad
3335 1877 3537 1933 Sancta

1954 2000 2352 2053 sanctorum,»
2407 1995 2463 2042 ει
2509 1982 2743 2051 reliqua.
2793 1976 2984 2032 Primo
3034 1971 3404 2042 intelligamus
3448 1983 3537 2031 ea,

1952 2098 2074 2154 quae
2121 2079 2417 2136 secundum
2468 2076 2712 2130 litteram
2781 2058 3119 2130 referuntur,
3169 2075 3225 2121 et
3265 2064 3340 2118 ita
3392 2078 3527 2131 pra:-

1952 2152 2131 2231 stante
2164 2170 2391 2226 Domino
2422 2167 2490 2221 ab
2516 2165 2795 2221 intellectu
2835 2160 3036 2214 litterae
3084 2157 3439 2212 ascendemus
3466 2152 3534 2206 ad

1953 2259 2369 2332 intelligentiam
2396 2256 2723 2326 spiritalem.
2752 2252 2993 2319 Intellige
3020 2263 3153 2320 ergo
3181 2248 3330 2317 prius
3361 2247 3532 2313 ipsam

1951 2354 2367 2413 collocationem
2420 2344 2758 2405 tabernaculi
2818 2341 3159 2406 testimonii,
3202 2338 3438 2408 intelligo
3478 2344 3536 2390 et

1952 2451 2151 2506 Sancta
2198 2456 2548 2507 sanctorum,
2592 2454 2714 2511 quae
2763 2437 3049 2507 interiecto
3085 2448 3116 2488 a
3151 2431 3354 2488 sanctis
3389 2428 3536 2483 vela-

1951 2544 2099 2599 mine
2133 2541 2487 2597 dirimuntur,
2511 2549 2633 2603 qua:
2672 2530 2866 2599 inspici
2901 2542 3007 2583 non
3047 2526 3173 2583 licet
3203 2524 3273 2578 ab
3302 2520 3412 2577 ullo
3437 2520 3536 2575 ho-

1951 2634 2180 2700 minum,
2209 2630 2312 2686 nisi
2336 2645 2365 2683 a
2392 2622 2772 2683 sacerdotibus
2793 2619 2942 2675 solis.
2974 2617 3104 2673 Post
3132 2616 3247 2670 iure
3274 2611 3533 2679 intellige,

1949 2724 2222 2797 quomodo
2253 2722 2343 2777 ubi
2381 2729 2602 2774 ventum
2644 2714 2809 2772 fuerit
2834 2721 2895 2768 ut
2922 2720 3103 2767 castra
3147 2714 3400 2762 moveant
3435 2703 3535 2757 ﬁlii

1953 2791 2142 2882 Israel,
2168 2815 2403 2871 solvitur
2433 2805 2867 2868 tabernaculum,
2892 2811 2947 2858 et
2979 2802 3160 2856 Aaron
3194 2812 3259 2852 ac
3290 2795 3380 2848 ﬁlii
3416 2791 3537 2861 ejus

1950 2906 2263 2964 sacerdotes
2288 2904 2430 2958 intra
2463 2900 2665 2954 Sancta
2694 2903 3007 2952 sanctormn
3035 2890 3292 2959 operiunt
3321 2882 3534 2953 singula

1949 3012 2179 3068 quaeque
2204 2991 2561 3064 operimentis
2587 3003 2651 3043 ac
2682 2980 3042 3040 velamiuibus
3073 2980 3208 3040 suis,
3235 2986 3292 3030 et
3317 2976 3535 3029 obtecta

1951 3067 2015 3142 ea
2052 3086 2425 3154 relinquentes
2470 3083 2524 3136 in
2569 3078 2759 3133 eodem
2804 3088 2912 3144 quo
2946 3071 3164 3145 fuerant
3196 3067 3335 3131 loco,
3366 3067 3538 3129 intro-

1952 3181 2156 3236 ducunt
2186 3175 2325 3231 ﬁlios
2361 3170 2555 3236 Caath,
2589 3168 2683 3237 qui
2718 3168 2785 3221 ad
2828 3165 2967 3219 istud
3010 3159 3248 3216 cilicium
3292 3155 3536 3225 deputati

1951 3276 2110 3333 sunt,
2136 3274 2191 3322 et
2217 3265 2426 3320 faciunt
2455 3275 2551 3316 eos
2573 3260 2789 3312 elevare
2812 3252 3057 3309 humeris
3095 3250 3210 3305 suis
3235 3247 3416 3303 omnia
3447 3245 3535 3299 illa

1952 3377 2072 3427 quze
2102 3373 2298 3414 manus
2326 3352 2684 3411 sacerdotalis
2725 3349 3032 3404 obtexerat.
3075 3345 3142 3400 Et
3183 3350 3405 3413 propter
3434 3338 3539 3394 hoc

1951 3453 2149 3508 dicitur
2174 3468 2205 3506 a
2239 3448 2507 3505 Domino:
2550 3462 2569 3498 ι
2595 3442 2674 3500 Ne
2714 3436 3094 3497 exterminetis
3137 3436 3206 3492 de
3254 3433 3396 3488 tribu
3434 3444 3533 3485 sua

1951 3543 2166 3614 plebem
2195 3539 2396 3606 Caath;
2422 3556 2443 3592 ο
2480 3534 2637 3607 quasi
2683 3533 2735 3586 iu
2766 3545 2832 3587 eo
2875 3525 3270 3583 exterminandi
3318 3529 3534 3586 essent,

1952 3634 1996 3690 si
2034 3633 2232 3687 Sancta
2261 3639 2575 3685 sanctorum
2605 3624 2749 3680 nuda
2791 3633 2848 3679 et
2879 3620 3121 3692 patentia
3155 3617 3537 3686 contigissent,

1951 3740 2073 3794 quas
2126 3738 2233 3778 nou
2284 3721 2461 3777 solum
2511 3734 2618 3774 non
2667 3714 3021 3782 contingere,
3069 3712 3163 3766 sed
3214 3722 3280 3762 ne
3336 3704 3537 3760 intueri

1951 3818 2167 3885 quidem
2217 3816 2300 3869 ras
2348 3820 2468 3868 erat
2518 3826 2624 3864 non
2672 3807 2870 3864 velata.
2922 3805 2981 3860 Si
3036 3801 3348 3857 intellexisti
3404 3795 3557 3865 quid

1952 3905 2190 3960 historia:
2236 3904 2370 3958 ordo
2412 3899 2723 3965 contineat,
2766 3895 3002 3952 ascende
3047 3906 3192 3946 nunc
3235 3889 3301 3945 ad
3343 3890 3533 3975 splen-

1952 3997 2136 4051 dorem
2167 3994 2407 4066 mystcrii
2436 4010 2450 4047 :
2481 4000 2536 4047 et
2564 3990 2699 4061 legis
2740 3985 3004 4059 spiritalis
3036 3984 3238 4045 lumen,
3274 3980 3321 4037 si
3368 3992 3540 4051 purus

1952 4088 2049 4142 tibi
2083 4097 2168 4142 est
2198 4084 2393 4141 mentis
2425 4082 2638 4145 oculus,
2662 4090 2943 4137 eoutuere.
2977 4075 3033 4130 Si
3073 4075 3197 4145 quis
3235 4073 3430 4142 dignus
3467 4084 3535 4123 ex

1951 4181 2016 4236 iis
2039 4180 2133 4250 qui
2175 4180 2282 4233 Deo
2321 4176 2658 4238 ministrant,
2686 4172 2867 4226 divina
2900 4183 3099 4239 capere
3125 4175 3179 4221 et
3214 4165 3394 4220 videre
3419 4175 3533 4233 myv

1950 4272 2148 4337 steria,
2197 4272 2264 4325 ad
2307 4285 2430 4340 qua:
2486 4267 2796 4324 contuenda
2844 4265 3024 4322 caeteri
3080 4262 3259 4316 minus
3305 4270 3543 4327 capaces

1952 4374 2109 4431 sunt,
2135 4363 2226 4418 hic
2258 4362 2463 4428 Aaron,
2492 4360 2578 4414 vel
2617 4359 2760 4414 ﬁlius
2802 4358 2981 4413 Aaron
3027 4367 3146 4410 esse
3192 4350 3545 4423 intelligitur,

1955 4459 2047 4531 qui
2094 4455 2302 4528 ingredi
2343 4462 2525 4525 potest
2562 4453 2631 4509 ad
2676 4468 2739 4508 ea
2773 4467 2892 4522 quae
2937 4449 3090 4504 adire
3138 4445 3261 4501 aliis
3300 4443 3381 4498 fas
3426 4458 3541 4498 non

1954 4561 2058 4609 est.
2086 4551 2144 4607 Si
2177 4549 2300 4619 quis
2330 4561 2458 4619 ergo
2502 4547 2627 4602 talis
2662 4555 2770 4612 est,
2809 4545 2938 4600 huic
2975 4542 3075 4598 soli
3118 4538 3352 4596 revelata
3386 4544 3539 4606 patet

1956 4658 2084 4699 arca
2141 4641 2482 4708 testamenti,
2530 4638 2619 4693 hic
2667 4638 2811 4693 videt
2872 4649 3066 4691 urnam
3124 4634 3270 4686 intra
3316 4643 3378 4685 se
3432 4629 3533 4682 has

1959 4733 2174 4789 bentem
2229 4747 2449 4798 manna,
2486 4729 2575 4786 hic
2612 4729 2924 4786 considerat
2949 4735 3004 4781 et
3056 4722 3313 4793 intelligit
3352 4719 3528 4791 propi-

1959 4824 2259 4880 tiatorium.
2305 4823 2406 4878 llic
2451 4824 2700 4877 intuetur
2764 4829 2822 4876 et
2888 4817 3171 4875 cherubim
3219 4825 3541 4883 utrumque,

1957 4925 2013 4971 et
2057 4930 2297 4969 mensam
2344 4923 2621 4979 sanctam,
2668 4923 2724 4967 et
2771 4909 3158 4967 candelabrum
3208 4905 3449 4972 luminis,
3479 4913 3531 4959 et

1957 5007 2131 5062 altare
2180 5007 2413 5062 incensi.
2461 5007 2568 5061 Iste
2644 5006 2759 5059 haec
2816 5001 3128 5058 considerat
3180 5009 3237 5055 ct
3281 4996 3540 5067 intelligit

1956 5099 2300 5170 spiritaliter,
2328 5098 2383 5153 id
2410 5107 2495 5154 est
2533 5097 2626 5169 qui
2655 5097 2821 5152 verbo
2860 5095 2954 5150 Dei
2991 5102 3049 5149 et
3087 5091 3369 5161 sapientiae
3416 5103 3531 5160 my-

1957 5192 2140 5247 steriis
2179 5206 2400 5260 Operam
2448 5192 2570 5255 dat,
2608 5199 2662 5244 et
2693 5188 2804 5244 Deo
2845 5188 2945 5243 soli
2998 5186 3050 5240 in
3094 5185 3298 5240 sanctis
3349 5189 3531 5235 vacat.

1956 5283 2107 5340 Sciat
2148 5300 2280 5339 sane
2325 5285 2409 5339 cui
2453 5285 2568 5338 haec
2611 5281 2944 5346 revelantur,
2990 5287 3045 5333 et
3088 5275 3406 5347 spiritaliter
3449 5271 3529 5325 iu-

1953 5376 2225 5445 spicieuda
2254 5376 2574 5441 creduntur,
2592 5389 2696 5429 non
2719 5372 2820 5429 sibi
2854 5382 3027 5426 tutum
3055 5385 3179 5425 esse
3203 5367 3417 5438 aperire
3441 5378 3543 5429 ea,

1953 5476 2010 5521 et
2058 5465 2292 5536 pandere
2347 5465 2545 5536 quibus
2596 5476 2702 5516 non
2750 5460 2878 5515 licet
2917 5457 3116 5527 pandi,
3161 5453 3255 5508 sed
3316 5447 3532 5520 operire

348 5730 467 5804 (70)
500 5731 685 5788 Codex
731 5727 922 5790 Sancti
967 5728 1319 5800 Theoderici,
1373 5746 1394 5784 ι
1424 5728 1612 5788 ordine
1649 5726 1941 5787 sacerdotii
1969 5727 2164 5795 sancti,
2190 5742 2256 5783 ne
2289 5723 2371 5780 vel
2395 5717 2869 5778 irrationabilibus
2897 5717 3233 5788 deputentur.
3258 5725 3296 5760 s-
