4074 6156
524 208 630 263 (ὶθὸ

1999 206 2322 266 οῐιιςΕΝιδ

3698 200 3827 259 604

523 333 686 389 debet
711 333 947 406 singula,
990 342 1047 388 et
1087 341 1278 404 operta
1323 333 1539 390 ceteris
1587 332 1769 388 minus
1810 312 2104 403 capacibus
2131 337 2180 391 Α
2208 331 2323 388 lucc
2352 341 2409 387 et
2455 332 2771 403 operienda,
2817 330 2909 387 ubi
2955 329 3169 386 exs-teris
3216 327 3335 386 dari
3377 334 3522 383 eaet
3553 326 3609 381 in
3652 338 3828 397 opus

529 424 749 479 tradere
776 422 1039 491 portanda
1086 426 1139 478 in
1183 424 1451 489 humeris,
1489 432 1546 477 et
1587 424 1892 479 cervicibus
1937 423 2112 493 impo-

526 518 727 573 nenda.
762 515 900 572 Cum
944 516 1089 572 enim
1136 532 1204 572 ex
1250 515 1434 571 verbis
1479 515 1725 586 mysticis
1770 515 2008 582 eruditi,
2054 524 2111 569 et

525 609 747 679 perfecti
774 623 987 677 quoque
1011 609 1265 663 doctores
1291 623 1453 678 opera
1484 606 1696 676 populis
1722 605 2031 677 iniungunt,
2057 616 2112 660 et

524 701 678 771 plebs
711 701 825 771 agit
871 700 1089 769 quidem
1116 710 1173 754 et
1215 700 1401 769 implet
1433 714 1553 769 quae
1604 699 1952 764 mandantur,
2002 714 2110 754 non

526 804 707 849 tamen
732 808 921 848 eorum
947 809 1067 864 qua:
1089 804 1354 864 geruntur
1378 792 1629 861 intelligit
1650 791 1915 847 rationem
1941 810 1954 845 :
1980 793 2109 859 quid

522 884 672 939 aliud
702 885 933 956 geritur,
959 886 1065 940 nisi
1087 893 1274 955 operta
1293 892 1349 938 et
1374 884 1547 939 velata
1572 885 1768 938 Sancta
1796 890 2108 938 sanctorum

524 994 688 1048 super
718 980 976 1033 humeros
1003 977 1326 1047 portantur?
1372 977 1441 1031 Et
1462 985 1521 1032 ut
1546 977 1726 1031 adhuc
1765 974 2109 1031 manifeStius

518 1088 643 1144 quae
678 1071 933 1126 dicuntur
961 1071 1235 1138 advertas,
1270 1069 1532 1140 exemplis
1565 1079 1617 1124 te
1641 1084 1707 1124 ex
1741 1068 1940 1124 divinis
1962 1068 2109 1124 volu-

523 1163 762 1217 minibus
806 1161 1065 1216 adhibitis
1134 1160 1572 1215 informabimus.
1631 1158 1847 1231 Moyses
1908 1160 2108 1214 intelli-

524 1258 688 1324 gebat
716 1255 838 1309 sine
876 1252 1043 1307 dubio
1067 1268 1187 1322 quae
1209 1262 1356 1308 esset
1386 1266 1512 1305 vera
1547 1252 1916 1317 circumcisio,
1947 1253 2103 1307 intelo

521 1348 722 1417 ligebat
744 1348 887 1419 quod
916 1357 1062 1405 esset
1088 1362 1274 1404 verum
1296 1347 1525 1415 Pascha,
1552 1345 1757 1402 sciebat
1780 1361 1900 1416 qua:
1923 1357 2111 1403 essent

522 1455 663 1495 vera:
700 1439 1034 1505 Ncomeniac,
1060 1448 1116 1495 et
1151 1454 1270 1510 quae
1296 1451 1424 1493 vera
1453 1437 1689 1494 Sabbata
1718 1457 1732 1494 :
1760 1448 1959 1494 etcum
1992 1439 2110 1496 haec

521 1531 702 1584 omnia
737 1531 1091 1586 intellexisset
1135 1532 1190 1585 in
1229 1529 1447 1599 spiritu,
1485 1529 1669 1585 verbis
1696 1538 1877 1585 tamen
1918 1546 1982 1585 ea
2014 1545 2111 1600 per

520 1637 702 1675 rerum
745 1620 1108 1690 corporalium
1148 1621 1354 1691 species
1411 1619 1967 1693 adumbratiouesque
2009 1637 2106 1678 ve-

522 1713 726 1768 labat:
776 1724 832 1769 et
883 1729 1005 1768 cum
1066 1712 1231 1767 sciret
1288 1725 1478 1765 verum
1543 1711 1750 1791 Pascha
1811 1712 2102 1768 immolan-

521 1809 648 1860 dum
690 1819 811 1861 esse
852 1805 1170 1870 Chrisunn,
1218 1818 1372 1858 ovem
1425 1803 1767 1873 corporalem
1822 1804 2104 1860 immolare

523 1898 741 1952 mandat
798 1898 851 1951 in
906 1897 1140 1955 Pascha.
1189 1897 1432 1965 Cumque
1494 1895 1664 1950 sciret
1713 1896 1856 1950 diem
1906 1896 2102 1951 festqu

522 1989 609 2059 agi
674 1989 871 2043 debere
930 1987 984 2042 in
1051 1987 1259 2059 azymis
1320 1986 1656 2041 sinceritatis
1724 1997 1780 2043 et
1830 1988 2102 2053 veritatis,

524 2091 704 2134 tamen
759 2081 825 2136 de
876 2079 1065 2136 farinae
1134 2082 1342 2151 azymis
1404 2080 1756 2152 praecipiebat
1815 2081 1901 2151 agi
1961 2082 2104 2136 diem

523 2172 738 2228 festum.
803 2173 930 2229 Haec
999 2189 1130 2245 ergo
1180 2184 1234 2228 ct
1292 2174 1600 2244 huiusmodi
1670 2184 1828 2230 erant
1903 2175 2104 2230 Sancta

523 2272 868 2329 sanctorum,
930 2278 1052 2333 qua:
1109 2278 1230 2321 cum
1289 2263 1499 2336 Moyses
1561 2264 1829 2335 portanda
1887 2265 2105 2320 caeteris

523 2355 794 2417 traderet,
861 2354 914 2408 id
954 2365 1040 2409 est
1078 2354 1240 2410 rebus
1280 2365 1338 2410 et
1381 2354 1640 2424 operibus
1688 2354 1980 2426 implenda,
2007 2370 2105 2411 co-

521 2458 707 2516 operta
748 2456 924 2501 tamen
957 2461 1020 2501 ea
1047 2454 1101 2501 et
1132 2446 1307 2502 velata
1344 2449 1621 2502 communi
1650 2462 1960 2503 sermonum
1990 2456 2105 2502 tra-

522 2539 682 2592 debat
702 2538 938 2608 eloquio.
965 2537 1184 2593 Humeri
1210 2550 1391 2595 autem
1416 2540 1561 2611 quod
1589 2554 1813 2610 operum
1842 2539 2103 2595 indicium

522 2640 772 2698 teneant,
816 2631 869 2686 in
911 2631 1095 2687 multis
1132 2630 1430 2701 Scripturae
1476 2646 1621 2701 saepe
1673 2631 1807 2687 locis
1858 2631 2105 2688 ostendi-

523 2739 665 2778 mus.
695 2723 801 2779 Sed
838 2733 893 2779 et
942 2725 997 2779 in
1032 2724 1425 2781 ecclesiasticis
1461 2724 1935 2781 observationibus
1980 2731 2106 2778 sunt

523 2814 780 2868 nonnulla
829 2814 1172 2885 huiusmodi,
1215 2830 1337 2886 quae
1374 2817 1629 2873 omnibus
1672 2816 1889 2886 quidem
1924 2815 2106 2871 facere

523 2922 746 2963 necesse
790 2914 905 2970 est,
944 2922 1046 2962 uec
1089 2918 1265 2962 tamen
1310 2908 1449 2962 ratio
1486 2922 1674 2963 eorum
1716 2908 1973 2964 omnibus
2012 2923 2105 2978 pa-

525 3009 618 3054 tet.
645 2998 779 3052 Nam
809 2998 972 3068 quod,
1017 2998 1166 3052 verbi
1197 2998 1389 3098 gratia,
1425 3014 1602 3068 genua
1631 2998 1903 3056 flectimus
1938 3014 2103 3055 oran-
2128 3040 2172 3098 ο

523 3096 628 3155 tes,
656 3100 711 3146 et
737 3090 879 3159 quod
905 3104 971 3144 ex
995 3090 1246 3145 omnibus
1273 3089 1396 3145 caeli
1427 3091 1597 3162 plagis
1621 3092 1687 3146 ad
1721 3092 1892 3149 solam
1925 3092 2105 3148 orien-

527 3182 594 3232 tis
626 3191 834 3249 parten:
885 3182 1133 3235 conversi
1179 3181 1483 3236 orationem
1527 3181 1802 3237 fundimus
1831 3184 1967 3254 (71),
1996 3198 2102 3238 non

527 3269 687 3323 facile
730 3270 982 3339 cuiquam
1041 3279 1170 3340 puto
1230 3272 1445 3326 ratione
1490 3280 1852 3341 compertum.
1901 3274 2006 3329 Sed
2050 3284 2106 3330 et

527 3360 692 3432 285
718 3361 1077 3416 Eucharistiae
1106 3365 1222 3417 sive
1249 3362 1611 3432 percipiendae
1632 3365 1746 3419 sive
1768 3380 1834 3421 eo
1868 3365 1974 3420 ritu
1997 3381 2105 3437 quo

529 3455 742 3525 geritur
789 3455 1160 3525 explicandae,
1208 3456 1293 3510 vel
1342 3470 1529 3512 eorum
1582 3471 1703 3526 quae
1748 3470 2014 3529 geruntur
2051 3459 2102 3514 in

526 3549 799 3619 baptismo
829 3549 1144 3613 verborum,
1179 3557 1564 3620 gestorumque
1589 3559 1645 3603 et
1672 3550 1922 3604 ordinum
1942 3560 2107 3620 atque

530 3637 1021 3707 interrogationum
1047 3652 1112 3691 ac
1143 3637 1556 3708 responsionum
1585 3639 1709 3709 quis
1739 3637 1902 3694 facile
1935 3640 2109 3710 expli-

526 3742 614 3787 cet
638 3728 945 3785 rationem?
973 3728 1035 3783 Et
1069 3738 1248 3784 tamen
1282 3730 1464 3784 omnia
1498 3729 1616 3784 haec
1637 3740 1827 3800 operta
1854 3738 1910 3785 et
1930 3730 2105 3786 velata

530 3830 814 3892 portamus
846 3834 1011 3891 super
1049 3822 1312 3876 humeros
1343 3831 1563 3876 nostros
1595 3838 1612 3879 :
1656 3837 1781 3876 cum
1814 3823 1886 3876 ita
1919 3822 2104 3893 imple-

528 3930 649 3970 mus
670 3929 733 3971 ea
762 3924 817 3968 et
848 3914 1222 3982 exsequimur,
1271 3923 1328 3970 ut
1361 3930 1390 3968 a
1422 3930 1621 3986 magno
1662 3915 1919 3985 pontifice
1945 3924 2108 3985 atque

529 4008 650 4081 ejus
680 4007 806 4063 ﬁliis
834 4007 1029 4062 tradita
1063 4016 1119 4062 et
1144 4009 1527 4062 commendata
1572 4009 1932 4079 suscepimus.
1955 4007 2106 4065 Cun-

530 4108 619 4156 cta
648 4102 764 4156 haec
792 4115 926 4171 ergo
949 4109 1005 4155 et
1035 4101 1227 4155 horum
1264 4099 1463 4155 similia
1510 4115 1633 4154 cuni
1676 4101 1918 4171 gerimus
1938 4141 1955 4166 ,
2007 4116 2110 4157 nec

533 4205 712 4249 tamen
744 4209 931 4249 eorum
957 4193 1304 4264 assequimur
1333 4194 1625 4260 rationem,
1653 4193 1897 4251 levamus
1925 4196 2109 4251 hume-

530 4291 608 4346 ris
639 4290 841 4346 nostris
865 4299 920 4346 et
962 4300 1248 4362 portamus
1280 4290 1537 4360 adoperta
1577 4299 1632 4345 et
1671 4292 1886 4348 obtecta
1927 4292 2107 4348 divina

2214 422 2448 495 proferri
2484 426 2622 479 ratio
2644 422 2972 494 poposcerit.

2280 513 2337 568 2.
2368 512 2496 570 Post
2520 515 2635 569 haec
2664 514 2865 569 dicitur
2904 512 2972 566 de
3001 509 3208 566 Levitis
3243 525 3259 563 :
3294 509 3388 580 qui
3428 516 3749 581 operentur
3782 522 3823 563 ε

2211 604 2474 660 vicesimo
2524 606 2715 674 quinto
2750 620 2893 660 anno
2924 616 2980 661 et
3010 620 3173 674 supra
3225 619 3397 672 usque
3423 605 3489 659 ad
3517 604 3821 673 quinquao

2211 696 2479 766 gesimnm
2522 713 2748 752 annum.
2788 715 2808 748 ι
2842 694 3053 762 Omnis,
3092 695 3268 765 inquit
3296 694 3373 759 ⁸⁸,
3419 695 3511 766 qui
3541 691 3821 765 procedit

2212 789 2280 843 ad
2310 805 2448 859 opus
2470 805 2697 860 operum
2725 798 2783 845 et
2822 793 2889 844 ad
2931 803 3096 858 opera
3128 802 3249 859 quae
3281 797 3569 857 portantur
3603 787 3816 843 taber-

2213 881 2390 936 naculi
2427 881 2750 936 testimonii.
2785 899 2804 932 ι
2844 880 3089 936 Observa
3147 880 3202 934 in
3252 879 3337 934 his
3379 877 3817 934 distinctionem

2216 988 2531 1029 sermonum
2562 974 2760 1030 divinae
2800 973 3119 1043 Scriptura.
3143 974 3245 1030 Ubi
3279 974 3346 1029 de
3361 973 3623 1043 operibus
3655 971 3823 1026 filiov

2213 1082 2335 1122 rum
2374 1066 2546 1122 Israel
2577 1067 2845 1137 loquitur,
2887 1083 2994 1124 non
3032 1067 3164 1123 dicit
3197 1082 3361 1137 opera
3392 1081 3648 1136 operum,
3700 1063 3821 1121 sed

2210 1158 2324 1215 sola
2351 1174 2538 1228 opera.
2577 1157 2680 1215 Ubi
2710 1172 2841 1214 vero
2867 1160 2937 1215 de
2960 1158 3149 1215 olIiciis
3184 1158 3519 1224 Levitarum,
3558 1172 3667 1212 non
3710 1156 3819 1212 di-

2210 1252 2286 1305 cit
2319 1251 2431 1306 sola
2454 1266 2646 1321 opera,
2681 1252 2774 1307 sed
2805 1266 2970 1322 opera
3003 1266 3250 1321 operum.
3283 1250 3439 1306 Sicut
3482 1250 3630 1305 enim
3663 1257 3820 1305 sunt

2210 1345 2453 1413 quadam
2484 1354 2698 1411 sancta,
2723 1356 2854 1400 sunt
2880 1355 3061 1399 autem
3095 1354 3151 1399 et
3196 1344 3298 1398 alia
3348 1352 3535 1399 sancta
3572 1353 3818 1399 sancto-

2213 1453 2372 1494 rum:
2403 1438 2478 1491 ita
2503 1446 2631 1493 sunt
2664 1436 2913 1507 quaedam
2944 1453 3132 1507 opera,
3173 1446 3227 1491 ct
3277 1437 3379 1492 alia
3433 1452 3604 1506 opera
3657 1451 3816 1506 ope-

2210 1544 2354 1584 rum.
2406 1525 2560 1584 Unde
2593 1528 2811 1584 videtur
2860 1529 2991 1583 mihi
3036 1530 3163 1599 quia
3209 1529 3423 1601 Moyses
3474 1529 3563 1583 ubi
3613 1528 3817 1584 sensit

2210 1638 2331 1678 esse
2380 1623 2630 1691 quaedam
2687 1637 2855 1691 opera
2903 1622 3137 1678 visibilia
3168 1624 3386 1692 quidem
3408 1663 3424 1689 ,
3457 1622 3553 1677 sed
3585 1623 3812 1691 quibus

2208 1714 2409 1768 inesset
2425 1713 2659 1768 interior
2688 1713 2792 1768 alia
2817 1713 3043 1786 mystica
3076 1723 3133 1769 et
3156 1713 3367 1769 occulta
3401 1712 3808 1783 intelligentia,

2207 1807 2323 1861 haec
2354 1822 2462 1862 non
2496 1806 2673 1862 solum
2715 1821 2908 1878 opera,
2934 1807 3028 1862 sed
3063 1821 3228 1876 opera
3260 1821 3489 1877 operum
3532 1805 3754 1861 dixerit
3780 1819 3805 1871 ;

2206 1912 2327 1968 quae
2350 1913 2481 1953 vero
2509 1898 2843 1963 communia,
2877 1906 2931 1954 et
2956 1898 3242 1968 praesentis
3292 1897 3468 1953 solum
3523 1895 3810 1966 temporis

2204 2006 2372 2061 Opera
2405 1991 2695 2058 intellexit,
2719 1992 2836 2047 haec
2858 1990 3032 2047 solum
3055 2006 3221 2061 opera
3251 1989 3807 2048 nominaverit.Sunt

2206 2098 2336 2154 ergo
2371 2084 2619 2153 quaedam
2668 2098 2835 2154 opera
2884 2093 3111 2149 operum
3157 2098 3280 2154 qua:
3316 2098 3418 2155 ego
3493 2093 3627 2154 puto
3657 2097 3807 2140 esse

2206 2176 2389 2231 omnia
2427 2177 2565 2242 haec,
2592 2176 2659 2231 de
2687 2175 2885 2245 quibus
2910 2176 2995 2231 vel
3030 2176 3082 2230 iu
3127 2177 3381 2247 presenti
3417 2176 3671 2244 lectione,
3700 2174 3804 2232 vel

2210 2268 2267 2323 in
2307 2268 2492 2323 Exodo
2538 2279 2593 2322 ct
2628 2267 2841 2322 caeteris
2879 2266 3017 2323 locis
3058 2267 3158 2322 sub
3185 2267 3427 2335 occultis
3469 2268 3802 2338 praecipitur

2209 2359 2515 2430 mysteriis,
2536 2367 2592 2414 et
2616 2374 2714 2429 pro
2748 2367 2905 2428 parte
2928 2359 2982 2414 in
3017 2361 3291 2427 praesenti,
3329 2375 3426 2430 pro
3471 2370 3628 2429 parte
3652 2374 3800 2415 vero

2212 2451 2498 2521 explendis
2553 2453 2606 2506 in
2665 2450 2929 2507 futurum.
2985 2451 3116 2517 Quae
3149 2462 3352 2519 tamen,
3409 2465 3470 2509 ut
3520 2453 3798 2516 diximus.

2207 2559 2376 2614 opera
2416 2559 2666 2613 cperum,
2713 2559 2821 2599 non
2856 2543 3104 2609 cuilibet,
3140 2544 3236 2599 sed
3269 2544 3470 2600 Levitis
3510 2544 3644 2600 solis
3670 2551 3796 2598 tra-

2209 2638 2384 2694 denda
2420 2638 2767 2696 mandantur.
2797 2638 2864 2693 Et
2898 2639 3043 2696 inter
3079 2640 3294 2696 Levitas
3318 2640 3464 2708 ipsos
3496 2654 3602 2694 non
3630 2641 3799 2709 prius

2208 2732 2275 2784 ad
2314 2730 2431 2785 haec
2462 2744 2625 2800 opera
2665 2729 2952 2799 quisquam
2998 2740 3267 2793 vocatur.
3316 2731 3419 2786 nisi
3454 2747 3485 2784 a
3518 2731 3793 2786 vicesimo

2207 2821 2423 2875 demum
2459 2828 2514 2875 et
2534 2820 2729 2889 quinto
2757 2834 2901 2875 anno
2927 2822 3053 2874 vita:
3080 2834 3191 2874 suae
3224 2836 3394 2890 usque
3419 2821 3484 2874 ad
3516 2821 3794 2890 quinqua-

2207 2913 2497 2981 gesimum.
2535 2909 2641 2966 Sed
2677 2928 2785 2966 non
2819 2918 2973 2967 caret
3014 2922 3359 2966 sacramento
3394 2926 3462 2966 ne
3509 2911 3626 2980 ipse
3663 2911 3793 2981 qui-

2208 3004 2330 3060 dem
2360 3004 2547 3075 viginti
2578 3004 2819 3074 quinque
2844 3012 2899 3058 et
2924 3002 3316 3075 quinquaginta
3335 3018 3595 3058 numerus
3613 3019 3791 3061 anno-

2212 3112 2353 3153 rum.
2375 3095 2507 3151 Nam
2543 3099 2597 3152 in
2634 3097 2823 3165 viginti
2850 3098 3092 3166 quinque
3124 3110 3374 3161 numero,
3407 3097 3651 3166 quinque
3672 3111 3792 3152 sen-

2211 3203 2370 3245 suum
2420 3189 2686 3260 perfectio
2719 3189 3049 3257 declaratur,
3095 3189 3169 3244 ila
3206 3201 3259 3242 ut
3289 3188 3584 3258 quinquies
3620 3192 3790 3259 quina

2211 3292 2591 3338 numerentur.
2626 3282 2783 3350 Quod
2834 3281 3023 3352 utique
3068 3281 3273 3337 indicat
3318 3296 3442 3335 eum
3490 3281 3678 3336 vocari
3724 3282 3791 3336 ad

2210 3390 2375 3445 opera
2409 3390 2637 3444 operum
2663 3375 2715 3428 in
2750 3376 3014 3445 mysterio
3040 3372 3389 3444 peragenda,
3422 3372 3513 3442 qui
3544 3387 3613 3427 ex
3638 3373 3791 3427 θηηιὶ

2211 3477 2364 3539 parte
2399 3465 2776 3535 multiplicatis
2806 3475 2860 3520 et
2884 3464 3191 3536 puriﬁcatis
3227 3465 3476 3521 sensibus
3508 3465 3792 3519 invenitur

2213 3574 2338 3615 esse
2398 3559 2691 3629 perfectus.
2745 3556 3235 3630 Quinquagcsimtts
3291 3567 3468 3613 autem
3528 3572 3793 3612 numerus

2212 3646 2355 3715 quod
2412 3646 2748 3703 remissionis
2778 3656 2830 3703 et
2864 3647 3214 3718 indulgentiae
3245 3657 3428 3703 teneat
3468 3662 3790 3701 sacramen-

2215 3749 2347 3803 tum.
2386 3739 2438 3794 in
2471 3740 2657 3796 multis
2687 3740 3100 3811 Scripturarum
3130 3740 3264 3796 locis
3319 3753 3461 3808 saepe
3512 3748 3568 3793 et
3611 3743 3791 3794 abun-

2213 3832 2401 3887 danter
2425 3832 2787 3889 ostendimus.
2831 3832 2970 3887 Nam
3006 3841 3059 3887 et
3086 3833 3566 3902 quinquagesimus
3611 3847 3792 3889 annus

2212 3932 2298 3978 est
2327 3925 2416 3994 qui
2446 3924 2772 3994 etjubilacus
2797 3924 2999 3979 dicitur
3038 3928 3179 3996 apud
3211 3924 3486 3990 Hebmos,
3519 3925 3573 3978 in
3602 3940 3711 3994 quo
3733 3934 3791 3980 et

2215 4016 2622 4084 possessionum
2650 4029 2707 4072 et
2735 4017 3018 4073 servitutis
3047 4026 3103 4073 et
3141 4017 3307 4073 debiti
3338 4016 3398 4071 fit
3429 4018 3702 4084 remissio,
3731 4028 3789 4074 et

2215 4108 2709 4179 quinquagesimus
2733 4110 2850 4165 dies
2876 4121 3001 4181 post
3022 4109 3231 4166 Pascha
3263 4110 3434 4166 festus
3473 4111 3708 4164 traditur
3730 4111 3786 4164 in

2217 4200 2353 4271 lege.
2379 4198 2486 4255 Sed
2513 4208 2570 4254 et
2599 4199 2862 4255 Dominus
2891 4201 2944 4254 in
2987 4199 3286 4271 Evangelio
3318 4215 3443 4255 cum
3470 4199 3783 4270 parabolam

2216 4292 2557 4348 remissionis
2583 4293 2804 4347 doceret
2846 4302 2903 4347 et
2946 4292 3323 4362 indulgentias,
3351 4293 3624 4348 debitores
3649 4306 3785 4362 quos

530 4383 814 4455 mysteria,
871 4383 977 4437 nisi
1031 4384 1152 4453 quis
1199 4382 1273 4437 sit
1302 4380 1450 4438 inter
1487 4394 1597 4437 nos
1622 4382 1801 4438 Aaron
1834 4394 1930 4439 aut
1966 4384 2109 4441 filius
2139 4406 2184 4461 ι)
2217 4384 2534 4452 introducit,
2566 4400 2731 4440 unum
2759 4385 2812 4440 in
2840 4384 3254 4453 quinquaginta,
3280 4392 3334 4438 et
3357 4383 3520 4438 alium
3548 4382 3602 4436 in
3628 4381 3784 4450 quin-

530 4484 736 4542 Aaron,
771 4474 968 4544 quibus
1000 4475 1103 4530 ista
1126 4474 1447 4530 conceditur
1468 4476 1607 4529 nuda
1636 4486 1692 4529 et
1715 4476 1954 4530 revelata
1984 4492 2107 4547 per-

533 4566 763 4635 spicere.
801 4565 880 4620 lta
906 4576 1089 4621 tamen
1108 4568 1520 4639 conceditur,nt
1548 4568 1725 4622 sciant
1752 4567 1853 4623 sibi
1879 4567 2108 4622 velanda

630 4658 674 4692 ¹⁸
705 4658 864 4713 Num.
898 4675 975 4726 IV,
1005 4660 1097 4715 47.

607 4751 720 4820 (7|)
760 4750 840 4804 Ad
873 4751 1041 4805 solum
1071 4753 1287 4807 orientis
1326 4762 1524 4817 parlem
1549 4753 1783 4807 conversi
1813 4753 2104 4807 orationem

536 4822 832 4893 fundimus.
879 4820 1025 4893 lileln
1080 4824 1238 4877 docet
1273 4822 1536 4892 Origenes
1582 4824 1685 4893 sub
1729 4823 1889 4876 linem
1939 4824 2108 4877 libelli

541 4889 617 4947 De
657 4894 913 4946 oratione.
948 4889 1089 4947 Idem
1122 4894 1308 4948 videre
1338 4889 1421 4947 est
1453 4893 1592 4960 apud
1621 4892 1953 4947 Clementem
1985 4895 2111 4948 Ale-

539 4963 872 5016 xandrinum
919 4960 1113 5017 Strom.
1141 4980 1235 5027 vn,
1264 4974 1315 5018 et
1347 4965 1486 5032 apud
1520 4973 1798 5018 auctorem
1831 4962 2036 5028 Qumst.
2062 4974 2110 5017 et

539 5048 773 5101 respons.
800 5034 869 5085 ad
901 5033 1262 5101 grthodoxas,
1307 5050 1445 5098 resp.
1472 5034 1597 5095 “8,
1637 5032 1726 5086 ubi
1777 5035 1850 5085 ait
1890 5033 2008 5086 :Tb
2053 5033 2113 5086 δὲ

538 5096 678 5188 ἐθόςι
714 5103 842 5188 παρ’
893 5096 968 5156 ὧν
991 5096 1256 5188 “enraged
1294 5107 1347 5188 ﬂ‘
1374 5096 1679 5188 Ἐκκλησία.
1709 5101 1769 5155 τὸ
1789 5100 2072 5188 Λεῠχεξθςι
2097 5143 2112 5165 ,

540 5172 693 5246 παρὰ
721 5171 926 5246 τρύτῳν
957 5171 1232 5246 εἰληφέναι
1265 5171 1359 5246 aceti.
1385 5174 1445 5227 τὸ
1475 5171 1578 5227 ποῦ
1624 5171 1916 5246 ξιῖχεσθαιζ⁷
1943 5172 2115 5246 Τοῦῖο

541 5244 598 5298 δὲ
624 5242 781 5315 παρὰ
811 5242 919 5297 τῶν
941 5242 1113 5312 ἁγίων
1139 5245 1470 5299 ἀποστόλων.
1513 5242 1721 5298 ltevera
1764 5242 1833 5296 ab
1859 5243 2115 5315 apostolis

546 5316 687 5368 hunc
703 5310 956 5369 Ecclesia:
971 5310 1174 5367 morem
1201 5317 1455 5369 traditum
1473 5330 1591 5370 csse
1602 5315 1758 5368 docet
1775 5310 1964 5367 auctor
1977 5310 2115 5366 Catt-

544 5387 881 5438 atiiulionum
934 5385 1343 5454 apostolicurum
1386 5385 1477 5438 lib.
1508 5402 1576 5451 ιι,
1622 5401 1742 5454 cap.
1770 5383 1864 5454 57.
1892 5399 1945 5451 p.
1971 5383 2074 5436 907
2099 5398 2116 5454 ;

546 5456 655 5508 Καὶ
684 5454 995 5527 μεττὰῄτοῦτο
1020 5452 1326 5527 συμφώνως
1344 5454 1583 5519 ἅπαντες
1606 5452 2000 5527 ὲξάνᾳᾳτᾶντες
2025 5453 2119 5509 mi.

2217 4477 2393 4547 gentis
2419 4474 2586 4531 fuisse
2611 4477 2852 4531 denariis
2880 4476 3014 4531 dicit
3055 4475 3344 4531 obnoxios.
3376 4473 3784 4544 Quinquaginta

2218 4578 2404 4625 autem
2452 4577 2508 4624 et
2538 4568 2823 4640 quingenti
2850 4576 3116 4638 cognatus
3148 4575 3232 4621 est
3256 4581 3532 4621 numerus.
3561 4563 3786 4619 Decade

2213 4754 2273 4807 οὐ
2284 4751 2467 4825 ρανοῢ,
2507 4751 2649 4825 καρὰ
2680 4749 2962 4825 ἀνειτολὰς,
2993 4746 3532 4825 ργωμῳτνησκόμεγοιι
3571 4745 3788 4825 nisi];

2215 4816 2447 4894 ἁράαῐας
2468 4822 2639 4894 νομῆς
2684 4818 2774 4873 τοῦ
2820 4820 2960 4894 mra
2996 4816 3639 4894 dvaroidg'rrqpaiieicou:
3669 4816 3787 4869 ὃΘὲν

2217 4886 2493 4964 ὁ”ἕέρῶτος
2532 4886 2826 4964 Ereptum;
2853 4891 3143 4964 AdGEIﬁqa;
3171 4891 3271 4964 τὴν
3302 4960 3313 4964 _
3334 4886 3550 4964 evrolﬁv
3570 4927 3585 4950 ,
3613 4886 3786 4964 bcpsw;

2219 4959 2519 5035 συμϐουλίᾳ.
2548 4959 2812 5025 πειξςθεὶς,
2841 4959 3143 5035 ammon.
3178 4979 3197 5011 ι
3223 4959 3425 5014 Deinde
3463 4959 3643 5035 cuncti
3688 4974 3783 5025 pa-

2223 5028 2358 5089 riter
2397 5028 2808 5102 con'surgentes,
2838 5042 2895 5085 et
2939 5033 2992 5084 in
3036 5028 3302 5102 orientem
3335 5028 3786 5102 contemplantes,

2222 5105 2456 5172 egressis
2479 5099 2883 5157 cateéhumenis
2924 5109 2980 5172 et
3004 5100 3412 5172 pauitantibus.
3433 5107 3590 5172 orent
3618 5099 3779 5151 Deum

2223 5168 2314 5241 qui
2351 5173 2592 5227 ascendit
2640 5187 2802 5240 super
2848 5168 3046 5226 cteluin
3106 5170 3228 5223 caeli
3276 5171 3343 5223 ad
3382 5168 3678 5241 orientem,
3723 5180 3787 5241 ac

2228 5234 2578 5299 recordantes
2621 5234 2902 5310 antiquam
2954 5240 3373 5310 possessionem,
3408 5237 3680 5310 paradisi,
3719 5234 3786 5290 ad

2219 5317 2483 5369 orientem
2516 5313 2627 5377 siti,
2659 5309 2803 5367 unde
2833 5312 3039 5379 primus
3071 5311 3256 5371 homo.
3287 5309 3378 5364 Dei
3406 5309 3663 5379 mandato
3684 5320 3786 5379 _ne—

2221 5384 2418 5451 glecto,
2462 5375 2753 5453 persuasus
2785 5375 3012 5453 consilio
3055 5379 3361 5453 serpentis._
3385 5378 3590 5448 ejectus
3621 5375 3740 5428 fuit.
3761 5391 3783 5427 ι

2225 5450 2609 5507 Verumtamen
2639 5469 2755 5508 mos
2804 5450 3396 5520 inﬂeclendiicnrporis
3434 5459 3665 5520 versus_
3693 5460 3790 5520 na-

545 5528 632 5598 ὲπ’
657 5513 922 5598 cive-com;
945 5513 1412 5598 κατᾳῆιροῖήευνςπιψὲιεςἈ
1433 5513 1578 5596 μετᾶ
1594 5513 1691 5598 τήν
1712 5525 1821 5578 τῶν
1854 5513 2110 5598 utar-rixata-

2227 5523 2659 5598 s_c_ente_m__solem
2709 5537 2816 5598 no_n
2864 5521 3065 5592 placuit
3114 5519 3172 5577 S.
3208 5513 3375 5579 Leoni
3426 5530 3595 5573 serm.
3635 5516 3666 5570 7
3716 5513 3791 5575 υσ

549 5596 722 5665 μένων
744 5599 843 5667 καὶ
1010 5595 1119 5667 τῶν
1159 5593 1558 5667 μετανοούιπων
1580 5593 1778 5663 ἐξὸδον,
1819 5593 2120 5667 προᾳείυξάς

546 5663 758 5723 σθωσαν
781 5666 857 5742 τῷ
878 5663 1017 5743 Θέᾦ,
1040 5664 1117 5745 τῷ
1139 5663 1490 5737 ἔπιδεὸηκότι
1526 5669 1618 5721 ἐπὶ
1644 5667 1736 5721 τὸν
1775 5663 2000 5729 οὑρανὸν
2028 5663 2121 5725 τοῦ
2189 5739 2196 5746 ‘

2224 5592 2421 5651 Christi
2453 5592 2659 5661 Νικίου
2690 5607 2739 5652 c.
2763 5592 2816 5648 4.
