4074 6156
251 248 353 306 605

1445 225 1512 279 ΙΝ
1554 217 1889 278 NUMEROS
1926 213 2209 272 HOMILIA
2246 210 2314 267 γ.

3393 208 3497 264 σου
3541 279 3548 285 ⁸

255 369 398 424 enim
444 361 842 432 quinquaginta
897 357 1100 411 faciunt
1150 351 1497 424 quingentos.
1528 350 1636 402 Sed
1676 355 1730 401 et
1764 360 1828 397 ex
1861 346 1904 402 A
1933 331 2549 405 niunt,propitiatorinm
2584 329 2950 384 nominentur.
2976 328 3154 396 Atqui
3200 332 3500 384 meruerint

257 463 355 515 alia
407 466 561 526 parte
595 468 858 508 numerus
884 452 993 506 iste
1035 458 1283 504 sacratus
1316 446 1396 500 fit.
1427 444 1644 512 Septem
1679 440 1826 494 enim

255 549 575 619 septimanis
605 547 649 600 si
679 545 910 598 addatur
940 543 1100 596 unius
1125 537 1332 593 numeri
1357 533 1644 605 perfectio,
1671 532 1830 600 quin-

255 642 511 710 quaginta
554 637 760 691 faciunt
798 635 937 689 dies.
973 632 1242 686 Similiter
1273 637 1328 683 et
1355 624 1700 697 septuaginta
1751 637 1830 674 se-

253 734 515 802 ptimanis
563 731 607 784 si
651 730 889 783 addatur
927 726 1089 779 unius
1141 722 1361 779 decadte
1409 715 1827 777 consummatio,

253 828 462 880 faciunt
503 824 850 893 quingentos.
887 817 1037 885 Quod
1073 827 1127 871 et
1169 816 1213 870 si
1261 808 1832 869 abundantius-adhuc

248 929 597 974 sacramenta
627 915 1028 984 quinquaginta
1062 919 1118 963 et
1154 910 1573 977 quingentorum
1620 899 1827 954 umneri

248 1013 432 1082 placet
460 1009 738 1078 colligere,
768 1006 1031 1058 habetnus
1061 1010 1118 1054 et
1154 1002 1206 1055 in
1234 1001 1335 1055 hoc
1371 999 1486 1067 ipso
1517 995 1608 1064 qui
1641 994 1694 1048 in
1719 1010 1832 1046 ma-

251 1105 418 1160 nibus
443 1113 527 1156 est
558 1100 918 1154 Numerorum
955 1096 1091 1148 libro
1125 1095 1188 1158 ‘9,
1221 1093 1306 1146 ubi
1338 1093 1404 1144 de
1440 1088 1674 1143 hostium
1705 1100 1830 1152 spo-

252 1196 340 1250 liis
373 1195 596 1264 quidam
625 1191 844 1261 quidem
879 1187 1113 1243 olferunt
1158 1186 1212 1239 in
1255 1184 1394 1238 dona
1432 1181 1526 1234 Dei
1565 1179 1832 1248 quinqua-

252 1290 521 1362 gesimam
591 1284 940 1355 portionem,
1019 1280 1108 1348 qui
1165 1293 1272 1332 non
1330 1280 1714 1344 processerunt
1766 1268 1830 1321 ad

255 1381 476 1444 bellum,
499 1379 716 1447 quidam
743 1389 874 1428 vero
891 1369 1405 1442 quingentesimam;
1435 1374 1490 1418 et
1515 1363 1699 1431 utique
1727 1374 1831 1413 non

258 1477 494 1532 inaniter
515 1475 679 1529 etiam
705 1473 794 1526 hic
833 1467 1312 1540 quinquagesimus
1355 1471 1406 1517 et
1453 1456 1826 1530 quingentesi-

257 1581 380 1620 mus
409 1579 677 1619 numerus
709 1561 961 1616 habetur.
1015 1557 1120 1611 Sed
1154 1565 1208 1608 et
1242 1555 1294 1608 in
1328 1551 1526 1607 Genesi
1566 1549 1652 1603 ubi
1690 1549 1832 1602 Deus

259 1656 533 1712 tractabat
576 1656 643 1710 de
697 1651 1035 1722 indulgentia
1068 1647 1427 1703 Sodomorum
1455 1644 1502 1698 si
1535 1643 1672 1697 forte
1709 1655 1829 1710 pos-

1934 431 2330 486 multitudinem
2375 423 2636 486 scientize,
2684 432 2738 475 et
2794 419 3136 475 abundantes
3188 420 3408 474 divitias
3443 424 3495 473 in

1932 525 2210 593 agnitione
2269 521 2382 585 Dei,
2417 516 2696 572 cherubim
2731 514 2957 581 intelligi
2999 525 3244 581 possunt.
3290 515 3499 569 Cheru-

1932 619 2040 674 bim
2075 629 2302 683 namque
2333 614 2383 665 iu
2423 619 2608 664 nostra
2641 607 2821 677 lingua
2864 607 3144 660 multitudo
3167 610 3394 661 scientia:
3422 610 3501 662 iu-

1933 717 2284 777 terpretatur.
2316 703 2419 758 Sed
2466 703 2564 756 hos
2610 714 2826 764 omnes,
2876 699 2966 767 qui
3005 713 3098 764 per
3129 699 3242 753 haec
3286 693 3496 769 singula

1932 817 2051 872 qua:
2101 814 2261 870 supra
2322 803 2635 850 enumerata
2693 801 2817 847 sunt
2869 794 3239 863 designantur,
3295 795 3498 863 portari

1934 909 2154 950 necesse
2176 902 2277 956 est,
2320 901 2374 944 et
2407 888 2610 958 portari
2645 886 2695 940 in
2731 887 2988 940 humeris.
3017 885 3167 940 Unde
3212 887 3500 956 fortassis,

1934 1001 1992 1044 ut
2028 1004 2128 1058 ego
2177 988 2392 1057 Opinor,
2440 983 2616 1054 angeli
2667 985 2756 1052 qui
2811 983 3050 1035 ordinati
3103 993 3229 1037 sunt
3281 998 3502 1055 propter

1933 1097 2050 1144 eos,
2092 1080 2182 1149 qui
2230 1078 2602 1132 hrereditateut
2652 1077 2874 1145 capiunt
2909 1075 3098 1129 salutis
3129 1077 3198 1138 ¹²,
3235 1079 3335 1146 ipsi
3367 1079 3497 1143 sint,

1933 1174 2026 1243 qui
2076 1171 2324 1240 singulos
2350 1183 2537 1223 eorum
2591 1182 2727 1236 quos
2779 1182 2937 1235 supra
2987 1167 3226 1223 diximus
3259 1179 3498 1240 portant.

1934 1263 2068 1317 Cum
2100 1261 2241 1314 enim
2265 1259 2499 1311 solutum
2531 1258 2691 1311 fuerit
2723 1259 3131 1313 tabernaculum
3155 1261 3276 1325 hoc,
3309 1271 3362 1314 et
3389 1275 3502 1314 coe-

1934 1355 2173 1422 perimus
2203 1351 2314 1422 (72)
2349 1351 2556 1418 ingredi
2601 1351 2666 1402 ad
2698 1350 2785 1402 illa
2827 1360 3010 1404 saneta
3039 1389 3050 1414 ,
3096 1361 3150 1405 et
3180 1367 3404 1422 pergere
3433 1355 3500 1406 ad

1933 1443 2108 1499 locum
2146 1442 2606 1512 repromissionis,
2629 1442 2665 1495 ii
2693 1441 2784 1510 qui
2810 1456 2938 1497 vere
2972 1445 3147 1497 sancti
3175 1454 3320 1507 sunt,
3349 1454 3404 1498 et
3445 1444 3499 1497 in

1933 1535 2137 1589 sanctis
2167 1542 2478 1587 sanctorum
2510 1533 2796 1599 habentur,
2819 1535 3025 1604 angelis
3047 1536 3163 1590 sine
3188 1536 3348 1590 dubio
3375 1538 3502 1590 sub-

1935 1627 2280 1682 vectantibus
2309 1626 2589 1687 incedunt,
2614 1634 2667 1679 et
2694 1642 2974 1695 usquequo
2994 1629 3292 1698 requiescat
3322 1629 3504 1682 tuber--

259 1760 380 1807 seut
403 1751 470 1804 ad
503 1763 604 1804 ven
635 1763 718 1802 am
749 1745 1059 1815 pervenire,
1087 1741 1393 1809 lmjusmodi
1443 1735 1824 1808 mysteriorum
1864 1709 1906 1762 Β
1935 1724 2182 1779 naculum
2216 1727 2328 1792 Dei,
2353 1733 2639 1794 portantur
2664 1724 2717 1776 in
2742 1722 2986 1775 humeris
3011 1730 3066 1773 et
3089 1721 3424 1777 extolluntur
3448 1723 3500 1776 in

257 1839 513 1894 conscius
543 1837 856 1906 patriarcha
887 1835 1159 1889 Abraham
1201 1847 1229 1885 a
1253 1827 1702 1899 quinquagesimo
1736 1842 1828 1878 nu-

257 1946 409 1986 mero
440 1931 636 1999 incipit
686 1942 787 1998 pro
831 1925 1164 1996 indulgentia
1205 1924 1561 1976 Sodomorum
1598 1917 1829 1972 Domino

259 2022 588 2092 supplicare,
615 2031 671 2074 et
702 2020 834 2074 dicit
861 2018 908 2050 ²⁰
945 2031 960 2069 :
995 2036 1013 2068 ι
1049 2017 1106 2070 Si
1159 2013 1363 2068 inventi
1417 2011 1618 2092 fuerint
1666 2009 1829 2076 quin-

259 2089 516 2183 quaginta
555 2112 608 2166 in
637 2112 876 2178 civitate,
909 2124 1014 2164 non
1049 2106 1286 2164 salvabis
1313 2089 1535 2175 propier
1567 2103 1832 2172 quinqua-

260 2207 405 2276 ginta
436 2205 746 2260 civitatem?
783 2222 800 2254 ι

327 2299 381 2352 5.
407 2289 514 2353 Sed
547 2301 611 2350 ad
642 2296 981 2367 propositum
1031 2304 1387 2351 revertamur.
1434 2291 1661 2362 Oportet
1703 2301 1833 2359 ergo

260 2389 472 2458 operari
508 2388 728 2442 Levitas
777 2388 829 2441 in
881 2388 1086 2441 sanctis
1115 2399 1285 2454 usque
1336 2384 1400 2437 ad
1435 2381 1829 2452 quinquaginta

260 2497 450 2545 annos,
469 2479 759 2534 inferiores
782 2481 1002 2549 quidem
1027 2493 1213 2548 opera,
1239 2477 1492 2531 meliores
1516 2490 1645 2528 vero
1668 2485 1831 2540 opera

259 2589 481 2641 operum
531 2591 546 2628 :
590 2575 784 2628 horum
839 2585 1017 2627 autem
1074 2573 1427 2641 superiores,
1493 2567 1832 2638 spiritalibus

265 2666 456 2721 oﬁieiis
478 2667 782 2732 deservire,
817 2676 870 2722 et
901 2666 1129 2719 introire
1165 2666 1219 2718 in
1256 2663 1454 2717 Sancta
1494 2670 1831 2722 sanctorum,

262 2759 446 2827 ibique
474 2760 691 2827 operire
723 2773 842 2828 qua:
864 2757 1156 2822 operienda
1183 2765 1329 2818 sunt,
1375 2764 1430 2808 et
1463 2752 1679 2808 tradere
1709 2750 1833 2804 ﬁliis

261 2851 430 2905 Caath
461 2851 732 2920 portanda
769 2850 1030 2914 humeris,
1054 2857 1108 2902 et
1131 2847 1381 2901 manibus
1412 2841 1832 2902 eveheuda.Sed

261 2953 315 2997 et
346 2943 576 3014 reliquis
609 2943 900 3012 unicuique
931 2940 1228 2996 secundum
1259 2955 1322 2994 ea
1361 2954 1481 3008 quae
1527 2937 1636 3005 jam
1670 2951 1834 3004 supe-

1934 1818 2201 1874 manibus.
2229 1818 2382 1884 Quod
2408 1817 2741 1886 prospiciens
2770 1817 2820 1868 in
2848 1815 3040 1883 spiritu
3063 1813 3332 1884 Propheta
3355 1816 3505 1870 dice-

1931 1908 2026 1962 bat
2054 1908 2100 1940 ”
2132 1927 2146 1963 :
2187 1926 2208 1960 ‹
2237 1909 2500 1974 Quoniam
2533 1908 2740 1977 angelis
2775 1907 2890 1961 suis
2940 1907 3214 1961 mandavit
3246 1909 3310 1962 de
3341 1919 3412 1972 te,
3446 1918 3505 1962 ut

1933 2000 1985 2054 in
2012 1999 2261 2054 manibus
2290 2000 2479 2055 tollant
2510 2010 2580 2067 te,
2619 2017 2684 2056 ne
2725 2000 2865 2055 forte
2909 1997 3152 2053 otfendas
3172 2001 3238 2056 ad
3269 2001 3502 2070 lapidem

1932 2092 2123 2160 pedem
2149 2102 2317 2146 tuum.
2352 2111 2372 2145 ι
2405 2092 2556 2159 Quod
2591 2094 2804 2162 quidem
2845 2095 3044 2148 dictum
3075 2093 3284 2161 putavit
3317 2094 3507 2148 diabo-

1932 2182 2016 2236 lus
2046 2183 2112 2236 de
2148 2182 2430 2239 Salvatore
2460 2184 2858 2253 accipiendum,
2887 2186 2978 2238 sed
3015 2193 3247 2239 ca=catus
3275 2185 3503 2249 malitia,

1933 2290 2042 2329 non
2073 2276 2342 2331 intellexit
2374 2276 2589 2346 eloquia
2619 2276 2832 2330 Domini
2859 2276 3114 2346 mystica.
3151 2275 3337 2345 Neque
3360 2277 3503 2331 enim

1937 2366 2186 2450 Salvator
2218 2383 2369 2423 meus
2391 2369 2598 2438 angelis
2636 2369 2934 2438 indigebat,
2976 2379 3034 2422 ut
3067 2384 3171 2423 non
3208 2368 3508 2422 oli'endcret

1934 2459 2000 2513 ad
2037 2459 2266 2527 lapidem
2291 2460 2482 2528 pedem
2523 2475 2703 2513 suum.
2730 2458 2972 2527 Namque
3003 2459 3365 2512 calumniatur
3391 2460 3507 2512 dia-

1934 2549 2090 2604 holus
2107 2549 2444 2616 Scripturam
2463 2549 2723 2610 divinam,
2742 2549 2832 2616 qui
2851 2549 2960 2602 hazc
2979 2549 3043 2603 de
3063 2546 3344 2603 Salvatore
3361 2550 3505 2603 dicta

1935 2643 2261 2714 protulerit:
2299 2658 2406 2697 non
2433 2645 2500 2695 de
2528 2641 2642 2707 illo,
2677 2643 2770 2696 sed
2805 2643 2870 2695 de
2889 2640 3138 2696 omnibus
3172 2643 3375 2697 sanctis
3407 2645 3511 2698 hoc.

1935 2735 2154 2796 dicitur,
2185 2733 2310 2802 quia
2337 2732 2547 2801 angelis
2579 2733 2691 2787 suis
2723 2731 3001 2786 mandavit
3033 2733 3173 2786 Deus
3188 2750 3285 2803 pro
3311 2735 3510 2804 populo

1936 2842 2056 2890 suo,
2088 2836 2147 2880 ut
2178 2841 2282 2880 non
2308 2824 2544 2880 oﬂ‘endat
2572 2827 2638 2879 ad
2676 2825 2907 2894 lapidem
2946 2827 3137 2894 pedem
3178 2842 3357 2881 suum.
3401 2826 3508 2881 Sed

1936 2927 1992 2972 et
2024 2919 2207 2971 omnia
2241 2932 2360 2986 quae
2389 2917 2440 2970 in
2478 2917 2582 2970 hoc
2630 2917 2837 2985 psalmo
2887 2917 3088 2986 scripta
3144 2927 3292 2982 sunt,
3340 2919 3510 2985 justis

262 3035 373 3090 rius
404 3035 797 3104 saepedisserta
826 3043 951 3087 sunt
973 3034 1315 3088 ordinantur.
1349 3028 1548 3084 Verum
1573 3043 1640 3082 ne
1670 3026 1834 3081 nimia

1939 3011 2252 3080 quibusque
2280 3009 2454 3077 magis
2483 3024 2644 3076 quam
2680 3009 2946 3064 Salvatori
2974 3010 3326 3063 conveniunt.
3351 3009 3511 3065 Libe-

265 3130 378 3184 ι,ωο
417 3128 878 3198 operimentorum
911 3127 1452 3192 vehmenwrumque
1491 3120 1698 3175 cautela
1745 3120 1839 3173 de-
1865 3094 1909 3117 ’⁸
1944 3113 2025 3156 rat
2049 3104 2190 3156 enim
2228 3102 2486 3156 Dominus
2515 3119 2540 3155 a
2578 3101 2758 3164 ruina,
2800 3110 2855 3156 et
2911 3102 3182 3156 daemonio
3211 3105 3515 3161 meridiano

263 3221 630 3290 sperationem
663 3220 953 3290 quamdam
979 3227 1033 3273 et
1063 3218 1380 3273 mmstitiam
1421 3223 1644 3284 generet
1683 3210 1837 3266 audi-

268 3313 496 3378 toribus,
543 3326 712 3380 pauea
753 3311 928 3379 aliqua
960 3325 1077 3376 qtne
1104 3318 1159 3364 et
1203 3309 1356 3363 nobis
1384 3305 1622 3376 pandere
1661 3312 1834 3357 tutum

265 3408 354 3466 sit,
385 3415 442 3459 et
475 3404 633 3458 vobis
665 3401 746 3457 fas
787 3403 858 3456 sit
899 3401 1164 3470 aspicere,
1212 3399 1471 3470 quoniam
1503 3397 1743 3467 quidem,
1779 3403 1839 3448 ut

265 3499 416 3568 prius
457 3497 722 3558 diximus,
764 3508 932 3565 genus
967 3493 1145 3562 regale
1189 3503 1244 3546 et
1287 3489 1668 3551 sacerdotium,
1705 3501 1836 3556 gens

266 3601 453 3646 sancta
499 3599 554 3645 et
604 3589 834 3659 populus
883 3587 936 3640 in
972 3585 1330 3654 acquisitione
1370 3583 1497 3637 dicti
1547 3595 1733 3635 sumus
1765 3579 1835 3643 “,

267 3683 481 3750 aperire
531 3681 885 3736 tentabimus.
919 3675 1295 3746 lntclliga‘mus
1337 3688 1466 3743 ergo
1511 3672 1834 3726 tabernacu-

266 3775 374 3829 lum
409 3773 705 3830 testimonii
755 3783 942 3826 omues
986 3776 1230 3828 sanctos,
1258 3765 1351 3834 qui
1380 3764 1480 3818 sub
1512 3772 1836 3817 testamento

269 3867 358 3920 Dei
391 3871 723 3920 censentur:
758 3871 813 3915 et
837 3861 890 3913 in
927 3859 1029 3912 hoc
1052 3853 1400 3910 tabernacqu
1423 3867 1544 3908 esse
1573 3852 1834 3921 quosdam

267 3956 530 4012 celsiores
555 3953 764 4009 meritis
785 3961 837 4006 et
871 3949 1044 4020 gratia
1075 3945 1421 4016 superiores:
1458 3951 1513 3997 et
1541 3957 1607 3997 ex
1637 3942 1702 3996 iis
1740 3941 1838 3994 ali-

271 4062 408 4117 quos
445 4046 666 4116 quidem
705 4042 1089 4098 candelabrum
1122 4036 1250 4102 dici,
1286 4036 1431 4104 ipsos
1463 4033 1603 4087 forte
1629 4041 1841 4101 aposto-

271 4138 373 4205 los,
401 4137 494 4206 qui
527 4135 835 4190 illuminant
861 4132 1186 4186 accedentes
1231 4127 1296 4180 ad
1331 4127 1522 4179 Deum.
1552 4123 1663 4178 Sed
1695 4132 1749 4176 et
1791 4121 1836 4175 si

269 4231 360 4300 qui
391 4230 482 4284 alii
523 4237 668 4290 sunt,
699 4227 790 4297 qui
821 4227 872 4280 in
919 4226 1022 4280 hoc
1069 4217 1419 4277 tabernaculo
1457 4217 1551 4272 Dei
1588 4216 1840 4272 omnibus

270 4321 701 4392 ingredientibus
733 4317 974 4373 scientiae
1018 4323 1074 4368 et
1116 4311 1380 4367 doctrina:
1431 4309 1610 4363 lumen
1657 4317 1840 4362 osten-

1946 3210 2053 3248 non
2088 3194 2458 3257 Salvatorcm,
2491 3193 2635 3262 quod
2670 3193 2810 3247 absit
2840 3208 2869 3246 a
2899 3193 3054 3248 nobis
3085 3195 3157 3248 ita
3191 3195 3509 3264 intelligere,

1939 3286 2032 3338 sed
2066 3300 2282 3338 onmem
2313 3284 2542 3353 justttm.
2590 3282 2731 3337 Justi
2759 3285 2902 3338 enim
2956 3294 3102 3348 sunt,
3131 3287 3222 3355 qui
3274 3287 3514 3358 indigent

1941 3377 2213 3446 adjutorio
2243 3377 2557 3446 angelorum
2593 3376 2708 3444 Dei,
2748 3377 2825 3431 uti
2859 3393 2926 3432 ne
2955 3393 2985 3431 a
3015 3378 3352 3434 daemonibus
3387 3381 3514 3435 sub-

1943 3480 2197 3534 ruantur,
2254 3478 2309 3523 et
2363 3483 2431 3522 ne
2480 3468 2644 3523 corda
2707 3483 2895 3524 eorum
2947 3473 3142 3541 sagitta
3193 3471 3406 3525 volante
3456 3473 3510 3526 in

1942 3563 2181 3616 tenebris
2212 3562 2573 3615 terebrentur.
2605 3560 2706 3615 Per
2742 3561 2888 3630 ipsos
2931 3564 3153 3632 angelos
3182 3566 3284 3619 sub
3321 3569 3512 3621 eodem

1940 3655 2199 3724 mysterio
2222 3653 2423 3707 Paulus
2447 3654 2742 3721 portandos
2774 3669 2894 3708 esse
2924 3657 3188 3723 quosdam
3225 3657 3514 3712 conﬁrmat

1940 3747 1994 3800 in
2031 3746 2263 3800 nubibus
2287 3760 2409 3799 cum
2439 3745 2572 3799 dicit
2599 3743 2645 3776 ’⁸
2674 3762 2686 3798 :
2735 3761 2753 3796 ι
2787 3742 2892 3799 Sed
2921 3756 2977 3799 et
3012 3762 3110 3801 nos
3137 3747 3227 3815 qui
3259 3748 3512 3814 vivimus,

1942 3839 2033 3905 qui
2067 3835 2259 3906 reliqui
2293 3851 2503 3900 sumus,
2532 3836 2692 3890 simul
2724 3852 2846 3890 cum
2877 3837 2988 3890 illis
3032 3839 3307 3908 rapiemur
3339 3842 3390 3894 in
3422 3858 3517 3895 lltl-

1941 3933 2097 3988 bibus
2125 3931 2338 3986 obviam
2380 3930 2597 3985 Christo
2631 3930 2682 3982 in
2711 3945 2858 3984 aera.
2893 3948 2912 3981 ι
2953 3929 3261 3999 Rapiuntur
3295 3949 3424 4004 ergo
3445 3935 3515 3988 ab

1942 4024 2146 4093 angelis
2176 4024 2210 4077 ii
2236 4021 2566 4098 quipenitus
2595 4022 2808 4091 purgati
2861 4033 2916 4076 et
2950 4022 3092 4078 leves
3124 4023 3297 4079 effecti
3326 4034 3451 4080 sunt
3485 4043 3518 4081 a

1944 4118 2173 4174 delictis.
2202 4118 2498 4173 Portantnr
2537 4133 2668 4172 vero
2695 4118 2732 4171 ii
2757 4119 2846 4188 qui
2882 4119 3155 4189 aliquibus
3187 4123 3363 4176 adhuc
3385 4122 3513 4177 reli-

1943 4213 2083 4282 quiis
2114 4221 2544 4282 prmgravantur.
2572 4209 2870 4264 Portantnr
2892 4226 3021 4266 vero
3047 4221 3102 4265 et
3125 4212 3390 4267 columnae
3433 4223 3518 4267 ta-

1946 4305 2220 4360 bernaculi
2248 4319 2277 4358 a
2309 4303 2659 4372 quilmsdam,
2687 4311 2743 4356 et
2790 4301 2952 4368 atria,
2984 4312 3038 4356 et
3068 4313 3263 4358 caetera
3313 4319 3433 4375 qua:
3483 4320 3514 4357 a

273 4421 422 4484 dunt,
464 4428 659 4470 omnes
690 4414 777 4468 isti
808 4409 1190 4467 candelabrum
1233 4406 1518 4475 mysticum
1555 4403 1835 4457 nominen-
1869 4401 1912 4455 D
1942 4397 2224 4465 Scriptura
2277 4380 2616 4451 referuntur.
2681 4391 2979 4448 Pot-tantur
3041 4406 3218 4449 autem
3281 4412 3384 4450 non
3447 4397 3516 4450 ab

276 4521 380 4564 tur.
408 4508 514 4564 Alii
539 4508 651 4562 sint
682 4519 868 4559 mensa
923 4517 1100 4566 sacra,
1143 4499 1360 4555 scilicet
1399 4497 1711 4566 quicunque
1741 4496 1842 4548 ha-

273 4604 399 4658 bent
421 4617 590 4672 panes
629 4601 742 4666 Dei,
767 4607 824 4654 et
843 4596 1095 4653 reﬁciunt
1121 4608 1184 4649 ac
1213 4601 1441 4662 pascunt
1474 4590 1683 4645 animas
1717 4605 1844 4644 esu-

277 4699 482 4753 rientes
520 4696 813 4765 justitiam.
841 4692 945 4747 Alii
979 4690 1088 4745 sint
1128 4690 1300 4745 altare
1351 4685 1584 4754 incensi,
1615 4685 1845 4753 quicun-

275 4806 378 4862 que
413 4787 758 4845 orationibus
790 4795 844 4841 et
880 4784 1103 4856 jejuniis
1138 4783 1225 4837 die
1257 4796 1322 4836 ac
1360 4789 1520 4836 nocte
1563 4786 1761 4833 vacant
1791 4777 1842 4830 iu

276 4883 471 4954 templo
497 4881 614 4946 Dei,
635 4888 860 4934 orantes
892 4894 998 4932 non
1022 4876 1187 4947 286
1208 4875 1382 4930 solum
1408 4887 1502 4944 pro
1521 4869 1853 4941 semetipsis,

274 4979 361 5032 sed
395 4985 450 5030 et
500 4990 598 5040 pro
646 4973 901 5028 universo
945 4970 1164 5038 populo.
1188 4967 1229 5021 li
1264 4980 1394 5020 vero
1431 4962 1628 5033 quibus
1653 4975 1852 5015 arcana

277 5067 533 5139 mysteria
550 5064 781 5121 credidit
798 5059 1359 5124 Deus,etoccultorum
1375 5054 1723 5125 providentiae
1740 5066 1851 5106 sua:

274 5162 596 5233 judiciorum
649 5164 857 5213 secreta
918 5151 1211 5216 commisit,
1247 5163 1371 5202 arca
1410 5144 1714 5200 testamenti
1755 5141 1848 5196 Dei

279 5257 630 5328 appellentur.
657 5252 828 5307 Porro
856 5247 1094 5317 quicum
1119 5243 1267 5299 onmi
1299 5240 1492 5294 ﬁducia
1523 5252 1616 5307 per
1636 5234 1846 5289 hostias

281 5322 525 5417 precum,
585 5340 1147 5414 supplicationumque
1179 5331 1428 5386 victimas
1460 5329 1624 5381 Deum
1678 5322 1843 5378 homi-

285 5441 437 5496 nibus
471 5437 847 5509 repropitiant,
891 5443 941 5489 et
973 5447 1071 5501 pro
1115 5425 1328 5482 delictis
1367 5419 1543 5493 populi
1597 5417 1835 5471 interve-

352 5581 392 5611 ι’
419 5575 580 5630 Num.
613 5589 765 5628 xm.
845 5571 888 5601 ²⁰
919 5568 1054 5625 Gen.
1082 5578 1238 5625 xvttt,
1263 5558 1356 5614 ’M.
1433 5556 1475 5587 “
1511 5553 1701 5610 lPelr.
1727 5549 1860 5619 11,9.

1937 5552 1980 5582 ³³
2015 5549 2176 5607 Hebr.
2212 5567 2250 5617 ι,
2279 5550 2358 5604 ti.

1942 4488 2226 4550 lsraelitis,
2258 4487 2351 4541 sed
2380 4502 2409 4538 a
2455 4484 2682 4549 Levitis,
2743 4487 3044 4540 secundum
3104 4487 3247 4540 hunc
3292 4503 3514 4543 sensum

1941 4596 2101 4650 quem
2127 4581 2178 4633 in
2214 4589 2531 4634 transcursu
2561 4579 2808 4631 videmur
2835 4579 2984 4632 brevi
3019 4581 3332 4648 contigisse,
3357 4581 3521 4635 relin-

1941 4683 2172 4745 quentes
2201 4673 2454 4728 sensibus
2478 4673 2808 4736 auditormn,
2837 4682 2893 4727 ut
2921 4675 2964 4728 si
2986 4676 3108 4743 quis
3125 4674 3190 4727 de
3221 4653 3285 4727 iis
3312 4673 3519 4742 majore

1943 4766 2212 4821 desiderio
2238 4763 2574 4834 flagraverit,
2610 4764 2873 4818 accendat
2899 4765 3000 4818 sibi
3041 4765 3217 4820 lumen
3255 4767 3516 4829 scientim,

1953 4870 2010 4916 et
2061 4859 2264 4928 majora
2337 4859 2527 4913 horum
2576 4859 2734 4912 oculo
2790 4859 3188 4928 perspicaciore
3245 4858 3517 4925 conjiciat.

1955 4950 2123 5006 Nobis
2163 4959 2342 5005 autem
2371 4949 2641 5005 concedat
2671 4949 2952 5013 Dominus,
3003 4958 3059 5001 ut
3090 4965 3117 5001 a
3173 4948 3370 5001 talibus
3394 4963 3524 5013 ope.-

1955 5044 2111 5096 rariis
2143 5042 2343 5112 portati
2371 5051 2424 5095 et
2443 5040 2739 5104 sublevati,
2769 5040 3068 5094 liberemur
3093 5047 3146 5092 et
3169 5038 3523 5093 defemlamur

1950 5152 1980 5188 a
2011 5135 2203 5204 sagitta
2229 5135 2446 5189 volante
2479 5135 2531 5187 iu
2569 5133 2840 5197 tenebris,
2890 5141 2945 5185 ct
2973 5147 3000 5184 a
3032 5132 3207 5197 ruina,
3241 5141 3297 5185 et
3319 5133 3522 5186 dmino-

1948 5231 2038 5285 nio
2064 5229 2384 5296 meridiano,
2425 5233 2494 5281 ne
2521 5227 2659 5282 forte
2688 5226 3030 5281 offendamus
3061 5225 3128 5280 ad
3154 5224 3382 5293 lapidem
3420 5237 3520 5292 pe-

1945 5323 2066 5377 dem
2095 5331 2364 5385 nostrum,
2402 5333 2684 5389 usqueqno
2709 5323 3093 5389 perveniamus
3130 5320 3196 5373 ad
3236 5319 3411 5370 locum
3443 5331 3524 5369 re.

1944 5415 2326 5484 promissionis
2377 5424 2715 5478 sanctorum,
2763 5429 2860 5484 per
2897 5413 3174 5469 Christum
3227 5412 3516 5466 Dominum

2436 5549 2642 5606 “Psai.
2678 5566 2785 5614 xei,
2829 5551 2910 5604 ll.
2988 5550 3033 5581 "
3065 5548 3082 5602 Ι
3114 5547 3303 5602 Thess.
3333 5561 3406 5609 tv,
3438 5544 3521 5600 ιδ.

351 5717 468 5788 (η)
511 5715 678 5781 5153.,
721 5732 738 5765 ι
785 5709 1134 5783 «aperimus.
1172 5726 1190 5762 ι
1227 5703 1388 5761 Libb.
1423 5700 1586 5768 editi,
1633 5717 1654 5753 ι
1687 5697 1966 5774 coapimtts.
2005 5715 2033 5755 ι,
