4074 6156
508 211 612 265 607

510 342 778 393 nostrum.
813 347 896 386 cm
927 341 1013 386 est
1037 333 1212 388 honor
1236 341 1293 388 et
1314 333 1604 405 imperium
1647 333 1760 405 (73)
1801 334 1855 389 in
1897 334 2090 389 saecula
2119 336 2162 392 A

507 419 856 474 szeculorum.
883 422 1075 477 Amen.

1095 537 1376 594 HOMILIA
1409 538 1497 594 Vl.

507 625 593 705 De
625 645 683 681 eo
722 629 864 697 quod
890 632 1144 705 scriptum
1177 644 1251 705 est
1289 649 1305 686 :
1343 653 1360 683 ‹
1397 633 1542 687 Exiz't
1580 633 1792 705 Moyses
1816 642 1885 690 ad
1918 654 2079 704 popu-

574 699 706 773 lu‘m.
741 719 759 750 ι
799 710 846 752 ει
881 704 944 754 de
972 703 1301 773 septuaginta
1339 699 1753 773 presbyteris}!
1781 709 1845 762 de
1866 699 2088 762 [Et/iia-

579 769 746 837 pissa,
795 787 954 833 quant
987 769 1196 842 Moyses
1219 769 1414 842 accepit
1453 769 1692 831 uiorent.

578 878 629 934 l.
661 877 824 935 Plura
848 881 1004 936 nobis
1027 883 1190 936 simul
1228 885 1454 939 recitata
1487 897 1632 950 sunt,
1662 898 1716 942 et
1741 891 1807 945 de
1835 893 2086 949 omnibus

506 969 574 1024 iis
608 971 814 1034 dicere.
848 989 950 1029 nec
980 977 1246 1044 temporis
1279 977 1541 1047 brevitas,
1573 995 1671 1037 nec
1702 986 2083 1053 mysteriormu

506 1063 822 1130 magnitudo
855 1069 1146 1133 permittit.
1193 1069 1406 1123 Licebit
1450 1081 1633 1126 tamen
1672 1088 1736 1126 ex
1771 1077 2084 1146 ingentibus

505 1155 715 1222 campis
759 1172 963 1226 paucos
997 1159 1251 1218 flosculos
1291 1163 1492 1233 legere,
1551 1175 1604 1220 et
1663 1184 1770 1222 non
1819 1181 2081 1238 quantmn

505 1260 637 1314 ager
670 1251 956 1316 exuberat,
988 1253 1082 1307 sed
1112 1264 1378 1322 quantum
1406 1257 1658 1312 odoratui
1706 1259 1937 1314 sufﬁciat
1964 1279 2085 1318 car-

505 1352 656 1406 pere.
692 1338 921 1396 Sicutet
948 1358 1068 1398 cum
1097 1347 1219 1412 quis
1267 1348 1481 1400 accedit
1525 1349 1593 1400 ad
1647 1347 1871 1413 fontem,
1898 1370 2003 1410 non
2031 1357 2081 1410 ei

509 1439 717 1484 tantum
757 1431 978 1489 haurire
1021 1451 1246 1493 necesse
1295 1449 1412 1506 est,
1457 1454 1720 1513 quantum
1758 1461 1894 1500 vena
1931 1449 2082 1503 dives

505 1518 781 1589 effuderit,
813 1525 907 1578 sed
942 1537 1204 1593 quantum
1251 1543 1468 1587 arentes
1496 1534 1585 1588 siti
1631 1536 1842 1604 mitiget
1872 1537 2079 1600 fauces.

509 1627 576 1666 ne
631 1613 772 1668 forte
804 1615 926 1685 plus
951 1615 1102 1686 justo
1143 1631 1378 1690 sumpta,
1431 1625 1524 1679 fiat
1595 1630 1801 1695 potanti
1849 1629 2080 1686 salubris

506 1705 650 1786 unda
677 1708 967 1776 pernicies.
991 1728 1011 1761 ι
1031 1711 1097 1766 Ει
1118 1713 1274 1778 exiit,
1295 1716 1468 1783 inquit
1495 1718 1560 1782 ⁸⁵,
1586 1718 1799 1789 Moyses
1826 1719 1891 1772 ad
1912 1735 2079 1790 popu-

508 1797 640 1864 lum,
663 1809 717 1853 et
753 1801 965 1857 locutus
990 1813 1072 1857 est
1109 1805 1173 1858 ad
1203 1820 1326 1858 eum
1355 1809 1519 1863 verba
1566 1810 1803 1864 Domini.
1852 1830 1872 1863 ι
1904 1813 2084 1868 Donec

507 1893 672 1948 verba
691 1893 900 1950 Domini
930 1898 1080 1952 audit
1110 1898 1320 1971 Moyses
1343 1909 1399 1954 et
1427 1903 1494 1955 ab
1517 1903 1636 1972 ipso
1669 1907 1910 1973 docetur,
1939 1909 2085 1962 intus

503 1997 611 2056 est,
631 1995 684 2041 et
702 1988 754 2042 in
783 1989 1135 2046 interioribus
1151 1992 1402 2046 consistit
1420 2004 1584 2063 atque
1601 1996 1654 2049 in
1678 1997 1890 2052 intimis
1911 2013 2085 2054 secree

509 2078 580 2133 tis
636 2078 890 2134 habetur.
933 2081 1033 2136 Ubi
1088 2098 1216 2138 vero
1254 2083 1434 2137 turbis
1488 2085 1729 2155 loquitur
1763 2097 1818 2140 et
1851 2087 2082 2156 populis,

507 2171 780 2227 ministrat
810 2175 856 2228 ei
890 2176 979 2242 qui
1022 2175 1168 2230 intus
1199 2193 1304 2230 non
1340 2187 1520 2247 potest
1572 2193 1740 2244 Stare,
1771 2181 1923 2234 exire
1951 2180 2086 2234 dici-

509 2274 598 2318 tur
644 2266 812 2322 foras.
849 2267 986 2334 Quid
1028 2283 1157 2339 ergo
1205 2271 1396 2325 forma:
1434 2271 1556 2326 talis
1589 2274 1830 2326 continet
1867 2272 2082 2326 sermo?

505 2355 662 2423 Quod
691 2361 870 2415 omnis
892 2362 1107 2426 doctor,
1139 2373 1192 2416 et
1216 2365 1475 2434 magister
1499 2364 1754 2419 Ecclesia:
1783 2365 1829 2418 si
1869 2365 1935 2418 de
1961 2379 2087 2433 pro-

507 2450 848 2506 f'undioribus
899 2456 1178 2524 mysteriis
1212 2455 1418 2525 aliquid
1449 2467 1696 2521 moveat,
1744 2456 1789 2510 si
1826 2471 2083 2510 arcanum

505 2542 636 2610 quid
666 2553 722 2598 et
759 2547 1095 2600 reconditqu
1126 2549 1192 2603 de
1227 2548 1318 2604 Dei
1368 2550 1634 2617 sapientia
1675 2548 1908 2618 proferat
1945 2551 2086 2604 inter

507 2637 803 2706 perfectos,
843 2640 1018 2694 donec
1073 2642 1125 2694 in
1179 2643 1462 2711 profundis
1512 2643 1768 2698 seusilms
1810 2654 2082 2708 versatur,

507 2730 654 2785 intus
683 2745 827 2796 esse,
860 2743 917 2787 et
967 2732 1019 2786 in
1072 2734 1424 2788 interioribus
1469 2737 1771 2791 consistere
1826 2737 2086 2791 dicendus

504 2832 608 2877 est.
637 2822 770 2878 Cum
802 2840 929 2880 vero
955 2825 1195 2894 loquitur
1215 2827 1282 2880 ad
1328 2829 1534 2894 turbas,
1562 2838 1620 2882 et
1645 2843 1705 2882 ea
1734 2828 1940 2897 profert
1966 2844 2087 2898 qua:

504 2918 781 2974 sufﬁciant
816 2919 881 2974 iis
909 2919 999 2988 qui
1045 2918 1178 2972 foris
1224 2930 1374 2985 sunt,
1406 2929 1462 2974 et
1504 2937 1624 2991 quae
1665 2932 1844 2992 potest
1893 2923 2084 2991 vulgus

505 3011 718 3075 audire,
757 3011 904 3066 foras
934 3012 1133 3066 dicitur
1171 3011 1375 3077 exisse,
1413 3023 1468 3066 et
1515 3014 1660 3082 loqui
1713 3015 1780 3069 ad
1826 3016 2080 3084 populum
2111 3027 2152 3083 ς,

505 3106 670 3160 verba
700 3105 933 3159 Domini.
971 3105 1084 3158 l-loc
1118 3105 1276 3159 video
1305 3117 1360 3160 et
1410 3106 1636 3163 Paulum
1675 3109 1889 3176 fecisse,
1921 3121 1976 3164 et
2002 3111 2084 3163 in-

509 3207 596 3250 tus
645 3198 864 3266 quidem
919 3197 1108 3262 fuisse,
1148 3215 1271 3253 cum
1328 3199 1534 3255 diceret
1565 3202 1612 3233 ³⁸
1645 3225 1657 3257 ;
1698 3222 1716 3254 ι
1749 3202 2082 3273 Sapientiam

506 3296 686 3342 autem
718 3288 993 3357 loquimur
1032 3291 1173 3344 inter
1219 3291 1514 3358 perfectos,
1545 3293 1866 3361 sapientiam
1901 3305 2082 3350 autem

510 3395 618 3432 non
654 3378 818 3446 hujus
844 3381 1059 3444 mundi,
1095 3395 1270 3449 neque
1304 3382 1610 3452 principum
1648 3383 1808 3451 hujus
1859 3389 2081 3453 mundi,

505 3471 595 3541 qui
647 3471 1018 3526 destruentur.
1069 3472 1173 3528 Sed
1205 3472 1480 3542 loquimur
1531 3474 1624 3528 Dei
1675 3478 1996 3545 sapientiam
2031 3482 2084 3535 in

508 3563 766 3633 mysterio
789 3561 1188 3627 absconditam,
1215 3580 1378 3634 quam
1413 3579 1572 3618 nemo
1596 3565 1898 3636 principmu
1929 3569 2086 3638 hujus

508 3654 696 3708 mundi
727 3656 995 3724 cognovit.
1037 3675 1056 3707 ι
1103 3655 1262 3711 Vides
1298 3658 1570 3725 quomodo
1603 3658 1747 3712 intus
1780 3667 1881 3721 est,
1915 3669 1970 3714 et
2005 3663 2084 3715 in-

510 3756 662 3800 terna
693 3754 854 3815 atque
880 3763 1078 3802 arcana
1103 3749 1302 3804 divinae
1349 3751 1634 3819 sapientiae
1667 3762 1918 3820 penetrat
1939 3752 2084 3806 Pau-

509 3837 616 3901 lus,
650 3852 770 3892 cum
800 3839 914 3893 lucc
945 3839 1207 3909 loquitur.
1233 3841 1365 3894 Cum
1392 3851 1574 3895 autem
1604 3845 1850 3909 procedit
1898 3845 1963 3898 ad
1993 3861 2086 3914 po-

507 3930 856 4000 pulum,andi
881 3932 1008 4001 quid
1042 3934 1280 4001 loquitur
1309 3934 1353 3965 ²⁷
1389 3951 1405 3989 :
1438 3934 1605 4004 287
1641 3954 1658 3986 ι
1693 3936 1881 3990 Omnis
1905 3951 2085 3991 sermo

509 4023 686 4089 malus
726 4024 792 4076 de
818 4039 913 4076 ore
936 4035 1120 4078 vestro
1147 4042 1253 4079 non
1278 4029 1575 4095 procedat;
1617 4047 1635 4080 ι
1672 4037 1726 4081 et
1759 4046 1772 4082 :
1807 4047 1825 4080 ‹
1868 4028 1970 4095 Qui
1997 4027 2083 4081 fu-

509 4114 755 4179 rabatur,
779 4111 893 4181 jam
935 4129 1040 4166 non
1077 4114 1390 4180 furetur";
1435 4136 1453 4169 ι
1490 4125 1545 4170 et
1578 4133 1592 4170 :
1626 4135 1645 4169 ‹
1703 4116 2086 4186 Unusquisque

508 4206 594 4260 vir
625 4222 852 4262 uxorem
903 4222 1056 4259 suam
1103 4207 1301 4262 habeat
1329 4211 1409 4276 '9;
1455 4229 1476 4262 ι
1511 4219 1604 4266 et:
1644 4229 1662 4261 ι
1697 4210 2085 4282 Unusquisque

508 4301 816 4368 proximum
871 4314 1031 4354 suum
1089 4301 1231 4355 sicut
1285 4303 1520 4371 seipsum
1574 4303 1869 4369 diligat”;
1917 4323 1935 4357 ι
1983 4315 2079 4358 et:

515 4414 533 4445 ι
576 4393 926 4464 Unaquaeque
955 4393 1151 4447 mulier
1184 4395 1358 4447 virum
1392 4411 1548 4449 suum
1586 4397 1784 4449 habeat
1808 4397 1872 4448 ³¹.
1904 4415 1922 4448 ι
1954 4395 2081 4452 Haec
2114 4383 2156 4437 Ῑ)

515 4499 570 4542 et
594 4488 640 4542 si
669 4503 773 4557 qua
804 4486 1111 4555 huiusmodi
1153 4497 1316 4554 sunt,
1347 4487 1549 4544 Paulus
1587 4491 1878 4543 secundum
1935 4489 2080 4561 Moy-

511 4581 587 4635 sis
615 4582 840 4634 formam
877 4578 1024 4634 foras
1047 4581 1254 4644 exiens,
1295 4581 1360 4634 ad
1395 4581 1652 4651 populum
1681 4581 1944 4650 loquitur.

579 4673 634 4728 2.
675 4671 782 4726 Sed
815 4673 1097 4726 videamus
1131 4685 1184 4726 et
1211 4673 1353 4727 aliud
1383 4684 1544 4742 caput
1566 4717 1581 4741 ,
1617 4678 1668 4729 in
1702 4691 1808 4745 quo
1847 4677 2084 4732 refertur

509 4763 656 4832 quod
698 4763 1038 4832 septuaginta
1090 4763 1237 4818 viros
1283 4764 1509 4832 elegerit
1553 4767 1765 4837 Moyses
1797 4782 1862 4822 ex
1895 4769 2076 4824 senio-

513 4858 662 4912 ribus
709 4858 888 4927 populi
929 4871 983 4911 et
1041 4857 1292 4914 habuerit
1343 4875 1437 4914 eos
1486 4871 1610 4915 ante
1675 4861 2078 4916 tabernaculum

513 4949 830 5010 testimonii,
867 4959 923 5004 et
971 4950 1034 5004 de
1079 4952 1274 5019 spiritu
1308 4951 1476 5023 Moysi
1511 4953 1783 5022 accipiens
1813 4954 1952 5008 Deus
1983 4955 2079 5008 de-

511 5043 652 5096 derit
686 5043 1027 5112 septuaginta
1059 5044 1387 5110 senioribus,
1418 5064 1436 5096 ‹
1459 5055 1511 5100 et
1543 5062 1664 5100 cum
1707 5050 2078 5116 requievisset,

605 5182 655 5256 ff
683 5180 845 5256 Nu_m._
873 5199 950 5256 xi,
977 5182 1064 5236 24.
1171 5185 1217 5256 ξθ
1245 5183 1261 5236 I
1287 5184 1479 5256 (Σίπτη,
1515 5186 1546 5239 6
1577 5196 1631 5238 et
1666 5202 1819 5256 sett‘l-

511 5254 680 5318 ν,’55.
757 5254 799 5286 ³³
831 5253 848 5307 l
880 5255 1006 5308 Cor.
1043 5268 1135 5320 \‘lt,
1166 5255 1221 5308 2.
1317 5255 1359 5286 ³³
1389 5255 1548 5309 Nunt.
1583 5273 1658 5323 χι,
1694 5253 1794 5311 25.
1857 5258 1901 5289 ³³
1929 5253 2038 5314 ibid
2112 5258 2158 5290 “

589 5394 702 5472 (73)
742 5394 796 5449 In
829 5397 1059 5472 yulgatis
1079 5397 1405 5472 editionibus
1428 5399 1581 5472 deest
1602 5419 1621 5450 ι
1649 5410 1704 5455 et
1736 5402 2072 5472 imperium,»

521 5466 973 5534 qumlsuppletur
1001 5483 1031 5520 e
1053 5470 1240 5522 codice
1275 5468 1459 5523 Sancti
1487 5466 1833 5527 Theoderici.

744 5533 866 5588 Non
900 5539 1038 5590 enim
1085 5547 1253 5606 potest
1299 5538 1530 5606 Spiritus
1559 5555 1807 5606 sanctus,
1848 5555 1954 5599 etc.
1993 5542 2085 5599 Sic

524 5604 635 5680 fere
671 5604 1024 5680 Iiermaslib.
1054 5604 1114 5671 ti,
1147 5604 1385 5664 mandat.
1425 5611 1478 5673 5,
1516 5627 1635 5679 pag.
1667 5613 1733 5667 47
1760 5604 1826 5667 εἰ
1859 5616 2010 5680 Quod
2038 5619 2082 5670 si

523 5676 801 5731 iracundia
853 5676 1036 5747 aliqua
1082 5684 1450 5749 supervenerit
1479 5676 1790 5750 ,co—ntinuo
1848 5676 2085 5758 Spiritus

1963 210 2286 268 ORIGENIS

1895 5189 1938 5219 "
1977 5188 2174 5258 Ephes.

3679 196 3821 250 603

2195 332 2370 402 inquit
2392 332 2455 393 ³²,
2499 345 2663 400 super
2716 344 2809 385 eos
2852 327 3094 397 spiritus,
3129 323 3598 395 prophetaverunt
3650 335 3816 372 om-

2193 442 2308 482 nes.
2353 444 2372 476 ›
2414 424 2568 492 Quod
2595 425 2760 488 dixit,
2789 423 2916 492 quia
2947 435 3231 476 assumens
3255 422 3320 472 de
3346 417 3542 486 spiritu
3573 409 3812 486 Moysi,

2190 523 2336 576 dedit
2372 522 2711 589 septuaginta
2745 518 3056 571 senioribus
3099 513 3374 584 Spiritum,
3409 526 3514 564 non
3568 509 3646 562 ita
3699 508 3810 560 in—

2192 611 2401 679 tclligas
2433 609 2590 678 quasi
2652 607 2991 662 materialem
3045 604 3281 672 aliquam
3334 609 3810 670 corporeamque

2189 703 2548 758 substantiam
2580 701 2834 756 auferens
2865 700 3007 753 Deus
3041 713 3068 750 a
3098 697 3284 768 Moyse
3323 695 3374 748 in
3424 693 3804 762 septuaginta

2188 796 2424 850 secuerit
2452 795 2752 865 portiones,
2791 804 2846 848 et
2880 793 2952 846 ita
2990 791 3281 859 unicuique
3323 791 3612 844 seniorum
3647 785 3799 842 exi-

2188 904 2348 956 guam
2381 887 2706 956 particulam
2745 887 2976 941 dederit.
3029 884 3254 953 lmpium
3309 892 3394 937 est
3445 883 3518 935 ita
3567 879 3801 935 intelli—

2187 995 2317 1052 gere
2355 990 2604 1034 naturam
2643 978 2877 1048 Spiritus
2920 977 3116 1031 sancti.
3152 973 3258 1028 Sed
3296 973 3406 1044 hoc
3436 972 3598 1025 modo
3629 971 3796 1039 figu-

2187 1085 2302 1125 ram
2337 1071 2549 1138 mystici
2587 1069 2744 1139 lmjus
2767 1067 3037 1123 sermonis
3067 1066 3311 1128 adverte,
3337 1064 3492 1133 quasi
3528 1063 3788 1135 Moyses,

2187 1171 2236 1215 et
2267 1162 2494 1230 spiritus
2521 1161 2613 1231 qui
2645 1171 2764 1214 erat
2802 1159 2854 1212 in
2897 1157 3114 1230 Moyse,
3161 1155 3449 1212 clarissimi
3485 1153 3788 1220 cujusdam

2188 1254 2404 1310 luminis
2467 1253 2634 1308 fuerit
2693 1253 2913 1306 lucerna
2936 1292 2951 1317 ,
3008 1267 3074 1306 ex
3111 1266 3216 1320 qua
3248 1249 3385 1302 alias
3422 1248 3786 1316 septuaginta

2187 1348 2440 1401 lucernas
2484 1344 2800 1399 accenderit
2841 1343 2985 1397 Deus
3015 1383 3029 1406 ,
3065 1343 3130 1395 ad
3157 1355 3298 1410 quas
3330 1341 3402 1393 ita
3447 1337 3784 1409 principalis

2185 1440 2334 1494 illius
2380 1438 2603 1492 luminis
2657 1436 2918 1506 splendor
2973 1433 3322 1505 pervenerit,
3367 1441 3425 1486 ut
3465 1432 3619 1501 origo
3650 1431 3778 1500 ipsa

2186 1530 2404 1584 luminis
2436 1527 2572 1583 nihil
2605 1527 2784 1581 damni
2818 1540 2886 1579 ex
2916 1525 3247 1581 conunercio
3275 1523 3638 1577 derivationis
3669 1538 3774 1576 ac-

2184 1621 2410 1689 ceperit.
2439 1620 2505 1674 Et
2539 1620 2641 1674 hoc
2671 1618 2830 1672 modo
2858 1617 2946 1687 pie
2973 1615 3297 1686 intelligitur
3321 1613 3465 1683 quod
3499 1613 3772 1681 scriptum

2117 1685 2158 1738 Β
2187 1685 2269 1768 est
2309 1714 2390 1778 ³³,
2425 1731 2445 1764 «ι
2482 1713 2608 1781 quia
2651 1685 2874 1765 abstulit
2910 1685 3172 1762 Dominus
3217 1709 3284 1762 de
3326 1707 3520 1776 spiritu
3567 1704 3767 1778 Moysi,

2187 1816 2241 1861 et
2274 1805 2428 1859 dedit
2463 1807 2808 1874 septuaginta
2841 1803 3166 1858 senioribus.
3193 1818 3213 1852 ι

2256 1898 2309 1952 5.
2337 1896 2442 1953 Sed
2469 1898 2754 1951 videamus
2794 1895 2925 1967 quid
2963 1903 3046 1949 est
3075 1893 3217 1961 quod
3242 1894 3319 1947 ait
3342 1893 3394 1947 in
3423 1907 3770 1962 consequen-

2189 1992 2374 2046 tibus:
2403 2009 2420 2043 ι
2455 1989 2523 2043 Ει
2556 1991 2846 2059 requievit,
2883 1990 3057 2060 inquit
3088 1988 3133 2020 “
3153 2029 3168 2054 ,
3200 2001 3364 2057 super
3387 2003 3479 2042 eos
3510 1989 3768 2058 spiritus,

2186 2093 2241 2138 et
2270 2083 2663 2154 prophetarum
2684 2097 2896 2137 omnes.
2927 2102 2946 2133 ι
2981 2081 3344 2150 Requiescere
3370 2081 3624 2150 Spiritum
3658 2097 3766 2134 non

2188 2179 2240 2232 in
2270 2178 2684 2246 quibuscunque
2711 2176 3019 2230 hominibus
3049 2175 3276 2245 legimus
3310 2191 3324 2228 :
3354 2175 3446 2229 sed
3473 2175 3524 2227 in
3554 2173 3769 2259 sianctis

2185 2283 2241 2327 ct
2287 2273 2484 2326 beatis.
2529 2270 2844 2339 Requiescit
2876 2272 3022 2323 enim
3073 2270 3298 2339 spiritus
3332 2271 3423 2322 Dei
3465 2270 3516 2322 in
3569 2268 3636 2320 iis
3671 2268 3768 2335 qui

2188 2364 2387 2419 tnundo
2418 2371 2544 2418 sunt
2578 2365 2741 2416 corde
2764 2405 2778 2428 ,
2811 2373 2866 2416 et
2901 2363 2952 2416 in
2987 2364 3052 2417 iis
3082 2364 3173 2432 qui
3222 2362 3509 2432 purificant
3547 2360 3772 2414 animas

2187 2471 2311 2510 suas
2346 2471 2375 2509 a
2417 2465 2642 2523 peccato
2680 2471 2694 2508 :
2730 2455 2874 2510 sicut
2913 2456 3220 2510 econtrario
3252 2471 3358 2509 non
3393 2455 3664 2508 inhabitat
3712 2455 3770 2506 in

2186 2563 2414 2618 corpore
2470 2548 2690 2603 subdito
2741 2548 3020 2617 peccatis,
3079 2548 3295 2602 etiamsi
3337 2547 3604 2602 habitavit
3659 2545 3771 2599 ali-

2187 2641 2404 2710 quando
2427 2641 2582 2695 ineo.
2601 2637 2718 2693 Non
2745 2639 2889 2693 enim
2924 2648 3101 2708 potest
3135 2638 3369 2708 Spiritus
3403 2646 3623 2692 sanctus
3649 2634 3770 2707 (74)

2187 2733 2522 2787 consortium
2569 2732 2678 2801 pati
2725 2740 2779 2786 et
2828 2731 3146 2785 societatem
3189 2732 3416 2800 spiritus
3447 2730 3595 2784 mali.
3626 2728 3768 2784 Cer-

2192 2836 2302 2880 tum
2335 2835 2422 2879 est
2459 2825 2603 2880 enim
2663 2825 2870 2894 peccati
2932 2832 3175 2892 tempore
3236 2825 3425 2878 adesse
3483 2824 3535 2876 in
3597 2827 3766 2878 corde

2188 2916 2616 2985 uniuscujusque
2670 2917 2918 2984 spiritum
2974 2915 3209 2981 malum,
3266 2923 3322 2969 et
3365 2931 3527 2985 agere
3572 2927 3766 2986 partes

2187 3024 2338 3062 suas.
2376 3007 2472 3062 Cui
2505 3009 2694 3077 utique
2727 3022 2848 3061 cum
2882 3007 3035 3062 locus
3064 3009 3261 3073 datur,
3310 3017 3364 3062 et
3417 3008 3676 3077 recipitur
3732 3024 3761 3060 a

2189 3101 2342 3156 nobis
2377 3115 2472 3170 per
2519 3100 2876 3169 cogitationes
2920 3101 3130 3164 malas,
3191 3110 3248 3154 et
3291 3099 3762 3167 concupiscentias

2187 3192 2469 3262 pessimas,
2508 3193 2886 3256 contristatus,
2921 3201 2998 3256 et,
3033 3201 3092 3245 ut
3147 3193 3219 3246 ita
3249 3191 3424 3246 dicam
3454 3234 3469 3257 ,
3517 3207 3758 3260 coangu—

2187 3294 2365 3339 status
2414 3285 2631 3354 fugatur
2669 3285 2736 3337 de
2781 3285 2937 3338 nobis
2967 3283 3203 3352 Spiritus
3248 3292 3488 3338 sanctus.
3535 3283 3761 3353 Pr0pter

2187 3379 2328 3446 quod
2357 3388 2411 3432 et
2442 3379 2734 3447 Apostolus
2772 3377 2952 3432 sciens
3001 3377 3117 3432 haec
3147 3377 3220 3430 ita
3259 3376 3527 3441 accidere,
3575 3391 3760 3431 mone-

2188 3473 2280 3527 bat
2308 3472 2498 3526 dicens
2536 3491 2548 3526 :
2587 3491 2606 3522 ι
2637 3470 2814 3525 Nolite
2842 3472 3169 3526 contristare
3191 3469 3452 3538 Spiritum
3485 3479 3754 3534 sanctum,

2189 3565 2241 3618 in
2291 3580 2396 3635 quo
2449 3564 2647 3633 signati
2697 3565 2829 3619 estis
2870 3564 2923 3618 in
2956 3565 3043 3619 die
3089 3563 3502 3632 redemptionis.
3537 3582 3553 3614 ι
3590 3561 3758 3633 Igitur

2187 3668 2478 3726 peccantes
2517 3657 2912 3712 contristamus
2965 3656 3226 3726 Spiritum
3269 3668 3516 3710 sanctum
3558 3673 3572 3709 :
3615 3655 3758 3724 juste

2189 3768 2317 3804 vero
2378 3761 2604 3819 agentes
2661 3759 2714 3804 et
2771 3759 2977 3810 sancte,
3039 3749 3280 3818 requiem
3326 3748 3373 3802 ei
3405 3764 3659 3818 paramus
3704 3751 3758 3802 in

2187 3844 2362 3896 nobis.
2393 3841 2548 3896 Unde
2587 3851 2643 3896 et
2681 3842 2830 3910 quod
2865 3857 3010 3895 nunc
3041 3841 3117 3895 ait
3151 3841 3215 3895 de
3245 3840 3601 3910 Septuaginta
3634 3857 3758 3910 pre-

2185 3940 2444 4009 sbyteris,
2477 3940 2605 4008 quia
2647 3940 2920 4008 requievit
2979 3940 3033 3994 in
3096 3941 3176 3995 eis
3220 3941 3449 4008 spiritus
3481 3981 3495 4005 ,
3545 3940 3756 3993 laudem

2184 4033 2308 4086 vita:
2335 4047 2523 4088 eorum
2557 4042 2612 4088 et
2641 4034 2872 4088 virtutes
2922 4034 3199 4103 exposuit.
3225 4034 3473 4103 Denique
3501 4035 3623 4103 quia
3662 4051 3762 4103 pu-

2187 4124 2346 4178 ritate
2372 4124 2551 4179 cordis
2576 4138 2766 4178 eorum
2796 4134 2851 4179 et
2877 4124 3193 4179 sinceritate
3217 4125 3439 4189 mentis,
3487 4135 3647 4194 atque
3678 4125 3761 4177 in-

2189 4215 2497 4285 telligentiaa
2560 4217 2864 4284 capacitate
2918 4217 3186 4286 requievit
3250 4218 3489 4288 Spiritus
3539 4231 3758 4272 sanetus

2187 4310 2442 4362 continuo
2472 4317 2526 4362 et
2546 4317 2807 4378 Operatur
2840 4308 2893 4361 in
2931 4310 3031 4373 eis,
3066 4324 3165 4364 nec
3195 4313 3367 4364 otium
3397 4312 3630 4380 patitur,
3669 4311 3756 4364 ubi

2188 4400 2447 4469 operandi
2493 4401 2722 4455 materia
2759 4401 2919 4469 digna
2953 4403 3284 4471 suppeditat.
3319 4403 3408 4457 Ait
3432 4403 3576 4457 enim
3610 4402 3758 4457 Scri-

2189 4501 2345 4560 ptura
2383 4509 2396 4544 :
2427 4509 2444 4540 ι
2480 4491 2547 4544 Et
2582 4491 2852 4559 requievit
2881 4491 2933 4544 in
2959 4492 3040 4545 eis
3069 4491 3294 4561 spiritus
3320 4499 3373 4545 et
3403 4493 3757 4561 prophetave-

2191 4590 2334 4634 runt.
2373 4599 2390 4632 ι
2443 4578 2499 4633 In
2538 4581 2790 4636 omnibus
2829 4596 2960 4650 ergo
3005 4582 3097 4650 qui
3142 4583 3612 4652 prophetaverunt
3669 4597 3757 4636 re—

2189 4675 2393 4743 quievit
2437 4673 2672 4744 Spiritus
2710 4683 2953 4741 sanctus,
2987 4691 3086 4730 nec
3111 4684 3291 4729 tamen
3325 4675 3376 4727 in
3407 4675 3589 4744 aliquo
3614 4675 3760 4743 ipso-

2190 4783 2309 4821 rum
2343 4767 2414 4821 ita
2449 4769 2718 4838 requievit
2747 4770 2890 4824 sicut
2922 4769 2974 4823 in
3007 4769 3320 4823 Salvatore.
3347 4766 3580 4836 Propter
3617 4768 3760 4835 quod

2188 4869 2242 4914 et
2277 4861 2539 4929 scriptum
2574 4873 2654 4916 est
2684 4862 2751 4916 de
2788 4877 2852 4916 eo
2877 4862 2945 4928 ³⁵,
2983 4863 3106 4931 quia
3147 4879 3167 4912 ‹
3191 4861 3360 4916 exibit
3395 4863 3544 4929 virga
3574 4861 3639 4914 de
3676 4875 3760 4913 ra-

2191 4951 2310 5004 dice
2341 4949 2492 5006 Jesse
2526 4961 2582 5006 et
2621 4951 2718 5007 flos
2767 4953 2832 5007 de
2885 4955 3070 5008 radice
3121 4954 3237 5021 ejus
3276 4953 3540 5006 ascendet
3574 4960 3628 5004 et
3672 4965 3758 5003 re-

2193 5047 2432 5116 quiescet
2460 5061 2622 5117 super
2654 5064 2775 5103 cum
2817 5048 3037 5115 spiritus
3075 5047 3189 5114 Dei,
3225 5047 3450 5116 spiritus
3480 5046 3761 5115 sapienti-.c

2206 5203 2279 5249 tv,
2307 5186 2396 5242 29.
2487 5187 2531 5218 ²⁸
2560 5187 2691 5242 ibid.
2715 5226 2729 5247 .
2763 5185 2857 5240 28.
2932 5185 2975 5216 ²⁹
3003 5182 3170 5240 lCor.
3198 5199 3296 5250 vn,
3320 5184 3376 5237 2.
3479 5182 3524 5213 ³⁰
3558 5180 3759 5252 Ephes.

2185 5259 2317 5312 ibid.
2393 5257 2436 5289 ³⁵
2467 5256 2568 5311 lsa.
2599 5273 2674 5323 χι,
2712 5255 2766 5320 2,
2793 5257 2846 5309 5.

2187 5411 2443 5469 sanctus,
2489 5403 2580 5472 qui
2625 5403 2679 5456 in
2725 5409 2792 5472 te
2825 5408 2942 5472 est,
2991 5397 3414 5472 angustiabitnr,
3463 5406 3516 5450 et
3554 5406 3760 5472 quaeret

2186 5467 2551 5536 discederefo
2591 5482 2696 5526 etc.
2737 5469 2946 5522 Similia
2999 5483 3210 5536 quoque
3262 5468 3442 5532 videre
3485 5477 3568 5521 est
3617 5467 3756 5534 apud

2187 5545 2446 5598 Hilarium
2473 5545 2536 5595 ad
2564 5542 2699 5611 psal.
2732 5539 3094 5611 cxvtu,_apud
3122 5537 3507 5611 Optatum-lii).
3533 5552 3608 5611 tv,
3634 5545 3757 5604 post

2188 5615 2445 5677 medium,
2478 5606 2875 5682 llieronymttnt
2906 5606 3018 5682 lib.»
3044 5624 3080 5661 ll
3115 5606 3754 5682 adversusdovininnnm,

2188 5696 2247 5741 et
2283 5686 2425 5754 apud
2465 5683 2597 5740 alios
2629 5701 2642 5738 :
2678 5677 2804 5739 item
2839 5680 3063 5737 Constit.
3093 5678 3314 5749 apostol.
3347 5678 3439 5732 lib.
3477 5691 3546 5742 η,
3582 5691 3630 5731 c.
3664 5677 3752 5732 ‘37.
