4074 6156
213 255 321 314 609

1431 251 1502 307 IN
1534 250 1868 315 NUMEROS
1908 251 2202 308 IIOMILIA
2235 253 2328 310 Vl.

3388 259 3493 315 ῢιυ

209 385 268 431 et
315 375 659 438 intellectus,
688 365 912 444 spiritus
947 371 1158 428 consilii
1192 381 1248 428 et
1285 373 1524 439 virtutis,
1574 375 1805 443 Spiritus
1833 378 1875 436 Α
1910 383 2020 439 tttr,
2051 391 2156 430 non
2181 376 2249 431 de
2286 375 2491 446 Spirittt
2519 384 2710 430 sancto
2742 375 2954 433 locutus
2997 378 3091 444 sit,
3127 380 3222 435 sed
3264 379 3332 436 de
3377 383 3492 452 spi-

213 469 475 522 scientia:
526 475 584 520 et
637 466 856 535 pietatis
890 505 906 524 .
981 473 1037 520 et
1113 465 1342 534 replebit
1403 480 1528 520 eum
1582 467 1809 536 Spiritus

215 557 453 610 timoris
511 553 806 608 Domini.»
885 551 993 608 Sed
1072 553 1302 608 fortasse
1361 555 1491 610 dicit
1540 556 1741 625 aliquis
1793 573 1808 610 :

206 642 361 700 Nihil
430 645 662 715 amplius
732 645 1017 700 ostendisti
1087 646 1350 715 scriptum
1411 648 1478 702 de
1547 647 1808 715 Christo,

213 753 392 810 quam
460 739 528 793 de
580 738 801 807 reliquis
892 738 1225 792 hominibus.
1293 739 1448 795 Sicut
1523 741 1668 795 enim
1744 743 1813 798 de

215 832 452 907 czeteris
486 831 688 886 dictum
723 839 827 894 est,
859 830 986 899 quia
1023 829 1287 898 requievit
1334 845 1498 900 super
1558 847 1651 886 eos
1676 871 1694 897 ,
1736 833 1812 888 ita

218 934 276 976 et
309 924 387 977 de
415 921 702 977 Salvatore
733 921 939 975 dictum
968 930 1072 984 est,
1103 940 1122 974 «
1159 922 1457 990 requiescit
1493 937 1660 991 super
1685 938 1808 978 eum

216 1015 458 1086 spiritus
493 1015 616 1068 Dei.
649 1033 668 1066 ›
710 1013 818 1068 Sed
847 1014 971 1067 vide
998 1014 1122 1083 quia
1171 1029 1334 1084 supra
1394 1015 1598 1069 nullum
1644 1015 1807 1070 alium
1852 1050 1856 1055 ι

217 1108 459 1182 spiritus
511 1107 607 1160 Dei
656 1105 991 1174 requievisse
1057 1105 1398 1175 septemplici
1449 1107 1554 1162 hac
1606 1109 1810 1162 virtute

216 1200 584 1265 describitur,
619 1214 719 1267 per
753 1198 894 1267 quod
935 1198 1067 1266 :sine
1113 1198 1280 1253 dubio
1328 1199 1440 1267 ipsa
1498 1200 1584 1254 illa
1639 1201 1810 1255 divini

219 1293 471 1363 Spiritus
493 1291 824 1356 substantia,
859 1306 978 1360 qua:
1007 1291 1137 1360 quia
1170 1307 1278 1345 uno
1313 1293 1534 1348 nomine
1570 1309 1674 1348 non
1711 1309 1808 1362 pn-

219 1394 416 1448 terat,
470 1383 706 1437 diversis
755 1383 1037 1437 vocabulis
1085 1383 1427 1450 explanatur,
1464 1386 1812 1454 requiescere

216 1490 401 1542 super
425 1474 637 1544 virgam
667 1489 786 1543 qua:
815 1474 883 1528 de
917 1475 1086 1545 stirpe
1115 1473 1270 1530 Jesse
1303 1479 1640 1545 procederet,
1678 1493 1810 1547 pro-

219 1569 510 1637 phetatur.
566 1565 750 1620 Habeo
784 1575 836 1620 et
868 1565 1013 1620 aliud
1064 1570 1432 1624 testimonium
1472 1586 1580 1638 quo
1614 1571 1812 1625 docere

219 1677 452 1730 possum
485 1661 537 1714 in
576 1660 803 1715 Domino
831 1669 882 1714 et
919 1659 1209 1715 Salvatore
1241 1677 1362 1716 meo
1397 1661 1659 1731 Spiritum
1693 1664 1810 1718 exic

220 1729 341 1808 niio
379 1753 616 1822 quodam
663 1767 882 1821 genere,
923 1763 976 1806 et
1008 1753 1166 1823 longe
1215 1753 1374 1808 aliter
1422 1729 1762 1824 requievisse
1791 1795 1807 1820 ,
1843 1729 1885 1784 Β

219 1868 397 1921 quam
432 1853 672 1908 refertur
702 1853 756 1907 in
792 1853 1024 1908 caeteris.
1061 1853 1206 1910 Dicit
1245 1854 1389 1909 enim
1427 1853 1668 1909 Joannes
1706 1854 1812 1907 Ba—

220 1947 403 2013 ptista
440 1946 506 2000 de
547 1961 613 2000 eo
647 1945 692 1977 ⁸⁸
723 1963 738 2000 :
781 1964 800 1997 ‹
840 1945 942 2012 Qui
975 1946 1128 2000 misit
1158 1962 1244 2001 me
1269 1946 1547 2015 baptizare
1570 1947 1623 2001 in
1648 1964 1808 2016 aqua,

225 2036 322 2088 ille
351 2035 482 2090 mihi
517 2035 702 2090 dixit:
733 2035 912 2105 Super
949 2051 1108 2104 quem
1158 2037 1364 2091 videris
1408 2037 1658 2107 spiritum
1713 2039 1811 2093 de-

224 2129 628 2193 scendentem,
677 2137 733 2182 et
783 2139 1094 2183 manentem
1147 2129 1200 2183 in
1245 2145 1352 2196 eo,
1393 2149 1412 2181 ι
1461 2131 1574 2200 ipse
1602 2141 1707 2186 est.
1751 2131 1809 2186 Si

227 2219 464 2274 dixisset
511 2239 529 2270 ι
564 2221 817 2290 Spiritum
860 2223 1285 2278 descendentem
1309 2262 1323 2284 ,
1361 2242 1380 2274 ›
1433 2232 1488 2276 et
1522 2238 1628 2277 non
1659 2223 1812 2276 addi-

228 2309 406 2362 disset
445 2317 470 2362 id
502 2321 812 2366 manentem
865 2312 919 2365 in
963 2328 1048 2376 eo,
1081 2331 1098 2364 ι
1152 2313 1287 2368 nihil
1323 2313 1656 2383 prazcipuum
1700 2329 1812 2383 pra:

231 2402 452 2457 ceteris
476 2404 682 2458 habere
712 2405 1006 2460 videretur.
1045 2405 1200 2460 Nunc
1237 2417 1418 2460 autem
1443 2408 1667 2471 addidit,
1697 2426 1715 2458 ‹
1757 2416 1812 2462 et

232 2506 544 2548 manentem
576 2496 630 2550 in
667 2511 756 2562 eo,
797 2515 816 2549 ι
856 2506 913 2551 ut
942 2506 1092 2552 esset
1143 2497 1246 2552 hoc
1289 2499 1503 2569 signum
1541 2500 1593 2553 in
1623 2498 1814 2554 Salva-

236 2593 393 2649 tore,
427 2587 572 2656 quod
615 2587 667 2640 in
704 2588 850 2643 nullo
897 2587 1008 2642 alio
1057 2598 1241 2658 posset
1281 2590 1518 2644 ostendi.
1556 2592 1632 2645 De
1665 2593 1812 2648 nullo

237 2678 384 2731 enim
416 2680 679 2747 scripturn
715 2690 842 2746 est,
890 2680 1017 2750 quia
1059 2683 1322 2736 manserit
1359 2683 1411 2735 in
1463 2697 1529 2736 eo
1575 2681 1811 2752 Spiritus

240 2779 486 2825 sanctus.
516 2769 583 2824 Et
619 2786 687 2827 ne
717 2772 838 2841 quis
873 2787 960 2828 me
987 2781 1138 2842 putet
1169 2772 1222 2827 in
1254 2772 1357 2828 hoc
1393 2775 1656 2844 derogare
1689 2791 1807 2845 pro-

239 2859 440 2928 thetis,
476 2861 659 2916 sciunt
690 2863 791 2931 ipsi
830 2863 956 2933 quia
1000 2879 1108 2919 non
1155 2866 1235 2920 eis
1260 2865 1484 2933 derogo,
1517 2864 1812 2934 praeferens

238 2951 321 3006 eis
378 2952 666 3008 Dominum
717 2969 894 3009 meum
949 2954 1134 3010 Jesum
1184 2955 1488 3011 Christum.
1546 2955 1813 3012 Recolunt

237 3043 383 3096 enim
416 3043 615 3114 singuli
644 3044 786 3100 dicta
811 3061 932 3111 sua,
958 3057 1012 3101 et
1039 3047 1322 3102 inveniunt
1361 3047 1503 3117 quod
1550 3049 1618 3102 de
1663 3048 1809 3102 nullo

241 3136 346 3188 alio
373 3136 578 3192 dictum
614 3148 698 3193 est
727 3139 771 3170 ³⁷
792 3181 806 3205 ,
846 3141 970 3208 quia
1006 3159 1025 3192 ι
1057 3149 1339 3210 peccatum
1375 3156 1482 3194 non
1535 3141 1680 3207 fecit,
1708 3156 1810 3196 nec

241 3228 493 3284 iuventus
526 3239 608 3284 est
635 3230 790 3284 dolus
833 3233 887 3285 in
937 3247 1033 3287 ore
1082 3230 1221 3300 ejus.
1259 3251 1278 3284 ι
1319 3232 1451 3299 Quia
1487 3233 1632 3289 enim
1659 3232 1808 3288 solus

243 3328 322 3374 est
370 3322 491 3377 sine
541 3333 785 3392 peccato,
830 3326 920 3395 qui
963 3334 1245 3396 peccatum
1285 3342 1390 3381 non
1423 3326 1578 3390 fecit,
1605 3327 1810 3382 idcirco

247 3414 297 3467 in
325 3415 440 3485 ipso
479 3419 595 3474 solo
633 3421 834 3474 mansit
873 3429 930 3474 et
978 3421 1276 3489 permansit
1302 3419 1555 3489 Spiritus.
1583 3421 1639 3475 Si
1663 3421 1808 3476 enim

246 3507 356 3574 ipse
390 3519 476 3563 est
507 3510 573 3564 de
604 3526 713 3579 quo
756 3511 1039 3580 singulare
1083 3511 1286 3580 aliquid
1327 3523 1381 3565 et
1421 3512 1681 3566 eximium
1729 3514 1812 3566 di-

243 3601 397 3662 citur,
427 3601 530 3654 hoc
567 3603 710 3671 quod
755 3617 918 3670 supra
957 3601 1190 3656 diximus
1220 3603 1344 3670 quia
1373 3613 1652 3670 peccatum
1701 3618 1807 3657 non

243 3690 389 3755 fecit,
420 3702 634 3747 constat
690 3693 927 3762 reliquos
979 3707 1166 3746 omnes
1211 3693 1385 3747 fuisse
1428 3697 1528 3748 sub
1561 3703 1808 3763 peccato.

248 3785 301 3837 Si
343 3800 534 3842 omnes
564 3826 579 3851 ,
631 3787 942 3842 necessario
995 3797 1051 3842 et
1094 3788 1407 3857 prophetas.
1442 3787 1510 3842 Et
1540 3789 1812 3857 quomodo

241 3879 530 3932 conveniet
554 3889 612 3933 ut
649 3889 890 3949 tempore
925 3881 1136 3949 peccati
1173 3879 1442 3934 mansisse
1475 3880 1527 3932 in
1559 3881 1639 3934 eis
1663 3881 1813 3934 dica-

244 3986 364 4025 mus
386 3971 650 4040 Spiritum
688 3984 936 4026 sanctum
964 3988 979 4024 :
1011 3980 1104 4025 aut
1136 3971 1180 4026 si
1232 3970 1326 4024 tibi
1376 3970 1694 4026 incredibile
1729 3973 1811 4024 vi-

242 4063 402 4117 detur
453 4065 748 4133 prophetas
793 4073 1080 4132 postquam
1131 4073 1458 4132 acceperant
1487 4062 1654 4132 288
1701 4062 1813 4132 spi-

245 4155 406 4209 ritum
461 4157 703 4224 potuisse
745 4172 972 4226 peccare
1000 4195 1015 4220 ,
1086 4158 1152 4210 ad
1199 4157 1340 4210 hunc
1379 4157 1554 4224 ipsum
1592 4157 1811 4227 Moysen

241 4263 400 4315 quem
433 4247 696 4303 habemus
728 4249 780 4303 in
816 4248 1068 4303 manibus
1101 4256 1435 4302 revertamur
1456 4287 1469 4308 ,
1505 4247 1597 4315 qui
1630 4252 1813 4316 utique

243 4339 511 4394 maximus
540 4350 706 4395 estet
733 4339 967 4395 eximius
997 4339 1410 4408 prophetarum.
1463 4337 1583 4406 Ipse
1635 4338 1700 4392 de
1754 4352 1815 4393 se

1915 467 2022 520 ritu
2054 469 2282 536 peccati.
2317 467 2467 535 Quod
2516 469 2562 523 si
2605 467 2904 539 Scriptum
2953 473 3265 528 testimonio
3306 483 3492 530 tantus

1915 559 2181 628 propheta
2225 558 2435 630 Moyses
2475 560 2785 615 ostenditur
2819 562 3112 628 aliquando
3152 565 3407 620 habuisse
3438 567 3493 620 in

1916 663 1974 703 se
2007 650 2262 719 spiritum
2296 651 2415 712 Dei,
2443 649 2742 720 aliquando
2769 668 2899 710 vero
2917 670 3024 709 non
3052 654 3328 722 habuisse,
3362 672 3496 726 pec-

1916 742 2024 795 cati
2053 742 2268 796 scilicet
2292 752 2556 811 tempore,
2585 755 2792 800 certum
2821 755 2904 799 est
2935 747 3059 815 quia
3085 756 3140 801 et
3165 749 3231 802 de
3259 749 3494 820 reliquis

1915 833 2195 902 prophetis
2223 834 2422 887 similis
2456 834 2627 888 forma
2666 838 2896 890 tenenda
2931 839 3022 894 sit.
3056 837 3194 903 Quid
3229 850 3408 895 autem
3439 851 3496 898 et

1916 925 1982 979 de
2016 924 2184 979 David
2219 925 2432 980 dicam?
2472 928 2564 996 qui
2599 943 2697 998 pro
2736 928 2942 998 Spiritu
2985 939 3196 995 sancto,
3231 941 3491 1004 tanquam

1915 1019 2006 1086 qui
2039 1034 2066 1071 a
2095 1033 2156 1073 se
2178 1019 2350 1086 possit
2373 1019 2602 1086 auferri,
2634 1032 2758 1074 orat
2782 1036 2849 1076 ne
2873 1021 3154 1077 auferatur
3174 1034 3230 1079 et
3248 1025 3378 1080 dicit
3405 1027 3493 1084 "z

1920 1127 1939 1160 ι
1971 1107 2047 1163 Ne
2079 1108 2336 1179 projicias
2368 1126 2454 1166 me
2479 1127 2507 1165 a
2533 1112 2672 1167 facie
2702 1121 2816 1179 tua,
2850 1123 2906 1168 et
2941 1114 3206 1183 Spiritum
3240 1127 3491 1172 sanctum

1919 1210 2066 1254 tuum
2101 1216 2167 1255 ne
2196 1201 2415 1256 auferas
2447 1218 2476 1255 a
2514 1219 2622 1257 me.
2655 1221 2674 1256 ›
2711 1203 2768 1258 lu
2807 1205 3162 1272 sequentibus
3209 1220 3342 1260 vero
3371 1216 3494 1260 tan-

1915 1309 2079 1362 quam
2114 1310 2213 1364 pro
2253 1295 2409 1365 culpa
2455 1296 2692 1350 ablatum
2736 1313 2764 1350 a
2813 1313 2874 1353 se
2907 1313 3101 1353 munus
3135 1299 3409 1368 reposcit,
3439 1307 3496 1354 et

1917 1383 2088 1438 dicit:
2117 1403 2135 1435 ‹
2173 1385 2354 1440 Redde
2380 1387 2510 1441 mihi
2536 1386 2782 1442 laetitiam
2812 1388 3072 1443 salutaris
3101 1389 3202 1455 tui,
3225 1399 3278 1443 ct
3301 1391 3496 1459 spiritu

1914 1477 2204 1547 principali
2231 1478 2491 1534 conﬁrma
2523 1496 2630 1534 me.
2664 1499 2684 1533 ›
2724 1480 2866 1547 Quid
2902 1496 3031 1536 vero
3072 1483 3239 1535 etiam
3285 1483 3351 1537 de
3402 1481 3501 1536 Sa-

1915 1569 2128 1624 lomone
2167 1574 2626 1627 commemorem?
2675 1587 2835 1642 quem
2883 1575 3068 1643 utique
3106 1590 3268 1630 nemo
3305 1574 3496 1641 dicet,

1915 1672 2009 1716 aut
2035 1663 2153 1717 sine
2189 1662 2395 1732 Spiritu
2433 1676 2629 1720 sancto
2664 1667 2947 1736 judicasse
2981 1667 3212 1734 judicia,
3242 1668 3327 1723 vel
3357 1678 3499 1722 tem-

1915 1757 2060 1825 plum
2101 1757 2329 1812 Domino
2372 1759 2792 1824 construxisse;
2835 1768 2926 1812 aut
2972 1776 3164 1815 rursus
3210 1761 3262 1814 in
3307 1773 3498 1818 sancto

1917 1848 2124 1919 Spiritu
2160 1849 2499 1906 daemonibus
2543 1852 2739 1920 templa
2790 1852 3004 1913 fecisse.
3037 1864 3131 1905 aut
3162 1854 3344 1922 impiis
3377 1871 3498 1908 tnu-

1916 1944 2142 1998 lieribus
2172 1943 2392 2000 ﬂexisse
2424 1945 2595 2001 latera
2624 1961 2742 2001 sua.
2770 1947 2942 2000 Etiam
2977 1947 3062 2002 ille
3088 1948 3372 2016 propheta,
3402 1949 3495 2018 qui

1915 2035 1967 2089 in
2015 2037 2173 2089 tertio
2225 2036 2536 2107 Regnorum
2580 2038 2714 2092 libro
2767 2039 2818 2091 in
2863 2038 3052 2094 Betth
3106 2041 3421 2094 mittebatur
3460 2056 3492 2094 a

1915 2130 2165 2194 Domino,
2209 2130 2262 2183 in
2303 2129 2499 2197 spiritu
2543 2132 2730 2199 utique
2785 2129 2902 2192 Dei,
2948 2130 3113 2183 verba
3144 2129 3239 2183 Dei
3282 2130 3497 2185 locutus

1913 2232 1996 2276 est
2021 2221 2066 2253 ’⁵ο
2093 2239 2106 2276 :
2137 2236 2244 2276 non
2281 2231 2462 2277 tamen
2507 2223 2560 2276 in
2600 2223 2796 2290 spiritu
2831 2222 2927 2275 Dei
2956 2221 3350 2290 prtevaricatus
3373 2237 3497 2276 esse

1911 2323 2247 2383 praeceptum
2278 2313 2490 2368 Domini
2516 2315 2820 2370 credendus
2848 2322 2954 2378 est,
2983 2329 3092 2383 quo
3113 2314 3297 2381 jussus
3324 2315 3498 2367 fuerat

1916 2421 2024 2458 non
2054 2405 2385 2460 manducare
2415 2420 2609 2474 panem
2656 2407 2709 2459 in
2758 2404 2970 2471 Bethel,
3009 2414 3232 2473 propter
3261 2405 3404 2473 quod
3441 2413 3496 2458 et

1915 2511 1944 2550 a
1976 2497 2130 2551 leone
2165 2499 2450 2567 perimitur
2482 2493 2549 2552 ἰίῤ
2587 2498 2693 2552 Sed
2745 2497 2963 2566 longum
3002 2508 3083 2552 est
3125 2499 3204 2550 ire
3250 2511 3348 2564 per
3388 2496 3499 2550 sin-

1913 2587 2089 2658 gulos.
2131 2589 2243 2659 Ego
2275 2600 2458 2642 autem
2490 2589 2620 2643 licet
2653 2605 2758 2642 non
2807 2603 3199 2659 usquequaque
3251 2603 3498 2657 pronun-

1917 2679 2041 2734 tiem
2066 2720 2081 2745 ,
2116 2690 2246 2749 puto
2284 2690 2462 2735 tamen
2499 2681 2640 2750 quod
2693 2682 2802 2735 sint
2853 2681 3113 2735 nonnulla
3156 2682 3319 2735 etiam
3349 2695 3498 2735 com-

1915 2771 2162 2825 munium
2218 2772 2503 2826 hominum
2539 2782 2710 2840 gesta,
2741 2787 2862 2840 quae
2887 2773 3138 2841 quamvis
3165 2779 3388 2841 peccato
3409 2785 3498 2825 ca-

1915 2870 2091 2926 reant,
2121 2877 2226 2917 non
2264 2872 2439 2918 tamen
2469 2864 2630 2934 digna
2673 2864 2966 2917 videantur
2995 2863 3196 2932 quibus
3231 2863 3496 2917 interesse

1914 2962 2166 3023 putemus
2199 2954 2458 3022 Spiritqu
2490 2965 2760 3010 sanctum.
2812 2954 2878 3010 Ut
2933 2954 3086 3009 verbi
3129 2957 3304 3026 gratia
3341 2955 3495 3010 dixe-

1917 3044 2041 3107 rim,
2072 3043 2341 3099 connubia
2370 3044 2590 3113 quidem
2619 3043 2855 3115 legitima
2895 3052 3085 3099 carent
3113 3045 3329 3113 quidem
3365 3059 3495 3113 pec-

1915 3145 2039 3189 cato
2069 3175 2086 3201 ,
2138 3150 2239 3189 nec
2271 3143 2452 3188 tamen
2502 3144 2744 3203 tempore
2777 3135 2867 3188 illo
2903 3131 3016 3204 (75)
3044 3147 3152 3201 quo
3179 3133 3495 3202 coniugales

1913 3235 2069 3281 actus
2123 3238 2390 3296 geruntur
2429 3226 2716 3294 praesentia
2755 3225 2932 3280 sancti
2984 3224 3224 3293 Spiritus
3252 3224 3493 3288 dabitur,

1912 3319 2129 3374 etiamsi
2174 3318 2436 3388 propheta
2466 3333 2588 3373 esse
2618 3317 2890 3383 videatur,
2921 3317 3014 3388 qui
3048 3316 3229 3371 oﬂicio
3253 3331 3488 3384 genera-

1914 3412 2078 3466 tionis
2106 3411 2454 3480 obsequitur.
2489 3411 2595 3465 Sed
2623 3417 2678 3464 et
2702 3411 2807 3465 alia
2839 3410 2991 3478 plura
3035 3419 3180 3468 sunt.
3208 3409 3262 3462 in
3290 3408 3491 3477 quibus

1913 3503 2111 3566 sufﬁcit
2139 3503 2253 3558 sola
2281 3504 2361 3558 vis
2394 3503 2655 3567 humana,
2699 3512 2756 3556 et
2794 3516 2970 3570 neque
3007 3515 3095 3554 res
3141 3499 3373 3569 indiget,
3401 3513 3496 3552 ne-

1912 3610 2018 3665 que
2049 3597 2210 3650 decet
2238 3595 2431 3650 adesse
2474 3594 2818 3664 praesentiam
2873 3593 3111 3662 Spiritus
3155 3591 3353 3647 sancti.
3385 3590 3494 3646 Sed

1913 3687 1966 3742 in
2013 3688 2130 3743 haac
2177 3702 2276 3756 per
2320 3701 2610 3741 excessum
2640 3685 2933 3755 quemdam
2967 3683 3324 3748 incurrimus,
3364 3681 3493 3736 dum

1913 3781 2202 3835 ostendere
2228 3777 2498 3843 volumus,
2533 3792 2695 3846 super
2725 3776 2902 3830 solum
2944 3775 3257 3839 Dominum,
3287 3783 3342 3828 et
3374 3774 3496 3829 Sal-

1913 3883 2159 3928 vatorcm
2203 3887 2381 3926 meum
2411 3869 2594 3926 Jesum
2649 3868 2921 3924 mansisse
2970 3883 3188 3936 semper
3237 3867 3492 3937 spiritum

1916 3965 2032 4033 Dei,
2064 3965 2118 4019 in
2155 3965 2370 4020 caneris
2415 3972 2600 4017 autem
2638 3962 2894 4016 omnibus
2924 3960 3157 4025 sanctis,
3189 3970 3245 4016 et
3274 3962 3416 4015 sicut
3437 3961 3492 4014 in

1918 4056 2269 4128 Septuaginta
2330 4053 2657 4118 senioribus,
2688 4067 2718 4106 a
2752 4052 2949 4122 quibus
2992 4051 3142 4106 verbi
3179 4051 3339 4120 hujus
3370 4065 3495 4119 pro-

1914 4149 2079 4204 cessit
2123 4145 2430 4211 exordium,
2462 4142 2796 4213 requievisse
2837 4153 3044 4198 tantum
3081 4144 3335 4212 spiritum
3375 4141 3491 4204 Dei,

1917 4251 1973 4296 et
1996 4247 2278 4310 operatum
2309 4251 2431 4293 esse
2460 4237 2512 4292 in
2552 4247 2796 4308 tempore
2824 4251 2912 4300 eo,
2941 4251 3050 4304 quo
3073 4235 3401 4304 expediebat
3427 4235 3495 4288 iis

1915 4349 2015 4404 per
2048 4347 2184 4403 quos
2229 4332 2586 4399 operabatur,
2630 4339 2686 4385 et
2733 4329 2862 4384 utile
2889 4338 3012 4384 erat
3056 4329 3145 4395 iis,
3169 4327 3365 4398 quibus
3392 4328 3495 4383 mi-

239 4433 450 4498 seribit,
480 4443 537 4486 et
558 4433 927 4486 testimonium
955 4433 1047 4484 dat
1079 4432 1145 4485 de
1172 4429 1486 4499 semetipso,
1525 4429 1649 4498 quia
1693 4444 1812 4498 pec-
1843 4436 1886 4490 Ι)
1915 4424 2275 4479 nistrabatur.

236 4525 444 4579 caverit
485 4524 538 4580 in
575 4540 638 4580 eo
666 4539 776 4595 quo
807 4525 947 4578 dixit
977 4523 1022 4555 ³⁸
1059 4539 1074 4576 :
1105 4541 1124 4573 ι
1154 4521 1352 4576 Audite
1384 4536 1488 4587 tne,
1526 4519 1807 4575 increduli.

237 4617 492 4689 Nunquid
529 4618 597 4672 de
639 4628 790 4688 petra
837 4619 942 4672 ista
988 4616 1296 4687 producere
1323 4615 1481 4670 vobis
1516 4613 1811 4681 poterimus

237 4715 472 4783 aquam?
509 4734 529 4766 ι
560 4715 618 4768 In
647 4715 716 4768 iis
740 4715 884 4769 enim
920 4714 1084 4770 dictis
1110 4729 1217 4768 non
1241 4712 1608 4768 sanctiﬁcavit
1635 4711 1814 4764 Domi-

239 4825 364 4863 num
396 4809 448 4862 in
485 4823 624 4878 aqua
649 4807 1098 4864 contradictionis
1143 4825 1157 4860 :
1199 4806 1252 4860 id
1287 4813 1393 4870 est,
1422 4818 1530 4858 non
1562 4811 1646 4857 est
1679 4803 1812 4857 fisus

237 4902 290 4956 in
329 4903 533 4956 virtute
584 4901 700 4966 Dei,
733 4911 789 4955 et
820 4915 925 4954 non
955 4899 1128 4964 dixit,
1155 4898 1283 4968 quia
1319 4905 1517 4965 potens
1545 4904 1629 4949 est
1667 4894 1812 4948 Deus

238 4997 304 5049 de
332 5005 489 5066 petra
526 4997 628 5049 hac
654 4995 886 5049 educere
918 4993 1074 5048 vobis
1118 5006 1314 5062 aquam
1342 5029 1358 5055 ,
1403 4991 1500 5045 sed
1546 4987 1700 5057 quasi
1743 5000 1812 5040 ex

240 5087 552 5143 difﬁdentia:
577 5087 858 5155 cujusdam
893 5085 1189 5158 fragilitate
1241 5083 1543 5154 respondit,
1575 5081 1764 5134 dicens
1794 5093 1809 5132 :

246 5200 264 5232 ι
299 5181 556 5250 Nunquid
589 5181 889 5250 poterimus
929 5182 1086 5236 vobis
1127 5181 1195 5236 de
1238 5191 1393 5248 petra
1440 5175 1538 5229 hac
1582 5173 1814 5227 educere

242 5275 478 5343 aquam?
513 5293 530 5326 ι
573 5273 710 5340 Quia
745 5289 876 5345 ergo
905 5282 1193 5344 peccatum
1224 5271 1276 5326 ei
1309 5271 1364 5324 in
1397 5267 1464 5321 iis
1505 5263 1690 5320 verbis
1726 5277 1814 5317 re-

244 5377 462 5435 putatur
488 5383 518 5421 a
547 5366 656 5421 Deo
678 5404 695 5431 ,
723 5378 934 5421 certum
965 5373 1050 5421 est
1091 5363 1236 5434 quod
1267 5361 1384 5417 haec
1411 5360 1536 5414 cum
1563 5357 1814 5424 loquere-

310 5483 534 5608 πέσω.
563 5502 606 5550 ῖ.
637 5485 728 5542 55.
833 5485 876 5517 δ’
909 5483 1012 5538 Isa.
1043 5498 1158 5548 Lm,
1197 5481 1251 5536 9.
1327 5479 1372 5512 ³⁸
1399 5475 1557 5531 Num.
1586 5488 1680 5538 XX.
1714 5469 1800 5524 10·

310 5571 340 5608 l.
408 5598 421 5608 .

243 5570 340 5618 ΧΗ,
367 5570 421 5609 Ζ.

314 5649 426 5718 (75)
478 5644 929 5718 Carentrquidern
975 5653 1227 5718 jigccnto,_
1253 5655 1343 5694 nec
1372 5648 1546 5718 tamen
1585 5644 1812 5700 tempore

242 5709 357 5785 illo,
388 5709 496 5776 etc.
528 5718 667 5774 llinc
696 5709 750 5771 iti
783 5709 1070 5772 libello'De
1093 5715 1326 5768 oratione
1364 5711 1464 5766 sub
1495 5709 1655 5763 linem
1685 5718 1811 5759 sua-

1988 4518 2041 4571 4.
2069 4515 2175 4571 Sed
2203 4524 2257 4570 et
2301 4514 2354 4568 in
2391 4511 2846 4582 consequentibus
2888 4511 3136 4567 continet
3174 4511 3335 4567 lectio
3372 4525 3495 4580 qua:

1918 4611 2141 4664 recitata
2205 4616 2332 4672 est,
2382 4609 2528 4676 quod
2571 4605 2784 4676 Moyses
2837 4604 3230 4673 Ethiopissam
3277 4602 3496 4658 duxerit

1919 4714 2168 4765 uxorem,
2185 4708 2239 4753 et
2255 4697 2422 4752 Maria
2443 4707 2610 4765 atque
2636 4699 2818 4752 Aaron
2849 4695 3187 4750 detraxerint
3211 4694 3280 4748 de
3309 4694 3494 4766 Moyse

1917 4809 2016 4846 cur
2047 4791 2446 4860 Ethiopissam
2480 4789 2718 4851 duxerit,
2768 4796 2824 4842 et
2874 4787 3026 4840 aiunt
3051 4785 3096 4818 "
3129 4802 3145 4840 :
3182 4805 3201 4837 ι
3236 4785 3492 4856 Nunquid

1918 4885 2020 4938 soli
2051 4883 2220 4954 Moysi
2249 4883 2459 4936 locutus
2487 4890 2570 4935 est
2599 4880 2900 4935 Dominus?
2925 4879 3117 4933 Nonne
3153 4886 3208 4933 et
3230 4879 3387 4933 nobis
3418 4879 3496 4934 lo-

1918 4986 2076 5032 cutus
2107 4974 2230 5030 est?
2257 4972 2325 5028 Et
2351 4973 2555 5028 audivit
2575 5011 2594 5038 ,
2645 4971 2856 5041 inquit,
2905 4971 3188 5026 Dominus.
3221 4988 3239 5020 ι
3267 4969 3333 5024 Et
3365 4978 3494 5038 post

1917 5065 2216 5134 haaejub'et
2245 5080 2340 5120 eos
2373 5064 2524 5119 exire
2575 5064 2642 5118 ad
2694 5061 3102 5118 tabernaculum
3154 5059 3492 5125 testimonii,

1918 5169 2082 5228 atque
2133 5157 2205 5213 ibi
2249 5156 2452 5228 judicio
2502 5156 2735 5225 quodam
2769 5154 2954 5209 habito
2985 5154 3205 5224 leprosa
3257 5151 3494 5207 ellieitur

1917 5252 2086 5308 Maria
2134 5265 2304 5321 usque
2346 5251 2413 5305 ad
2464 5262 2674 5305 certum
2715 5257 2962 5317 tempus,
3005 5254 3060 5302 et
3091 5248 3174 5303 sic
3203 5256 3495 5302 revocatur

1919 5347 1987 5399 ad
2019 5352 2226 5398 castra.
2262 5341 2417 5408 Quod
2443 5349 2503 5394 ut
2535 5339 2974 5411 compendiosius
3001 5339 3353 5408 explicemus,
3379 5333 3492 5388 Ma—

1927 5463 1969 5496 ³⁹
1995 5459 2220 5524 Psal.t.t,
2253 5456 2342 5513 l3.
2417 5456 2465 5490 ⁸⁸
2494 5456 2561 5512 ΙΙΙ
2592 5456 2724 5525 Reg.
2758 5470 2877 5510 xm.
2952 5451 2996 5484 “
3039 5453 3170 5509 ibid.
3245 5449 3293 5483 “
3330 5448 3492 5505 Num.

1920 5629 2012 5684 det
2041 5636 2096 5681 ut
2129 5626 2283 5680 locus
2311 5622 2399 5678 ubi
2435 5621 2811 5692 conjugalibus
2848 5618 3060 5674 actibus
3095 5615 3255 5672 datur
3285 5627 3447 5683 opera
3471 5653 3492 5682 ,

1919 5699 2151 5754 orationi
2181 5712 2288 5754 non
2316 5696 2620 5765 deputetur.
