4074 6156
544 229 643 284 6H

2040 224 2360 281 ORIGEXIS

3710 227 3843 285 δη

548 348 696 399 riam
731 343 964 398 dicimus
986 338 1219 394 formam
1248 338 1505 395 habuisse
1531 340 1704 410 plebis
1726 340 1954 411 prioris;
1980 340 2125 412 Moy-
2151 345 2203 402 Α
2233 341 2343 395 veri
2377 340 2647 406 videmus,‘
2684 351 2740 398 et
2775 342 2959 399 dicere
2982 344 3028 377 ⁸⁷
3063 363 3077 399 :
3112 364 3133 397 ι
3171 344 3379 404 Sedens
3405 349 3677 405 adversus
3707 350 3839 403 [n-

551 451 681 501 sen,
712 437 762 489 id
798 442 884 489 est
941 432 1111 500 legem
1154 432 1365 486 Domini
1399 433 1663 489 transisse
1701 434 1767 488 ad
1794 434 2120 489 connubium

547 525 901 595 EthiOpissai
933 521 1098 590 hujus
1123 536 1244 590 qua:
1283 538 1352 578 ex
1377 525 1633 590 gentibus
1659 535 1987 597 congregata
2015 534 2123 580 est.

545 617 704 677 Hanc
739 633 870 689 ergo
910 618 1145 691 Moyses,
1193 620 1247 674 id
1300 628 1418 685 est,
1470 618 1556 673 lex
1601 619 1869 688 spiritalis
1914 619 2125 689 accepit

557 725 784 765 umrem
822 730 835 765 :
869 721 925 766 et
950 727 1051 780 pro
1095 712 1203 767 hoc
1239 712 1385 767 facto
1414 710 1619 776 Maria,
1652 726 1773 780 quae.
1802 726 1944 768 nunc
1970 727 2126 784 syna-

546 816 689 874 goga
721 812 831 870 est,
869 804 1206 873 indignatur,
1245 814 1302 858 et
1339 805 1596 867 detrahit,
1631 819 1736 858 una
1767 819 1891 859 cum
1917 804 2121 871 Aaron,

546 910 672 950 cum
720 897 1103 952 sacerdotibus
1152 897 1369 952 scilicet
1414 906 1472 952 et
1520 896 1832 953 Pharisaeis.
1890 897 2126 969 Derogat

545 1002 679 1059 ergo
709 1003 883 1058 usque
924 991 975 1044 in
1013 990 1338 1045 hodiernmn
1392 989 1562 1061 Moysi
1615 991 1896 1046 nobiscum
1942 993 2123 1060 posito

546 1080 702 1148 plebs
743 1082 831 1136 illa
854 1123 871 1148 ,
909 1092 963 1136 et
1000 1093 1157 1152 turpe
1207 1083 1256 1138 ei
1298 1083 1512 1137 videtur
1538 1122 1552 1146 ,
1581 1082 1707 1152 quia
1754 1082 2125 1140 circumcisio-

548 1188 672 1229 nem
700 1176 887 1229 carnis
913 1190 1018 1229 non
1055 1175 1215 1230 docet
1235 1176 1373 1244 apud
1406 1189 1526 1240 nos,
1560 1189 1660 1230 nec
1685 1176 2121 1232 observationem

546 1264 798 1332 Sabbati,
841 1282 940 1324 nec
977 1268 1290 1324 Neomeniae
1311 1308 1327 1333 ,
1374 1282 1479 1325 nec
1513 1268 1785 1325 sacriﬁcia
1817 1271 2118 1341 sanguinis,

545 1359 642 1413 sed
695 1360 1172 1415 circumcisionem
1223 1361 1407 1416 cordis
1436 1399 1452 1426 ,
1500 1369 1555 1416 et
1599 1362 1857 1431 peccandi
1902 1364 2072 1418 otium
2100 1403 2118 1429 ,

549 1451 778 1522 diesque
809 1451 980 1508 festos
1010 1453 1063 1508 in
1092 1454 1302 1525 azymis
1332 1455 1665 1510 sinceritatis
1686 1466 1741 1511 et
1764 1456 2036 1523 veritatis,
2066 1469 2123 1513 et

543 1544 814 1600 sacriﬁcia
840 1546 1032 1611 laudis.
1061 1557 1114 1603 et
1143 1563 1248 1602 non
1272 1547 1382 1617 jam
1416 1551 1706 1618 pecudum,
1738 1553 1835 1606 sed
1863 1551 2117 1607 vitiorum

541 1637 676 1691 εωύί
707 1637 959 1693 victimas
1007 1648 1211 1694 monet.
1251 1637 1469 1694 Judicat
1518 1654 1648 1711 ergo
1679 1643 1744 1696 de
1770 1642 1837 1698 iis
1872 1643 2035 1707 Deus,
2066 1651 2123 1699 et

2229 445 2367 489 trem
2421 442 2573 488 tuum
2627 436 2979 502 detrahebas,
3002 447 3060 492 et
3105 440 3370 495 adversus
3404 440 3576 496 ﬁlium
3609 441 3841 499 matris

2226 528 2601 593 tumponebas
2638 529 2978 583 scandalum.
3024 548 3043 580 ι
3092 529 3359 586 Similiter
3407 544 3591 588 autem
3638 544 3706 588 et
3769 533 3836 587 in

2225 616 2331 671 alio
2367 618 2575 685 psalmo
2605 634 2673 675 ex
2696 633 2928 686 persona
2951 620 3084 688 justi
3115 623 3340 678 scientis
3371 624 3475 680 huc
3499 624 3610 680 Deo
3636 639 3829 695 quam

2224 710 2464 766 maxime
2521 711 2813 780 displicere
2864 713 3061 768 dicitur
3080 714 3169 767 M'z
3209 734 3229 767 ι
3274 715 3658 772 Detrahentem
3716 731 3833 773 oc-

2224 803 2367 857 culte
2396 805 2659 860 adversus
2693 805 2999 873 proximum
3053 822 3211 861 suum
3258 813 3644 881 persequebar.
3677 830 3703 864 ι
3735 810 3833 866 Ex

2225 895 2290 950 iis
2325 896 2492 966 igitur
2529 896 2783 952 omnibus
2839 897 3040 952 divina)
3079 897 3381 969 Scriptura:
3425 904 3829 968 sermonibus,

2226 989 2370 1042 velut
2385 989 2578 1059 gladiis
2598 990 2920 1059 quihusdam
2948 992 3204 1061 utrinque
3227 984 3427 1059 aciitis,
3454 996 3827 1054 obtrectandi

2225 1076 2507 1153 fratribus,
2561 1088 2617 1134 et
2648 1079 2947 1148 derogandi
3001 1083 3214 1137 sanctis
3236 1083 3427 1139 vitium
3463 1101 3820 1143 resecemus.

2221 1168 2394 1238 Lepra
2433 1171 2576 1224 enim
2619 1172 2979 1242 consequitur
3028 1173 3356 1242 derogantes
3392 1185 3448 1231 et
3484 1179 3820 1251 cacologos,

2223 1263 2275 1318 id
2305 1272 2412 1330 est,
2439 1262 2798 1334 maleloquos.
2830 1264 2961 1321 Post
2991 1265 3109 1322 haec
3133 1276 3315 1323 autem
3341 1282 3373 1323 a
3408 1269 3710 1327 moralibus
3739 1274 3821 1326 ad

2222 1356 2640 1423 intelligentiam
2682 1357 2970 1428 mysticam
3014 1368 3380 1416 transeamus.
3436 1360 3701 1429 Quamvis
3750 1375 3820 1420 et

2221 1450 2274 1503 in
2317 1451 2601 1519 superiore
2651 1459 2884 1505 tractatu
2930 1467 3102 1522 pauca
3124 1453 3238 1522 jam
3269 1452 3416 1510 dicta
3449 1454 3582 1522 sint,
3616 1467 3812 1515 tamen

2220 1555 2340 1611 qua:
2377 1540 2616 1598 defuisse
2678 1542 2947 1605 videntur,
3005 1543 3287 1600 addemus.
3331 1531 3631 1603 Videamus
3665 1564 3820 1621 ergo

2220 1632 2346 1701 quis
2366 1641 2448 1687 est
2476 1632 2569 1701 qui
2610 1633 2837 1704 derogat
2872 1633 3069 1705 Moysi,
3097 1636 3220 1705 quis
3246 1637 3315 1691 de
3355 1651 3420 1693 eo
3455 1639 3603 1694 male
3628 1639 3822 1713 loqui-

543 1729 769 1796 nuptias
798 1728 1149 1800 Ethiopissa:
1181 1733 1476 1786 confirmat
1506 1749 1521 1785 :
1557 1744 1611 1787 et
1640 1732 1860 1804 Moysen
1898 1735 2118 1805 quidem

2225 1735 2332 1779 tur.
2363 1722 2479 1778 Non
2505 1723 2680 1779 solum
2712 1724 2906 1794 Judaei,
2936 1727 3031 1781 sed
3063 1736 3119 1782 et
3150 1728 3419 1793 haeretici,
3455 1731 3548 1800 qui
3578 1747 3686 1786 non
3700 1711 3818 1788 ire-

542 1820 781 1877 libenter
808 1836 930 1877 cum
956 1837 1023 1877 ea
1052 1822 1297 1878 habitare
1319 1824 1470 1887 sinit,
1502 1840 1567 1881 ac
1593 1828 1935 1895 requiescere
1968 1847 1983 1883 :
2011 1828 2121 1882 Ma-

545 1913 685 1968 rian'i
724 1928 856 1968 vero
899 1911 1051 1980 ejicit
1087 1924 1242 1970 extra
1278 1925 1482 1981 castra,
1517 1927 1573 1973 et
1600 1934 1764 1988 porro
1792 1919 1923 1975 facit
1953 1934 1983 1975 a
2035 1929 2119 1976 ta-

540 2001 840 2060 bernaculo
865 2006 1184 2071 tcStimonii,
1207 2020 1328 2062 cum
1354 2023 1460 2077 qua
1484 2008 1704 2080 ejicitur
1724 2011 1889 2066 etiam
1912 2012 2117 2069 Aaron.

539 2096 766 2167 Insuper
814 2107 993 2151 autem
1045 2107 1101 2152 et
1153 2098 1368 2168 leprosa
1417 2098 1647 2156 elﬁcitur
1682 2101 1871 2158 Maria.
1922 2104 2120 2175 Aspice

542 2204 688 2244 nunc
736 2191 804 2244 ad
855 2188 1003 2242 illam
1050 2188 1298 2258 plebem,
1332 2203 1389 2244 et
1416 2191 1542 2247 vide
1580 2202 1782 2261 quanta
1822 2195 1878 2248 in
1918 2194 2006 2249 illa
2023 2181 2121 2251 ἐει

539 2283 687 2347 lepra
738 2279 968 2346 peccati,
1018 2288 1221 2348 quanta
1282 2280 1652 2352 intelligentia:
1681 2284 1872 2354 caligo.
1914 2298 2118 2356 quanta

536 2371 900 2426 observantiae
943 2370 1187 2438 ftmlitas,
1225 2383 1430 2442 quanta
1465 2374 1746 2443 turpitudo
1768 2387 2118 2446 conspectus.

540 2460 931 2520 Verumtamen
984 2465 1102 2521 haec
1149 2464 1300 2535 lepra
1350 2482 1459 2522 non
1499 2477 1764 2539 perpetuo
1796 2480 2118 2539 permanet,

536 2553 632 2607 sed
666 2550 755 2606 ubi
790 2553 1093 2622 septimana
1127 2553 1389 2624 compleri
1441 2557 1672 2625 cteperit
1714 2560 1927 2625 mundi,
1964 2575 2121 2617 revo-

534 2644 754 2700 cabitur
781 2645 847 2699 ad
879 2654 1082 2700 castra.
1137 2645 1193 2700 In
1230 2648 1337 2701 fine
1376 2646 1522 2701 enim
1557 2647 1742 2703 mundi
1773 2664 1897 2704 cum
1936 2652 2118 2722 pleni-

536 2737 670 2791 tudo
712 2738 956 2808 gentium
990 2738 1282 2802 introierit,
1335 2747 1466 2794 tunc
1509 2742 1675 2794 ctiam
1722 2743 1903 2797 omnis
1950 2742 2119 2799 Israel

534 2828 840 2884 salvabitur
869 2829 938 2898 ”,
968 2840 1022 2883 et
1054 2839 1183 2885 tunc
1218 2839 1304 2885 est
1334 2845 1458 2885 cum
1487 2832 1727 2887 cessabit
1757 2832 1904 2904 lepra
1934 2837 2001 2890 de
2031 2835 2117 2891 fa-

534 2922 624 2977 cie
646 2921 832 2979 Mariae
867 2940 882 2977 :
923 2923 1154 2992 recipiet
1183 2924 1330 2979 enim
1370 2924 1540 2981 decus
1587 2926 1738 2994 ﬁdei,
1773 2937 1829 2982 et
1867 2927 2121 2997 splendo-

2220 1815 2428 1886 cipiunt
2457 1817 2625 1887 legem
2655 1826 2710 1873 et
2730 1819 3041 1888 prophetas,
3067 1820 3234 1875 etiam
3259 1821 3356 1889 ipsi
3391 1822 3693 1878 detrahunt
3735 1825 3816 1880 de
3904 1810 3913 1821 ’

2221 1908 2424 1981 Moyse.
2450 1907 2689 1979 Denique
2710 1909 2891 1964 solent
2919 1910 2969 1964 ei
3006 1910 3171 1965 etiam
3225 1913 3430 1967 crimen
3472 1914 3808 1985 impingere.

2221 2004 2484 2068 dicentes,
2518 2002 2644 2072 quia
2680 2001 2953 2057 homicida
2981 2002 3081 2058 fuit
3107 2003 3810 2076 Moyses,iuterfecitenim

2219 2096 2570 2168 Egyptium:
2602 2104 2659 2151 et
2686 2093 2790 2149 alia
2816 2095 3008 2161 multa,
3032 2095 3120 2152 vel
3157 2097 3211 2151 in
3241 2097 3437 2167 ipsum,
3468 2100 3555 2154 vel
3584 2100 3639 2153 in
3669 2115 3813 2172 pro-

2221 2191 2409 2262 phetas
2457 2190 2778 2260 hlasphemo
2821 2205 2918 2246 ore
2961 2192 3315 2246 concinnant.
3355 2190 3451 2248 Isti
3498 2207 3632 2263 ergo
3663 2195 3804 2263 quia

2220 2284 2516 2338 detrahunt
2568 2283 2757 2353 Moysi,
2813 2284 3016 2340 habent
3055 2284 3264 2354 lepram
3302 2284 3354 2339 in
3390 2285 3570 2339 anima
3612 2300 3713 2340 sua
3744 2295 3807 2340 et

2221 2384 2348 2430 sunt
2377 2374 2431 2430 in
2472 2379 2691 2431 homine
2721 2378 2984 2432 interiore
3027 2376 3249 2446 leprosi,
3288 2386 3344 2431 et
3374 2376 3494 2432 ideo
3522 2378 3808 2433 habentur

2219 2476 2373 2522 extra
2401 2477 2582 2523 castra
2620 2468 2880 2523 Ecclesiae
2910 2467 3026 2523 Dei.
3061 2468 3190 2522 Sive
3246 2482 3378 2539 ergo
3405 2468 3647 2523 haeretici
3685 2469 3807 2523 sint

2219 2557 2312 2624 qui
2341 2556 2601 2626 derogant
2650 2556 2845 2628 Moysi,
2879 2556 2996 2610 sive
3026 2556 3094 2611 de
3138 2556 3383 2611 Ecclesia
3430 2557 3539 2610 sint
3571 2555 3663 2626 qui
3695 2557 3803 2610 de-

2222 2648 2447 2704 trahunt
2487 2648 2768 2717 fratribus,
2800 2658 2857 2703 et
2897 2648 3039 2704 male
3078 2644 3386 2719 loquuntur
3424 2648 3491 2702 de
3528 2648 3804 2717 proximis

2220 2741 2353 2807 suis,
2391 2756 2581 2798 omnes
2611 2743 2701 2812 qui
2731 2743 2835 2798 hoc
2849 2743 2984 2797 vitio
3015 2752 3263 2813 aguntur,
3292 2742 3651 2797 dubitandum
3684 2755 3801 2797 non

2220 2844 2306 2888 est
2325 2832 2455 2902 quin
2480 2832 2676 2902 leprosi
2703 2834 2813 2888 sint
2835 2833 2889 2887 in
2913 2834 3093 2887 anima
3117 2847 3243 2888 sua.
3268 2826 3344 2888 Et
3371 2831 3540 2888 Maria
3572 2833 3799 2902 quidem

2220 2925 2617 2980 interveniente
2645 2924 2828 2980 Aaron
2853 2922 3110 2995 pontiﬁce
3140 2922 3371 2993 septima
3408 2923 3497 2978 die
3524 2934 3755 2978 curatur
3776 2938 3798 2978 :

538 3029 654 3068 rem
677 3013 878 3069 Christi
912 3015 1209 3084 agnitionis
1229 3019 1481 3089 accipiet,
1509 3026 1563 3073 et
1591 3020 1912 3075 restituetur
1934 3020 2113 3076 vultus
2146 3051 2196 3114 ο
2225 3033 2323 3074 nos
2380 3032 2511 3073 vero
2548 3017 2593 3072 si
2653 3015 3070 3072 obtrectationis
3136 3015 3271 3071 vitio
3319 3012 3678 3069 inciderimus
3738 3014 3799 3068 in

534 3107 676 3175 ejus,
717 3122 841 3161 cum
884 3108 981 3162 ﬁet
1028 3117 1257 3179 uterque
1290 3126 1432 3166 unus
1469 3128 1623 3183 grex,
1656 3121 1711 3167 et
1731 3128 1872 3169 unus
1905 3121 2112 3183 pastor.

535 3197 594 3252 In
621 3212 729 3267 quo
757 3213 884 3271 vere
922 3200 1212 3256 dicendum
1246 3213 1332 3258 est
1368 3203 1415 3235 ἰι
1446 3223 1460 3258 :
1508 3222 1527 3255 ι
1555 3204 1599 3260 Ο
1628 3204 1862 3259 altitudo
1899 3206 2118 3260 divitia-

536 3306 658 3345 rum
690 3292 991 3361 sapicntiae,
1024 3302 1081 3347 et
1105 3294 1350 3350 scientiae
1390 3296 1505 3360 Dei,
1547 3315 1566 3347 ι
1601 3297 1695 3367 qui
1730 3298 1803 3351 ita
1845 3298 2121 3355 conclusit

533 3396 728 3437 otunes
763 3382 866 3437 sub
904 3392 1178 3452 peccato,
1239 3395 1298 3440 ut
1354 3387 1611 3442 omnibus
1678 3389 2005 3445 misereatur
2061 3391 2116 3446 iu

533 3470 754 3526 Christo
785 3469 914 3527 Jesu
962 3473 1188 3529 Domino
1218 3485 1426 3542 nostro,
1465 3477 1552 3532 cui
1597 3487 1684 3533 est
1712 3477 1885 3548 gloria
1931 3479 1986 3534 in
2015 3494 2118 3536 sa:-

532 3564 652 3620 cnla
680 3565 1029 3622 saeculorum.
1060 3568 1260 3624 Amen.

1013 3684 1491 3756 2391mm”
1524 3686 1637 3744 vn.

533 3775 766 3832 Rursum
791 3776 854 3832 de
875 3775 950 3831 1E
956 3778 1234 3846 thiopissa,
1256 3788 1317 3854 _et
1362 3779 1426 3831 de
1448 3780 1607 3854 _l_epra
1663 3780 1855 3836 Maria:
1878 3797 1999 3854 qua:
2025 3799 2118 3836 su-

950 3854 958 3863 '
1148 3850 1269 3920 perf
1268 3860 1415 3903 uerat
1445 3850 1514 3904 ⁸⁸.

604 3941 760 3998 Sicut
799 3943 1088 4014 Apostolus
1136 3942 1273 3997 dicit
1297 3942 1366 4007 “,
1405 3961 1425 3995 ι
1457 3942 1583 3997 Hmc
1625 3944 1806 3998 omnia
1841 3945 1896 4000 in
1944 3945 2116 4018 figura

531 4037 925 4106 contingebant
951 4036 1078 4103 illis,
1105 4037 1309 4105 scripta
1343 4044 1473 4090 sunt
1502 4044 1684 4092 autem
1720 4046 1942 4107 propter
1971 4054 2117 4093 com-

534 4126 889 4181 monitionem
920 4135 1161 4179 nostram
1193 4140 1209 4178 :
1252 4145 1271 4177 ›
1313 4141 1500 4194 quaero
1521 4125 1652 4197 quid
1672 4127 2117 4183 commonitionis

532 4219 866 4290 accipiamus
913 4234 981 4273 ex
1024 4233 1091 4274 eo
1123 4218 1266 4287 quod
1309 4219 1507 4273 lectum
1553 4227 1636 4274 est
1662 4220 1837 4288 nobis,
1868 4219 1995 4289 quia
2021 4221 2115 4274 de-v

533 4320 820 4366 traxerunt
845 4310 1028 4363 Aaron
1059 4320 1112 4362 et
1135 4307 1301 4363 Maria
1338 4310 1637 4380 deMoyse,
1665 4322 1720 4366 et
1753 4322 1975 4381 propter
2008 4312 2113 4368 hoc

2221 3107 2659 3178 animalepram,
2701 3119 2872 3176 usque
2903 3105 2972 3159 ad
3009 3105 3170 3159 ﬁnem
3223 3103 3541 3172 septimana;
3583 3102 3797 3166 mundi,

2220 3202 2274 3256 id
2306 3209 2414 3264 est,
2449 3212 2622 3267 usque
2657 3197 2728 3253 ad
2787 3195 3211 3251 resurrectionis
3246 3204 3458 3263 tempus
3508 3193 3705 3262 leprosi
3736 3193 3795 3247 in

2219 3295 2402 3349 anima
2441 3292 2881 3364 permauehimus
2919 3288 3055 3362 (76),
3103 3299 3160 3343 et
3195 3287 3460 3343 immundi
3490 3305 3504 3340 :
3533 3286 3635 3341 nisi
3663 3286 3795 3342 dum

2219 3385 2516 3459 ptenitendi
2547 3394 2761 3455 tempus
2783 3393 2887 3448 est,
2912 3382 3277 3453 corrigamur,
3315 3388 3372 3437 et
3413 3379 3665 3435 conversi
3724 3379 3797 3433 ad

2221 3480 2508 3535 Dominum
2547 3476 2757 3545 Jesum,
2801 3491 2865 3531 ac
2900 3476 3270 3547 supplicantes
3308 3474 3356 3529 ei
3397 3488 3493 3543 per
3518 3472 3796 3542 peniten-

2220 3572 2355 3627 tiam
2390 3583 2683 3641 purgemur
2731 3567 2799 3621 ab
2852 3563 3383 3632 immunditialeprae
3411 3570 3633 3618 nostrae.
3680 3560 3796 3629 Ego

2222 3673 2404 3717 autem
2431 3668 2562 3729 puto
2584 3656 2729 3726 quod
2760 3670 2864 3710 non
2887 3655 3034 3709 solus
3056 3653 3145 3707 ille
3163 3650 3391 3723 populus
3419 3649 3585 3721 prior,
3615 3660 3797 3717 neque

2220 3754 2321 3810 soli
2362 3751 2639 3814 haeretici,
2675 3749 2743 3803 de
2785 3748 2984 3817 quibus
3020 3761 3185 3816 supra
3235 3740 3682 3804 memoravimus,
3707 3740 3799 3792 de-

2222 3848 2448 3902 trahunt
2492 3845 2558 3900 de
2615 3841 2830 3913 Moyse;
2887 3843 2980 3895 sed
3010 3851 3067 3894 et
3102 3838 3278 3893 omnis
3306 3836 3398 3905 qui
3435 3834 3643 3902 scripta
3677 3831 3796 3896 eius

2222 3939 2361 3994 male
2392 3937 2668 4006 intelligit,
2700 3948 2756 3991 et
2780 3932 2871 4007 qui
2926 3929 3227 4002 spiritalem
3276 3927 3449 3997 legem
3499 3923 3796 3980 carnaliter

2220 4032 2469 4100 suscipit,
2497 4028 2668 4100 Moysi
2693 4029 2936 4096 derogat,
2961 4024 3087 4093 quia
3114 4023 3181 4076 de
3213 4018 3392 4074 verbis
3429 4017 3652 4087 spiritus
3674 4027 3795 4069 car-

2222 4125 2416 4180 naliter
2452 4123 2699 4178 homines
2719 4120 2895 4175 docet.
2922 4115 3167 4175 Audistis
3190 4113 3317 4183 quid
3346 4110 3447 4166 sibi
3473 4108 3665 4180 judicii
3696 4108 3794 4161 ob-

2221 4225 2548 4270 trectatores
2583 4220 2640 4266 et
2681 4208 2997 4277 maleloqui,
3029 4217 3086 4260 et
3120 4203 3251 4274 quid
3293 4199 3661 4257 damnationis
3704 4213 3794 4252 ac-

2218 4309 2439 4377 quirant
2463 4322 2477 4358 :
2505 4304 2690 4359 audite
2744 4317 2886 4356 nunc
2934 4309 2988 4354 et
3015 4308 3275 4368 quantum
3310 4292 3556 4349 beneﬁcii
3602 4291 3793 4346 confe-

533 4403 769 4472 correpti
816 4411 962 4466 sunt,
1004 4401 1178 4456 Maria
1226 4416 1354 4456 vero
1400 4402 1568 4457 etiam
1601 4403 1815 4473 leprosa
1859 4403 2108 4461 edicitur.
2139 4402 2190 4462 ι)
2220 4411 2341 4454 rant
2386 4399 2476 4464 iis,
2523 4396 2724 4466 quibus
2777 4393 3106 4447 obtrectauit.
3153 4386 3435 4455 Nunquam
3487 4383 3794 4438 invenimus

456 4492 461 4497 ⁷
533 4492 709 4552 Tanta
737 4504 919 4549 autem
954 4493 1056 4547 fuit
1101 4507 1233 4547 cura
1273 4495 1640 4564 correptionis
1683 4496 1872 4566 hujus,
1899 4506 1958 4549 ut
1983 4496 2111 4551 dum

535 4584 717 4641 Maria.
744 4586 1056 4656 septimana:
1084 4596 1293 4656 tempus
1312 4586 1561 4656 expleret
1594 4590 1648 4642 in
1683 4588 1856 4658 lepra.
1881 4589 2114 4658 populus

537 4679 635 4736 Dei
680 4695 784 4734 non
837 4690 1024 4751 ageret
1071 4681 1177 4735 iter
1201 4682 1267 4735 ad
1311 4690 1510 4736 terram
1543 4685 2005 4752 repromissionis,
2046 4698 2114 4739 ne

536 4772 949 4828 tabernaculum
980 4772 1277 4826 testimonii
1301 4782 1634 4835 moveretur.
1672 4773 1856 4829 Primo
1897 4776 2112 4830 interim

540 4878 789 4931 moneor,
838 4872 895 4919 et
937 4864 1147 4917 utiliter
1188 4879 1253 4918 ac
1296 4865 1613 4920 necessario
1664 4881 1886 4922 moneor
1917 4884 1983 4922 ex
2014 4869 2114 4924 hoc

542 4956 684 5011 facto
716 4971 783 5010 ne
798 4956 1076 5012 detraham
1110 4955 1286 5023 fratri,
1316 4972 1384 5011 ne
1405 4957 1544 5012 male
1569 4956 1759 5026 loquar
1783 4959 1851 5013 de
1871 4960 2118 5029 proximo

544 5065 684 5112 nico,
724 5063 791 5102 ne
810 5049 1049 5118 aperiam
1089 5063 1150 5103 os
1176 5063 1355 5103 meum
1387 5049 1454 5104 ad
1483 5048 1856 5117 derogandum
1886 5066 1992 5105 non
2028 5066 2117 5107 so-

542 5141 653 5195 lum
687 5142 913 5203 sanctis,
939 5140 1034 5197 scd
1068 5151 1122 5196 et
1146 5141 1478 5211 quibuslibet
1501 5141 1935 5212 proximismeis.
1958 5141 2117 5199 Vides

543 5244 746 5304 quanta
779 5250 843 5290 ex
871 5236 974 5290 hoc
997 5235 1297 5306 indignatio
1317 5236 1407 5290 Dei
1439 5235 1626 5299 luerit,
1648 5244 1848 5303 quanta
1880 5236 2117 5291 vindicta

543 5326 896 5395 processerit.
940 5326 1186 5394 Denique
1225 5328 1509 5380 adversum
1549 5333 1830 5394 peccatum
1874 5325 2017 5379 istud
2050 5327 2118 5381 si-

545 5419 656 5472 mili
695 5418 1063 5487 indignatione
1113 5419 1278 5473 etiam
1326 5420 1377 5472 in
1421 5417 1651 5474 Psalmis
1675 5418 1844 5472 Deum
1877 5432 2118 5473 commo-

615 5510 661 5542 "
690 5512 843 5564 Hom.
870 5526 946 5572 χι,
969 5510 1058 5575 25,
1079 5511 1168 5565 26.
1258 5510 1305 5544 ⁸⁸
1343 5512 1471 5567 ibid.
1501 5511 1590 5565 '55.

545 5579 591 5612 ”
614 5580 775 5637 Num.
821 5597 921 5648 xu,
953 5581 986 5635 5
1011 5594 1066 5635 et
1111 5598 1271 5654 seqq.

1693 5510 1739 5543 δ’
1775 5509 1936 5565 Num.
1970 5525 2070 5568 xtl.
2147 5510 2195 5544 “
2226 5512 2248 5567 ι
2275 5510 2404 5567 Cor.
2431 5526 2488 5579 Χ,
2512 5509 2600 5563 il.

2219 4492 2606 4549 tantaslaudes
2650 4489 2816 4543 Deum
2872 4483 3077 4538 dixisse
3103 4483 3172 4536 de
3216 4478 3399 4550 Moyse
3440 4476 3642 4531 latnulo
3670 4489 3791 4536 suo,

2216 4595 2448 4657 quantas
2480 4597 2624 4637 nunc
2674 4580 2784 4635 dici
2823 4578 3090 4640 videmus,
3124 4574 3342 4644 quando
3379 4572 3445 4625 ab
3471 4568 3793 4624 hominibus

2215 4677 2264 4731 ei
2296 4678 2611 4744 derogatum
2635 4678 2738 4728 est.

2286 4769 2342 4824 2.
2375 4767 2511 4820 Audi
2545 4780 2676 4834 ergo
2707 4764 2761 4817 in
2800 4758 3263 4831 consequentibus
3298 4754 3426 4824 quid
3461 4753 3690 4819 referat,
3735 4762 3794 4808 et

2218 4862 2415 4932 quibus
2462 4858 2680 4926 Moysen
2726 4856 2975 4910 laudibus
3021 4851 3210 4907 eﬁ‘erat
3259 4848 3499 4918 Spiritus
3543 4855 3789 4901 sanctus.

2224 4975 2242 5008 ι
2277 4955 2340 5009 Ει
2374 4950 2681 5011 descendit,
2713 4947 2889 5016 inquit
2913 4944 2986 5011 δ’,
3025 4942 3286 4999 Dominus
3316 4942 3369 4996 in
3408 4938 3663 4993 columna
3699 4952 3797 4990 nu-

2220 5048 2326 5109 bis,
2353 5058 2411 5099 ct
2450 5043 2601 5097 stetit
2637 5041 2703 5095 ad
2742 5039 2941 5095 ostium
2991 5033 3324 5091 tabernaculi
3371 5028 3691 5086 testimonii.
3727 5027 3794 5080 Et

2221 5138 2396 5195 vocati
2426 5146 2555 5191 sunt
2584 5135 2765 5189 Aaron
2817 5138 2872 5186 et
2926 5128 3092 5183 Maria
3150 5133 3204 5181 ct
3226 5132 3499 5179 steterunt
3524 5119 3709 5181 ambo,
3737 5127 3793 5170 et

2221 5232 2446 5288 dixitad
2478 5244 2573 5285 eos
2599 5246 2612 5282 :
2638 5224 2835 5280 Audite
2858 5221 3024 5281 verba
3058 5235 3198 5274 mea.
3241 5217 3300 5272 Si
3338 5214 3501 5270 fuerit
3525 5210 3793 5281 propheta

2221 5328 2347 5397 quis
2378 5334 2621 5381 vestrum
2649 5320 2889 5384 Domini,
2926 5316 2980 5370 in
3008 5313 3310 5370 visionibus
3349 5311 3400 5365 ei
3423 5320 3712 5378 agnoscar,

2222 5395 2276 5473 in
2308 5418 2517 5472 somnis
2538 5415 2733 5485 loquar
2769 5412 2844 5475 ei,
2875 5425 2982 5463 non
3016 5408 3160 5463 sicut
3199 5404 3400 5459 famulo
3422 5415 3561 5454 ~meo
3597 5395 3789 5467 Moysi,

2712 5505 2755 5539 ⁸⁷
2781 5500 2924 5561 Psal.
2956 5515 3108 5568 XLIX,
3142 5498 3236 5555 20.
3346 5495 3392 5528 ’⁸⁸
3442 5493 3588 5550 Psal.
3633 5505 3706 5556 CI,
3733 5488 3790 5544 εἰ.

612 5673 725 5747 ('76)
759 5672 909 5742 Mss,
947 5692 965 5726 ι
999 5676 1462 5744 perinanebimus.
1501 5696 1519 5730 ι
1554 5676 1712 5735 Libb.
1742 5677 1897 5747 editi,
1934 5694 1954 5731 ι
1990 5688 2426 5749 permutemus.»
