4074 6156
227 269 353 327 613

1431 263 1500 318 ΙΝ
1538 258 1874 320 NUMEROS
1907 259 2195 317 HOMILIA
2248 258 2362 320 VH.

3419 263 3520 320 6H

227 387 419 460 quiin
477 391 591 443 tota
622 386 784 443 domo
827 398 949 440 mea
999 382 1177 439 ﬁdelis
1214 391 1324 445 est.
1353 397 1416 438 os
1446 383 1513 437 ad
1547 395 1609 438 os
1639 380 1830 452 loquor
1857 388 1908 444 Α
1935 378 2062 448 legi,
2103 380 2197 433 sed
2221 378 2394 434 simus
2442 391 2548 432 non
2612 377 2790 432 solum
2838 378 3115 434 auditores
3159 379 3314 450 legis,
3346 382 3443 435 sed
3470 390 3518 433 et

229 487 306 540 ad
329 501 475 551 eum,
508 486 564 539 in
596 481 801 553 specie,
831 489 887 534 et
913 493 1020 533 non
1052 479 1106 534 in
1138 478 1451 548 aenigmate,
1492 484 1545 530 et
1592 475 1826 544 gloriam

228 576 461 634 Domini
483 576 644 631 vidit.
679 573 746 628 Et
774 587 948 642 quare
982 586 1088 624 non
1117 568 1378 624 timuistis
1415 567 1711 622 detrahere
1747 566 1829 621 fa-

231 673 392 726 mulo
424 684 547 725 meo
593 666 806 740 Moysi?
841 666 908 720 Et
958 665 1035 718 ira
1077 662 1284 717 furoris
1317 660 1534 716 Domini
1571 660 1714 715 facta
1746 668 1830 716 est

231 779 416 834 super
448 762 594 829 illos,
647 760 1047 818 discesserunt,
1095 765 1150 809 et
1186 752 1362 808 nubes
1399 751 1650 807 discessit
1679 767 1708 805 a
1744 760 1826 805 ta-

234 855 571 920 bernaculo,
621 864 679 908 et
729 865 859 906 ecce
906 848 1076 902 Maria
1131 845 1275 900 facta
1323 854 1408 899 est
1435 843 1645 914 leprosa
1686 843 1828 897 sicut

234 949 360 1002 nix.
401 966 422 1001 ι
456 947 652 1002 Videte
683 944 812 1015 quid
843 942 944 997 sibi
969 954 1147 1010 paene
1176 935 1517 992 contulerint
1547 937 1827 991 obtrecta-

236 1049 418 1103 tores,
465 1037 599 1108 quid
646 1049 778 1089 vero
809 1033 885 1088 illi
919 1033 1005 1087 cui
1057 1031 1525 1092 obtrectaverant,
1558 1027 1828 1098 quaesive-

238 1133 356 1188 rint
387 1130 592 1186 laudis.
649 1126 766 1182 Sibi
823 1123 1242 1194 turpitudinem,
1300 1120 1378 1175 illi
1443 1119 1824 1190 splendorem;

237 1221 346 1277 sibi
378 1220 614 1291 lepram,
640 1217 717 1272 illi
741 1216 970 1286 gloriam
995 1228 1010 1278 ;
1039 1212 1142 1267 sibi
1195 1211 1569 1280 opprobrium,
1613 1209 1686 1264 illi
1716 1226 1832 1264 ma-

238 1310 622 1382 gniﬁcentiam
690 1308 1082 1378 quaesiverunt.
1152 1301 1546 1354 Verumtamen
1609 1300 1828 1371 Moyses

239 1403 566 1473 priusquam
591 1399 864 1467 acciperet
891 1394 1307 1462 Ethiopissam,
1333 1407 1437 1446 non
1456 1403 1540 1447 est
1558 1394 1826 1461 scriptum

236 1496 371 1566 quia
398 1495 452 1549 in
481 1493 666 1564 specie
713 1491 928 1546 locutus
978 1488 1050 1544 sit
1079 1487 1128 1540 ei
1175 1487 1337 1551 Deus,
1369 1495 1424 1539 et
1451 1500 1556 1539 non
1598 1486 1651 1538 in
1691 1485 1827 1539 aani-

237 1597 428 1656 gmate
465 1603 482 1640 :
521 1586 619 1641 sed
651 1583 744 1638 ubi
772 1582 986 1651 accepit
1045 1579 1466 1649 JEthiopissam,
1516 1587 1642 1633 tunc
1694 1577 1829 1632 dicit

237 1676 401 1731 deeo
437 1676 604 1740 Deus,
649 1675 778 1745 quia
812 1692 830 1726 ‹
871 1689 934 1728 os
968 1673 1034 1728 ad
1057 1687 1118 1726 os
1149 1671 1345 1741 loquar
1368 1670 1433 1724 ad
1450 1683 1596 1733 eum,
1623 1669 1673 1722 iu
1705 1683 1830 1736 spe-

1933 471 2196 537 l‘actores,
2237 483 2297 524 ut
2322 486 2446 526 cum
2477 470 2595 539 ipso
2629 470 2809 541 Moyse
2866 472 3276 539 conglorilicari
3308 489 3520 529 merea-

1935 579 2077 616 mur.
2103 563 2214 633 Ego
2280 573 2458 618 autem
2523 571 2656 633 puto
2689 564 2833 631 quod
2879 573 2932 618 et
2963 564 3036 618 illi
3069 566 3354 620 materiam
3383 582 3522 635 pra:-

1932 665 2081 709 stant
2112 657 2179 709 ad
2215 657 2584 725 derogandum
2620 658 2810 726 Moysi,
2842 659 2957 726 qui,
2998 659 3145 713 verbi
3179 673 3370 726 causa,
3394 677 3518 714 cum

1937 747 2139 818 legitur
2165 749 2302 806 lihcr
2357 749 2604 814 Levitici,
2630 750 2713 804 vel
2760 751 2921 804 lectio
2967 749 3360 816 Numerorum,
3402 769 3512 808 non

1931 842 2227 896 ostendunt
2275 843 2548 911 quomodo
2592 844 2706 900 haec
2751 859 2871 913 quae
2903 843 2955 896 in
2984 847 3274 916 aenigmate
3317 847 3520 916 scripta

1933 943 2082 998 sunt,
2108 935 2332 1007 intelligi
2368 951 2463 1004 per
2491 939 2728 1004 speciem
2753 939 3010 1003 debeant,
3046 940 3099 993 id
3135 951 3240 1008 est,
3277 943 3366 1010 qui
3410 958 3518 998 nou

1931 1025 2252 1094 spiritaliter
2275 1041 2338 1080 ea
2369 1043 2491 1098 quae
2525 1031 2576 1082 iu
2619 1029 2737 1100 lege
2785 1030 3038 1101 leguntur
3078 1042 3383 1102 exponunt.
3411 1033 3520 1090 Ne-

1933 1119 2178 1173 cessario
2207 1119 2352 1174 enim
2373 1121 2465 1188 qui
2502 1123 2728 1176 audiunt
2763 1123 2924 1177 ritum
2966 1126 3387 1193 sacriliciorum,
3435 1130 3521 1184 vel

1933 1211 2296 1266 Sabbatorum
2326 1214 2755 1280 observantiam,
2782 1216 2862 1270 vel
2899 1228 3223 1272 caeterorum
3251 1220 3512 1275 similium

1933 1301 1988 1357 in
2035 1303 2273 1357 ecclesia
2329 1304 2574 1370 recitari,
2616 1306 2988 1376 oﬂ'enduutur,
3032 1319 3086 1363 et
3117 1311 3348 1366 dicunt:
3379 1312 3520 1378 Quid

1934 1395 2038 1450 hoc
2071 1410 2294 1451 necesse
2342 1405 2430 1452 est
2474 1399 2527 1452 in
2586 1399 2818 1455 ecclesia
2862 1399 3003 1472 legi?
3037 1400 3154 1468 Quo
3197 1403 3354 1459 nobis
3390 1421 3519 1475 pro-

1933 1497 2058 1542 sunt
2082 1499 2351 1558 praecepta
2373 1488 2624 1554 Iudaica,
2647 1502 2702 1546 et
2725 1495 2893 1562 Spreti
2917 1495 3098 1565 populi
3122 1497 3522 1555 observantiae?

1935 1578 2061 1634 Haec
2086 1579 2392 1637 Judmorum
2449 1591 2601 1646 sunt,
2658 1593 2715 1639 et
2747 1582 2916 1640 Judaei
2947 1587 3012 1641 de
3039 1588 3104 1643 iis
3141 1590 3394 1645 viderint.
3439 1590 3520 1647 Ne

1935 1687 2065 1741 ergo
2079 1671 2386 1741 huiusmodi
2403 1673 2730 1729 olleudicula
2758 1678 3096 1733 auditoribus
3111 1682 3518 1754 accidaut(77),

238 1767 342 1827 cie.
368 1776 561 1821 etnon
594 1765 648 1820 in
678 1765 990 1834 aenigmate.
1025 1780 1045 1814 ι
1078 1760 1235 1817 Modo
1267 1767 1414 1816 enim
1452 1776 1574 1816 cum
1611 1758 1825 1830 Moyses
1860 1755 1900 1810 Β
1929 1762 2107 1817 danda
2151 1779 2316 1833 opera
2362 1767 2536 1820 estad
2568 1767 2851 1822 scientiam
2899 1768 3068 1840 legis,
3113 1781 3168 1825 et
3208 1775 3507 1828 secundum

237 1856 391 1910 venit
419 1855 488 1910 ad
521 1870 640 1921 nos,
660 1863 714 1909 et
750 1851 1080 1922 coniunctus
1108 1859 1193 1906 est
1221 1851 1351 1906 huic
1378 1861 1578 1907 nostra:
1607 1849 1824 1904 IEthio-

240 1948 427 2017 pissae,
461 1948 548 2002 lex
587 1947 681 2002 Dei
709 1944 822 2014 jam
856 1961 963 2001 non
1004 1945 1056 2000 in
1089 1946 1301 2015 ﬁguris,
1321 1955 1376 2000 et
1405 1945 1458 1998 iu
1492 1943 1824 2013 imaginibus

240 2042 383 2096 sicut
411 2041 585 2112 prius,
616 2041 711 2096 sed
745 2040 797 2094 in
831 2040 948 2110 ipsa
987 2039 1170 2109 specie
1192 2038 1443 2093 veritatis
1469 2039 1819 2106 agnoscitur;

241 2144 296 2190 et
318 2149 441 2202 qua:
462 2134 612 2203 prius
671 2133 724 2186 in
771 2131 1059 2202 aenigmate
1111 2130 1557 2200 designabantur,
1594 2130 1822 2183 nuncin

243 2226 426 2294 specie
467 2233 523 2280 et
585 2223 820 2278 veritate
875 2220 1236 2291 complentur.
1275 2219 1341 2274 Et
1394 2221 1518 2276 ideo
1575 2220 1686 2284 ille,
1730 2222 1822 2291 qui

243 2312 454 2382 species
512 2310 810 2382 ﬁgurarum
859 2321 915 2366 et
963 2311 1310 2382 :euigmatum
1360 2311 1686 2377 disserebat,
1739 2312 1826 2365 di-

243 2405 320 2459 cit
349 2406 395 2436 "
430 2423 444 2459 :
478 2423 496 2456 ‹
545 2403 761 2459 Scimus
787 2413 969 2457 autem
1001 2405 1262 2473 quoniam
1294 2414 1480 2474 patres
1498 2404 1671 2459 nostri
1705 2419 1823 2458 om-

245 2512 342 2552 nes
364 2496 468 2552 sub
490 2499 631 2552 nube
658 2497 906 2562 fuerunt,
933 2505 989 2552 et
1017 2512 1210 2552 omnes
1254 2497 1309 2551 in
1339 2496 1524 2568 Moyse
1559 2497 1821 2566 baptizati

242 2598 372 2644 sunt
427 2589 481 2644 in
539 2589 685 2644 nube
716 2599 773 2644 et
799 2589 852 2642 in
891 2589 1050 2655 mari,
1079 2597 1134 2644 et
1158 2604 1347 2646 omnes
1367 2591 1611 2645 eamdem
1641 2604 1823 2645 escam

244 2683 544 2754 spiritalem
587 2682 1074 2745 manducaverunt,
1117 2691 1175 2737 et
1216 2697 1408 2738 omnes
1441 2683 1689 2739 eumdem
1721 2699 1823 2754 po-

247 2785 361 2831 tum
397 2777 698 2846 spiritalem
727 2775 1004 2831 biberunt.
1046 2773 1310 2830 Bibebant
1345 2785 1526 2830 autem
1563 2778 1628 2832 de
1659 2778 1825 2846 spiri-

246 2869 339 2924 tali
367 2879 733 2938 consequente
752 2883 846 2924 eos
867 2877 1044 2937 petra.
1087 2868 1247 2923 Petra
1287 2877 1470 2923 autem
1510 2877 1632 2924 erat
1664 2868 1824 2924 Chri-

245 2970 378 3018 stus.
419 2980 439 3014 ι
470 2961 634 3018 Vides
680 2961 948 3031 quomodo
996 2961 1282 3030 mnigmata
1320 2960 1455 3032 legis
1493 2959 1698 3016 Paulus
1722 2963 1823 3017 ab-

244 3053 431 3118 solvit,
462 3063 520 3107 et
571 3053 784 3123 species
821 3056 1170 3128 aenigmatum
1202 3053 1382 3119 docet,
1415 3060 1470 3108 et
1522 3052 1653 3108 dicit
1697 3055 1822 3125 quia

1933 1854 2038 1910 hoc
2087 1857 2231 1925 quod
2278 1858 2543 1926 spiritalis
2589 1868 2676 1913 est
2705 1859 2816 1923 lex,
2849 1862 3200 1934 intelligenda
3244 1875 3299 1919 et
3326 1865 3518 1935 expla-

1932 1947 2108 2001 nanda
2138 1957 2263 2002 suut
2288 1951 2472 2005 omnia
2488 1966 2608 2021 quae
2635 1955 2909 2024 leguntur,
2929 1969 2996 2010 ne
3021 1956 3308 2012 doctorum
3327 1975 3516 2022 causa,

1931 2038 2042 2095 imo
2069 2041 2276 2095 desidia
2307 2053 2361 2096 et
2387 2043 2735 2115 negligentia,
2765 2047 2833 2100 ab
2875 2047 3142 2117 imperitis
3179 2059 3235 2103 et
3281 2051 3518 2105 indoctis

1929 2128 2222 2200 derogetur
2243 2130 2411 2203 Moysi
2433 2152 2447 2201 ;
2469 2135 2564 2188 sed
2595 2137 2986 2192 convertamur"
3006 2139 3071 2193 ad
3105 2139 3416 2207 Dominum,
3451 2151 3514 2196 ut

1930 2220 2140 2276 auferat
2169 2238 2200 2276 a
2249 2225 2406 2280 nobis
2445 2227 2690 2282 velamen
2746 2229 2976 2296 litterae;
3009 2240 3065 2284 ut
3095 2247 3202 2285 non
3241 2233 3397 2287 nobis
3421 2234 3515 2288 de-

1931 2312 2122 2369 formis
2151 2316 2330 2372 vultus
2354 2317 2550 2388 Moysi,
2596 2321 2690 2374 sed
2737 2321 3010 2389 gloriosus
3043 2337 3108 2378 ac
3145 2323 3373 2378 decorus
3422 2339 3518 2390 ap-

1929 2414 2140 2474 pareat,
2174 2406 2247 2460 ita
2279 2419 2337 2462 ut
2377 2424 2485 2464 nou
2531 2411 2705 2464 solum
2748 2427 2856 2466 non
2900 2413 3296 2478 obtrecteinus,
3335 2414 3429 2468 sed
3458 2425 3516 2468 et

1931 2513 2028 2567 pro
2043 2501 2414 2568 magnitudine
2437 2519 2717 2571 sensuum,
2747 2505 2962 2561 laudem
2980 2509 3026 2560 ei
3053 2518 3108 2562 et
3135 2507 3361 2578 gloriam
3385 2523 3518 2562 cou-

1930 2588 2193 2646 feramus.
2227 2610 2246 2644 ‹
2279 2593 2346 2648 Ει
2405 2595 2486 2649 ira
2536 2595 2740 2652 furoris
2793 2597 3006 2653 Domini
3046 2597 3188 2654 facta
3217 2610 3302 2655 est
3353 2616 3518 2671 super

1931 2683 2073 2749 illos,
2102 2695 2156 2737 et
2187 2684 2583 2753 discesserunt,
2617 2698 2674 2744 et
2707 2690 2881 2744 nubes
2916 2691 3145 2745 recessit
3191 2706 3220 2744 a
3262 2690 3517 2746 taberna-

1930 2775 2077 2839 culo,
2106 2784 2161 2830 et
2177 2792 2307 2833 ecce
2343 2777 2512 2834 Maria
2553 2778 2698 2834 facta
2740 2789 2822 2836 est
2853 2781 3065 2849 leprosa
3114 2781 3258 2838 sicut
3286 2782 3378 2837 nix
3410 2781 3511 2838 ³⁸.»

1931 2867 2017 2923 ira
2048 2867 2248 2925 furoris
2293 2871 2505 2926 Domini
2559 2870 2792 2927 edicitur
2838 2887 3002 2942 super
3047 2886 3179 2938 eos,
3224 2873 3317 2942 qui
3377 2872 3519 2928 male

1929 2961 2248 3034 loquuntur,
2278 2975 2334 3019 et
2394 2965 2713 3020 detrahunt.
2756 2964 3150 3022 Verumtamen
3179 2969 3320 3037 quod
3355 2967 3517 3033 dicit,

1937 3073 1958 3108 ι
1991 3064 2045 3112 et
2084 3058 2262 3112 nubes
2314 3059 2549 3113 recessit
2603 3073 2633 3112 a
2676 3058 3063 3124 tabernaculo,
3097 3069 3151 3113 et
3179 3073 3307 3114 ecce
3346 3058 3517 3112 Maria

246 3161 396 3218 petra
427 3149 479 3204 in
513 3149 802 3219 aenigmate
847 3127 966 3204 erat
1011 3148 1151 3219 apud
1182 3147 1445 3218 Moysem,
1468 3146 1633 3217 290
1667 3155 1821 3202 ante-
1850 3127 1894 3186 (ἶ
1928 3145 2074 3202 facta
2105 3157 2192 3203 est
2225 3148 2440 3218 leprosa
2498 3150 2643 3204 sicut
2672 3149 2786 3214 nix,
2817 3169 2835 3202 ι
2875 3149 3331 3205 considerandum
3391 3149 3520 3204 dili-

245 3256 406 3310 t;uam
436 3241 759 3311 iungeretur
788 3241 915 3296 huic
943 3249 1142 3295 nostra:
1171 3238 1538 3308 Ethiopissaz.
1574 3236 1726 3292 Nunc
1772 3237 1825 3291 in

246 3333 426 3404 specie
476 3343 634 3403 petra
683 3331 937 3387 Christus
1009 3339 1114 3386 est.
1173 3329 1328 3384 Nunc
1375 3330 1521 3385 enim
1565 3343 1627 3384 os
1667 3329 1733 3384 ad
1765 3342 1827 3383 os

248 3425 488 3496 loquitur
515 3441 614 3497 per
667 3424 850 3495 legem.
891 3424 1054 3479 Deus.
1086 3425 1258 3478 Antea
1303 3424 1356 3477 in
1390 3423 1674 3491 aenigmate
1725 3419 1829 3476 fuit

247 3519 547 3589 baptismus
571 3519 624 3572 in
659 3521 804 3574 nube
835 3527 892 3573 et
944 3519 996 3571 in
1031 3517 1194 3580 mari,
1224 3532 1369 3570 nunc
1391 3524 1572 3568 autem
1609 3514 1662 3567 in
1692 3528 1822 3582 spe-

246 3615 329 3669 cie
361 3613 706 3682 regeneratio
759 3621 839 3666 est
877 3613 930 3666 in
967 3626 1104 3680 aqua
1147 3621 1202 3665 et
1242 3611 1297 3666 in
1352 3609 1562 3678 Spiritu
1601 3616 1817 3663 sancto.

247 3707 402 3762 Tunc
431 3708 485 3761 in
533 3705 818 3776 :enigmate
860 3713 983 3758 erat
1010 3717 1207 3756 manna
1258 3702 1435 3766 cibus,
1471 3715 1615 3756 nunc
1645 3709 1826 3754 autem

247 3798 300 3853 in
330 3799 517 3868 specie
571 3812 700 3853 caro
755 3796 914 3851 Verbi
951 3795 1044 3850 Dei
1079 3801 1163 3848 est
1208 3807 1371 3846 verus
1407 3793 1583 3857 cibus,
1609 3793 1750 3846 sicut
1774 3800 1829 3846 et

248 3893 361 3962 ipse
396 3893 525 3947 dicit
549 3892 618 3958 ⁸¹,
651 3892 776 3960 quia
815 3909 834 3942 r
863 3889 1000 3946 Caro
1038 3903 1158 3943 mea
1215 3901 1347 3942 vere
1390 3895 1475 3942 est
1529 3887 1721 3951 cibus,
1773 3894 1829 3941 et

259 3985 482 4057 sanguis
514 4001 668 4040 meus
700 3999 826 4039 vere
852 3993 937 4039 est
977 3993 1156 4052 potus.
1189 3999 1208 4032 ι
1243 3981 1334 4037 Sic
1359 3995 1487 4050 ergo
1524 3995 1638 4049 jam
1685 3993 1828 4034 nunc

244 4076 458 4149 Moyses
488 4077 627 4146 apud
656 4091 753 4131 nos
779 4077 1008 4145 positus,
1045 4083 1099 4130 et
1124 4074 1251 4128 huic
1280 4071 1638 4140 Ethiopissze
1689 4085 1823 4125 cou-

241 4170 485 4240 junctus,
522 4171 605 4225 vel
664 4171 778 4240 ipse
822 4171 888 4224 ad
921 4186 1040 4233 nos,
1066 4170 1152 4225 vel
1182 4171 1324 4224 Deus
1375 4171 1441 4223 ad
1499 4169 1672 4238 ipsum
1719 4181 1824 4221 non

247 4262 492 4332 loquitur
524 4261 577 4316 in
602 4261 912 4332 :enigmate,
948 4263 1041 4317 sed
1070 4262 1122 4316 in
1165 4262 1367 4331 specie.
1401 4261 1498 4316 llis
1523 4271 1701 4316 autem
1737 4260 1827 4313 ad-

211 4356 396 4410 .ditur
431 4374 444 4408 :
482 4373 501 4406 ι
549 4354 616 4408 Ει
672 4355 923 4425 gloriam,
987 4357 1167 4426 inquit
1213 4356 1281 4419 ",
1333 4354 1544 4408 Domini
1603 4354 1758 4408 vidit.
1799 4371 1819 4405 ι

1935 3239 2159 3309 geutius
2186 3251 2289 3308 est,
2321 3240 2464 3309 quod
2518 3239 2672 3309 prius
2712 3239 2921 3296 recedit
2949 3239 3143 3306 nubes,
3168 3250 3223 3295 et
3257 3242 3332 3294 ita
3370 3241 3518 3310 lepra

1933 3332 2212 3402 repletur:
2249 3342 2306 3386 ut
2332 3333 2657 3388 ostendatur
2687 3333 2814 3402 quia
2843 3332 3009 3387 etiam
3042 3334 3088 3388 si
3131 3343 3214 3387 est
3247 3335 3300 3387 in
3335 3333 3517 3403 aliquo

1931 3424 2108 3494 gratia
2139 3424 2314 3480 sancti
2345 3424 2682 3493 Spiritus,et
2708 3424 3007 3492 obtrectat,
3041 3433 3096 3480 et
3139 3425 3400 3493 detrahit,
3429 3439 3517 3482 re-

1929 3517 2075 3572 cedit
2098 3517 2166 3572 ab
2195 3533 2260 3572 eo
2289 3525 2408 3586 post
2441 3518 2924 3584 obtrectationem,
2954 3528 3009 3572 et
3041 3517 3121 3574 sic
3155 3518 3517 3589 lepra.reple-

1928 3621 2018 3666 tur
2051 3612 2235 3665 anima
2267 3613 2406 3682 ejus.
2444 3610 2579 3664 Nam
2608 3621 2660 3665 et
2678 3612 2909 3682 populus
2933 3611 3023 3665 ille
3054 3612 3205 3680 prior
3235 3613 3422 3667 habuit
3448 3615 3504 3669 iu

1929 3722 1989 3762 se
2033 3709 2268 3777 gratiam
2315 3707 2433 3773 Dei,
2493 3707 2587 3760 sed
2631 3716 2916 3775 postquam
2955 3707 3008 3758 in
3055 3720 3243 3758 verum
3291 3705 3516 3776 Moysen

1928 3797 2220 3854 Dominum
2283 3807 2529 3852 nostrum
2589 3795 2776 3852 Jesum
2827 3796 3108 3850 Christum
3151 3797 3518 3854 extenderunt

1929 3892 2138 3963 linguas
2174 3892 2522 3962 blasphemia:
2545 3907 2676 3954 suae,
2716 3891 2972 3945 discessit
3005 3890 3074 3944 ab
3097 3891 3204 3947 illis
3238 3894 3427 3956 nubes,
3462 3902 3518 3946 et

1930 3985 2179 4038 transivit
2206 3983 2272 4037 ad
2306 3998 2404 4038 nos
2431 3983 2484 4036 in
2518 3994 2758 4037 montem
2791 3982 3094 4045 excelsum,
3117 3998 3239 4037 cum
3261 3983 3517 4039 Salvator

1928 4086 2115 4132 noster
2139 4078 2562 4132 transformatus
2596 4087 2701 4141 est,
2735 4085 2787 4130 ct
2819 4077 2990 4130 nubes
3024 4075 3292 4146 refulgens
3323 4077 3519 4131 obum-

1927 4168 2108 4223 bravit
2161 4169 2455 4239 discipulos
2511 4167 2650 4236 ejus,
2707 4175 2761 4220 et
2789 4168 2938 4221 venit
2971 4180 3072 4221 vox
3117 4169 3182 4222 de
3226 4168 3390 4234 nube,
3426 4169 3512 4221 di-

1927 4277 2057 4316 cens
2083 4261 2170 4315 "z
2209 4280 2228 4315 ‹
2271 4262 2368 4316 l-lic
2426 4270 2510 4318 est
2564 4259 2736 4315 Filius
2783 4273 2939 4314 meus
2997 4259 3408 4323 dilectissimus,
3461 4261 3516 4313 in

1927 4370 2036 4426 quo
2076 4354 2210 4409 mihi
2267 4353 2406 4409 bene
2455 4353 2780 4423 complacui.
2814 4370 2833 4404 ι
2871 4350 2997 4405 Post
3041 4353 3140 4406 hoc
3165 4366 3294 4422 ergo
3342 4352 3515 4407 Maria

247 4447 484 4514 Quando
522 4447 661 4501 vidit
710 4447 922 4517 Moyses
966 4447 1194 4518 gloriam
1256 4447 1516 4502 Domini?
1545 4445 1655 4516 Ego
1699 4455 1825 4500 tunc
1857 4483 1902 4538 ι)
1930 4446 2073 4500 facta‘
2127 4453 2211 4500 est
2260 4447 2471 4515 leprosa
2527 4443 2667 4500 sicut
2701 4443 2816 4500 uix.
2861 4443 3040 4499 Donec
3070 4444 3260 4498 aderat
3313 4444 3508 4506 nubes,

247 4540 394 4602 dico,
426 4538 646 4608 quando
679 4537 1101 4592 traiisforuiatus
1135 4548 1219 4594 est
1246 4538 1506 4592 Dominus
1529 4539 1583 4592 iu
1619 4547 1821 4602 iuonle,

249 4640 303 4685 et
331 4631 528 4687 aderat
556 4633 603 4686 ei
632 4631 845 4703 Moyses
875 4647 996 4686 cum
1017 4631 1152 4697 Elia,
1182 4641 1238 4687 et
1265 4629 1718 4700 colloquebantur
1752 4630 1823 4684 ei.

248 4723 314 4778 Et
345 4725 469 4780 ideo
506 4735 654 4780 recte
688 4728 742 4779 in
796 4725 1251 4794 consequentibus
1299 4721 1548 4790 adjungit
1580 4722 1628 4754 ⁸³
1663 4739 1677 4776 :
1709 4740 1727 4773 ε
1763 4722 1828 4775 Ει

248 4830 420 4884 quare
444 4831 550 4870 non
582 4817 837 4871 timuistis
864 4816 1152 4871 detrahere
1189 4814 1392 4869 famulo
1415 4827 1538 4868 meo
1569 4812 1778 4885 Moysi?
1802 4832 1823 4865 ι

247 4906 403 4974 Quod
427 4907 715 4962 evidenter
738 4908 926 4977 utique
954 4909 1018 4961 ad
1052 4922 1148 4963 eos
1183 4907 1388 4961 dictum
1428 4905 1700 4976 dirigitur,
1733 4905 1829 4974 qui

252 4994 544 5066 Evangelia
572 4997 787 5065 quidem
818 4998 1096 5068 suscipere
1124 4992 1400 5062 videntur,
1429 4997 1694 5065 derogant
1729 5010 1830 5048 au-

253 5097 358 5144 teui
391 5087 589 5160 Moysi,
614 5098 671 5144 et
698 5091 890 5144 merito
928 5101 1252 5160 arguuntur,
1293 5089 1423 5159 quia
1468 5104 1592 5144 eum
1619 5089 1829 5142 discant

254 5195 350 5250 per
375 5179 730 5250 Evangelium
786 5184 932 5251 quod
974 5182 1191 5253 Moyses
1240 5197 1345 5236 una
1387 5196 1509 5236 cum
1551 5180 1670 5235 Elia
1695 5179 1830 5234 vidit

256 5272 480 5339 gloriam
509 5273 741 5339 Domini,
760 5273 861 5342 legi
881 5283 934 5328 et
955 5274 1234 5344 pr0phetis
1255 5273 1371 5327 ausi
1387 5282 1516 5327 sunt
1537 5273 1825 5341 derogare.

256 5361 320 5416 Et
342 5363 464 5418 ideo
492 5378 591 5419 nos
615 5379 721 5419 non
754 5363 1102 5419 detrahamus
1146 5363 1336 5435 Moysi,
1367 5378 1468 5418 nec
1491 5363 1818 5432 derogemus

325 5529 370 5562 ⁵⁸
409 5530 581 5588 lCor.
621 5549 678 5600 x,
705 5533 732 5588 l
766 5542 821 5588 et
843 5547 996 5601 seqq.

1071 5533 1114 5564 '"
1156 5531 1310 5588 Joan.
1351 5546 1424 5594 vn,
1477 5529 1567 5586 56.
1639 5528 1686 5561 “
1709 5527 1868 5584 Num.
1906 5544 2002 5593 xu,
2038 5531 2092 5586 8.

1936 4537 2100 4592 Maria
2135 4553 2238 4592 nou
2265 4546 2385 4592 erat
2437 4537 2674 4606 leprosa,
2708 4537 2802 4590 sed
2847 4552 2972 4591 cum
3005 4535 3502 4590 discessit.'Douee

1934 4628 2078 4682 enim
2105 4627 2344 4681 visitatio
2373 4625 2468 4680 Dei
2494 4635 2613 4681 erat
2641 4628 2694 4680 in
2728 4628 2924 4696 populo
2958 4626 3073 4690 ille,
3123 4641 3230 4680 non
3278 4636 3399 4679 erat
3432 4625 3514 4678 le-

1934 4735 2148 4790 prosus.
2203 4719 2305 4774 Ulii
2358 4733 2490 4774 vero
2533 4718 2811 4783 discessit,
2862 4719 3154 4789 ignominia
3197 4718 3378 4772 vultus
3432 4718 3516 4772 sui

1934 4813 2176 4867 contexit
2200 4827 2346 4867 eum.
2382 4813 2489 4868 Sed
2517 4821 2572 4867 et
2620 4827 2718 4866 nos
2750 4813 3039 4867 timeamus
3069 4827 3136 4866 ne
3157 4811 3296 4866 forte
3319 4809 3521 4880 effuge-

1935 4920 2056 4958 mus
2094 4920 2123 4958 a
2179 4906 2334 4960 nobis
2381 4906 2522 4959 hanc
2569 4907 2770 4960 nubem
2837 4905 2978 4958 male
3030 4903 3322 4972 loquendo,
3379 4903 3520 4956 male

1937 4997 2166 5066 agendo,
2195 4998 2338 5052 male
2366 4999 2652 5070 cogitando
2680 5016 2694 5052 :
2723 5007 2776 5053 et
2806 5007 2932 5051 tunc
2967 4995 3252 5066 apparebit
3285 4996 3337 5049 in
3361 4994 3518 5049 nobis

1935 5087 2084 5159 lepra
2116 5091 2349 5159 peccati,
2381 5107 2504 5146 cum
2533 5091 2846 5145 deseruerit
2871 5104 2972 5144 nos
3011 5089 3184 5160 gratia
3218 5089 3336 5143 Dei.

2006 5181 2058 5234 5.
2090 5198 2108 5230 ι
2147 5181 2212 5235 Et
2237 5183 2476 5252 respexit
2506 5182 2684 5238 Aaron
2716 5183 2783 5236 ad
2799 5181 3272 5245 Mariam,‘etecce
3294 5187 3414 5233 erat
3439 5177 3522 5232 le-

1934 5287 2113 5341 prosa.
2145 5274 2208 5328 Et
2237 5276 2374 5330 dixit
2399 5277 2582 5329 Aaron
2614 5276 2678 5329 ad
2705 5275 2926 5336 Moysen
2967 5294 2980 5329 :
3021 5274 3241 5338 Precor,
3271 5272 3512 5333 domine,

1932 5377 2002 5418 ne
2030 5364 2326 5422 contuleris
2360 5368 2411 5421 iu
2438 5383 2537 5423 nos
2577 5378 2885 5438 peccatum,
2940 5364 3198 5434 quoniam
3244 5359 3520 5433 ignoravi-

2204 5529 2250 5562 ⁸³
2275 5529 2407 5585 ibid.
2481 5529 2529 5562 “
2559 5529 2689 5584 ibid.
2743 5529 2797 5592 9,
2847 5528 2936 5582 10.
2973 5528 3017 5559 ⁸⁵
3060 5525 3249 5579 Matth.
3283 5537 3419 5586 xv",
3461 5519 3515 5588 5,

327 5651 440 5734 (77)
477 5652 666 5710 Codex
721 5667 824 5708 ms.
888 5650 1249 5720 Ebroicensis,
1287 5668 1306 5704 σ
1336 5649 1648 5706 αςείιΙαηι.»
1677 5647 1856 5704 Codex
1909 5647 2095 5706 Sancti
2125 5649 2472 5723 Theoderici,
2509 5667 2530 5702 ι
2564 5647 2906 5720 contingant.
2944 5667 2970 5734 »_
2997 5646 3118 5704 Lib.
3179 5645 3334 5714 editi,
3369 5662 3389 5699 α
3425 5659 3516 5700 ac~

260 5723 474 5779 cedant.
504 5757 521 5788 ι
