4074 6156
547 241 654 298 615

1992 239 2320 296 ORICENIS

3718 242 3843 302 616

548 381 670 419 mus
701 364 843 434 quod
890 363 1261 434 peccavimus.
1318 362 1396 418 Ne
1429 363 1525 418 ﬁat
1566 363 1747 418 simile
1794 362 1906 436 (78)
1935 364 2118 427 morti,
2151 371 2196 426 Α
2227 365 2370 419 dicat
2401 365 2649 421 meliores
2683 367 2776 436 qui
2806 367 3005 422 mortui
3045 376 3171 423 sunt
3205 367 3433 431 mundo,
3469 375 3523 422 et
3551 381 3655 422 eos
3689 381 3835 434 pro-

545 469 603 512 et
631 473 688 510 ιιι
715 457 940 511 aborsus
962 457 1169 523 ejectus
1224 457 1290 510 de
1320 458 1478 510 vulva
1531 459 1742 523 matris,
1789 467 1844 511 et
1889 457 2125 511 comedit

545 547 825 602 dimidium
849 545 1031 599 carnis
1055 544 1173 614 ejus
1199 546 1263 598 '°.
1289 565 1307 598 ι
1329 546 1456 600 Vult
1479 546 1530 600 in
1556 547 1657 601 hoc
1673 546 1962 601 ostendere
1980 548 2122 614 quod

546 637 884 709 populusille
908 637 1178 691 formatus
1206 638 1424 706 quidem
1455 636 1618 691 fuerit
1650 638 1703 690 in
1724 623 1898 690 'vulva
1931 638 2122 691 matris

546 747 655 786 suae
698 745 1006 802 synagogas,
1061 745 1167 784 non
1227 739 1406 782 tamen
1447 732 1734 799 pervenire
1774 730 2011 800 potuerit
2053 731 2122 782 ad

547 823 847 892 perfectum
870 833 926 878 et
959 824 1232 893 integrum
1264 835 1498 893 partum.
1545 821 1698 876 Sicut
1727 824 1869 877 enim
1897 823 2122 877 aborsus

547 917 898 987 imperfectus
944 925 999 971 et
1051 916 1447 985 incompositus
1489 925 1571 970 est
1596 925 1821 984 partus:
1854 916 1924 969 ita
1959 923 2014 969 et
2037 914 2124 969 ille

545 1010 776 1081 populus
836 1009 1114 1080 aliquanto
1164 1009 1384 1079 quidem
1452 1017 1692 1078 tempore
1723 1007 1865 1061 intra
1908 1006 2121 1060 vulvam

546 1104 764 1165 matris.
792 1105 896 1158 hoc
917 1112 1020 1165 est,
1047 1103 1190 1156 intra
1229 1115 1516 1172 synagoga:
1559 1101 1953 1156 institutionem
1978 1097 2124 1168 posi-

546 1205 636 1249 tus
667 1194 764 1248 fuit
792 1213 805 1248 :
833 1194 926 1248 sed
972 1195 1212 1264 peccatis
1268 1193 1755 1257 intercedentibus,
1789 1190 2011 1246 formari
2054 1190 2122 1242 ad

546 1289 842 1358 integrum,
881 1285 1254 1353 viviﬁcarique
1301 1300 1405 1338 non
1442 1285 1620 1353 potuit
1653 1301 1667 1337 :
1695 1292 1748 1337 et
1772 1283 1893 1336 ideo
1924 1280 2120 1351 abjecti

545 1389 673 1434 sunt
699 1378 843 1432 velut
876 1378 1100 1432 aborsus
1129 1375 1480 1444 imperfectus
1529 1387 1584 1429 et
1625 1375 1968 1441 immaturus,
1996 1388 2124 1442 pec-

544 1481 669 1525 cato
695 1470 905 1524 scilicet
952 1477 1313 1523 consumente
1360 1467 1667 1528 dimidium,
1703 1476 1762 1519 ut
1807 1467 1904 1531 ait,
1934 1467 2122 1519 carnis

545 1565 685 1632 ejus.
722 1565 815 1619 Est
842 1575 1022 1618 tamen
1052 1561 1324 1616 interdum
1367 1569 1423 1614 et
1455 1560 1682 1614 aborsus
1723 1559 1916 1615 bonus.
1945 1559 2123 1613 Battus

546 1668 730 1711 autem
765 1655 991 1708 aborsus
1012 1651 1216 1705 dicitur
1253 1665 1376 1703 cum
1411 1650 1536 1704 aliis
1576 1662 1947 1718 comparatur,
1981 1648 2118 1702 sicut

546 1760 601 1804 et
633 1747 988 1802 Ecclesiastes
1017 1745 1093 1797 ait
1117 1743 1162 1776 ⁵⁷
1199 1761 1211 1796 :
1245 1761 1263 1793 ι
1307 1743 1371 1796 Et
1394 1743 1502 1796 dixi
1532 1740 1746 1796 :Bonus
1777 1753 1862 1795 est
1893 1741 2122 1794 aborsus

547 1840 720 1909 magis
753 1852 916 1906 quam
950 1835 1061 1889 ille.
1095 1854 1116 1888 ι
1145 1833 1249 1900 Qui
1280 1834 1411 1888 ille?
1447 1851 1464 1884 ι
1504 1834 1603 1898 Qui
1637 1833 1688 1885 in
1733 1831 1995 1894 vanitate,
2038 1830 2122 1883 in-

544 1933 752 2004 quit”.
778 1931 977 1984 incedit
1004 1937 1058 1984 et
1098 1927 1154 1981 in
1201 1926 1442 1981 tenebris
1481 1925 1741 1978 ambulat.
1777 1944 1797 1976 ι
1832 1923 1948 1978 Νοιι
1991 1938 2122 1992 ergo

545 2022 789 2078 absolute
821 2022 1023 2076 bonum
1072 2020 1204 2073 dicit
1248 2018 1526 2076 aborsum.
1584 2017 1676 2070 sed
1710 2016 1911 2068 bonum
1950 2013 2122 2083 magis

546 2131 707 2184 quam
727 2115 914 2178 vitam,
937 2127 1056 2181 quae
1089 2110 1142 2164 in
1173 2110 1414 2164 vanitate
1441 2108 1678 2172 ducitur,
1709 2119 1764 2162 et
1793 2107 1849 2160 in
1887 2107 2122 2160 tenebris

546 2206 885 2277 ignorantiae.
930 2203 999 2258 Et
1045 2203 1104 2256 ﬁt
1151 2203 1293 2270 apud
1333 2217 1458 2256 eum
1492 2201 1742 2270 quaedam
1786 2197 2122 2267 comparatio

545 2299 904 2370 singulorum.
962 2295 1274 2350 Dicitenim
1304 2303 1358 2349 et
1409 2293 1538 2348 alibi
1585 2293 1698 2362 ipse
1741 2291 2118 2352 Ecclesiastes,

543 2389 717 2442 bonos
769 2399 893 2440 esse
948 2392 1192 2438 mortuos
1246 2383 1415 2451 magis
1486 2397 1650 2451 quam
1732 2381 1976 2435 viventes
2051 2379 2118 2430 δ’.

541 2480 753 2548 Quibus
823 2494 1011 2532 rursus
1085 2477 1129 2531 si
1195 2490 1476 2546 compares
1550 2476 1840 2539 aborsum,
1919 2475 2118 2529 bonum

539 2590 663 2631 esse
721 2571 871 2626 dicas
909 2569 1023 2639 (79)
1072 2582 1238 2636 super
1287 2578 1596 2635 utrumque.
1659 2565 1716 2620 Si
1764 2581 1898 2636 ergo
1940 2567 2122 2620 consi-

541 2669 701 2723 deres
759 2665 851 2734 qui
914 2661 1192 2726 suntvivi,
1229 2669 1286 2714 et
1336 2661 1428 2730 qui
1461 2667 1589 2715 sunt
1649 2658 1870 2723 mortui,
1921 2659 2120 2726 quibus

543 2761 771 2815 aborsus
826 2755 1021 2810 melior
1092 2753 1163 2806 sit
1221 2761 1322 2821 pro
1388 2767 1455 2806 eo
1503 2751 1646 2820 quod
1700 2766 1770 2806 ne
1821 2751 2122 2821 gustaverit

539 2851 698 2923 29],
740 2848 959 2919 quidem
989 2845 1112 2898 vitm
1143 2845 1324 2898 mundi
1368 2844 1526 2912 hujus
1561 2843 1799 2909 auspicia
1822 2882 1837 2907 ,
1879 2842 2120 2896 invenies

539 2960 659 3014 quae
708 2945 817 2996 sint
864 2944 916 2996 iu
977 2939 1374 3010 comparatione
1429 2935 1532 2988 ista
1569 2933 1922 3000 .diﬁ‘crentite.
1973 2932 2118 2988 Con-

539 3037 716 3089 sidera
761 3049 892 3104 ergo
939 3033 1065 3102 quia
1115 3048 1221 3086 non
1268 3029 1401 3084 alios
1445 3026 1537 3094 εἰὺὶ
1590 3026 1890 3081 nominavit
1943 3027 2121 3080 viven-

543 3138 660 3192 tes,
700 3127 801 3180 nisi
839 3128 904 3181 de
951 3126 1149 3194 quibus
1193 3124 1395 3178 dicitur
1453 3119 1505 3174 in
1555 3118 1785 3175 Psalmis
1845 3121 1926 3174 ‘°:
1954 3138 1973 3170 ι
2010 3121 2117 3174 νε-

539 3229 847 3274 rumtamen
909 3218 1122 3270 vanitas
1172 3214 1349 3271 omnis
1403 3213 1566 3267 homo
1625 3212 1835 3268 vivens.
1883 3229 1903 3263 ι
1953 3212 2112 3266 Omni

540 3328 670 3383 ergo
697 3312 920 3368 homine
973 3311 1064 3380 qui
1125 3309 1175 3363 in
1226 3308 1462 3362 vanitate
1491 3306 1644 3361 vivit.
1681 3305 1796 3359 Non
1824 3306 1969 3359 enim
1997 3322 2119 3359 om-

539 3405 625 3460 nis
661 3406 770 3458 vita
818 3404 871 3458 in
916 3402 1154 3457 vanitate
1212 3410 1318 3466 est,
1384 3401 1476 3455 sed
1511 3399 1600 3452 illa
1643 3401 1752 3453 vita
1783 3414 1903 3468 quae
1925 3416 2119 3454 secun-

539 3501 666 3552 dum
711 3513 932 3553 carnem
981 3504 1100 3561 est,
1138 3503 1193 3548 et
1234 3494 1526 3548 secundum
1581 3507 1796 3546 errores
1849 3507 1913 3546 ac
1962 3492 2116 3546 volu-

539 3600 716 3660 ptates
742 3589 948 3652 saeculi,
999 3589 1114 3642 haec
1159 3594 1241 3640 est
1280 3586 1386 3638 vita
1419 3584 1676 3638 vanitatis
1703 3583 1846 3654 (80),
1874 3593 1929 3638 et
1954 3599 2118 3651 super

539 3686 682 3738 hanc
725 3691 810 3738 est
843 3681 1024 3735 oumis
1064 3678 1153 3747 qui
1196 3676 1324 3732 huic
1366 3676 1491 3731 vitae
1533 3683 1779 3727 mortuus
1803 3683 1918 3740 est,
1943 3683 1993 3728 et
2023 3676 2114 3743 qui

536 3777 671 3834 dicit
697 3777 741 3808 ⁶¹
785 3791 800 3830 :
848 3793 868 3827 ι
914 3774 1042 3829 Mihi
1080 3781 1258 3826 autem
1299 3770 1532 3824 mundus
1567 3767 1861 3823 cruciﬁxus
1908 3779 2023 3834 est,
2061 3778 2118 3822 et

535 3884 636 3938 ego
669 3867 898 3930 mundo;
949 3885 967 3918 ι
1003 3876 1054 3920 et
1087 3865 1154 3920 de
1188 3877 1296 3930 quo
1327 3861 1524 3916 dicitur
1553 3861 1596 3892 °'
1639 3879 1652 3915 :
1691 3879 1710 3910 ι
1751 3859 1942 3914 Mortui
1981 3875 2115 3928 ergo

535 3959 670 4016 estis
699 3973 822 4012 cum
851 3957 1092 4012 Christo.
1141 3974 1161 4007 ι
1197 3952 1290 4008 lsti
1321 3965 1456 4019 ergo
1484 3949 1732 4005 meliores
1760 3958 1916 4013 sunt,
1948 3964 2112 4018 quam

538 4050 614 4105 illi
662 4050 929 4105 viventes.
973 4048 1079 4101 Sed
1123 4061 1290 4115 super
1327 4046 1427 4100 hos
1460 4056 1582 4098 esse
1623 4041 1819 4096 dicitur
1853 4043 2112 4107 aborsus,

536 4143 662 4212 quia
706 4141 836 4198 licet
877 4139 1096 4194 venisse
1132 4139 1380 4193 videatur
1413 4136 1468 4189 in
1510 4149 1703 4196 carne,
1749 4133 1892 4188 nulla
1934 4146 2111 4187 tamen

539 4235 796 4289 vanitatis
815 4233 939 4287 vitae
967 4233 1127 4301 hujus
1151 4231 1375 4300 sumpsit
1404 4228 1579 4284 initia.
1609 4226 1908 4280 lutroducit
1931 4236 2110 4280 tamen

539 4326 895 4382 Ecclesiastes
924 4333 980 4378 et
1010 4325 1175 4377 alium
1210 4320 1500 4390 quemdam
1522 4359 1539 4382 ,
1568 4329 1625 4371 ut
1658 4318 1900 4378 videtur,
1946 4317 2108 4371 etiam

538 4417 643 4469 isto
668 4414 970 4476 meliorem,
991 4412 1058 4465 de
1089 4424 1198 4481 quo
1222 4409 1352 4464 dicit
1383 4426 1398 4462 :
1429 4408 1472 4439 °'
1506 4426 1524 4458 ι
1562 4405 1631 4460 Ει
1650 4399 1888 4473 ἵριίιιιιιε
1914 4415 1998 4458 est
2023 4420 2114 4459 su-

536 4521 634 4574 per
666 4506 763 4561 hos
801 4496 934 4559 duos
965 4503 1058 4572 qui
1088 4502 1323 4556 nondum
1352 4511 1509 4554 natus
1537 4509 1656 4563 est;
1691 4515 1709 4549 ι
1743 4497 1846 4552 hoc
1872 4505 1985 4563 est,
2012 4495 2107 4564 qui

534 4609 605 4650 ne
640 4596 706 4648 ad
732 4592 1142 4649 conclusionem
1169 4589 1385 4658 quidem
1419 4587 1589 4640 vulvae
1618 4583 1850 4638 carnalis
1889 4593 1943 4637 et
1978 4597 2106 4637 cor-

533 4700 716 4756 porea:
755 4683 1054 4737 nativitatis
1079 4682 1228 4736 venit
1265 4679 1536 4748 injuriam.
1574 4676 1679 4730 Sed
1708 4685 1762 4730 et
1795 4675 1899 4729 hoc
1931 4673 2105 4744 ipsum

532 4779 677 4847 quod
721 4775 853 4830 dicit
896 4773 1260 4829 Ecclesiastes
1291 4774 1376 4826 οδε
1413 4788 1431 4821 ι
1468 4766 1704 4822 Laudavi
1737 4780 1923 4820 omnes
1955 4780 2104 4818 mor-

533 4878 656 4923 tuos
707 4867 877 4935 magis
925 4880 1087 4935 quam
1137 4865 1323 4925 vivos,
1365 4871 1420 4917 et
1467 4876 1562 4915 eos
1586 4859 1679 4930 qui
1719 4860 1903 4912 vivunt
1935 4873 2106 4928 usque

535 4975 714 5026 nunc,
756 4977 777 5010 ι
815 4957 1084 5028 quomodo
1117 4969 1224 5009 non
1255 4953 1534 5009 evidenter
1574 4951 1812 5005 ostendit
1841 4951 1986 5020 quod
2011 4965 2106 5004 eos

605 5124 650 5153 ⁸⁸
681 5119 943 5184 Nonum,
1003 5120 1068 5174 10
1119 5129 1170 5171 et
1219 5131 1372 5184 seqq.
1446 5117 1490 5150 ⁸⁷
1520 5113 1701 5168 Eccle.
1744 5112 1909 5184 “,5.

532 5208 605 5260 vt,
635 5194 721 5246 M.
797 5194 840 5223 ⁸¹
867 5192 1076 5246 Coloss.
1100 5205 1178 5260 ut.
1203 5189 1256 5243 5.
1333 5187 1376 5218 ⁵³
1399 5185 1574 5260 Eccle.
1595 5200 1646 5260 tv

1601 5255 1646 5286 ⁷ο
1672 5254 2060 5322 Num.xu,15.

529 5257 878 5327 ⁸⁸⁷11θι›ι”.νιι,
902 5262 990 5316 19.
1065 5261 1109 5291 ⁶⁹
1136 5259 1311 5314 Galat.
1343 5273 1416 5324 tv,
1441 5257 1526 5312 19.

596 5424 714 5501 (78)
735 5425 1106 5501 Manuscripti,
1141 5423 1398 5501 (simile.
1436 5441 1454 5474 ι
1493 5421 1646 5501 Libb.
1679 5420 1838 5501 editi,
1883 5418 2098 5501 «simi-

531 5484 616 5562 lis,
654 5519 671 5549 ι
695 5484 869 5562 ἰιιιιιε,
914 5484 1035 5552 cuiu
1091 5484 1144 5549 in
1175 5493 1364 5548 Graeco
1402 5503 1550 5548 textu
1575 5493 1786 5559 legatur
1807 5490 1938 5544 ὡσεὶ
1958 5484 2094 5543 ἴσον.

600 5570 712 5638 {'79)
747 5567 900 5623 Libb.
934 5567 1091 5630 editi,
1126 5585 1144 5616 ι
1185 5567 1348 5629 dicat,
1407 5583 1426 5617 ι
1472 5566 1564 5619 sed
1599 5579 1773 5638 _mss.,
1827 5581 1844 5613 (
1874 5565 2042 5638 dicas.
2071 5578 2090 5612 ι

603 5634 712 5699 (803
740 5638 922 5694 Codex
955 5637 1350 5692 Bellovaceusis
1379 5655 1397 5687 ι
1428 5637 1541 5689 lucc
1561 5634 1671 5689 vita
1690 5644 1772 5686 est
1798 5635 2029 5688 vanitas.
2069 5649 2090 5682 ι

559 5707 746 5763 Codex
772 5709 1128 5767 Ebroiccnsis
1163 5729 1181 5763 ι
1224 5712 1338 5768 hmc
1375 5720 1456 5769 est
1496 5710 1626 5767 vita!
1665 5709 1894 5768 vanitas.
1947 5727 1966 5760 ι

1985 5112 2032 5145 ⁵⁸
2060 5112 2193 5168 ibid.
2224 5113 2278 5166 4.
2351 5114 2396 5146 5°
2422 5116 2598 5171 Eccle.
2627 5133 2696 5181 tv,
2735 5119 2794 5175 Ξ.

1838 5182 1884 5214 ⁸⁸
1913 5183 2073 5247 ibid.,
2100 5185 2156 5239 ‘2.

2225 455 2434 508 nuntiet
2460 455 2746 511 inferiores
2771 459 2861 527 qui
2889 460 3077 514 vivunt
3108 459 3343 514 mundo?
3373 459 3504 512 Nam
3531 460 3573 513 si
3605 472 3838 514 secun-

2223 548 2351 601 dum
2398 547 2636 602 litteram
2687 550 2822 604 velis
2865 551 3197 621 intelligere,
3237 552 3508 620 quomodo
3546 550 3834 606 laudandi

2223 650 2350 694 Sunt
2405 643 2602 695 mortui
2654 642 2827 712 magis
2877 658 3037 712 quam
3082 644 3363 698 viventes?
3391 643 3630 698 Laudari
3663 644 3833 696 ertim

2225 732 2362 787 Solet
2405 735 2526 802 quis
2572 734 2625 787 in
2677 749 2745 788 eo
2788 736 2928 803 quod
2959 735 3237 789 voluntate
3271 735 3410 789 bona
3444 746 3498 789 et
3525 736 3836 804 proposito

2222 824 2396 893 egerit
2445 823 2580 897 (81).
2631 824 2778 881 Mors
2823 839 3002 880 autem
3048 826 3151 880 ista
3184 827 3528 895 communis,
3573 827 3717 881 nulli
3755 843 3834 882 ex

2224 916 2534 983 voluntate,
2582 931 2682 972 nec
2715 933 2780 972 ex
2821 919 3104 988 proposito
3147 921 3316 975 venit.
3353 920 3638 987 Quomodo
3678 935 3834 990 ergo

2227 1008 2421 1076 dignus
2448 1008 2612 1063 laude
2640 1011 2914 1064 videbitur
2943 1012 2995 1064 in
3026 1025 3092 1065 eo
3115 1013 3240 1080 quis
3267 1014 3414 1082 quod
3441 1013 3635 1066 contra
3681 1027 3832 1084 pro-

2226 1101 2457 1166 positum
2489 1101 2726 1168 patitur?
2755 1101 3017 1172 Alioquin
3047 1103 3355 1158 laudabitur
3378 1114 3435 1159 et
3462 1105 3685 1159 Pharao
3721 1121 3828 1159 rex

2224 1189 2473 1261 Egypti,
2505 1192 2594 1260 qui
2619 1193 2933 1248 submersus
2953 1201 3038 1249 est
3071 1196 3124 1248 in
3161 1209 3310 1250 mare
3331 1235 3348 1262 ,
3391 1211 3552 1266 super
3585 1196 3828 1261 Mosen,

2225 1284 2317 1350 qui
2391 1283 2457 1336 de
2528 1284 2664 1337 mari
2735 1285 2890 1339 vivus
2959 1286 3134 1340 evasit
3173 1286 3240 1342 “.
3305 1284 3700 1341 Laudabuntur
3764 1295 3831 1339 et

2223 1372 2460 1444 Egyptii
2491 1374 2582 1443 qui
2621 1376 2818 1428 mortui
2851 1375 3052 1428 suntin
3085 1377 3273 1444 aquis,
3304 1377 3477 1446 magis
3509 1392 3676 1446 quam
3717 1392 3827 1446 po-

2225 1466 2382 1534 pulus
2411 1466 2539 1532 Dei,
2571 1469 2663 1536 qui
2695 1467 2949 1522 transivit
2982 1481 3080 1535 per
3119 1468 3322 1522 siccum
3351 1469 3406 1522 in
3437 1468 3614 1523 medio
3639 1470 3820 1522 mari.

2223 1557 2341 1612 l‘ion
2365 1573 2494 1630 ergo
2521 1559 2592 1613 ita
2625 1560 2923 1630 intelligas,
2955 1561 3047 1616 sed
3075 1562 3212 1615 scito
3241 1568 3296 1614 te
3325 1560 3651 1614 laudandum
3687 1575 3824 1614 esse

2228 1663 2498 1706 mortuum
2541 1667 2664 1706 cum
2711 1654 2952 1723 potueris
2997 1655 3180 1707 dicere
3220 1653 3266 1686 “
3303 1667 3317 1706 :
3359 1671 3379 1704 ι
3414 1651 3635 1707 Christo
3667 1667 3821 1706 con-

2230 1745 2524 1800 cruciﬁxus
2577 1763 2719 1800 sum.
2776 1747 2912 1802 Vivo
2958 1756 3137 1800 autem
3176 1746 3288 1816 jam
3341 1761 3446 1799 non
3484 1761 3621 1816 ego,
3676 1746 3822 1797 vivit

2229 1846 2407 1889 autem
2450 1837 2503 1890 in
2538 1851 2623 1889 me
2655 1837 2923 1892 Christus.
2966 1855 2984 1888 ι
3023 1836 3077 1890 Si
3121 1837 3440 1890 renuntiasti
3485 1836 3726 1899 saeculo,
3769 1837 3818 1890 si

2230 1927 2474 1995 abiecisti
2507 1928 2634 1982 vitia
2659 1968 2674 1993 ,
2727 1930 2772 1983 si
2814 1931 2923 1996 jam
2968 1943 3074 1982 non
3121 1930 3357 1981 moveris
3386 1928 3452 1981 ad
3483 1940 3817 1997 peccatum,

2229 2021 2323 2073 sed
2361 2029 2608 2074 mortuus
2646 2035 2705 2075 es
2745 2030 2972 2090 peccato
2999 2059 3012 2084 ,
3060 2021 3256 2075 melior
3293 2036 3352 2075 es
3395 2036 3555 2088 quam
3590 2021 3680 2075 ille
3712 2019 3816 2090 qni

2229 2112 2362 2163 vivit
2393 2122 2639 2180 peccato,
2659 2122 2712 2165 et
2736 2113 2843 2166 erit
2869 2113 2920 2166 in
2953 2121 3004 2166 te
3026 2127 3174 2166 mors
3203 2113 3300 2165 ista
3333 2112 3642 2166 laudabilis.
3668 2110 3815 2164 Nam

2228 2218 2326 2272 pro
2359 2215 2532 2258 morte
2568 2204 2670 2258 hac
2699 2203 3011 2268 communi,
3049 2215 3167 2272 qua:
3196 2204 3313 2274 lege
3349 2215 3553 2258 natura:
3587 2203 3820 2257 unicui-

2229 2309 2334 2362 que
2359 2295 2540 2359 venit,
2570 2309 2728 2350 nemo
2758 2295 3031 2350 laudatur.
3062 2294 3189 2348 Haec
3221 2296 3345 2349 licet
3379 2311 3472 2364 per
3494 2310 3811 2358 excessum,

2229 2387 2648 2441 commemorari
2697 2399 2877 2441 tamen
2913 2391 3152 2457 oportuit
3183 2389 3234 2442 iu
3269 2403 3333 2441 eo
3357 2387 3476 2441 loco
3501 2387 3588 2442 ubi
3620 2403 3812 2442 sermo

2229 2481 2322 2535 Dei
2357 2479 2582 2533 Mariam
2621 2495 2718 2550 pro
2745 2480 2898 2550 culpa
2935 2480 3385 2546 obtrectatiOuis,
3424 2490 3478 2533 et
3510 2496 3605 2548 pro
3644 2480 3810 2548 plaga

2228 2571 2589 2640 correptionis
2643 2574 2897 2626 aborsum
2944 2574 3079 2627 dicit
3121 2572 3406 2637 cll‘cctnm,
3450 2583 3507 2624 ut
3539 2573 3810 2626 ostende-

2231 2678 2410 2717 remus
2449 2663 2574 2732 quia
2626 2671 2711 2716 est
2754 2673 2809 2716 et
2851 2664 3250 2732 vituperabilis,
3300 2673 3386 2718 est
3429 2674 3483 2716 et
3511 2663 3808 2717 laudabilis

2228 2755 2478 2810 aborsus.
2534 2753 2777 2823 Denique
2819 2757 2983 2809 etiam
3028 2755 3314 2827 Apostolus
3363 2756 3540 2811 sciens
3585 2759 3637 2810 in
3679 2757 3808 2810 istis

2228 2847 2424 2916 quibus
2469 2861 2631 2916 supra
2671 2847 2906 2900 diximus
2949 2848 3229 2902 ordinibus
3259 2863 3380 2902 esse
3414 2849 3648 2918 aliquem
3682 2847 3804 2901 lau-

2227 2938 2462 2993 dabilem
2501 2940 2732 2993 aborsus
2769 2938 3014 2993 ordinem
3037 2980 3052 3004 ,
3085 2941 3250 2993 etiam
3292 2939 3358 2993 de
3391 2940 3678 3006 semetipso
3714 2939 3804 2992 di-

2227 3032 2303 3086 cit
2330 3031 2374 3062 "
2412 3049 2426 3086 :
2471 3047 2490 3081 ι
2525 3029 2827 3084 Novissime
2859 3038 3037 3084 autem
3074 3031 3314 3084 omnium
3352 3039 3608 3099 tanquam
3636 3030 3801 3083 abor-

2227 3125 2336 3178 tivo
2375 3125 2521 3177 visus
2553 3132 2635 3177 est
2661 3133 2715 3176 et
2751 3123 2916 3188 mihi;
2952 3143 2970 3174 ι
3007 3138 3168 3193 super
3199 3124 3444 3177 viventes
3486 3138 3545 3177 se
3577 3123 3796 3191 quidem

2224 3223 2279 3269 et
2315 3229 2480 3284 super
2515 3223 2790 3279 mortuos,
2825 3221 2945 3281 post
2970 3229 3065 3268 eos
3095 3224 3271 3268 tamen
3303 3215 3393 3284 qui
3423 3215 3650 3267 necdum
3681 3213 3796 3267 nati

2223 3319 2350 3361 sunt
2376 3347 2390 3371 ,
2431 3321 2745 3361 numerans.
2771 3305 2856 3359 Fit
2889 3292 3021 3376 ergo
3051 3307 3184 3361 sicut
3219 3308 3447 3361 aborsus
3469 3307 3652 3360 Maria.
3679 3305 3794 3361 Non

2221 3399 2366 3452 enim
2415 3400 2592 3468 potuit
2633 3398 2861 3468 pepulus
2901 3398 2989 3452 ille
3032 3398 3100 3452 ad
3137 3397 3434 3468 perfectum
3478 3399 3700 3453 formari
3736 3401 3794 3454 in

2223 3489 2338 3560 lege
2364 3529 2380 3553 .
2434 3489 2575 3544 sicut
2613 3499 2668 3542 et
2709 3488 2903 3542 Paulus
2949 3490 3264 3556 pronuntiat
3300 3489 3489 3544 dicens
3512 3489 3555 3520 “
3584 3506 3597 3542 :
3631 3507 3650 3541 ι
3686 3489 3791 3542 Ne-

2228 3582 2428 3634 minem
2461 3581 2606 3635 enim
2636 3582 2702 3634 ad
2740 3579 3038 3647 perfectum
3071 3580 3293 3632 adduxit
3324 3579 3430 3634 lex.
3483 3599 3502 3632 ι
3551 3579 3794 3650 Denique

2221 3683 2278 3728 et
2307 3674 2446 3727 idem
2493 3672 2782 3742 Apostolus
2815 3674 2881 3726 de
2914 3671 3236 3741 quibusdam
3273 3686 3408 3740 quos
3445 3686 3476 3725 a
3509 3671 3615 3727 ﬁde
3640 3673 3793 3728 dela-

2225 3781 2354 3834 psos
2385 3775 2440 3820 et
2468 3764 2682 3819 velutiu
2709 3765 2961 3821 aborsum
2979 3780 3269 3820 conversos
3295 3766 3359 3819 ad
3388 3764 3638 3835 perfecta:
3665 3781 3792 3819 rur-
3869 3822 3874 3825 χ

2221 3875 2340 3914 sum
2377 3859 2676 3914 nativitatis
2723 3857 2970 3912 instituta
3019 3859 3349 3926 reparabat,
3387 3858 3465 3912 ait
3497 3860 3540 3892 ⁸⁸
3578 3879 3591 3914 :
3636 3877 3656 3911 ι
3699 3859 3791 3913 Fi-

2223 3950 2332 4004 lioli
2388 3950 2539 4014 mei,
2590 3963 2728 4017 quos
2783 3949 2978 4002 iterum
3025 3950 3272 4016 parturio
3315 3949 3489 4004 donec
3527 3947 3790 4006 formetur

2219 4040 2472 4097 Christus
2505 4042 2556 4095 in
2591 4041 2767 4096 vobis.
2801 4059 2822 4093 ι

2287 4133 2342 4187 4.
2378 4151 2396 4185 ι
2436 4133 2503 4187 Ει
2530 4133 2885 4203 proclamavit
2918 4132 3132 4204 Moyses
3155 4133 3222 4186 ad
3244 4131 3529 4187 Dominum
3554 4134 3740 4190 dicens
3766 4147 3782 4187 :

2218 4226 2361 4281 Deus
2396 4225 2530 4298 (8‘2),
2556 4242 2748 4296 precor
2773 4238 2846 4290 te,
2877 4241 3004 4281 sana
3033 4241 3149 4281 eam
3179 4226 3246 4278 7°.
3303 4245 3322 4279 ι
3351 4226 3416 4280 Et
3436 4243 3598 4295 quem
3627 4243 3789 4296 opor-

2219 4319 2549 4374 tebatorare
2576 4320 2643 4372 ad
2679 4318 2968 4374 Dominum
3009 4333 3107 4387 pro
3136 4319 3367 4372 sanitate
3394 4319 3572 4388 p0puli
3608 4320 3785 4384 illius,

2148 4416 2192 4470 1)
2221 4409 2324 4464 nisi
2385 4409 2641 4480 Moysen?
2686 4408 2898 4479 Moyses
2945 4416 3062 4463 orat
3105 4423 3201 4476 pro
3247 4409 3368 4463 illis.
3416 4409 3482 4462 Et
3515 4409 3656 4465 forte
3687 4413 3785 4468 hoc

2216 4510 2337 4555 erat
2365 4504 2505 4570 quod
2538 4517 2661 4556 cum
2703 4502 2931 4557 Domino
2957 4499 3082 4555 Jesu
3111 4501 3331 4555 Christo
3357 4501 3781 4572 colloquebatur,

2217 4609 2338 4648 cum
2367 4594 2419 4648 in
2453 4604 2638 4648 monte
2666 4593 3083 4648 trausl‘ormatus
3114 4601 3236 4658 est,
3273 4603 3459 4662 petens
3495 4595 3562 4648 ab
3593 4611 3660 4650 eo
3681 4637 3696 4659 ,
3729 4607 3786 4650 ut

2216 4701 2340 4740 cum
2373 4685 2650 4754 plenitudo
2673 4679 2912 4754 gentium
2942 4686 3239 4750 introisset,
3273 4697 3400 4740 tunc
3425 4688 3601 4741 onmis
3623 4687 3786 4743 Israel

2216 4775 2398 4830 salvus
2449 4775 2626 4830 ﬁeret.
2673 4795 2692 4828 ι
2740 4775 2807 4829 Ει
2854 4777 2994 4831 dixit
3024 4776 3280 4830 Dominus
3313 4777 3381 4830 ad
3421 4776 3638 4848 Moysen
3674 4795 3688 4832 :
3725 4778 3782 4832 Si

2217 4875 2374 4932 pater
2414 4865 2531 4933 ejus
2575 4866 2876 4935 exspuisset
2919 4868 2972 4922 in
3015 4867 3205 4922 faciem
3246 4868 3394 4938 ejus,
3430 4885 3611 4924 nonne
3655 4885 3783 4924 eru-

2215 4957 2462 5012 besceret
2510 4970 2715 5029 septem
2763 4959 2991 5014 diebus?
3022 4960 3313 5029 Separetur
3352 4970 3557 5030 septem
3593 4962 3784 5017 diebus

3525 5121 3566 5151 ⁶¹
3602 5121 3780 5178 Gulat.

3339 5189 3380 5220 ⁸⁷
3399 5191 3418 5243 l
3437 5189 3544 5246 Cor
3563 5230 3578 5258 ,
3611 5208 3701 5258 av,
3725 5196 3779 5248 8.

2867 5117 2911 5149 ⁸⁸
2945 5117 3088 5171 Psal.
3120 5132 3328 5171 xxxvm
3351 5158 3365 5179 ,
3395 5117 3446 5172 6.

2235 5185 2279 5216 ⁸⁵
2303 5185 2472 5241 Exod.
2507 5204 2617 5244 xw.
2694 5188 2930 5245 “Galat.
2954 5205 3023 5255 ιι,
3053 5189 3137 5255 19,
3170 5190 3261 5241 20.

2277 5421 2388 5505 (ει)
2421 5422 2600 5504 Codex
2645 5422 2831 5480 Sancti
2864 5422 3208 5487 Theoderici,
3245 5441 3264 5476 ι
3313 5423 3508 5493 egerit.
3561 5441 3583 5478 ι
3622 5423 3778 5483 Libb.

2207 5493 2333 5547 editi
2371 5512 2392 5545 ι
2473 5495 2596 5549 erit.
2633 5513 2652 5545 ι

2276 5564 2389 5631 (82)
2424 5511 2582 5619 Eibb.
2629 5563 2784 5629 editi,
2827 5581 2846 5616 ι
2883 5562 3026 5618 Deus
3056 5579 3228 5633 meus,
3273 5582 3292 5616 ι
3336 5563 3429 5620 sed
3463 5564 3517 5619 in
3552 5579 3687 5622 mss.
3722 5576 3777 5621 et

2205 5633 2259 5689 in
2291 5645 2435 5691 textu
2469 5635 2659 5691 Graeco
2689 5636 2862 5705 deest,
2901 5652 2920 5686 ι
2958 5649 3128 5690 meus.
3165 5654 3186 5688 ι
