4074 6156
339 337 436 393 617

1502 337 1569 391 ΙΝ
1607 337 1944 394 NUMEROS
1982 337 2263 393 HOMlLlA
2304 337 2419 394 ΥΠ.

3492 342 3597 396 618

338 463 488 512 extra
525 461 745 519 castra,
792 458 1005 522 etpost
1033 451 1149 507 haec
1196 451 1443 509 introibit
1472 455 1539 511 “.-
1578 475 1595 507 ι
1636 456 1775 523 Quid
1806 464 1918 516 est.
1948 459 1995 517 Α
2035 471 2307 526 nasorum,
2358 476 2519 530 quam
2563 476 2662 534 ego
2714 462 2781 517 de
2825 462 2948 517 ﬁliis
2990 462 3151 518 Israel
3201 461 3255 515 in
3301 465 3602 532 possessio-

337 548 380 604 si
410 555 571 617 pater
600 545 721 615 ejus
747 545 1056 614 exspuisset
1080 544 1134 597 in
1167 542 1504 614 faciem-ejus
1523 585 1539 610 ,
1575 547 1922 601 erubesceret

339 650 542 712 septem
583 638 815 695 diebus?
863 637 1087 692 Mariam
1128 637 1248 694 loco
1290 655 1575 711 synagoga:
1606 641 1919 710 posuimus,

339 733 467 788 huic
506 730 726 800 exspuit
779 739 932 801 pater
963 730 1080 799 ejus
1112 730 1166 785 in
1195 729 1412 786 faciem.
1453 730 1676 802 Signum
1715 732 1920 801 repudii

338 839 419 886 est
447 830 499 883 in
526 827 725 883 faciem
749 827 998 896 conspui.
1034 825 1279 896 Denique
1301 827 1355 880 in
1388 825 1503 896 lege
1531 825 1790 895 scriptum
1815 835 1918 888 est,

336 922 425 977 ubi
449 923 674 993 jubetur
700 932 759 975 ut
792 920 993 977 relictae
1018 920 1253 992 proximi
1286 919 1568 989 proximus
1591 918 1757 973 nubat
1783 918 1916 988 (83),

334 1013 379 1068 si
411 1013 646 1068 voluerit
684 1013 966 1082 proximus
1006 1012 1291 1080 repudiare
1332 1009 1677 1081 conjugium,
1720 1018 1780 1062 ut
1812 1007 1923 1063 dis-

334 1102 614 1157 calceatus
664 1103 718 1156 in
766 1100 963 1155 faciem
1004 1109 1369 1169 conspuatur,
1412 1100 1598 1154 ethoc
1627 1101 1809 1154 datum
1837 1108 1920 1153 est

334 1193 484 1247 velut
520 1193 736 1263 signum
775 1193 1010 1261 repudii.
1051 1192 1191 1246 Hinc
1227 1206 1356 1261 ergo
1391 1190 1581 1257 Maria,
1616 1190 1667 1243 id
1696 1198 1802 1253 est,
1833 1205 1920 1259 po-

335 1286 503 1356 pulus
533 1285 625 1341 ille
656 1300 782 1340 cum
810 1284 1156 1353 repudiatur,
1185 1300 1212 1337 a
1251 1282 1359 1338 Deo
1386 1283 1609 1352 conspui
1638 1283 1693 1337 in
1724 1284 1916 1339 faciem

334 1379 558 1433 dicitur.
580 1377 855 1431 Habemus
875 1388 925 1431 et
952 1379 1003 1431 in
1027 1376 1134 1431 alio
1164 1376 1281 1430 loco
1309 1375 1725 1445 significantiam
1752 1378 1916 1446 spuli,

333 1485 458 1525 cum
484 1470 618 1524 dicit
642 1469 810 1523 lsaias
835 1470 881 1502 "
912 1486 926 1522 :
968 1486 987 1520 ‹
1027 1468 1231 1524 Omnes
1258 1477 1452 1538 gentes
1479 1468 1625 1524 sicut
1646 1477 1812 1536 guttae
1843 1469 1917 1523 si~

335 1560 487 1625 tntae,
513 1560 946 1630 etsicutsputum
964 1568 1223 1627 reputate:
1243 1565 1391 1612 sunt.
1418 1574 1439 1608 ι
1461 1555 1773 1612 Ostenditur
1788 1568 1917 1624 ergo

335 1655 388 1708 in
407 1654 535 1720 boc,
561 1656 706 1724 quod
730 1653 896 1708 etiam
927 1652 1153 1724 populus
1186 1651 1276 1707 ille
1296 1650 1438 1705 sicut
1461 1658 1650 1721 gentes
1678 1658 1912 1713 creterae,

333 1762 460 1814 quae
482 1756 544 1800 ut
562 1754 780 1815 sputum
808 1755 1150 1816 rcpntantur.
1170 1742 1414 1813 abiectus
1434 1753 1538 1797 est.
1557 1743 1621 1798 Et
1651 1756 1835 1799 revera
1869 1742 1911 1796 si

334 1839 652 1894 consideres
683 1839 943 1893 honorem
968 1838 1116 1892 illum
1146 1839 1408 1908 priorem,
1431 1853 1554 1895 cum
1583 1836 1916 1906 pontificalis

338 1933 481 2001 apud
508 1945 607 1986 eos
644 1932 777 1985 ordo
807 1929 1036 1985 florebat
1061 1969 1077 1995 ,
1114 1945 1237 1985 cum
1272 1929 1504 2002 insignia
1537 1927 1877 1983 sacerdotum
1898 1966 1914 1990 ,

336 2033 460 2073 cum
490 2018 731 2075 Levitica
757 2018 1080 2080 ministeria,
1108 2033 1231 2073 cum
1266 2019 1523 2087 majestas
1548 2016 1760 2088 templi,
1792 2031 1915 2070 cum

337 2109 675 2180 prepbetalis
705 2109 961 2179 splendor
980 2149 997 2175 ,
1031 2119 1087 2166 et
1117 2125 1238 2164 cum
1269 2110 1585 2165 ctelestibus
1615 2124 1780 2180 super
1809 2117 1916 2163 ter-

341 2215 457 2253 ram
483 2201 777 2256 consortiis
808 2201 1122 2265 utebantur,
1154 2202 1277 2271 quis
1306 2202 1483 2257 honor
1509 2201 1610 2256 fuit
1641 2200 1769 2257 ille?
1796 2215 1916 2270 quae

340 2292 551 2363 gloria?
570 2293 636 2348 Et
662 2309 877 2349 rursum
903 2294 947 2349 si
978 2309 1119 2348 nunc
1150 2294 1387 2364 aspicias
1416 2302 1621 2362 quanto
1654 2294 1916 2348 dedecore

340 2384 679 2450 horrescant,
710 2386 831 2441 sine
858 2386 1085 2456 templo,
1109 2386 1227 2441 sine
1255 2386 1446 2451 altari,
1477 2384 1596 2441 sine
1621 2384 1912 2452 sacrificio,

339 2475 457 2531 sine
482 2477 778 2547 propheta,
805 2478 924 2532 sine
947 2477 1286 2538 sacerdotio.
1317 2478 1434 2533 sine
1464 2478 1568 2532 ulla
1598 2478 1804 2533 caelesti
1838 2479 1916 2531 vi-

339 2569 628 2636 sitatione,
678 2570 909 2640 diSpersi
953 2584 1049 2640 per
1089 2586 1306 2627 omnem
1352 2580 1548 2626 terram
1591 2570 1916 2642 profugique

341 2662 583 2717 viventes
631 2676 647 2715 :
686 2663 808 2732 quis
842 2677 950 2718 non
982 2664 1263 2719 evidenter
1289 2672 1551 2735 agnoscat
1579 2665 1722 2733 quod
1775 2679 1912 2718 con-

343 2756 494 2825 spuit
519 2763 672 2825 pater
696 2755 842 2812 illius
880 2757 932 2811 in
968 2756 1165 2811 faciem
1188 2756 1326 2827 ejus,
1356 2765 1410 2811 et
1439 2755 1678 2826 perfudit
1709 2757 1913 2811 vultum

337 2860 529 2902 eorum
577 2847 911 2919 ignominia?
964 2848 1179 2918 Septem
1214 2863 1348 2919 ergo
1394 2849 1589 2904 diebus
1632 2858 1916 2919 separatur

335 2950 493 2995 extra
531 2949 735 2996 castra.
774 2941 1022 2995 Diximus
1054 2940 1218 2994 etiam
1254 2940 1309 2994 in
1340 2938 1710 3011 superioribus
1731 2979 1746 3003 ,
1770 2939 1915 3007 quod

338 3044 542 3102 septem
599 3034 718 3089 dies
782 3035 871 3090 isti
924 3036 1279 3106 septimanam
1329 3033 1514 3089 mundi
1571 3032 1726 3088 istius
1766 3032 1916 3092 desi-

340 3133 524 3191 gnent.
563 3125 619 3180 In
659 3127 957 3194 septimana
984 3128 1129 3181 enim
1169 3128 1380 3182 dierum
1402 3165 1417 3192 ,
1453 3134 1716 3181 creaturae
1748 3125 1914 3181 totius

339 3217 567 3273 visibilis
595 3219 917 3274 substantia:
942 3220 1194 3274 videntur
1222 3234 1342 3274 esse
1367 3218 1642 3289 producta:
1665 3219 1731 3272 ⁷³.
1763 3217 1915 3272 Tunc

336 3306 479 3361 enim
507 3323 629 3378 quae
658 3323 763 3362 non
790 3321 968 3374 erant,
999 3308 1139 3363 facta
1166 3310 1328 3381 292
1357 3319 1502 3365 sunt.
1531 3309 1586 3363 In
1611 3309 1914 3379 septimana

334 3414 464 3454 vero
499 3400 663 3455 totius
698 3402 920 3465 mundi,
955 3409 1164 3456 secreta
1196 3402 1431 3472 quadam
1462 3410 1519 3456 et
1552 3402 1660 3455 Deo
1689 3400 1788 3455 soli
1821 3412 1917 3455 co-

336 3493 484 3562 gnita
508 3492 933 3561 dispensatione,
964 3509 1083 3563 qua:
1119 3504 1246 3548 tunc
1270 3492 1530 3561 producta
1553 3500 1715 3557 sunt,
1744 3490 1916 3561 expli-

338 3595 553 3640 cantur.
587 3585 807 3640 lnterim
840 3585 895 3640 in
937 3587 1038 3640 hac
1082 3585 1384 3655 septimana
1428 3599 1535 3653 qua
1575 3592 1915 3653 sequestrata

337 3689 423 3737 est
454 3679 646 3745 Maria,
671 3695 776 3733 non
808 3689 1093 3735 moventur
1121 3689 1299 3733 castra
1335 3678 1567 3732 filiorum
1598 3677 1794 3744 Israel,
1821 3678 1916 3734 sed

338 3781 485 3829 stant
516 3789 624 3826 uno
648 3774 701 3827 in
734 3772 854 3828 loco
884 3771 1126 3827 conclusi
1146 3810 1162 3837 ,
1190 3780 1244 3826 et
1271 3770 1448 3824 nullus
1480 3779 1561 3825 est
1592 3771 1671 3824 eis
1695 3770 1916 3824 οιιιιιίιιο

342 3865 651 3939 profectus,
683 3865 855 3919 donec
887 3864 1176 3919 mundetur
1207 3861 1374 3915 Maria
1405 3876 1433 3914 a
1466 3862 1610 3929 lepra
1652 3876 1772 3915 sua.

410 3958 467 4015 5.
504 3976 524 4009 ι
566 3957 633 4010 Et
672 3966 793 4027 post
829 3957 979 4023 haec,
1007 3956 1183 4025 inquit
1213 3955 1276 4017 ⁷⁸,
1292 3954 1559 4025 promovit
1593 3954 1818 4023 populus
1847 3968 1915 4009 ex

338 4053 610 4117 Aseroth,
647 4060 703 4106 et
733 4049 1097 4105 consederunt
1126 4048 1179 4103 in
1207 4048 1423 4103 deserto
1453 4047 1690 4102 Pharan.
1725 4065 1744 4098 ι
1780 4049 1917 4102 Ase-

340 4147 464 4209 roth
495 4146 885 4214 interpretatur
908 4143 1096 4198 domus
1119 4140 1350 4211 perfecta
1381 4141 1516 4210 (84).
1550 4139 1919 4195 Proficiscitur

339 4252 470 4310 ergo
512 4237 741 4307 populus
772 4244 1055 4306 postquam
1100 4234 1270 4288 Maria
1313 4242 1537 4303 purgata
1569 4243 1688 4300 est,
1735 4248 1765 4287 a
1817 4232 1916 4286 do-

340 4331 522 4385 mibus
568 4326 856 4398 perfectis,
898 4335 955 4380 et
1000 4325 1150 4380 venit
1189 4325 1242 4379 in
1279 4323 1531 4390 Pbaran,
1569 4324 1711 4394 quod
1751 4323 1917 4376 inter-

338 4431 585 4498 pretatur
629 4437 688 4475 os
740 4419 943 4474 uisibile
985 4416 1120 4492 (85).
1166 4416 1298 4471 Mihi
1338 4417 1555 4471 videtur
1596 4431 1657 4470 os
1698 4413 1918 4470 visibile

2034 563 2160 605 nem
2202 550 2270 617 ⁷⁸,
2307 570 2325 603 ι
2357 561 2412 606 et
2455 553 2689 625 reliqua,
2728 555 2784 609 in
2825 554 3022 625 quibus
3060 556 3128 610 de
3174 555 3603 625 exploratoribus

2035 650 2194 698 teme
2219 653 2487 710 narratur,
2516 646 2607 715 qui
2634 647 2783 701 missi
2807 646 3123 701 renuntiant
3143 646 3288 717 quod
3313 655 3459 702 terra
3480 649 3602 718 qui-

2034 733 2157 788 dem
2185 734 2254 789 sit
2286 736 2427 790 bona
2468 747 2524 791 et
2554 737 2907 804 admirabilis;
2955 739 3201 795 habitant
3226 748 3406 795 autem
3451 740 3505 794 in
3540 757 3604 796 ea

2034 819 2126 875 ﬁlii
2156 823 2452 895 gigantum,
2480 826 2534 880 in
2564 842 2792 896 quorum
2833 829 3214 897 conspectibus
3242 829 3474 899 populus
3507 829 3603 885 Dei

2022 919 2176 985 quasi
2222 920 2445 973 locustae
2480 919 2790 975 videantur.
2834 918 2900 972 Et
2942 917 3123 986 plures
3161 920 3376 987 quidem
3409 921 3601 990 despe-

2022 1019 2145 1063 rant
2172 1026 2230 1065 se
2253 1026 2411 1081 posse
2439 1011 2640 1066 salvari
2666 1026 2695 1066 a
2729 1011 2856 1065 filiis
2879 1012 3156 1082 gigantum
3189 1030 3201 1064 :
3237 1011 3397 1069 Jesus
3422 1022 3601 1070 tamen

2021 1117 2127 1155 non
2168 1102 2455 1172 desperat,
2483 1104 2576 1159 sed
2609 1103 2895 1159 confirmat
2927 1105 3108 1176 populi
3143 1104 3302 1158 fidem
3341 1121 3462 1160 cum
3494 1105 3595 1160 Ca-

2020 1193 2127 1258 leb,
2160 1195 2253 1264 qui
2284 1203 2368 1249 est
2393 1195 2460 1251 de
2493 1196 2634 1251 tribu
2664 1195 2825 1263 Juda,
2857 1204 2913 1251 et
2936 1197 3126 1275 dicunt
3155 1196 3202 1227 ⁷⁸
3239 1215 3252 1251 :
3287 1216 3305 1248 ι
3343 1197 3399 1253 Si
3426 1198 3605 1267 diligi:

2019 1300 2117 1340 nos
2166 1286 2325 1352 Deus,
2381 1288 2688 1344 introducet
2726 1304 2823 1344 nos
2873 1289 2925 1343 in
2962 1299 3161 1344 terram
3198 1292 3365 1345 hanc.
3413 1310 3431 1343 ι
3469 1292 3601 1359 Quae

2018 1388 2101 1433 est
2129 1392 2258 1449 ergo
2291 1388 2437 1433 terra
2464 1380 2562 1435 ista
2585 1382 2881 1435 secundum
2908 1382 3210 1450 spiritalem
3240 1381 3604 1448 intellectum,

2018 1486 2138 1541 quae
2166 1479 2310 1527 terra
2339 1472 2557 1543 quidem
2592 1482 2781 1527 sancta
2813 1484 2920 1540 est,
2952 1482 3006 1529 et
3039 1484 3184 1528 terra
3221 1475 3380 1542 bona,
3413 1475 3505 1529 sed
3535 1476 3604 1531 ab

2020 1563 2202 1629 impiis
2234 1562 2551 1620 habitatur?
2583 1562 2685 1629 Qui
2722 1574 2850 1620 sunt
2875 1580 3005 1634 ergo
3035 1565 3122 1620 isti
3160 1566 3363 1631 hostes,
3385 1567 3474 1633 qui
3509 1567 3601 1620 ha-

2016 1654 2194 1710 bitant
2240 1656 2294 1709 in
2345 1663 2487 1710 terra
2539 1656 2896 1711 sanctorum?
2937 1656 3004 1710 Et
3040 1657 3312 1726 quomodo
3352 1657 3602 1728 ejiciendi

2018 1755 2163 1812 sunt,
2199 1756 2259 1800 ut
2288 1746 2397 1801 illis
2431 1746 2624 1816 ejectis
2656 1749 2829 1802 sancti
2869 1746 3169 1803 succedant
3209 1746 3264 1800 in
3300 1747 3477 1803 locum
3513 1762 3604 1803 eo-

2019 1838 2178 1891 rum?
2208 1834 2515 1893 Redeamus
2544 1840 2610 1894 ad
2644 1837 2936 1910 Evangelia
2959 1880 2975 1905 ,
3013 1839 3300 1895 redeamus
3342 1840 3408 1895 ad
3453 1839 3603 1910 Διιοο

2017 1931 2236 1985 stolam.
2282 1928 2569 2002 Evangelia
2615 1933 2823 1986 sanctis
2860 1931 3192 2000 promittunt
3234 1946 3398 2002 regna
3427 1932 3603 1989 caelo-

2019 2037 2160 2077 rum.
2210 2023 2501 2093 Apostolus
2545 2025 2672 2079 dicit
2703 2024 2747 2055 ⁷⁷
2795 2046 2805 2079 :
2853 2042 2871 2075 ι
2923 2023 3116 2078 Nostra
3160 2034 3339 2080 autem
3376 2040 3604 2082 conver-

2016 2115 2155 2167 satio
2178 2115 2229 2168 in
2258 2114 2412 2171 caelis
2443 2125 2544 2170 est.
2584 2133 2603 2166 ι
2641 2116 2695 2169 ln
2727 2115 2880 2171 caelis
2912 2130 3040 2186 ergo
3068 2125 3153 2171 est
3185 2115 3339 2172 locus
3370 2118 3605 2173 haeredi-

2022 2206 2172 2273 tatis,
2191 2206 2285 2274 qui
2317 2207 2653 2276 promittitur
2675 2209 2902 2263 sanctis.
2936 2207 3001 2261 Et
3026 2207 3156 2276 quid
3180 2218 3437 2277 putamus
3458 2212 3599 2278 quod

2018 2296 2202 2350 nullus
2250 2312 2395 2352 nunc
2445 2299 2791 2354 adversarius
2829 2299 2903 2353 sit
2946 2297 3000 2352 in
3057 2298 3140 2352 bis
3188 2298 3324 2353 locis
3355 2313 3474 2368 qua:
3505 2302 3603 2356 tibi

2019 2387 2446 2456 promittuntur,
2490 2404 2649 2459 quem
2697 2397 2752 2443 tu
2791 2388 2914 2443 inde
2948 2389 3147 2444 debeas
3180 2391 3471 2460 pugnando
3509 2393 3603 2447 de-

2016 2479 2216 2548 pellere
2233 2478 2465 2552 (86-87),
2494 2490 2555 2534 ut
2584 2480 2719 2535 liber
2746 2480 2813 2535 ad
2836 2494 2899 2534 ea
2931 2495 3052 2549 quae
3083 2479 3180 2535 tibi
3209 2482 3604 2549 promittuntur

2017 2571 2134 2626 loca
2167 2573 2385 2627 evolare
2409 2572 2626 2642 possis?
2652 2572 2716 2627 Et
2738 2573 3009 2643 quomodo
3033 2571 3442 2628 dicitDominus
3461 2574 3507 2605 ⁷⁸
3525 2592 3545 2626 ί
3569 2590 3603 2629 a

2017 2663 2206 2720 diebus
2226 2665 2453 2721 Joannis
2478 2667 2944 2737 Baptistzenqniac
2960 2683 3180 2738 regnum
3204 2669 3468 2724 cmlorum
3492 2668 3600 2722 vim

2015 2758 2220 2827 patitur
2242 2797 2258 2823 ,
2283 2768 2339 2813 et
2358 2759 2466 2813 vim
2496 2759 2792 2815 inferentes
2821 2761 3039 2831 rapiunt
3068 2761 3220 2817 illud.
3256 2778 3276 2814 ι
3306 2761 3422 2817 Nisi
3453 2762 3602 2817 enim

2017 2859 2199 2904 essent
2229 2851 2427 2920 quibus
2454 2852 2537 2907 vis
2572 2852 2724 2907 fieret
2746 2886 2762 2918 ,
2793 2867 3073 2923 nunquam
3114 2860 3303 2909 essent
3344 2855 3437 2923 qui
3473 2853 3603 2909 inde

2017 2939 2210 3008 depelli
2236 2950 2289 2994 et
2320 2942 2533 2995 extrudi
2559 2941 2860 3008 deberent,
2887 2958 3166 3012 nunquam
3196 2943 3476 2998 diceretur
3505 2959 3605 3012 per

2014 3032 2127 3086 vim
2177 3031 2539 3101 diripiendum
2589 3048 2709 3089 esse
2768 3049 2995 3105 regnum
3038 3035 3331 3090 cmlorum.
3384 3035 3452 3090 Et
3497 3036 3602 3091 nisi

1941 3157 1983 3215 ο
2018 3133 2203 3180 essent
2242 3141 2365 3179 cum
2411 3127 2606 3195 quibus
2654 3136 2938 3181 certamen
2987 3128 3149 3183 nobis
3185 3138 3335 3183 esset
3365 3144 3428 3183 ac
3460 3145 3601 3198 prae-

2017 3218 2146 3272 lium
2171 3258 2187 3284 ,
2236 3232 2510 3288 nunquam
2557 3219 2766 3274 diceret
2801 3219 3094 3290 Apostolus
3136 3220 3181 3252 ⁷⁸
3222 3236 3238 3274 :
3292 3238 3314 3272 ι
3362 3220 3481 3276 Non
3518 3232 3604 3277 est

2019 3312 2174 3368 nobis
2217 3311 2530 3367 colluctatio
2567 3313 2831 3369 adversus
2870 3329 3091 3369 carnem
3136 3322 3192 3369 et
3237 3315 3556 3385 sanguinem
3584 3354 3601 3378 ,

2018 3406 2113 3460 sed
2165 3406 2429 3460 adversus
2481 3404 2819 3475 principatus
2866 3415 2921 3462 et
2974 3415 3302 3475 potestates,
3343 3407 3604 3462 adversus

2021 3496 2203 3551 mundi
2228 3496 2389 3564 hujus
2414 3503 2684 3563 rectores,
2715 3498 3066 3552 tenebrarum
3096 3498 3312 3563 harum,
3340 3499 3602 3553 adversus

2019 3588 2278 3656 spiritalia
2312 3590 2568 3657 nequitiae
2598 3589 2652 3643 in
2682 3589 3022 3646 coelestibus.
3057 3609 3078 3642 ι
3109 3590 3183 3644 De
3209 3590 3408 3659 quibus
3435 3589 3599 3645 etiam

2019 3680 2149 3734 illud
2200 3680 2295 3736 Dei
2353 3682 2559 3736 dictum
2601 3682 2860 3736 divinitus
2896 3696 2992 3751 per
3032 3682 3353 3752 prephetam
3403 3682 3604 3737 intelli-

2018 3771 2247 3842 gendum
2275 3772 2510 3836 videtur,
2534 3771 2626 3827 ubi
2656 3771 2803 3826 ait“
2835 3789 2847 3823 :
2881 3788 2901 3821 ι
2941 3769 3007 3824 Ει
3038 3771 3349 3827 inebriatus
3373 3780 3460 3826 est
3485 3771 3602 3841 gla—

2019 3865 2144 3920 dius
2199 3880 2354 3921 meus
2395 3865 2448 3919 in
2493 3864 2656 3921 ccelo.
2711 3882 2731 3916 ι
2770 3862 3004 3918 Necesse
3038 3873 3124 3917 est
3159 3878 3291 3935 ergo
3325 3864 3601 3935 spiritales

2020 3957 2288 4027 nequitias
2311 3973 2433 4027 qua:
2466 3957 2518 4011 in
2547 3957 2866 4012 cmlestibus
2883 3971 3008 4012 esse
3035 3958 3316 4022 dicuntur,
3350 3956 3443 4026 qui
3473 3967 3602 4011 sunt

2019 4047 2131 4101 veri
2175 4046 2501 4114 Cbananaei,
2537 4046 2682 4102 vinei
2724 4046 2819 4101 abs
2858 4056 2908 4100 te
2930 4086 2946 4114 ,
2981 4047 3362 4117 ut,expeditus
3393 4047 3460 4101 ad
3489 4060 3603 4102 ca:-

2020 4137 2174 4193 lestia
2226 4152 2392 4208 regna
2435 4139 2672 4193 transire
2702 4138 2911 4208 possis,
2945 4148 3005 4193 ut
3036 4145 3091 4192 tu
3123 4153 3222 4210 pro
3250 4138 3356 4194 illis
3390 4136 3602 4194 habites

2019 4226 2115 4282 ibi.
2156 4226 2306 4283 Scito
2347 4238 2524 4284 tamen
2572 4230 2818 4299 gigantes
2865 4245 2960 4285 eos
3004 4244 3146 4286 esse.
3192 4229 3359 4302 Gigas
3400 4230 3602 4286 dicitur

2018 4319 2194 4374 omnis
2222 4320 2315 4388 qui
2348 4321 2613 4376 adversus
2641 4321 2809 4376 Deum
2856 4322 3079 4377 resistit.
3109 4322 3437 4391 Quicunque
3470 4338 3600 4394 ergo

2019 4414 2340 4468 adversatur
2369 4414 2503 4476 Deo,
2537 4425 2593 4469 et
2622 4418 2933 4470 contrarius
2953 4425 3039 4472 est
3069 4417 3315 4481 veritati,
3346 4417 3490 4486 quod
3522 4416 3600 4473 illi

341 4529 504 4584 posse
549 4513 805 4582 intelligi,
851 4511 995 4583 quod
1043 4508 1277 4566 Verbum
1313 4523 1442 4564 caro
1474 4507 1676 4563 factum
1710 4518 1829 4572 est,
1860 4517 1915 4562 et
1946 4512 1991 4566 D
2019 4506 2388 4576 principaliter
2417 4504 2660 4573 faciunt,
2697 4507 2898 4562 merito
2928 4508 3082 4578 gigas
3121 4508 3444 4579 appellatur.
3477 4508 3601 4566 Tibi

341 4605 628 4662 invisibilis
655 4605 883 4660 visibilis
915 4602 1175 4670 effectus;
1210 4609 1263 4657 et
1293 4601 1397 4656 hoc
1422 4600 1738 4671 significari,
1768 4600 1913 4668 quod

343 4703 694 4767 posteaquam
726 4693 851 4748 finis
887 4702 942 4748 et
981 4690 1240 4762 perfectio
1274 4690 1515 4744 omnium
1543 4703 1662 4757 qua:
1690 4702 1817 4757 erga
1849 4685 1913 4740 il—

344 4788 452 4842 lum
497 4788 756 4858 populum
799 4784 1030 4856 gerenda
1066 4782 1313 4847 fuerant,
1338 4780 1503 4845 venit,
1528 4789 1657 4834 tunc
1683 4778 1911 4845 transit,

343 4889 401 4933 et
429 4880 574 4934 venit
597 4879 663 4933 ad
690 4894 834 4944 eum,
865 4891 1025 4946 quem
1058 4874 1289 4930 Verbum
1310 4889 1530 4930 carnem
1557 4873 1764 4928 factum
1788 4882 1914 4927 ante

342 4987 449 5028 non
477 4971 729 5026 credidit.
770 4989 789 5022 ι
818 4970 886 5025 Ει
911 4969 1123 5024 locutus
1150 4975 1235 5022 est
1263 4966 1523 5022 Dominus
1553 4965 1620 5019 ad
1652 4964 1873 5034 Moysen
1896 5003 1912 5029 ,

345 5065 530 5121 dicens
571 5082 587 5119 :
623 5063 773 5119 Mitte
794 5064 969 5130 viros,
1000 5070 1054 5116 et
1080 5059 1425 5117 considerent
1462 5066 1664 5113 terram
1694 5055 1913 5111 Chana-

2021 4612 2149 4668 ergo
2195 4607 2485 4659 praastatur
2514 4608 2576 4652 ut
2606 4598 2838 4654 devictis
2868 4599 3184 4671 gigantibus
3218 4601 3388 4658 intres
3424 4600 3477 4656 in
3509 4618 3600 4657 re-

2019 4705 2185 4760 gnum
2241 4685 2385 4760 quod
2440 4691 2519 4747 illi
2573 4691 2963 4761 perdiderunt,
3022 4700 3083 4746 ut
3132 4692 3421 4762 impleatur
3455 4696 3603 4763 quod

2019 4783 2283 4853 scriptum
2331 4791 2415 4838 est
2450 4799 2465 4837 :
2519 4801 2540 4836 ‹
2589 4783 2722 4852 Quis
2749 4785 2985 4855 accipiet
3013 4800 3044 4838 a
3073 4785 3290 4856 gigante
3321 4786 3532 4856 spolia?
3577 4807 3595 4838 ι

2021 4871 2177 4928 Unde
2207 4883 2265 4928 et
2301 4873 2557 4931 Dominus
2592 4875 2810 4932 dicebat
2843 4876 2894 4931 in
2928 4875 3221 4947 Evangelio
3249 4877 3293 4908 ⁸⁸
3322 4895 3336 4931 :
3368 4895 3387 4930 ι
3429 4860 3601 4933 Nemo

2020 4972 2201 5035 potest
2254 4967 2482 5022 introire
2525 4966 2578 5020 in
2621 4968 2839 5023 domum
2874 4967 3031 5023 fortis
3055 5007 3072 5032 ,
3116 4981 3171 5021 et
3208 4968 3441 5038 diripere
3472 4984 3599 5024 vasa

2022 5057 2141 5127 ejus
2161 5099 2175 5126 ,
2204 5059 2306 5115 nisi
2335 5061 2490 5131 prius
2537 5060 2844 5132 alligaverit
2875 5060 3111 5130 fortem;
3146 5080 3165 5115 ι
3199 5062 3291 5131 qui
3321 5061 3444 5118 licet
3473 5078 3603 5133 pro-

415 5233 460 5264 "
492 5231 620 5286 ibid.
672 5231 720 5264 ⁷³
754 5229 856 5284 lsa.
889 5244 979 5292 IL,
1009 5229 1093 5283 15.
1150 5227 1197 5258 ⁷³
1235 5227 1371 5281 Gen.
1405 5234 1502 5280 tet
1529 5240 1588 5278 ll.
1662 5225 1709 5255 ⁷⁸
1736 5223 1894 5278 Num.

2018 5219 2125 5288 ,16.
2199 5221 2247 5253 ’⁷⁸
2275 5220 2436 5275 Num.
2474 5220 2567 5276 xiii
2588 5262 2604 5287 ,
2636 5223 2687 5285 I,
2712 5221 2770 5276 2.
2842 5220 2891 5254 ’⁷⁸
2921 5219 3084 5276 Num.
3116 5236 3229 5291 xw,
3259 5219 3313 5275 8.
3388 5220 3435 5253 ⁷⁷
3466 5218 3600 5275 Phi-

347 5304 438 5376 lip.
470 5319 571 5369 ιιι,
593 5301 684 5356 20.
762 5302 809 5332 ⁷⁸
840 5301 1028 5354 Matth.
1062 5315 1139 5365 χι,
1169 5297 1257 5367 12.
1288 5298 1333 5329 ⁷⁸
1364 5294 1566 5366 pres.
1591 5309 1667 5360 vt,
1693 5295 1786 5349 i2.
1863 5296 1906 5326 ⁸⁸³

2018 5331 2044 5347 η.
2079 5308 2278 5359 xxxnv,
2320 5293 2374 5347 5.

417 5400 530 5472 (8‘5)
584 5398 766 5454 Codex
809 5396 867 5457 S.
909 5395 1265 5472 Theoderici,
1316 5408 1335 5444 r
1385 5386 1639 5472 derelicta
1687 5391 1915 5472 proximi

350 5462 595 5540 proximo
623 5474 829 5540 nubat.
850 5486 868 5519 ι
898 5465 1451 5540 βοώμεὺιοὶεθ-ιιεὶε
1472 5472 1526 5517 et
1549 5462 1915 5526 Belvacensis,

352 5535 374 5594 '4
408 5542 648 5596 relictam
680 5538 909 5608 proximi
946 5535 1440 5608 proximusnubat.
1485 5553 1503 5585 ι

420 5611 533 5682 (8‘4)
570 5598 1181 5682 Aserotltt'nterpretatur
1206 5607 1392 5682 domus
1422 5603 1678 5682 perfecta.
1699 5598 1791 5682 Sine
1820 5601 1913 5654 ha-

350 5673 479 5735 bent
498 5673 629 5735 mss.
657 5683 712 5735 In
738 5678 900 5734 editis
929 5673 1028 5747 pro
1057 5695 1076 5724 σ
1105 5676 1344 5747 perfecta
1372 5694 1392 5726 ι
1422 5675 1617 5742 legitur
1640 5673 1911 5747 perfectae.

347 5762 468 5811 ’ωτι
523 5769 541 5801 ι
596 5752 819 5813 atrium,
879 5767 898 5800 ι
932 5743 1337 5804 Ῥιυιξϐοιιειτ.
1364 5754 1546 5805 mum
1577 5763 1595 5795 ‹
1635 5743 1770 5797 atria
1805 5761 1824 5791 ι
1859 5750 1915 5794 et

352 5821 742 5894 synecdocbice
799 5839 819 5871 ι
868 5818 1063 5874 domus
1103 5837 1123 5862 ι
1173 5816 1472 5888 significari
1523 5824 1744 5886 potest:
1781 5828 1920 5881 quo-

553 5908 825 5977 ΡΑτιιοι..
860 5916 975 5977 Gn.
1010 5912 1154 5973 ΧΗ.

2446 5293 2490 5325 ⁸³
2531 5292 2722 5346 Matth.
2753 5308 2830 5347 xu
2867 5292 2960 5347 ‘29.

2034 5390 2193 5444 modo
2228 5389 2353 5443 inde
2383 5389 2498 5444 erui
2544 5389 2714 5458 possit
2752 5407 2771 5439 ε
2813 5388 3005 5443 domus
3051 5386 3320 5458 perfecta,
3365 5404 3383 5437 ι
3426 5381 3601 5438 fateor

2024 5474 2114 5514 me
2142 5474 2244 5513 non
2279 5461 2480 5514 videre.

2095 5529 2209 5600 (85)
2262 5527 2513 5596 Pitaran,
2547 5528 2684 5599 quod
2730 5530 3108 5595 interpretatur
3136 5542 3203 5600 os
3242 5524 3467 5578 uisibile.
3518 5522 3595 5575 Ex

2019 5598 2389 5663 m'iiiinirum
2423 5618 2442 5650 ί
2477 5598 2721 5661 οεζοτίε,
2756 5619 2775 5650 ι
2809 5610 2864 5653 et
2890 5608 3012 5656 nm
3047 5614 3066 5647 ι
3100 5598 3253 5652 vidit.
3293 5614 3314 5648 ι

2098 5670 2315 5742 (86-87)
2342 5669 2498 5724 Libb.
2525 5657 2653 5724 editi
2698 5657 2719 5719 ί
2767 5682 2926 5742 quem
2975 5680 3029 5721 tu
3068 5668 3273 5721 debeas
3312 5657 3600 5734 pugnando

2025 5740 2278 5797 evincere
2298 5780 2314 5808 ,
2350 5759 2370 5793 ι
2398 5743 2490 5797 sed
2525 5754 2658 5794 mss.
2686 5749 2746 5794 ut
2772 5740 2824 5793 in
2852 5748 3036 5793 nostro
3066 5748 3238 5792 textu.

3192 5896 3271 5954 29
