4074 6156
465 349 567 408 ωδ
1934 339 2255 398 ornamus
2591 296 2594 298 ’
3613 343 3721 396 620

461 479 586 539 pter
607 464 911 536 superbiam
931 477 1087 518 suam
1109 477 1139 516 a
1166 461 1325 518 domo
1348 461 1553 518 caelesti
1571 460 1682 529 jam
1711 460 1781 516 sit
1805 459 2034 529 ejectus,
2066 465 2110 521 Α
2139 460 2402 516 adversus
2459 458 2723 530 spiritalia
2756 459 3014 530 nequitia:
3059 459 3115 513 in
3159 457 3494 515 coelestibus.
3531 479 3550 510 ι
3589 459 3722 514 Pro-

463 572 721 619 tutamen
749 559 849 614 nisi
872 559 1072 613 viceris
1102 557 1286 621 illum,
1311 572 1417 611 non
1450 556 1702 610 introibis
1734 556 1788 609 in
1817 557 2037 609 domum
2141 559 2326 619 pterea
2360 561 2412 604 et
2439 553 2575 606 hanc
2607 564 2844 621 pugnam
2874 549 3175 620 spiritalem
3201 559 3361 618 atque
3394 551 3720 605 invisibilem

464 653 640 707 fortis.
693 649 804 704 Nec
859 648 1002 704 vinci
1053 647 1259 712 solum,
1302 662 1488 702 verum
1535 657 1591 701 et
1632 646 1845 718 alligari
1889 645 2036 700 illum
2141 645 2478 716 pugnaturis,
2513 643 2778 712 spiritalia
2827 659 3000 706 arma,
3035 654 3088 698 et
3113 643 3400 697 invisibilia
3445 644 3546 698 tela
3575 659 3720 698 cont-

465 752 697 813 oportet.
743 742 856 796 Nisi
900 740 1045 796 enim
1091 740 1380 810 alligetur,
1415 741 1831 810 haudquaquam
1865 749 2036 795 tutum
2141 735 2312 806 ponit,
2351 747 2406 792 et
2454 737 2589 791 dicit
2632 736 2678 768 ⁸⁸
2711 755 2725 789 :
2759 754 2778 786 t
2828 736 3042 790 lnduite
3086 751 3184 790 vos
3215 736 3438 790 loricam
3481 738 3719 791 charila-

465 851 588 890 esse
635 835 832 905 poterit
877 835 981 889 iter
1030 842 1295 889 nostrum.
1335 832 1490 886 Nunc
1521 848 1652 903 ergo
1680 842 1938 900 quantum
1972 831 2040 885 ad
2140 831 2210 884 tis
2235 829 2366 901 (88),
2390 837 2445 883 et
2485 830 2692 899 galeam
2721 830 2934 896 salutis,
2956 839 3010 885 et
3041 831 3302 885 assumite
3331 841 3545 884 scutum
3575 830 3718 892 ﬁdei,

465 925 925 994 comparationem
951 925 1222 991 humanm,
1256 935 1310 980 et
1340 924 1651 979 daemonicae
1677 933 1907 986 naturae,
1938 937 2039 978 nos
2144 925 2194 978 in
2211 937 2317 993 quo
2337 922 2560 992 possitis
2581 923 2760 976 omnia
2790 923 2892 976 tt-la
2914 923 3135 994 maligni
3161 923 3327 992 ignita
3353 925 3718 993 exstinguere.

465 1018 686 1073 locusta:
713 1032 935 1080 sumus,
971 1023 1026 1071 et
1051 1013 1128 1068 illi
1162 1016 1445 1087 gigantes;
1479 1025 1534 1070 et
1561 1014 1833 1085 pnecipue
1863 1014 1908 1069 si
1941 1015 2040 1069 du-
2145 1015 2250 1069 Sed
2281 1023 2336 1068 et
2368 1014 2604 1084 gladium
2647 1015 2892 1084 spiritus,
2923 1016 3121 1086 inquit,
3153 1017 3431 1082 assumite,
3471 1013 3611 1086 quod
3637 1025 3721 1070 est

463 1108 556 1165 bia
589 1111 659 1164 sit
690 1109 823 1164 ﬁdes
853 1117 1037 1164 nostra
1063 1148 1078 1171 ,
1111 1117 1165 1163 et
1196 1110 1239 1163 si
1269 1123 1368 1164 nos
1396 1116 1701 1178 perterrent
1731 1107 2036 1172 inﬁdelitas,
2144 1107 2367 1161 verbum
2409 1105 2522 1160 Dei.
2561 1125 2579 1156 ι
2613 1104 2747 1161 Cum
2786 1124 2912 1178 ergo
2960 1109 3156 1165 talibus
3207 1121 3260 1164 te
3313 1111 3611 1164 armaveris
3643 1122 3723 1163 te-

465 1203 545 1258 illi
583 1216 709 1256 vere
743 1202 987 1271 gigantes
1017 1211 1209 1266 erunt,
1235 1209 1288 1255 et
1315 1217 1413 1256 nos
1437 1200 1675 1256 locustae.
1715 1200 1772 1255 Si
1802 1215 1932 1255 vero
1955 1215 2043 1255 se-
2145 1197 2236 1263 lis,
2264 1212 2498 1267 sequens
2521 1195 2704 1252 ’Jesum
2735 1200 2947 1267 ducem,
2983 1217 3091 1256 non
3115 1203 3626 1272 verearisgigantes
3657 1203 3720 1254 il-

467 1310 697 1366 quamur
745 1293 928 1348 Jesum
978 1304 1034 1348 et
1085 1293 1371 1348 credamus
1415 1294 1594 1348 verbis
1638 1293 1786 1362 ejus,
1827 1307 1893 1347 ac
1937 1291 2041 1348 ﬁde
2145 1289 2224 1345 los
2255 1306 2268 1342 :
2298 1290 2506 1344 videbis
2531 1290 2677 1344 enim
2709 1295 2982 1361 quomodo
3013 1309 3107 1348 eos
3133 1293 3225 1348 tibi
3261 1293 3515 1362 subjiciet
3541 1293 3720 1346 Domi-

464 1387 586 1456 ejus
631 1388 972 1450 repleantur,
1017 1397 1274 1455 tanquam
1309 1386 1443 1440 nihil
1473 1396 1631 1441 erunt
1662 1388 1714 1441 in
1749 1395 2041 1455 conspectu
2144 1399 2246 1438 nus
2295 1382 2494 1438 Jesus:
2529 1392 2584 1437 et
2641 1384 2785 1439 sicut
2840 1394 3026 1449 patres
3075 1386 3422 1440 calcaverunt
3477 1385 3720 1440 cervices

463 1487 669 1533 nostro.
692 1477 828 1532 Audi
851 1477 993 1530 enim
1010 1477 1280 1546 quomodo
1314 1492 1411 1532 nos
1430 1478 1719 1543 hortatur,
1762 1487 1816 1533 et
1865 1477 2037 1533 dicit:
2144 1478 2408 1547 gentium,
2437 1477 2511 1532 ita
2548 1488 2604 1533 et
2637 1487 2691 1534 tu
2739 1480 2978 1533 calcabis
3013 1494 3176 1545 super
3227 1479 3470 1534 cervices
3519 1479 3717 1532 daemo-

471 1590 488 1621 ι
520 1571 576 1624 Si
603 1579 747 1623 amat
765 1584 862 1623 nos
887 1570 1048 1633 Deus,
1076 1569 1384 1624 introducet
1408 1585 1507 1624 nos
1532 1571 1582 1623 in
1605 1579 1800 1624 terram
1823 1569 1983 1637 hanc,
2015 1589 2034 1622 ι
2145 1586 2294 1625 num.
2330 1570 2450 1640 lpse
2485 1574 2628 1628 enim
2666 1574 2798 1628 dicit
2825 1573 2914 1637 iis,
2938 1574 3030 1641 qui
3060 1587 3181 1625 eum
3220 1572 3452 1626 ﬁdeliter
3483 1581 3719 1640 sequuu'-

465 1660 723 1732 quoniam
755 1660 895 1714 bona
923 1669 1028 1723 est,
1061 1668 1116 1714 et
1148 1659 1356 1713 fructus
1385 1658 1501 1728 ejus
1540 1659 1825 1714 mirabilis.
1857 1660 2040 1730 Typus
2145 1661 2333 1716 tur”:
2372 1681 2390 1712 ‹
2429 1663 2564 1718 Ecce
2593 1663 2714 1717 dedi
2750 1663 2903 1716 vobis
2933 1669 3260 1731 potestatem
3286 1659 3530 1713 calcandi
3561 1674 3722 1728 super

463 1771 613 1826 ergo,
639 1763 691 1809 et
717 1754 882 1822 ﬁgura
911 1767 1032 1822 quae
1061 1751 1340 1822 praecessit
1366 1751 1416 1804 in
1443 1751 1710 1822 patribus,
1739 1751 2041 1820 completur
2073 1825 2082 1826 ί
2143 1764 2448 1822 serpentes,
2478 1763 2532 1807 et
2556 1755 2897 1824 scorpiones,
2933 1763 2989 1807 et
3012 1768 3174 1821 super
3217 1767 3432 1806 omnem
3464 1752 3719 1804 virtutem

463 1825 545 1902 in,
571 1847 747 1901 nobis.
796 1845 1086 1913 Ejecerunt
1133 1844 1212 1898 illi
1261 1852 1482 1912 gentes,
1517 1854 1570 1898 et
1605 1846 1881 1900 consecuti
1914 1857 2041 1900 sunt
2071 1825 2113 1880 Β
2143 1845 2367 1900 inimici.
2400 1864 2418 1896 ι
2455 1845 2580 1900 Vult
2605 1847 2752 1899 enim
2787 1859 3003 1914 semper
3028 1844 3188 1899 Jesus
3223 1859 3310 1898 res
3339 1844 3619 1898 mirabiles
3643 1842 3721 1894 fa-

466 1939 836 1993 haareditatem
879 1950 1091 1992 eorum.
1136 1935 1421 1990 Consecuti
1467 1945 1594 1990 sunt
1634 1937 1777 1990 enim
1822 1950 2037 1991 omnem
2140 1952 2286 2002 cere,
2314 1937 2427 1991 vult
2451 1937 2516 1990 de
2545 1936 2767 1991 locustis
2798 1938 3016 1991 vincere
3045 1937 3309 2006 gigantes,
3338 1944 3392 1990 et
3423 1936 3489 1989 de
3517 1937 3583 1988 iis
3603 1948 3720 2001 quae

464 2040 669 2084 terram
695 2026 915 2091 Judteae,
952 2037 1008 2081 et
1036 2025 1334 2081 Jerusalem
1369 2026 1683 2093 civitatem,
1712 2036 1768 2080 et
1801 2037 2036 2081 montem
2141 2029 2195 2082 in
2225 2030 2384 2083 terris
2405 2038 2553 2093 sunt,
2590 2029 2841 2083 etelestes
2889 2044 3148 2096 superare
3183 2028 3476 2097 nequitias.
3515 2026 3582 2079 Et
3608 2025 3720 2080 for-

467 2120 617 2174 Sion.
667 2118 796 2172 Haec
843 2133 897 2171 tu
943 2116 1051 2172 illis
1088 2116 1304 2187 impleta
1337 2125 1495 2185 sunt,
1521 2119 1587 2171 ad
1623 2127 1674 2172 te
1700 2128 1880 2172 autem
1911 2118 2038 2185 quid
2141 2129 2283 2174 tasse
2313 2122 2415 2175 hoc
2448 2131 2531 2175 est
2559 2123 2702 2191 quod
2741 2121 2954 2175 dicebat
2987 2121 3038 2174 iu
3064 2120 3454 2190 Evangeliis“,
3481 2121 3608 2189 quia
3630 2119 3717 2187 qui

466 2211 688 2268 dicitur?
723 2208 863 2275 Non,
894 2209 1089 2279 inquit,
1124 2209 1434 2264 accessistis
1464 2210 1530 2263 ad
1563 2224 1624 2265 ea
1657 2225 1775 2279 quas
1805 2210 2038 2265 visibilia
2140 2213 2310 2266 credit
2339 2212 2392 2265 in
2422 2227 2570 2276 eum,
2601 2227 2705 2266 non
2741 2211 2911 2266 solum
2948 2211 3111 2266 faciet
3148 2211 3236 2265 illa
3278 2226 3399 2280 quae
3431 2211 3543 2282 ipse
3571 2209 3716 2275 fecit,

469 2301 729 2366 sunt,sed
751 2299 2036 2372 adinvisibilia.«Accessistisenim,inquit"'3’,
2146 2323 2165 2357 ι
2201 2309 2294 2360 sed
2334 2306 2572 2374 majora,
2626 2305 2822 2375 inquit,
2877 2305 3071 2359 horum
3121 2303 3303 2357 faciet.
3343 2321 3361 2354 ι
3397 2301 3534 2356 Vere
3575 2303 3718 2355 enim

465 2394 533 2446 ad
564 2400 802 2446 montem
838 2389 936 2445 Dei
965 2392 1220 2454 viventis,
1251 2399 1308 2445 et
1341 2391 1408 2445 ad
1450 2391 1725 2446 civitatem
1761 2393 2036 2449 cwlestem
2139 2400 2316 2469 majus
2374 2399 2506 2452 mihi
2541 2399 2758 2453 videtur
2786 2397 2930 2466 quod
2986 2396 3148 2450 homo
3188 2395 3241 2448 in
3292 2410 3454 2448 carne
3496 2394 3717 2464 positus,

463 2482 782 2548 Jerusalem,
808 2491 864 2536 et
888 2481 954 2534 ad
987 2481 1394 2536 multitudinem
1427 2484 1764 2553 angelorum.
1801 2503 1820 2536 ι
1858 2485 1962 2539 Sed
1985 2496 2039 2540 et
2139 2489 2364 2560 fragilis,
2410 2497 2466 2544 et
2520 2490 2782 2554 caducus,
2819 2489 2922 2542 ﬁde
2981 2496 3192 2543 tantum
3243 2487 3447 2542 Christi
3474 2496 3529 2539 et
3556 2486 3718 2540 verbo

463 2575 591 2630 alibi
636 2575 778 2630 idem
818 2574 1110 2644 Apostolus
1147 2573 1281 2627 dicit
1306 2573 1353 2607 “
1397 2587 1413 2627 :
1453 2591 1473 2626 t
1522 2573 1821 2630 Jerusalem
1856 2588 2036 2631 autem
2139 2583 2256 2649 ejus
2288 2590 2551 2645 armatus,
2584 2588 2802 2649 superet
2830 2579 3102 2649 gigantes,
3124 2579 3427 2632 daemonum
3461 2577 3718 2646 legiones.

465 2683 583 2737 quae
603 2682 816 2724 sursum
841 2678 944 2733 est,
975 2683 1096 2737 quae
1119 2677 1204 2721 est
1236 2676 1410 2722 mater
1437 2669 1678 2722 omnium
1709 2679 1973 2723 nostrum.
2012 2687 2031 2722 ι
2139 2675 2396 2742 Quamvis
2425 2676 2537 2744 ipse
2568 2675 2639 2729 sit
2663 2674 2754 2742 qui
2785 2673 2954 2726 vincit
2976 2672 3030 2724 in
3056 2670 3236 2733 nobis,
3257 2669 3375 2738 plus
3394 2678 3571 2722 tamen
3603 2685 3722 2724 esse

465 2761 524 2815 Si
553 2761 674 2830 quis
699 2760 878 2815 verbis
905 2761 1145 2830 Apostoli
1184 2761 1418 2815 dicentis
1447 2758 1744 2814 Jerusalem
1779 2776 1898 2816 esse
1926 2777 2038 2816 coe-
2139 2767 2270 2822 dicit
2299 2768 2445 2837 quod
2475 2782 2569 2835 per
2600 2781 2698 2820 nos
2730 2765 2919 2830 vincit,
2951 2779 3111 2831 quam
3147 2762 3288 2832 quod
3321 2776 3415 2828 per
3439 2777 3499 2815 se
3533 2762 3721 2816 vincit.

464 2857 678 2923 lestem,
704 2872 811 2911 non
829 2855 1206 2910 accommodat
1227 2855 1384 2910 ﬁdem
1406 2897 1420 2919 ,
1449 2863 1627 2923 potest
1653 2865 1707 2907 et
1733 2855 1847 2909 ιιωο
1872 2858 2036 2911 verba
2140 2859 2370 2915 Tantum
2398 2867 2480 2912 est
2511 2865 2569 2910 ut
2598 2872 2698 2912 nos
2721 2855 2892 2910 armis
2923 2857 3039 2910 istis
3061 2869 3276 2923 semper
3301 2853 3472 2907 simus
3500 2853 3723 2918 arntati,

464 2960 648 3003 nostra
695 2961 971 3002 recusare.
1016 2945 1074 3000 Si
1119 2960 1250 3000 vero
1293 2945 1472 3001 verbis
1511 2945 1658 3000 Pauli
1712 2945 1842 3001 ﬁdes
1883 2947 2037 3002 adhi-
2138 2963 2193 3007 et
2235 2953 2577 3008 conversatio
2638 2960 2823 3005 nostra
2877 2963 3091 3017 semper
3131 2949 3185 3001 in
3240 2945 3394 3000 caelis
3450 2947 3541 3000 sit.
3594 2946 3728 3001 Om-

463 3041 638 3095 benda
659 3051 764 3105 est,
790 3041 1009 3095 sicutet
1035 3049 1186 3094 certe
1212 3038 1515 3094 adhibenda
1535 3049 1635 3106 est,
1660 3050 1712 3094 et
1733 3039 2035 3094 Jerusalem
2140 3046 2224 3098 nis
2271 3052 2450 3097 motus
2505 3052 2708 3106 noster,
2761 3042 2941 3097 omnis
2985 3051 3178 3105 actus,
3228 3040 3406 3094 oumis
3445 3038 3726 3106 cogitatio,

466 3133 740 3187 cmlestem
769 3146 892 3186 esse
913 3131 1187 3187 credimus
1205 3132 1270 3186 ad
1299 3140 1482 3202 typum
1515 3142 1747 3186 terrenae
1772 3130 1954 3199 linUS,
1982 3140 2038 3186 et
2063 3167 2105 3224 Ο
2139 3137 2314 3192 omnis
2331 3149 2512 3190 sermo
2535 3133 2771 3189 caelestis
2815 3135 2907 3189 sit.
2939 3133 3156 3199 Quanto
3185 3133 3328 3186 enim
3361 3146 3458 3184 nos
3480 3131 3608 3184 illuc
3636 3145 3729 3183 ar-

465 3222 797 3294 ιιυεεεοτίριπι
813 3221 1145 3276 νίάθηιυΐάθ
1164 3222 1495 3276 hac-teme
1516 3220 1746 3275 adillam
1760 3221 2037 3276 C(ﬁleSlem
2076 3220 2105 3224 ’ἡ
2139 3229 2356 3285 dentius
2383 3230 2747 3295 ascendimus,
2781 3237 2932 3282 tanto
2966 3226 3038 3280 illi
3065 3223 3492 3296 praecipitantius
3527 3231 3723 3278 ruent:

465 3319 626 3390 293
657 3319 855 3374 rectius
882 3315 1112 3388 spiritali
1149 3316 1504 3387 intelligentia
1535 3315 1899 3371 conferemus.
1925 3316 2036 3370 Ac-
2136 3332 2190 3378 et
2212 3331 2418 3393 quanto
2467 3336 2564 3376 nos
2616 3322 2790 3390 magis
2843 3333 3128 3389 augemur,
3159 3327 3313 3371 tanto
3369 3317 3444 3370 illi
3503 3315 3726 3370 inferio-

464 3414 728 3468 cessimus
756 3426 904 3482 ergo,
938 3412 1081 3466 sicut
1128 3411 1327 3466 Paulus
1360 3410 1509 3475 dicit,
1537 3411 1601 3463 ad
1638 3408 1920 3464 caelestem
1947 3407 2040 3464 Je-
2138 3431 2225 3470 res
2255 3415 2365 3486 (89)
2399 3416 2549 3470 ﬁent.
2571 3412 2692 3466 Vita
2717 3422 2903 3466 nostra
2933 3412 2976 3466 si
3012 3419 3201 3465 sancta
3223 3410 3313 3474 sit,
3353 3410 3396 3464 si
3426 3409 3726 3463 secundum

465 3502 720 3566 rusalem.
746 3504 864 3557 sine
914 3502 1080 3557 dubio
1133 3511 1188 3555 et
1228 3501 1293 3555 ad
1343 3500 1615 3556 caelestem
1664 3500 1902 3555 Judaeam
1936 3517 1950 3553 :
1983 3507 2037 3555 et
2139 3509 2306 3564 Deum
2335 3509 2424 3574 sit,
2461 3507 2565 3561 illis
2599 3505 2848 3561 conferet
2881 3514 3132 3559 mortem.
3170 3500 3228 3555 Si
3271 3501 3454 3570 segnis
3483 3510 3538 3554 et
3565 3500 3725 3554 luxu-

465 3596 601 3650 sicut
622 3595 697 3650 illi
728 3595 793 3649 de
813 3593 1060 3650 terrestri
1090 3592 1270 3649 Judaea
1298 3594 1576 3662 ejecerunt
1601 3592 1952 3658 Chananmos,
1984 3601 2039 3647 et
2139 3605 2284 3658 riosa
2310 3602 2400 3668 sit,
2433 3605 2683 3668 potentes
2709 3613 2802 3652 eos
2840 3599 3126 3652 adversum
3157 3610 3254 3649 nos
3283 3604 3337 3649 et
3369 3595 3613 3663 gigantes
3648 3593 3725 3644 1⁸η.

468 3685 821 3751 Pherezaeos,
855 3694 912 3740 et
960 3685 1171 3751 Evaaos,
1215 3683 1563 3755 reliquasque
1602 3695 1833 3755 gentes:
1868 3685 1939 3738 ita
1981 3693 2038 3738 et

2138 3697 2264 3750 ciet.
2321 3693 2533 3760 Quanto
2563 3706 2698 3758 ergo
2741 3706 2842 3745 nos
2892 3689 3183 3743 virtutibus
3226 3685 3542 3750 crescimus,
3573 3693 3723 3738 tanto

466 3793 563 3832 nos
593 3779 685 3847 qui
716 3779 1046 3834 accessimus
1073 3780 1138 3834 ad
1164 3791 1400 3833 montem
1424 3779 1540 3844 Dei,
1562 3788 1617 3834 et
1648 3781 1713 3832 ad
1739 3792 1899 3848 regna
1927 3793 2038 3833 cm-

2137 3785 2214 3839 illi
2248 3784 2536 3838 inferiores
2572 3780 2883 3837 eﬁiciuntur
2915 3791 2968 3834 et
2993 3779 3237 3850 fragiles.
3282 3777 3435 3832 Sicut
3467 3786 3724 3832 econtra-

467 3870 645 3935 leSIin.
681 3885 902 3926 necesse
933 3879 1016 3926 est
1039 3879 1095 3925 ut
1118 3871 1452 3926 debellemus
1474 3871 1775 3926 contrarias
1795 3879 2036 3940 potesla-
2139 3880 2220 3934 rio
2253 3877 2300 3932 si
2355 3892 2454 3932 nos
2486 3877 2827 3931 inlirmemur
2869 3885 2923 3930 et
2961 3883 3177 3928 terrena
3231 3873 3601 3941 requiramus,
3645 3869 3720 3924 illi

468 3969 650 4026 ιθειθῑ
695 3961 956 4032 spiritalia
1015 3963 1266 4032 nequitiae
1319 3964 1372 4017 in
1407 3963 1720 4018 C(BleSlibus
1753 3977 1766 4014 ε
1794 3973 1851 4018 el
1896 3963 2039 4017 Sicut
2139 3969 2398 4023 fortiores
2429 3969 2586 4024 ﬁunt.
2619 3966 2688 4021 Et
2736 3974 2937 4036 quanto
2973 3981 3070 4019 nos
3116 3964 3406 4018 dilatantur
3437 3963 3489 4016 in
3542 3961 3719 4025 terris,

465 4054 542 4109 illi
563 4053 840 4122 ejecerunt
885 4050 1186 4107 Jebusaeum
1216 4056 1280 4110 de
1307 4055 1623 4120 Jerusalem,
1655 4064 1710 4110 et
1741 4069 1859 4124 qua:
1886 4053 2039 4123 prius
2141 4071 2294 4116 tanto
2319 4059 2424 4115 illis
2456 4060 2632 4130 spatia
2659 4059 2710 4113 in
2735 4056 3049 4112 coelestibus
3083 4056 3314 4126 largiora
3352 4055 3722 4110 concedimus.

464 4145 630 4200 Jcbus
658 4153 851 4200 vocata
879 4142 1080 4210 fuerat,
1107 4149 1448 4212 postmodum
1479 4145 1744 4216 appellata
1766 4156 1852 4201 est
1875 4145 2036 4199 Jeru-

2140 4151 2295 4208 Unde
2322 4151 2426 4205 hoc
2468 4151 2640 4221 magis
2703 4164 2949 4218 agamus,
2975 4158 3038 4200 ut
3087 4145 3241 4200 nobis
3287 4145 3721 4214 augescentibus,

465 4242 636 4296 salem
668 4258 681 4296 :
719 4241 794 4295 ita
839 4249 894 4296 et
950 4255 1048 4296 nos
1078 4250 1311 4308 oportet,
1341 4251 1401 4295 ut
1445 4241 1518 4295 ita
1549 4243 1749 4306 dicam,
1771 4240 2040 4309 expellere
2141 4245 2216 4299 illi
2243 4246 2596 4310 minuantur;
2639 4241 2793 4296 nobis
2816 4239 3266 4310 ingredientibus,
3299 4237 3374 4290 illi
3401 4237 3672 4306 pellantur
3706 4252 3723 4290 ζ

466 4337 617 4407 prius
661 4334 963 4392 Jebusaaum
993 4336 1060 4390 de
1096 4320 1430 4400 Jerusalem,
1470 4343 1524 4390 et
1560 4335 1638 4389 sic
1669 4335 2036 4388 hereditatem
2141 4338 2296 4391 nobis
2331 4335 2776 4399 ascendentibus,
2809 4332 2886 4386 illi
2939 4331 3138 4384 cadant
3172 4347 3186 4382 :
3221 4330 3361 4384 sicut
3382 4340 3435 4382 et
3466 4329 3553 4382 ille
3579 4327 3723 4382 ceci—

466 4430 586 4498 ejus
617 4430 897 4499 consequi.
939 4429 1046 4484 Sed
1099 4429 1172 4482 illi
1223 4429 1441 4498 quidem
1484 4427 1596 4480 haec
1632 4426 1906 4479 faciebant
1949 4440 2039 4478 ar-
2143 4429 2239 4491 dit,
2269 4428 2336 4483 de
2367 4443 2472 4496 quo
2505 4426 2637 4480 dicit
2677 4425 2937 4479 Dominus
2978 4423 3032 4476 in
3080 4421 3375 4490 Erangelio
3409 4420 3496 4473 3°:
3539 4438 3558 4471 ι
3590 4419 3726 4473 Ecce

468 4523 572 4575 mis
617 4522 956 4587 visibilibus,
993 4539 1090 4576 nos
1142 4537 1271 4576 vero
1321 4519 1699 4574 invisibilibus.
1730 4518 1808 4571 Illi
1855 4519 2037 4572 vince-
2069 4518 2112 4573 D
2143 4522 2249 4575 vidi
2305 4520 2564 4575 Satanam
2608 4519 2750 4572 sicut
2788 4515 2968 4585 fulgur
3021 4516 3302 4568 cadentem
3353 4513 3420 4568 de
3457 4513 3638 4577 cmlo;
3700 4529 3720 4563 ι

468 4613 598 4667 bant
653 4615 1024 4684 corporalibus
1057 4613 1276 4684 prwliis,
1310 4627 1408 4667 nos
1439 4622 1618 4667 autem
1663 4608 1893 4681 spiritali
1921 4624 2039 4664 cer—
2145 4622 2205 4666 ut
2263 4612 2369 4668 illis
2411 4612 2701 4682 projectis,
2759 4609 3065 4662 introducat
3113 4622 3212 4660 nos
3276 4605 3402 4661 illuc
3469 4605 3726 4659 Dominus

464 4707 674 4760 tamine
703 4722 1046 4776 superamus.
2146 4715 2331 4760 noster
2379 4705 2556 4770 Jesus,
2610 4713 2664 4760 et
2707 4703 2988 4772 percipere
3025 4715 3252 4770 regnum
3300 4715 3456 4753 suum
3506 4699 3726 4754 caeleste

538 4797 592 4852 6.
635 4797 786 4864 Quod
818 4799 862 4852 si
887 4799 968 4854 vis
989 4799 1198 4863 audire,
1224 4797 1449 4860 Paulus,
1478 4796 1567 4866 qui
1598 4809 1703 4850 non
1726 4793 1896 4850 solum
1924 4809 2040 4849 ma-
2145 4795 2424 4850 concedat.
2472 4795 2578 4866 Ipsi
2617 4793 2791 4862 gloria
2821 4792 2877 4846 in
2916 4801 3119 4848 aeterna
3150 4790 3347 4847 samula
3381 4790 3724 4848 saiculorum.

468 4890 636 4959 gister
659 4889 923 4957 gentium,
966 4891 1062 4944 sed
1112 4901 1165 4944 et
1214 4889 1426 4944 militiae
1457 4888 1615 4956 hujus
1646 4887 1903 4957 magister
1932 4896 2036 4952 est,
2146 4893 2336 4946 Amen.

450 4979 737 5047 quomodo
765 4979 1086 5049 pugnaverit
1106 4983 1272 5048 prior,
1291 4979 1413 5033 audi
1440 4979 1567 5048 quiti
1590 4979 1704 5045 ipse
1731 4978 1797 5031 de
1823 4994 1880 5031 se
1906 4979 2042 5031 scri—
2714 4979 2996 5036 HOMILIA
3031 4979 3164 5037 Vill.

466 5071 580 5136 hat,
617 5069 757 5125 sicut
782 5072 945 5125 etiam
971 5079 1027 5125 ct
1052 5085 1215 5140 supra
1242 5071 1686 5126 memoravimus.
1727 5087 1746 5121 ε
1785 5068 1903 5124 Non
1935 5078 2039 5135 est,
2153 5095 2229 5149 De
2281 5095 2344 5148 iis
2385 5112 2503 5165 qua,
2543 5095 2607 5148 ab
2653 5097 3074 5164 exploratoribus
3114 5093 3507 5154 renuntiantur,
3566 5101 3614 5144 ει
3664 5091 3726 5144 αθ

468 5161 728 5230 inquit",
756 5162 913 5217 nobis
934 5162 1246 5217 colluctatio
1273 5163 1556 5217 adversum
1587 5176 1808 5216 carnem
1834 5170 1890 5216 et
1915 5175 2043 5215 san—
2221 5161 2583 5234 indignatione
2618 5161 2854 5233 Domini,
2909 5184 2971 5221 ac
3019 5164 3401 5234 supplicatione
3460 5163 3630 5231 Moysi
3678 5172 3723 5215 et

467 5255 729 5321 guinem;
774 5255 868 5308 sed
898 5255 1188 5310 adversum
1245 5255 1579 5324 principatus
1621 5262 1677 5308 et
1719 5263 2038 5323 potestates,
2221 5237 2490 5294 Αατο⁷ι⁹⁰σ

450 5346 727 5419 δειιινειεειιδ
757 5355 999 5404 rectores
1028 5350 1214 5404 mundi
1238 5348 1417 5419 hujus,
1447 5349 1794 5404 tenebrarum
1823 5347 2040 5413 harum,
2222 5349 2274 5403 1.
2312 5349 2604 5406 Duodecim
2632 5350 2781 5407 missi
2800 5351 3278 5419 suutinspectores
3309 5363 3376 5403 ex
3412 5347 3538 5403 ﬁliis
3564 5343 3724 5400 Israel

535 5525 656 5558 ⁸²ο⁸³
682 5524 845 5580 Hebr.
883 5541 978 5592 xu,
1006 5526 1096 5582 22.
1172 5529 1217 5560 3‘
1242 5527 1417 5584 Galat.
1438 5541 1513 5594 ιν,
1543 5526 1638 5581 26.
1711 5525 1831 5558 ⁸⁸⁸⁸⁸
1863 5523 2062 5594 Εριιθς.
2098 5542 2144 5580 VI

2108 5542 2171 5591 Vl,
2210 5527 2400 5583 14--17,
2479 5530 2524 5561 ⁸⁷
2547 5528 2678 5583 Luc.
2715 5543 2769 5589 ι.
2799 5529 2883 5583 19.
2959 5527 3182 5583 “Joan.
3215 5541 3326 5593 xtv,
3357 5525 3449 5582 12.
3519 5519 3717 5579 "Luc.

467 5615 522 5664 χ,
564 5599 649 5654 18.
727 5598 772 5631 ⁹⁰
805 5596 966 5652 Num.
1015 5613 1113 5653 xm
1165 5608 1220 5655 et
1254 5615 1362 5652 xiv.

539 5714 651 5784 (88)
689 5715 869 5770 Codex
902 5714 1087 5771 Sancti
1129 5715 1480 5784 Theodorici,
1521 5735 1541 5770 ι
1581 5717 1869 5774 castitatis.
1908 5735 1929 5771 ι
2227 5739 2233 5745 ·

539 5715 628 5784 (88
689 5715 869 5770 Codex
902 5714 1087 5771 Sancti
1129 5715 1480 5784 Theodorici,
1521 5735 1541 5770 ι
1581 5717 1869 5774 castitatis.
1908 5735 1929 5771 ι
2227 5739 2233 5745 ·

539 5714 651 5860 (893
687 5787 868 5843 Codex
890 5785 1072 5844 Sancti
1107 5785 1449 5858 Theodorici,
1493 5807 1511 5842 ι
1551 5798 1700 5846 tanto
1749 5789 1823 5846 illi
1869 5787 2198 5846 inﬁrmiores
2223 5781 2532 5842 efﬁciuntur
2558 5791 2614 5840 et
2647 5780 2976 5855 fragiliores.
3007 5795 3031 5833 ι
