4074 6156
361 354 459 411 62!

1515 362 1582 418 IN
1620 365 1951 424 NLMEROS
1991 369 2272 428 I-IOItIILIA
2315 373 2444 429 VIII.

3503 397 3606 453 62?.

363 476 430 530 ad
452 476 903 532 considerandam
925 487 1284 550 terram,quac
1300 482 1378 538 eis
1400 482 1572 542 fuerat
1591 493 1934 559 repromissa,
1968 501 2009 552 A
2041 504 2150 550 tres
2202 498 2369 552 nostri
2429 498 2649 553 fuerunt
2682 500 2769 554 ille
2814 501 3040 570 populus
3075 508 3242 575 prior,
3282 528 3382 566 nos
3423 529 3602 572 autem

364 570 508 638 iique
538 580 660 637 post
693 572 1045 640 quadraginta
1076 573 1192 628 dies
1214 579 1466 642 regressi,
1496 579 1707 635 diversa
1737 600 1934 638 remm-

365 663 518 717 tiant.
551 663 685 716 Nam
721 662 908 716 decem
947 679 1014 716 ex
1065 665 1132 718 iis
1173 665 1225 719 in
1282 667 1714 736 desperationem
1769 691 1936 744 popu-

365 753 468 808 lum
517 755 759 820 mittunt,
799 755 870 808 ita
922 765 978 807 ut
1012 755 1200 820 velint,
1247 758 1462 826 abjecto
1500 761 1703 834 Moyse,
1737 766 1931 837 eligere

363 847 522 900 alium
559 847 748 902 ducem
781 857 836 902 et
865 849 1061 902 reverti
1095 848 1147 902 in
1182 846 1498 918 tEgyptum.
1527 854 1632 908 Alii
1665 871 1792 911 vero
1827 860 1932 914 duo

358 939 494 993 bona
541 941 812 1005 nuntiant,
854 950 910 994 et
937 941 1288 995 cohortantur
1334 947 1585 1014 populum
1617 965 1930 1018 permanere

360 1030 413 1084 in
467 1030 569 1085 fide
595 1072 610 1095 ,
652 1033 891 1090 dicentes
925 1047 939 1086 :
980 1052 998 1084 α
1040 1034 1094 1088 Si
1132 1033 1304 1103 diligit
1345 1052 1444 1092 nos
1505 1042 1798 1110 Dominus,
1849 1046 1930 1099 iu-

360 1123 607 1178 troducet
633 1139 731 1178 nos
756 1127 808 1178 in
845 1134 1047 1180 terram
1084 1125 1242 1181 hanc.
1293 1148 1311 1180 ι
1346 1130 1449 1185 Sed
1491 1135 1715 1203 populus
1741 1138 1926 1193 infide-

360 1219 526 1274 litatis
556 1221 933 1288 desperatione
980 1238 1222 1294 praeceps
1250 1229 1448 1296 agitur,
1486 1241 1540 1285 et
1585 1235 1650 1286 ad
1687 1234 1928 1303 lapidan-

359 1312 453 1364 dos
485 1327 577 1366 eos
610 1312 700 1379 qui
738 1313 873 1367 bona
909 1315 1180 1379 nuntiant,
1217 1320 1470 1386 prosiliit.
1517 1323 1774 1392 Majestas
1800 1344 1927 1384 vero

361 1403 565 1456 Domini
593 1407 825 1474 protegit
849 1420 940 1460 eos
967 1407 1018 1460 in
1061 1409 1318 1465 nubibus.
1357 1431 1377 1464 ‹
1411 1413 1476 1467 Et
1513 1416 1644 1470 dicit
1669 1417 1926 1477 Dominus

355 1495 420 1547 ad
461 1495 677 1566 Moysen
707 1516 720 1552 :
758 1498 968 1553 Feriam
1005 1513 1100 1557 eos
1144 1516 1342 1570 morte,
1374 1517 1431 1561 et
1463 1508 1768 1566 interimam
1807 1529 1922 1579 eos,

353 1596 410 1640 et
439 1587 628 1643 faciam
662 1601 734 1654 te,
765 1603 819 1646 et
855 1595 1072 1649 domum
1105 1602 1274 1667 patris
1310 1603 1383 1657 tui
1416 1604 1467 1657 in
1500 1605 1776 1659 nationem
1814 1623 1927 1660 ma-

355 1694 537 1747 gnam,
562 1690 613 1734 et
636 1683 806 1737 multo
835 1688 1003 1754 magis
1026 1703 1186 1758 quam
1217 1692 1334 1748 haec
1360 1703 1444 1748 est
1466 1694 1607 1748 ’¹·⁹¹.
1639 1714 1658 1746 ι
1686 1696 1774 1750 Fit
1795 1712 1924 1765 ergo

355 1781 500 1824 tanta
532 1773 646 1828 haec
675 1779 1024 1833 comminatio
1048 1795 1076 1832 a
1111 1781 1365 1850 Domino,
1397 1802 1501 1840 non
1545 1797 1600 1840 ut
1649 1790 1920 1856 passibilis

2038 587 2130 641 filii
2165 590 2404 657 ipsorum
2440 607 2645 645 sumus.
2673 593 2752 646 Illi
2783 609 2914 663 ergo
2941 603 3194 663 quoniam
3220 620 3600 676 peccaverunt,

2034 679 2231 746 abjecti
2259 693 2382 734 sunt
2412 692 2470 736 et
2511 685 2822 740 ceciderunt
2851 705 2864 740 :
2904 705 3000 744 nos
3024 701 3201 746 autem
3237 697 3329 749 lilii
3361 697 3598 766 ipsorum

2034 782 2129 834 pro
2161 771 2288 838 ipsis
2346 775 2705 838 surreximus,
2731 787 2784 830 et
2814 784 2981 835 erecti
3017 797 3223 846 sumus,
3267 789 3353 855 qui
3388 793 3590 845 nescie-

2033 859 2222 916 bamus
2253 864 2450 918 bonum
2475 865 2554 920 vel
2583 868 2803 922 malum.
2833 871 2906 924 Ex
2939 878 3189 942 gentibus
3211 881 3352 932 enim
3389 897 3595 949 sumus.

2029 953 2120 1021 qui
2169 968 2344 1022 neque
2399 956 2557 1021 bona,
2583 972 2703 1026 qua:
2732 975 2796 1014 ex
2835 963 2943 1016 Deo
2975 969 3214 1034 veniunt,
3253 986 3595 1040 noveramus,

2031 1059 2206 1112 neque
2238 1047 2399 1108 mala,
2434 1063 2553 1116 qua:
2586 1065 2650 1103 ex
2689 1063 2910 1118 pec‘cato
2936 1070 3304 1122 generantur:
3338 1063 3380 1116 si
3416 1073 3596 1120 tamen

2030 1137 2387 1192 succedentes
2419 1139 2471 1192 in
2507 1140 2682 1194 locum
2711 1157 2900 1198 eorum
2936 1150 3025 1217 qui
3052 1150 3248 1218 abjecti
3286 1165 3434 1221 sunt,
3463 1158 3596 1213 tanti

2031 1219 2210 1294 laps'us
2271 1229 2558 1284 timeamus
2609 1233 2932 1300 exemplum,
2968 1239 3247 1296 audientes
3297 1219 3600 1301 commoni-

2030 1319 2225 1374 tionem
2265 1320 2408 1376 Pauli
2437 1323 2703 1378 dicentem
2721 1325 2798 1380 ’δε
2822 1345 2840 1378 ι
2877 1327 3004 1385 Vide
3032 1341 3214 1387 autem
3250 1339 3595 1394 severitatem

2026 1421 2080 1464 et
2107 1412 2402 1467 bonitatem
2435 1413 2550 1480 Dei,
2581 1415 2632 1470 in
2667 1431 2761 1472 eos
2787 1420 3003 1488 quidem
3040 1425 3132 1492 qui
3165 1426 3477 1482 ceciderunt
3503 1443 3596 1484 se-

2025 1502 2330 1564 veritatem,
2371 1506 2424 1558 in
2484 1515 2534 1558 te
2577 1515 2758 1561 autem
2794 1509 3122 1578 bonitatem,
3153 1515 3200 1568 si
3255 1525 3433 1572 tamen
3479 1534 3596 1588 per-

2025 1595 2296 1649 manseris
2323 1594 2375 1647 in
2431 1595 2690 1650 bonitate.
2727 1598 2981 1668 Alioquin
3028 1611 3081 1655 et
3119 1613 3174 1657 tu
3210 1607 3502 1673 excideris,
3535 1621 3596 1666 et

2024 1685 2167 1741 illisi
2217 1702 2322 1742 non
2374 1692 2772 1756 permanserint
2805 1692 2858 1746 in
2910 1695 3317 1764 incredulitate,
3348 1700 3596 1756 inseren-

2025 1785 2131 1829 tur.
2171 1796 2190 1829 ι
2235 1778 2397 1832 Addit
2430 1789 2606 1833 autem
2633 1791 2753 1848 post
2785 1783 2896 1837 haec
2937 1784 3216 1850 Dominus,
3254 1797 3309 1842 et
3341 1789 3470 1844 dicit
3492 1792 3538 1824 "
3571 1807 3590 1846 :

355 1873 410 1917 et
435 1864 729 1922 iracundiae
762 1871 895 1927 vitio
939 1875 1225 1943 snbjacens
1269 1879 1590 1932 ostendatur
1613 1881 1793 1934 divina
1824 1898 1922 1935 na-
1954 1850 1994 1904 B
2029 1889 2047 1920 ί
2087 1868 2207 1923 FH“
2237 1885 2366 1924 νθτο
2399 1872 2562 1925 "esu‘i
2596 1883 2759 1926 ωὐηῑ
2798 1875 2989 1931 ilicone
3028 1878 3080 1932 ίη
3113 1880 3323 1934 deserto
3354 1883 3592 1950 (ιιιειειηι-

353 1966 491 2022 tura,
522 1960 616 2014 sed
647 1970 702 2014 ut
731 1978 827 2031 per
856 1965 968 2020 haec
1005 1977 1060 2020 et
1104 1968 1269 2023 Mosei
1297 1969 1570 2038 charitas,
1602 1987 1764 2042 quam
1791 1989 1917 2043 erga

350 2051 604 2120 populum
658 2054 911 2124 habebat,
953 2067 1006 2112 et
1049 2061 1142 2116 Dei
1175 2060 1415 2128 bonitas,
1446 2080 1567 2134 qua:
1597 2081 1760 2136 super
1797 2085 1918 2122 om-

350 2154 468 2192 nem
517 2143 716 2197 malum
749 2158 993 2216 agentem
1036 2160 1119 2205 est
1162 2152 1300 2223 (90),
1345 2155 1733 2212 innotesceret.
1771 2157 1921 2213 Scri-

347 2232 496 2289 bitttr
523 2236 668 2290 enim
701 2238 860 2293 irasci
890 2241 1055 2307 Deus,
1083 2255 1138 2299 et
1163 2248 1488 2302 comminari
1513 2249 1789 2304 interitum
1821 2267 1920 2321 po-

346 2326 504 2394 pulo,
553 2342 660 2396 quo
713 2330 968 2385 doceatur
1004 2335 1164 2390 homo
1225 2347 1432 2392 tantum
1479 2340 1577 2394 sibi
1616 2357 1735 2396 esse
1776 2345 1918 2412 apud

346 2419 514 2474 Deum
567 2421 688 2486 loci,
747 2433 1060 2495 tantumque
1097 2429 1327 2497 fiduciae,
1361 2441 1420 2485 ut
1459 2433 1674 2488 etiamsi
1715 2435 1784 2489 sit
1817 2435 1916 2489 ali-

344 2526 447 2576 qua
482 2515 535 2565 in
573 2511 681 2567 Deo
740 2514 1063 2584 imlignatio.
1116 2521 1588 2580 obsecrationibus
1638 2526 1920 2596 mitigetur

346 2604 596 2659 humanis
626 2618 641 2657 :
669 2616 982 2676 tantumque
1013 2611 1078 2663 de
1105 2627 1170 2666 eo
1203 2615 1496 2682 impetrare
1543 2631 1701 2682 posse
1750 2618 1920 2692 homi-

344 2710 490 2754 nem.
519 2706 578 2750 ut
603 2709 656 2752 et
690 2701 906 2768 propria
933 2712 1129 2756 statuta
1163 2717 1462 2762 convertat.
1489 2709 1712 2764 Bonitas
1736 2711 1876 2764 enim
1899 2753 1914 2776 ,

341 2801 459 2854 quae
482 2787 833 2858 subsequitur
874 2791 1038 2862 294
1079 2797 1412 2851 iracundiam
1437 2839 1452 2863 ,
1491 2807 1545 2854 et
1577 2799 1742 2855 Mosei
1783 2801 1918 2855 ﬁdu-

339 2879 477 2930 ciam
506 2881 746 2935 osteudit
774 2888 914 2953 apud
952 2888 1140 2953 Deum,
1171 2897 1227 2943 et
1257 2889 1490 2944 alienam
1523 2892 1590 2944 ab
1618 2893 1916 2947 iracundia:

340 2968 472 3020 vitio
502 2969 738 3024 divinam
771 2975 928 3030 docet
959 2993 1079 3033 esse
1108 2988 1383 3033 naturam.
1422 2979 1594 3034 Simul
1625 2992 1679 3036 et
1709 2993 1912 3053 myste-

342 3057 482 3110 rium
519 3059 571 3112 in
607 3061 817 3118 sacculis
852 3065 1048 3124 futuris
1086 3069 1410 3138 explendum
1440 3071 1683 3125 continet
1709 3088 1908 3136 sermo,

341 3171 438 3225 per
459 3174 619 3228 quem
644 3163 908 3232 promittit
939 3163 1079 3217 Deus
1135 3165 1276 3232 quod
1307 3162 1471 3216 alium
1501 3164 1778 3232 populum,
1812 3166 1910 3219 hoc
1938 3201 1980 3259 ο

341 3251 570 3320 abjecto,
601 3257 906 3312 resuscitet.
939 3257 1026 3309 Ait
1059 3256 1200 3309 enim
1223 3274 1236 3309 :
1260 3275 1278 3307 ι
1310 3256 1613 3312 Percutiam
1639 3273 1733 3313 eos
1767 3275 1909 3312 mor-

341 3351 409 3406 te,
435 3353 488 3396 et
510 3345 731 3414 perdam
767 3363 881 3411 eos,
911 3357 964 3400 et
990 3346 1188 3400 faciam
1225 3356 1277 3402 te
1307 3357 1360 3403 et.
1396 3349 1611 3403 domum
1641 3350 1810 3417 patris
1833 3352 1906 3404 tui

337 3433 390 3487 in
427 3435 700 3490 nationem
739 3453 1013 3507 magnam,
1041 3440 1208 3492 multo
1239 3440 1408 3510 magis
1431 3455 1592 3509 quam
1620 3441 1734 3494 lucc
1763 3449 1902 3494 est.»

337 3523 698 3580 Conminatio
729 3541 861 3598 ergo
911 3529 1027 3581 haec
1075 3544 1181 3581 non
1204 3538 1287 3584 est
1333 3529 1634 3594 iracundia,
1665 3531 1758 3584 sed
1784 3546 1910 3600 pro-

337 3617 536 3683 phetia.
577 3619 912 3673 Assumenda
959 3634 1190 3689 namque
1237 3630 1354 3674 erat
1389 3620 1493 3674 alia
1541 3622 1712 3686 natio,
1741 3623 1789 3675 id
1823 3633 1907 3676 est

336 3709 562 3776 populus
588 3711 687 3764 iste
726 3711 1029 3774 nationum,
1058 3712 1148 3765 sed
1178 3727 1282 3765 non
1310 3726 1408 3780 per
1445 3710 1683 3781 Moysen.
1726 3711 1905 3766 Excu-

341 3803 476 3854 savit
505 3818 738 3873 namque
790 3819 850 3859 se
903 3803 1135 3875 Moyses.
1171 3803 1390 3860 Sciebat
1432 3804 1576 3859 enim
1621 3804 1742 3874 quia
1777 3819 1907 3873 gens

360 3893 426 3946 lla
451 3910 662 3964 magna,
687 3911 803 3965 qua:
837 3897 1252 3966 repromittitur,
1289 3913 1396 3951 non
1430 3912 1526 3967 per
1552 3896 1770 3967 Moysen
1809 3912 1906 3950 vo-

334 3989 510 4042 canda
537 3999 676 4052 erat,
701 3991 794 4044 sed
825 4007 919 4060 per
946 3989 1136 4045 Jesum
1161 3989 1459 4054 Christum,
1491 3999 1547 4044 et
1569 4004 1675 4043 non
1707 3989 1906 4043 Mosai-

334 4099 453 4147 cus,
491 4080 584 4136 sed
631 4082 963 4137 Christianus
989 4091 1108 4137 erat
1153 4081 1376 4151 p0pulus
1416 4082 1781 4151 appellandus.
1819 4085 1899 4136 ld-

332 4175 482 4228 eireo
524 4173 684 4244 igitur
728 4173 1016 4242 plurimum
1067 4181 1260 4227 exorat
1307 4172 1521 4244 Moyses
1569 4188 1668 4242 pro
1711 4175 1906 4242 pepulo

335 4265 440 4320 illo.
475 4263 734 4318 Dominus
757 4279 887 4318 vero
915 4266 1128 4318 modqu
1173 4265 1535 4332 correptionis
1564 4265 1758 4318 librata
1791 4282 1906 4317 ιιιυ-

332 4356 610 4410 deratione
637 4357 935 4422 dispensat,
966 4364 1022 4410 et
1064 4355 1216 4418 dicit,
1249 4355 1376 4424 quia
1409 4356 1520 4410 viri
1554 4357 1903 4424 quidem,qui

330 4445 581 4499 exierunt
619 4445 684 4499 de
725 4444 980 4515 Egypto,
1015 4453 1069 4499 et
1097 4453 1440 4498 tentaverunt
1489 4460 1594 4509 me,
1626 4455 1790 4514 atque
1821 4447 1904 4499 in-

2023 1955 2170 2025 ginta
2219 1957 2394 2011 annis.
2431 1976 2449 2008 ι
2482 1958 2547 2011 Ει
2597 1961 2722 2028 quid
2782 1962 3007 2020 haberet
3053 1970 3296 2037 mysterii
3333 1987 3591 2029 numerus

2022 2048 2142 2109 iste,
2173 2047 2429 2113 declarat,
2473 2050 2658 2105 dicens
2696 2066 2711 2102 :
2746 2070 2764 2102 ι
2815 2054 3120 2111 Secundum
3171 2076 3475 2128 numerum,
3506 2065 3590 2118 in-

2021 2141 2226 2210 quit“,
2249 2142 2455 2196 dierum
2479 2144 2672 2211 quibus
2708 2148 3090 2205 considerastis
3124 2161 3323 2207 terram
3346 2157 3587 2223 quadra-

2021 2232 2165 2303 ginta
2195 2234 2403 2299 diebus,
2443 2250 2539 2304 pro
2569 2236 2656 2291 die
2687 2252 2785 2306 per
2814 2255 3033 2306 annmn,
3072 2245 3342 2312 recipietis
3364 2261 3585 2314 peccata

2019 2334 2197 2379 vestra
2227 2327 2584 2396 quadraginta
2606 2329 2782 2383 annis.
2823 2348 2842 2378 ι
2867 2331 3054 2388 Timeo
3081 2350 3182 2405 ego
3213 2341 3455 2408 mysterii
3488 2340 3592 2394 hu-

2015 2416 2103 2485 jus
2135 2431 2342 2472 secreta
2376 2419 2666 2473 discutere.
2707 2422 2872 2477 Video
2898 2426 3042 2479 enim
3071 2431 3212 2497 quod
3239 2441 3580 2498 peccatorum

2020 2508 2074 2562 in
2106 2509 2210 2563 hoc
2249 2510 2390 2565 ratio
2413 2514 2893 2580 comprehenditur
2917 2524 2972 2569 et
3013 2531 3318 2585 pmnarum.
3350 2520 3405 2576 Si
3439 2525 3584 2578 enim

2019 2601 2308 2670 unicuique
2328 2606 2600 2671 peccatori
2631 2621 2804 2661 annus
2835 2609 3125 2662 ascribitur
3149 2613 3215 2664 ad
3242 2628 3454 2682 paenam
3485 2631 3586 2684 pro

2019 2690 2178 2748 unius
2223 2695 2325 2748 diei
2376 2707 2620 2763 peccato,
2657 2708 2711 2752 et
2735 2701 3031 2754 secundum
3064 2703 3324 2759 rationem
3372 2708 3581 2762 dierum

2018 2786 2211 2855 quibus
2242 2799 2515 2857 peccatur,
2547 2806 2815 2846 annorum
2849 2794 3069 2847 totidem
3096 2810 3351 2853 numerus
3379 2800 3430 2854 in
3466 2817 3585 2872 sup-

2017 2879 2196 2948 plieiis
2241 2885 2644 2938 consumendus
2681 2893 2767 2938 est
2801 2902 2814 2937 :
2856 2899 3048 2939 vereor
3104 2901 3169 2940 ne
3206 2887 3345 2945 forte
3393 2894 3583 2960 nobis,

2018 2973 2110 3040 qui
2146 2974 2388 3041 quOIidie
2413 2989 2702 3043 peccamus
2730 2986 2785 3032 et
2823 2977 3025 3032 nullum
3061 2979 3199 3033 forte
3228 2982 3350 3036 vita:
3385 2995 3582 3040 nostra:

2017 3065 2159 3118 diem
2186 3067 2391 3135 absque
2418 3079 2642 3135 peccato
2668 3069 3037 3136 transigimus,
3071 3088 3135 3126 ne
3163 3076 3275 3139 ipsa
3313 3075 3455 3132 forte
3484 3094 3584 3132 sat-

2015 3156 2286 3220 cula,~aut
2308 3159 2470 3212 etiam
2496 3161 2690 3213 saecula
2715 3163 3032 3216 saeculorum
3081 3164 3328 3221 sulIieere
3373 3171 3582 3235 possint

2015 3251 2080 3303 ad
2135 3263 2325 3318 pinnas
2377 3251 2616 3306 luendas.
2646 3255 2702 3308 ln
2737 3269 2802 3310 eo
2855 3257 2996 3309 enim
3021 3258 3163 3322 quod
3211 3258 3438 3327 populus
3491 3261 3582 3314 ilie

2011 3340 2163 3409 prior
2208 3356 2309 3410 pro
2355 3343 2713 3412 quadraginta
2742 3345 2952 3400 dierum
2980 3346 3178 3401 delicto
3221 3349 3577 3418 quadraginta

2007 3431 2168 3485 annis
2199 3433 2476 3487 cruciatur
2498 3436 2548 3489 in
2579 3436 2818 3502 deserto,
2846 3451 2944 3492 nec
2974 3449 3174 3493 terram
3214 3451 3458 3495 sanctam
3491 3443 3577 3496 in-

2012 3523 2178 3578 troire
2205 3525 2561 3592 permittitur,
2592 3527 2891 3582 similitudo
2912 3529 3158 3598 quaedam
3184 3530 3347 3586 futuri
3385 3533 3578 3603 judicii

2009 3615 2225 3668 videtur
2273 3617 2510 3680 ostendi,
2549 3618 2635 3671 ubi
2672 3627 3013 3687 peccatorum
3049 3621 3187 3674 ratio
3237 3622 3576 3681 discutienda

2005 3717 2134 3772 est;
2169 3709 2270 3762 nisi
2311 3710 2418 3763 erit
2465 3710 2642 3780 aliqua
2676 3709 2910 3767 fortasse
2943 3714 3105 3766 etiam
3147 3714 3412 3770 bonorum
3443 3734 3576 3786 ope-

2009 3814 2128 3852 rum
2164 3801 2548 3868 compensatio,
2577 3801 2660 3856 vel
2687 3802 2847 3856 etiam
2879 3817 3066 3860 eorum
3097 3823 3217 3876 qua;
3250 3811 3301 3860 in
3335 3809 3443 3862 vita
3475 3809 3574 3865 Sua

2009 3893 2377 3961 unusquisque
2424 3895 2563 3948 mala
2629 3895 2840 3962 recipit,
2873 3905 2932 3948 ut
2957 3897 3229 3952 Abraham
3279 3899 3344 3952 de
3371 3899 3576 3957 Lazaro

2007 3983 2193 4038 docuit
2223 3985 2290 4038 ⁸⁷.
2337 3986 2444 4039 Sed
2483 3988 2598 4039 haec
2649 3985 2847 4040 nullius
2873 3997 2954 4040 est
2981 3991 3047 4042 ad
3083 3991 3346 4059 integrum
3387 4008 3571 4058 nosse,

2008 4075 2111 4128 nisi
2161 4075 2309 4130 illius
2343 4076 2430 4130 cui
2461 4092 2620 4130 omne
2654 4077 2917 4146 judicium
2951 4081 3172 4134 tradidit
3207 4081 3387 4136 Pater.
3421 4084 3570 4149 Quod

2005 4178 2185 4222 autem
2218 4168 2332 4222 dies
2359 4168 2562 4237 peccati
2595 4168 2648 4222 in
2683 4185 2882 4224 annum
2911 4185 3086 4241 paenae
3131 4184 3427 4243 repntetur,
3465 4191 3572 4231 non

2006 4257 2178 4312 solum
2210 4259 2264 4312 in
2321 4260 2424 4313 hoc
2469 4259 2624 4324 libro,
2661 4259 2712 4312 in
2742 4276 2850 4329 quo
2881 4262 3014 4316 nihil
3047 4265 3270 4319 omnino
3311 4275 3392 4320 est
3429 4268 3574 4334 quod

2006 4351 2243 4405 dubitari
2278 4352 2470 4420 possit,
2499 4352 2822 4418 ostenditur,
2857 4353 2951 4408 sed
2995 4365 3047 4409 et
3085 4355 3137 4408 in
3170 4355 3348 4410 libello
3379 4354 3572 4419 Pasto-

2007 4443 2080 4496 ris
2113 4442 2249 4514 (91),
2279 4443 2324 4497 si
2366 4445 2452 4499 cui
2503 4451 2680 4498 tamen
2724 4446 2992 4514 scriptura
3039 4447 3126 4501 illa
3162 4448 3468 4516 recipienda
3495 4449 3577 4503 vi-

331 4537 534 4592 creduli
569 4546 1003 4606 permanserunt,
1049 4538 1246 4591 cadent
1291 4538 1342 4591 in
1378 4537 1592 4592 deserto
1637 4538 1760 4604 hoc,
1791 4556 1809 4589 ι
1841 4548 1898 4592 et
1932 4543 1975 4596 D
2002 4536 2175 4596 detur,
2210 4535 2405 4590 similia
2435 4536 2812 4606 designantur.
2859 4538 2966 4592 Sed
3004 4538 3234 4594 fortasse
3261 4541 3458 4608 aliquis
3487 4557 3570 4595 ne-

334 4645 437 4684 non
470 4629 748 4694 videbunt,
777 4631 950 4700 inquit
979 4632 1047 4694 ⁸³,
1075 4641 1301 4694 terram,
1333 4646 1495 4700 quam
1519 4631 1695 4698 juravi
1727 4631 1898 4697 patri-

330 4723 430 4777 bus
467 4737 656 4778 eorum
692 4739 707 4775 :
743 4723 840 4776 sed
867 4723 962 4776 lilii
987 4723 1248 4790 ipsorum,
1277 4723 1366 4792 qui
1392 4730 1518 4776 sunt
1549 4735 1757 4776 mecum
1787 4720 1895 4786 hic,

331 4816 637 4884 quicunque
695 4815 948 4883 ignorant
997 4815 1196 4869 bonum
1225 4814 1309 4869 vel
1354 4812 1576 4868 malum.
1611 4830 1629 4864 ι
1666 4813 1753 4866 Sit
1782 4812 1894 4866 for-

333 4909 492 4962 tassis
543 4909 746 4976 aliquid
793 4907 956 4961 etiam
990 4907 1306 4962 secretioris
1346 4905 1586 4976 mysterii
1626 4906 1676 4959 in
1720 4904 1896 4959 verbis

333 4997 543 5052 Domini
589 4999 870 5055 dicentis:
909 5017 928 5050 ‹
971 4997 1092 5052 Filii
1130 5012 1350 5064 eorum,
1381 4996 1472 5064 qui
1507 5004 1639 5050 sunt
1685 5010 1894 5049 mecum

333 5093 439 5146 hic.
474 5111 494 5143 ι
528 5090 626 5147 Ubi
653 5091 784 5146 hic?
811 5101 906 5146 aut
934 5089 1203 5161 quomodo
1224 5090 1579 5157 mecum?Qui
1609 5089 1769 5143 habet
1801 5103 1896 5140 au-

333 5199 419 5238 res
451 5185 727 5252 audiendi,
759 5187 964 5243 audiat.
995 5187 1102 5242 Nos
1133 5187 1351 5241 interim
1384 5185 1612 5240 dicimus
1639 5182 1766 5252 quia
1800 5193 1896 5249 pa-

397 5348 515 5382 ⁹¹·⁹¹
547 5348 705 5404 Num.
738 5364 850 5418 xw,
881 5350 942 5404 11
981 5358 1037 5405 et
1066 5349 1154 5404 12.
1229 5348 1276 5381 “
1305 5347 1436 5402 ibid.
1459 5346 1551 5400 2‘2-

400 5505 685 5587 (_9_0)nQita:
733 5526 890 5587 super
927 5526 1155 5587 omnem_
1175 5509 1371 5587 malum
1397 5513 1767 5587 _agenfem_esﬁ{.
1796 5504 1886 5560 Sic

319 5575 807 5647 -codd.'Sagiensis,
837 5580 1212 5640 Carnutensis,
1251 5575 1590 5632 Ebroiceusis
1615 5585 1672 5628 et
1709 5575 1887 5628 Turo-

332 5650 534 5725 “CILSIS.
561 5649 713 5725 ΞΛΜ).
733 5652 913 5712 editi,c
939 5665 1230 5725 quaesuper
1239 5662 1460 5725 omnem
1468 5656 1716 5725 iacntem.
1727 5653 1833 5725 est.
1865 5663 1884 5696 ι

404 5718 517 5796 (Sil)
553 5718 736 5796 Sed_et
763 5725 815 5774 in
840 5715 1420 5796 libeilo‘Pas’torismtc.
1444 5715 1778 5796 “erutae-lib.
1809 5729 1894 5779 nt,

331 5785 607 5846 similitud.
657 5790 714 5856 6,
768 5806 888 5860 cap.
923 5789 980 5860 4,
1013 5791 1128 5846 hinc
1178 5789 1426 5858 leguntur
1464 5803 1478 5839 :
1516 5804 1534 5837 ο
1577 5785 1895 5856 Quicunque

1628 5344 1674 5376 ³⁸
1703 5343 1862 5398 Rom.
1888 5343 2074 5412 x|,22.

2005 4637 2095 4698 get
2127 4627 2353 4681 bonitati
2410 4628 2501 4682 Dei
2539 4631 2852 4693 convenire,
2889 4640 2950 4684 ut
2982 4646 3081 4698 pro
3111 4631 3270 4685 unius
3303 4631 3406 4685 diei
3443 4646 3572 4700 pec-

2003 4730 2126 4776 cato
2159 4735 2360 4774 annum
2387 4719 2774 4790 suppliciorum
2808 4722 3066 4789 rependat
3097 4739 3108 4774 :
3137 4723 3382 4791 quinimo
3406 4725 3570 4788 dicet,

1993 4811 2213 4867 Etiamsi
2235 4813 2374 4867 diem
2411 4828 2513 4882 pro
2561 4813 2649 4867 die
2683 4815 2890 4880 reddat,
2919 4817 3166 4884 quamvis
3212 4814 3411 4882 justus,
3461 4833 3570 4870 non

2005 4915 2182 4960 tamen
2204 4905 2443 4961 clemens
2470 4907 2682 4962 videtur
2709 4923 2830 4963 esse
2855 4916 2948 4962 aut
2973 4909 3256 4978 benignus.
3275 4909 3412 4962 Audi
3442 4926 3572 4979 ergo

2002 4996 2070 5048 ad
2105 4996 2242 5060 haec,
2271 4997 2317 5050 si
2373 4995 2515 5054 forte
2566 4999 2836 5067 possimus
2873 4996 3240 5052 dilIicultatem
3268 4998 3342 5052 rei
3384 5014 3570 5053 exem-

2002 5083 2106 5152 plis
2134 5085 2488 5142 lucidioribus
2525 5089 2839 5156 explanare.
2893 5087 2951 5142 Si
2984 5087 3177 5141 vulnus
3227 5090 3440 5154 corpori
3493 5091 3544 5142 in

2001 5176 2232 5246 ﬂigatur,
2268 5187 2362 5234 aut
2383 5196 2444 5236 os
2471 5181 2862 5252 confringatur,
2889 5188 2982 5234 aut
3007 5178 3566 5247 nervorumjunctma

2706 5339 2751 5371 ”
2777 5338 2907 5394 ibid.
2935 5337 3024 5394 54.

2152 5341 2198 5373 ⁹⁵
2225 5339 2385 5396 Num.
2405 5353 2516 5406 xxv,
2541 5338 2633 5394 35.
2706 5339 2751 5371 ”
2777 5338 2907 5394 ibid.
2935 5337 3024 5394 54.
3100 5337 3142 5370 θ’
3174 5337 3303 5393 Luc.
3329 5353 3440 5401 xw,
3474 5335 3566 5391 25.

1988 5503 2154 5565 igitur
2195 5515 2302 5554 uno
2344 5497 2430 5552 die
2474 5497 2780 5565 perceperit
2827 5494 3075 5548 fallacem
3113 5493 3448 5548 dulcedinem
3501 5508 3565 5548 ac

1990 5548 2596 5641 'v‘B't'quiiéﬁi,’uh6qiié
2614 5548 3002 5643 dieerueiatus
3038 5565 3131 5624 sit,
3172 5565 3296 5643 anni
3331 5566 3562 5630 spatium

1992 5635 2133 5698 dies'
2164 5641 2440 5695 cruciatus
2481 5638 2598 5713 ejus
2639 5636 2858 5689 valebit.
2903 5635 3006 5713 lt-a_
3034 5643 3165 5700 quot
3209 5635 3326 5713 dies
3371 5646 3564 5711 peree-

1995 5712 2134 5784 perit
2184 5712 2417 5779 quisque
2462 5703 2819 5776 vdluptatem,
2877 5703 3097 5759 totidem
3145 5705 3302 5758 anuis
3353 5703 3566 5756 cruci»

1999 5797 2108 5851 tur,
2142 5801 2160 5834 ι
2198 5791 2304 5836 etc.
