4074 6156
464 347 576 404 sas

1930 334 2254 396 ‘OBIGENIS

3593 338 3694 392 (£24

473 462 794 525 resolvatur,
826 459 925 513 sub
953 459 1112 514 unius
1153 461 1303 515 hora:
1346 458 1526 531 spatio
1566 457 1874 529 bujusmodi
1915 456 2032 510 vul-
2064 459 2112 516 Α
2138 454 2247 508 vita
2281 453 2647 524 unusquisque
2699 455 2785 511 vel
2831 456 3010 511 minus
3057 454 3139 510 vel
3171 453 3401 524 amplius
3427 457 3697 524 peccando

474 568 603 607 nera
639 552 814 606 solent
863 551 1178 619 corporibus
1228 551 1496 614 accidere,
1531 560 1585 605 et
1611 548 1857 619 plurimis
1886 556 2033 616 post-

474 643 688 698 modum
729 641 1060 697 cruciatibus
1080 655 1145 696 ac
1166 641 1440 696 doloribus
1466 641 1700 704 exactis,
1742 638 1914 694 multo
1943 639 2034 693 vix

474 744 715 801 tempore
767 731 993 799 sanari;
1045 733 1232 802 quanti
1280 733 1422 788 enim
1484 740 1722 786 tumores
1773 730 1826 783 in
1875 729 2032 795 loco,

469 834 667 894 quanta
719 832 984 878 tormenta
1019 824 1381 895 generantur?
1407 823 1524 880 Jam
1565 838 1694 879 vero
1726 822 1772 877 si
1802 822 2031 883 accidat,

470 926 527 969 ut
559 915 614 968 in
647 915 835 970 eodem
864 914 1106 981 vulnere,
1137 915 1221 969 vel
1248 914 1302 971 in
1346 916 1533 972 eadem
1561 914 1798 969 fractura
1840 913 2034 968 iterum

469 1014 524 1059 et
543 1007 738 1076 saepius
763 1006 886 1076 quis
907 1006 1703 1078 vulneretur,frequentiusque
1733 1005 2032 1076 frangatur,

469 1100 686 1168 quantis
717 1099 820 1154 hoc
854 1099 1029 1169 pinnis
1075 1100 1289 1167 curari,
1320 1108 1373 1155 et
1422 1099 1641 1170 quantis
1686 1107 1860 1168 potest
1908 1113 2035 1152 cru—

470 1191 703 1246 ciatibus
755 1190 1302 1258 medicari‘lQuanto
1357 1203 1536 1247 autem
1585 1201 1845 1261 tempore,
1872 1190 1917 1247 si
1951 1199 2031 1245 ta-

472 1299 595 1338 men
621 1284 877 1354 potuerit,
909 1284 976 1339 ad
1020 1285 1308 1339 sanitatem
1343 1286 1658 1355 perducitur
1682 1285 1705 1340 ?
1733 1293 1788 1341 et
1817 1285 1908 1340 vix
1936 1285 2035 1339 ali-

470 1376 690 1446 quando
744 1378 816 1431 ita
852 1378 1154 1444 curabitur,
1187 1389 1244 1433 ut
1268 1380 1351 1433 vel
1380 1379 1716 1436 debilitatem
1768 1379 2032 1449 corporis,

470 1470 552 1524 vel
599 1469 895 1525 foeditatem
947 1470 1218 1525 cicatricis
1250 1470 1487 1539 effugiat.
1534 1470 1729 1526 Transi
1764 1485 1906 1526 nunc
1965 1470 2035 1526 ab

470 1562 718 1631 exemplo
761 1562 1007 1631 corporis
1036 1563 1103 1618 ad
1141 1565 1334 1618 animae
1385 1562 1633 1619 vulnera.
1664 1564 1862 1617 Anima
1895 1577 2032 1632 quo-

471 1655 576 1710 ties
603 1662 813 1723 peccat,
849 1656 1007 1711 toties
1030 1656 1366 1711 vulneratur.
1402 1654 1469 1710 Et
1497 1669 1565 1709 ne
1586 1654 1796 1711 dubites
1839 1668 2032 1725 pecca-

470 1748 538 1803 tis
568 1760 687 1801 eam
722 1744 870 1801 velut
905 1745 1031 1801 telis
1072 1755 1128 1802 et
1167 1746 1362 1817 gladiis
1392 1747 1700 1811 vulnerari,
1735 1746 1858 1801 audi
1886 1748 2029 1816 Apo-

470 1837 668 1895 stolum
694 1846 999 1892 monentem
1037 1847 1096 1891 ut
1127 1852 1471 1893 assumamus
1512 1855 1532 1888 ι
1572 1850 1781 1893 scutum
1806 1838 1955 1903 fidei,
1976 1839 2029 1894 in

469 1945 577 2000 quo
621 1928 876 1999 possitis,
921 1930 1125 2000 inquit,
1161 1932 1340 1984 omnia
1382 1929 1562 1999 jacula
1604 1929 1820 1998 maligni
1865 1930 2033 2001 ignita

472 2022 838 2093 exstinguere.
856 2040 875 2073 ι
896 2020 1060 2077 Vides
1078 2036 1208 2093 ergo
1226 2031 1446 2091 peccata
1462 2021 1678 2090 maligni
1697 2021 2026 2089 cssejacula,

469 2131 591 2186 quas
615 2116 672 2171 in
691 2114 924 2169 animam
951 2114 1274 2184 diriguntur.
1305 2116 1519 2169 Patitur
1555 2126 1735 2170 autem
1762 2125 1816 2169 et
1850 2116 2031 2170 anima

469 2222 575 2262 non
606 2206 783 2262 solum
815 2204 1038 2261 vulnera
1072 2206 1402 2277 jaculorum,
1432 2206 1528 2260 sed
1559 2215 1612 2260 et
1637 2205 1907 2261 fracturas
1936 2221 2028 2276 pe-

467 2300 614 2364 dum,
635 2314 756 2355 cum
790 2298 967 2370 laquei
982 2308 1244 2369 parantur
1274 2298 1499 2367 pedibus
1526 2298 1664 2368 ejus,
1686 2306 1737 2352 et
1778 2298 2032 2368 supplan-

470 2400 656 2447 tantur
676 2405 895 2462 gressus
914 2389 1052 2461 ejus.
1072 2388 1197 2444 Haec
1221 2403 1351 2459 ergo
1379 2399 1433 2443 et
1452 2388 1757 2458 bujusmodi
1806 2388 2033 2444 vulnera

467 2494 671 2555 quanto
689 2494 932 2554 tempore
964 2492 1126 2553 putas
1148 2498 1308 2554 posse
1334 2482 1515 2537 curari
1542 2482 1566 2535 ἵ
1591 2479 1637 2536 Ο
1668 2481 1713 2537 si
1753 2495 2034 2550 possemus

467 2592 565 2647 per
594 2574 1012 2645 unumquodque
1051 2583 1332 2644 peccatum
1372 2571 1555 2627 videre
1585 2573 1854 2641 quomodo
1874 2572 2035 2627 homo

467 2677 658 2724 noster
692 2668 921 2723 interior
949 2667 1166 2723 assidue
1203 2665 1532 2730 vulneratur,
1559 2664 1829 2734 quomodo
1857 2679 2034 2720 sermo

470 2761 645 2816 malus
662 2759 824 2831 295
840 2760 1033 2813 vulnus
1057 2756 1273 2829 inﬂigit!
1298 2758 1412 2811 Non
1430 2756 1603 2828 legisti
1624 2756 1770 2809 ’3'”:
1795 2775 1814 2809 ι
1842 2757 2035 2811 Ditunt

467 2854 592 2923 quia
612 2852 899 2907 vulnerant
923 2849 1106 2920 gladii,
1128 2852 1221 2905 sed
1242 2864 1347 2903 non
1371 2850 1441 2903 ita
1464 2860 1522 2904 ut
1542 2848 1764 2918 lingua?
1790 2866 1809 2899 ι
1835 2847 2031 2902 Vulne-

468 2955 621 3001 ratur
648 2960 778 3015 ergo
818 2959 913 3015 per
938 2945 1174 3014 linguam
1207 2944 1411 3009 anima,
1433 2942 1748 2998 vulneratur
1765 2948 1817 2995 et
1835 2956 1929 3011 per
1945 2956 2035 2995 co-

468 3040 756 3109 gitationes
807 3048 863 3093 et
890 3036 1359 3107 concupiscentias
1389 3035 1580 3101 malas,
1633 3034 1901 3104 frangitur
1934 3049 2033 3088 au-

471 3142 578 3185 tem
607 3139 663 3184 et
687 3129 985 3184 conteritur
1031 3142 1127 3199 per
1156 3143 1316 3196 opera
1342 3128 1569 3198 peccati.
1619 3127 1748 3194 Quae
1776 3127 1822 3181 si
1847 3125 2029 3181 omnia
2056 3146 2104 3209 ε

467 3221 652 3275 videre
677 3233 979 3290 possemus,
1015 3227 1071 3275 et
1094 3218 1394 3273 vulneratae
1418 3219 1613 3273 animas
1649 3217 1855 3273 sentire
1889 3218 2032 3272 cica-

471 3313 661 3377 trices,
694 3318 900 3365 certum
924 3317 1007 3364 est
1036 3309 1180 3379 quod
1208 3323 1378 3378 usque
1402 3309 1469 3363 ad
1500 3318 1724 3363 mortem
1751 3309 2036 3363 resistere-

471 3419 592 3458 mus
623 3405 908 3458 adversum
938 3409 1240 3469 peccatum.
1280 3400 1386 3455 Sed
1414 3415 1554 3455 nunc
1581 3400 1721 3455 sicut
1752 3400 1788 3455 ii
1831 3402 1920 3469 qui
1951 3398 2035 3455 vel

468 3498 714 3551 daemone
747 3491 958 3562 repleti,
1008 3490 1095 3547 vel
1122 3503 1302 3545 mente
1341 3491 1560 3546 alienati
1595 3501 1740 3559 sunt,
1770 3507 1877 3546 non
1902 3507 2033 3547 sen-

471 3587 613 3641 tiunt
642 3585 688 3640 si
716 3584 1092 3650 vulnerentur,
1124 3583 1249 3653 quia
1286 3582 1624 3638 naturalibus
1665 3584 1912 3639 sensibus
1946 3599 2036 3640 ca-

469 3687 588 3733 rent
638 3695 651 3732 :
686 3678 757 3732 ita
786 3686 842 3732 et
875 3694 975 3733 nos
1013 3677 1098 3733 vel
1150 3678 1532 3747 cupiditatibus
1579 3677 1763 3731 smculi
1795 3689 2036 3733 amentes

468 3769 668 3838 effecti,
721 3770 807 3825 vel
848 3771 996 3825 vitiis
1039 3769 1315 3834 inebriati,
1368 3770 1571 3824 sentire
1616 3784 1723 3824 non
1752 3784 2037 3839 possumus

462 3872 666 3934 quanta
714 3862 958 3927 vulnera,
1007 3871 1242 3931 quantas
1295 3861 1646 3915 contritiones
1693 3862 1885 3916 anima;
1911 3875 2036 3930 pec-

464 3954 640 4010 cando
679 3955 1071 4021 conquirimus.
1104 3954 1165 4007 Et
1197 3954 1318 4009 ideo
1348 3954 1864 4023 consequentissima
1896 3955 2037 4009 ratio

464 4054 551 4100 est
585 4059 776 4116 paenae,
810 4046 863 4100 id
892 4054 974 4100 est
1002 4060 1145 4099 cura:
1176 4060 1240 4099 ac
1287 4045 1667 4100 medicationis
1706 4055 1914 4114 tempus
1942 4059 2037 4098 ex-

458 4140 639 4205 lendi,
692 4147 744 4193 et
792 4151 891 4206 per
938 4136 1357 4205 unumquodque
1391 4137 1586 4192 vulnus
1635 4151 1733 4206 pro
1776 4137 2037 4207 qualitate

456 4230 640 4301 plagae
668 4228 915 4284 medendi
964 4243 1183 4297 quoque
1229 4230 1397 4297 spatia
1425 4230 1735 4299 propagari.
1777 4229 1868 4283 Sic
1905 4243 2036 4298 ergo

464 4335 525 4379 et
555 4325 648 4377 Dei
678 4322 912 4392 aequitas
959 4337 1023 4374 ac
1055 4321 1359 4390 benignitas
1396 4322 1561 4375 etiam
1598 4322 1650 4375 in
1682 4320 1814 4391 ipsis
1845 4320 2038 4374 animae

466 4415 745 4485 suppliciis
780 4414 1001 4468 evidens
1034 4413 1127 4467 fiet
1158 4431 1171 4468 :
1204 4424 1258 4468 et
1284 4413 1401 4468 ιιωο
1448 4413 1692 4477 audiens,
1721 4412 1813 4481 qui
1840 4427 2034 4482 pecca-

2135 546 2426 616 quaesierit.
2468 546 2572 602 Sed
2605 556 2659 601 et
2690 566 2709 599 ι
2735 547 2876 602 calix
2902 549 2954 602 in
2988 563 3147 602 manu
3178 546 3388 600 Domini
3426 547 3534 598 vini
3565 549 3697 601 meri

2136 639 2326 708 plenus
2359 653 2482 693 esse
2531 640 2727 693 dicitur
2757 640 2917 695 misto
2944 643 2985 693 ‘.
3010 658 3034 691 τ
3088 638 3398 693 Miscebitur
3425 651 3554 707 ergo
3580 637 3700 691 sine

2135 730 2298 785 dubio
2324 730 2634 801 unicuique,
2665 741 2721 785 et
2752 731 2842 785 fiet
2866 731 3126 799 judicium
3153 729 3268 797 ejus
3292 745 3396 784 non
3430 728 3602 784 Stllllln
3629 742 3698 781 ex

2135 821 2294 877 malis
2338 837 2458 891 quae
2503 823 2687 892 gessit,
2740 825 2833 878 sed
2877 823 3039 878 etiam
3083 837 3151 876 ex
3192 822 3368 876 bonis.
3410 821 3476 875 Et
3511 832 3694 874 tamen

2135 929 2255 970 cum
2283 924 2509 983 utraque
2538 917 2890 981 misceantur,
2930 913 3029 969 faex
3065 915 3202 982 ejus,
3234 928 3397 984 quam
3430 926 3530 981 ego
3563 921 3724 980 puto-

2136 1009 2403 1064 malorum
2436 1019 2645 1080 partem
2680 1007 2805 1070 dici,
2861 1021 2967 1061 non
3008 1007 3076 1060 ad
3114 1007 3379 1076 integrum
3410 1004 3695 1059 exinanita-

2138 1109 2245 1156 tur.
2300 1102 2405 1157 Sed
2452 1101 2587 1167 hare,
2633 1110 2689 1161 ut
2718 1098 2973 1159 diximus,
3018 1099 3069 1150 in
3096 1112 3255 1150 manu
3290 1095 3382 1150 Dei
3412 1107 3558 1158 sunt,
3594 1110 3696 1147 no-

2136 1201 2308 1245 strum
2338 1202 2517 1246 autem
2565 1200 2647 1247 est
2675 1190 2739 1243 ad
2770 1189 3200 1244 emendationem
3229 1187 3387 1242 citius
3412 1187 3697 1248 festinare,

2137 1285 2202 1337 ad
2231 1285 2604 1355 paenitentiam
2639 1285 2762 1338 sine
2792 1280 3221 1335 dissimulatione
3259 1279 3524 1341 converti,
3551 1278 3702 1347 lugeo

2135 1390 2195 1430 re
2224 1377 2520 1445 printerita,
2553 1391 2747 1431 cavere
2773 1373 2972 1440 futura,
3001 1376 3254 1430 invocare
3278 1372 3532 1426 auxilium
3566 1370 3697 1434 Dei;

2135 1472 2319 1525 statim
2356 1471 2502 1525 enim
2549 1482 2609 1526 ut
2658 1486 2950 1527 conversus
2982 1471 3332 1542 ingemueris,
3361 1467 3541 1523 salvus
3564 1467 3698 1519 eris.

2134 1561 2382 1616 Invenies
2414 1564 2558 1617 enim
2597 1564 2947 1625 advocatum,
3001 1562 3092 1632 qui
3141 1576 3238 1631 pro
3291 1572 3342 1615 te
3393 1559 3698 1629 interpellat

2133 1652 2371 1720 Patrem,
2405 1654 2687 1710 Dominum
2715 1654 2896 1711 Jesum
2921 1656 3218 1721 Christum,
3250 1654 3417 1709 multo
3438 1666 3705 1725 pncstan~

2135 1747 2326 1802 liorem
2357 1762 2515 1817 quam
2551 1746 2650 1801 fuit
2678 1746 2909 1819 Moyses,
2941 1748 3031 1817 qui
3063 1756 3241 1803 tamen
3271 1748 3447 1802 oravit
3476 1764 3574 1816 pro
3605 1763 3707 1816 po-

2134 1839 2260 1909 pulo
2288 1839 2398 1904 illo,
2447 1847 2502 1894 et
2527 1841 2811 1896 exauditus
2862 1839 2973 1897 est.
3027 1842 3093 1897 Et
3136 1843 3365 1897 fortasse
3410 1849 3703 1910 propterea

2131 1930 2347 2002 Moyses
2394 1933 2654 1987 scribitur
2687 1934 3047 1989 intervenisse
3097 1949 3194 2003 pro
3245 1933 3482 2004 peccatis
3517 1933 3704 2002 populi

2130 2025 2356 2095 prioris,
2392 2035 2446 2081 et
2473 2027 2798 2096 impetrasse
2833 2029 3072 2094 veniam,
3109 2035 3169 2080 ut
3198 2027 3367 2081 multo
3398 2027 3566 2094 magis
3596 2040 3702 2080 nos

2132 2118 2487 2184 confidamus,
2543 2119 2687 2188 quod
2712 2118 3005 2175 advocatus
3030 2128 3219 2175 noster
3243 2117 3401 2174 .lesus
3426 2118 3701 2173 indubita-

2132 2216 2242 2263 tam
2292 2208 2446 2264 nobis
2488 2208 2702 2263 veniam
2750 2208 3065 2279 impetrabit
3096 2223 3126 2262 a
3172 2208 3334 2262 Patre
3382 2223 3396 2260 :
3443 2207 3486 2261 si
3516 2216 3703 2262 tamen

2131 2308 2513 2356 convertamur
2559 2300 2627 2355 ad
2659 2316 2802 2367 eum,
2832 2308 2886 2355 et
2911 2314 3020 2354 non
3054 2298 3269 2354 recedat
3296 2305 3440 2352 retro
3473 2312 3568 2352 cor
3598 2312 3706 2351 no-

2133 2401 2329 2458 strum,
2385 2391 2529 2446 sicut
2573 2399 2629 2447 et
2669 2391 2907 2447 Jo-annes
2954 2390 3009 2445 in
3060 2388 3300 2458 Epistola
3344 2403 3439 2443 sua
3481 2388 3652 2442 dicit'
3679 2404 3700 2442 :

2137 2481 2301 2538 «ηερε
2327 2491 2509 2537 autem
2540 2483 2683 2549 dico,
2719 2482 2888 2547 filioli,
2933 2491 2992 2535 ut
3020 2496 3124 2535 non
3172 2476 3426 2551 peccetis.
3465 2478 3619 2546 Quod
3645 2488 3705 2535 et

2132 2573 2175 2627 si
2208 2575 2517 2642 peccaverit
2545 2572 2741 2642 aliquis
2775 2581 3036 2636 vestrum,
3086 2569 3348 2625 habemus
3377 2569 3700 2624 advocatum

2133 2666 2274 2732 apud
2321 2663 2556 2729 Patrem,
2597 2665 2780 2721 Jesum
2829 2664 3055 2734 justum,
3105 2662 3197 2730 qui
3247 2661 3551 2729 interpellat
3599 2675 3703 2726 pro

2132 2756 2371 2825 peccatis
2399 2757 2618 2812 nostris.
2647 2774 2666 2807 ι
2709 2756 2810 2825 Ipsi
2844 2754 3014 2824 gloria
3042 2754 3096 2809 in
3133 2764 3334 2809 aeterna
3367 2754 3562 2808 saecula
3593 2767 3696 2806 sae»

2131 2847 2396 2902 culorum.
2433 2849 2622 2901 Amen.

2724 2937 3000 2994 IIOMILIA
3026 2937 3117 2992 IX.

2134 3055 2211 3111 De
2250 3056 2446 3110 batillis
2477 3055 2630 3120 Core,
2663 3066 2708 3109 et
2742 3055 2997 3108 seditione
3037 3052 3218 3121 pepuli
3245 3052 3516 3105 adversum
3544 3050 3699 3122 Moy-

2205 3146 2319 3230 seu,z
2346 3140 2394 3182 et
2434 3130 2498 3181 de
2543 3127 2699 3195 virgis
2741 3126 2794 3179 iu
2831 3126 3015 3195 quibus
3054 3125 3198 3193 virga
3227 3125 3405 3176 Aaron
3430 3123 3689 3190 germina-

2203 3213 2269 3254 l'll
2296 3213 2336 3253 ὀ

2207 3316 2257 3368 l.
2300 3312 2455 3382 Apud
2499 3311 2685 3374 Deum,
2718 3319 2778 3364 ut
2828 3308 3053 3378 intelligi
3103 3308 3284 3372 datur,
3328 3305 3463 3360 nihil
3496 3313 3578 3360 est
3609 3304 3690 3356 in.

2137 3406 2287 3469 Uiilt',
2315 3404 2450 3458 nihil
2490 3405 2755 3483 otiosum,
2781 3404 2876 3459 sed
2902 3410 2956 3457 et
2988 3416 3050 3455 ea
3082 3415 3201 3470 qua:
3234 3399 3543 3455 hominibus
3570 3397 3701 3453 alie-

2136 3500 2312 3553 nanda
2339 3497 2596 3552 videntur
2617 3505 2671 3548 et
2698 3494 3022 3565 abjicienda,
3053 3491 3252 3561 aliquid
3290 3491 3470 3561 operis
3507 3506 3698 3545 neces-

2135 3592 2263 3647 sarii
2299 3590 2502 3645 habere
2532 3586 2898 3642 inveniuntur.
2958 3585 3109 3639 llunc
3140 3594 3317 3638 autem
3350 3584 3503 3637 nobis
3534 3582 3696 3636 intel-

2136 3684 2333 3739 lectum
2363 3680 2598 3752 suggerit
2624 3693 2860 3749 prtesens
2888 3680 3066 3745 lectio,
3096 3693 3216 3747 qua:
3247 3680 3314 3731 de
3360 3676 3560 3751 batillis
3594 3674 3701 3729 Co-

2135 3787 2218 3837 re,
2247 3783 2301 3828 et
2334 3772 2669 3840 reliquorum
2724 3771 2814 3840 qui
2843 3785 2963 3823 cum
2991 3769 3106 3836 ipso
3143 3776 3525 3838 peccaverunt,
3552 3783 3671 3821 com
3691 3793 3704 3805 -

2136 3872 2426 3927 memorat,
2462 3864 2604 3931 quod
2651 3876 2719 3915 ne
2759 3862 2874 3915 lucc
2909 3859 3125 3928 quidem
3164 3860 3317 3930 jubet
3341 3858 3497 3927 abjici
3535 3857 3700 3922 Deus,

2136 3960 2229 4013 sed
2258 3957 2374 4012 fieri
2403 3971 2473 4010 ex
2526 3955 2608 4011 eis
2637 3954 2865 4009 laminas
2896 3952 3124 4008 ductiles
3152 3961 3312 4021 atque
3336 3967 3402 4007 ex
3432 3952 3500 4006 iis
3531 3951 3703 4008 altare

2135 4048 2485 4104 circumdari.
2543 4046 2733 4102 Refert
2779 4059 2907 4116 ergo
2939 4044 3240 4115 Scriptura,
3295 4044 3419 4113 quia
3468 4059 3535 4096 ex
3564 4057 3702 4111 pne-

2137 4150 2294 4210 ccpto
2322 4140 2438 4205 Dei,
2477 4156 2497 4190 ‹
2539 4138 2766 4207 accepit,
2803 4137 2973 4206 inquit
2998 4137 3041 4202 ⁸,
3091 4136 3316 4190 Eleazar
3347 4134 3488 4189 filius
3517 4135 3696 4189 Aaron

2136 4230 2434 4287 sacerdotis
2477 4228 2660 4284 batilla
2688 4242 2853 4290 rerea,
2900 4240 3021 4295 quae
3066 4227 3378 4280 obtulerunt
3405 4227 3438 4279 ii
3469 4224 3560 4293 qui
3603 4239 3701 4279 esu

2136 4324 2243 4378 usti
2275 4329 2428 4387 sunt,
2457 4330 2513 4376 et
2549 4322 2793 4374 fecerunt
2826 4335 2894 4373 ex
2922 4319 3002 4373 eis
3050 4318 3302 4383 circulos,
3353 4329 3407 4372 et
3434 4332 3700 4386 apposue-

2138 4421 2264 4466 runt
2291 4426 2385 4466 eos
2417 4411 2595 4473 altari,
2646 4411 2713 4465 ad
2762 4409 3329 4465 commemorationem
3360 4407 3591 4463 ﬁliorum
3623 4408 3703 4462 ls-

464 4510 567 4572 vit,
605 4504 910 4575 resipiscat,
941 4512 998 4558 et
1023 4503 1166 4556 ultra
1197 4518 1302 4557 non
1326 4512 1530 4573 peccet.
1569 4502 1864 4558 Conversio
1888 4503 2032 4557 enim
2070 4491 2112 4546 1)
2142 4502 2275 4568 rael,
2304 4509 2363 4555 ut
2396 4516 2501 4555 non
2528 4500 2753 4555 accedat
2781 4499 3064 4570 quisquam
3100 4499 3423 4570 alienigena,
3465 4498 3554 4567 qui
3592 4513 3697 4551 nun

460 4599 525 4652 in
556 4594 808 4667 praesenti
840 4594 971 4659 vita,
1007 4603 1061 4648 et
1087 4593 1403 4662 ptenitentia
1438 4593 1711 4649 fructuose
1739 4602 1909 4664 gesta,
1945 4608 2036 4649 ce-

468 4690 637 4745 lerem
692 4685 907 4742 confert
962 4685 1271 4756 bujusmodi
1323 4687 1639 4742 vulneribus
1688 4686 2032 4751 medicinam,

467 4781 594 4852 quia
646 4777 962 4847 poenitentia
1014 4794 1120 4832 non
1153 4776 1326 4832 solum
1355 4777 1548 4832 vulnus
1593 4779 1919 4846 praeteritum
1948 4791 2037 4833 sa-

471 4885 584 4941 nat,
617 4875 712 4929 sed
745 4883 800 4928 et
843 4872 985 4927 ultra
1017 4874 1254 4926 animam
1286 4879 1510 4940 peccato
1551 4884 1655 4925 non
1687 4870 1816 4924 sinit
1849 4869 2039 4925 vulne-

460 4967 601 5021 rari.
643 4965 756 5019 imo
788 4975 842 5019 et
868 4962 998 5017 illud
1030 4960 1279 5028 adjiciam
1308 4977 1327 5016 :
1358 4960 1508 5015 verbi
1548 4973 1734 5025 causa,
1762 4960 1805 5014 si
1842 4973 2035 5029 pecca-

468 5069 557 5116 tor
604 5072 745 5124 sum,
792 5055 1036 5124 nunquid
1066 5055 1253 5109 eadem
1301 5051 1435 5106 mihi
1463 5051 1567 5106 erit
1610 5065 1767 5120 pcena
1799 5052 1842 5105 si
1866 5051 2031 5109 semel

467 5152 714 5226 peccavi,
744 5166 864 5223 qua:
887 5160 942 5206 et
961 5149 1008 5205 si
1039 5147 1300 5213 secundo,
1333 5154 1387 5201 et
1413 5145 1594 5210 tertio,
1629 5152 1684 5198 et
1708 5145 1753 5198 si
1780 5144 2027 5214 frequen-

472 5248 579 5303 tius
616 5242 877 5316 peccem?
922 5256 1027 5296 non
1063 5241 1136 5294 ita
1167 5240 1272 5295 erit
1308 5255 1322 5292 :
1355 5237 1447 5292 sed
1494 5252 1594 5306 pro
1622 5235 1803 5303 modo,
1845 5247 1900 5290 et
1932 5253 2031 5290 nu-

472 5354 643 5403 mero,
691 5348 747 5390 et
777 5349 1028 5389 mensura
1058 5331 1290 5403 peccati,
1342 5329 1508 5385 etia'm
1543 5342 1716 5397 paena:
1759 5328 2031 5397 quantitas

468 5429 740 5483 metienda
763 5436 868 5481 est.
896 5424 1037 5478 Deus
1064 5424 1206 5477 cnim
1236 5422 1384 5476 dabit
1414 5437 1433 5471 ι
1457 5421 1611 5475 nobis
1638 5435 1829 5489 panem
1858 5419 2033 5489 lacry-

471 5535 683 5574 marum
704 5527 757 5573 et
778 5517 982 5588 potabit
1012 5531 1108 5570 nos
1130 5516 1182 5569 in
1210 5514 1488 5584 lacrymis,
1512 5533 1531 5564 ι
1572 5514 1664 5568 sed
1699 5532 1717 5564 ι
1741 5514 1790 5565 in
1818 5526 2032 5566 mensu-

471 5628 532 5669 ra
566 5612 608 5666 ⁸.
633 5632 653 5665 ι
710 5612 953 5667 Mensura
988 5621 1171 5664 autem
1213 5610 1325 5664 haec
1354 5608 1481 5674 erit,
1515 5622 1677 5676 quam
1703 5607 1806 5661 sibi
1843 5608 1896 5661 in
1927 5607 2030 5662 hac

2136 4607 2221 4651 cst
2270 4610 2334 4650 ex
2386 4596 2599 4650 semine
2628 4596 2831 4660 Aaron,
2883 4595 3159 4663 imponere
3191 4595 3473 4648 incensum
3514 4607 3697 4648 coram

2136 4689 2382 4752 Domino,
2415 4703 2483 4742 ne
2512 4688 2604 4741 fiat
2634 4687 2770 4742 sicut
2813 4686 2973 4750 Core,
3015 4694 3069 4742 et
3101 4687 3430 4756 conSpiratio
3457 4684 3568 4754 ejus
3593 4685 3701 4740 sico-

2138 4790 2197 4834 ut
2233 4780 2444 4834 locutus
2497 4791 2580 4836 est
2627 4779 2890 4835 Dominus
2941 4780 2994 4834 in
3035 4795 3194 4834 manu
3238 4779 3427 4851 Moysi.
3470 4798 3488 4831 ι
3533 4777 3700 4832 Mani-

2137 4871 2275 4926 feste
2305 4873 2536 4940 quodam
2581 4872 2635 4926 in
2683 4871 2803 4927 loco
2838 4871 3096 4928 Dominus
3127 4886 3223 4942 per
3258 4872 3575 4940 prophetam
3612 4871 3665 4925 di
3687 4899 3699 4911 -

2136 4963 2211 5018 cit
2233 4963 2293 5017 °:
2329 4981 2349 5015 ι
2381 4961 2497 5017 Non
2525 4974 2650 5018 sunt
2674 4963 2896 5018 consilia
2927 4978 3044 5019 mea
3075 4963 3217 5018 sicut
3243 4964 3467 5018 consilia
3492 4973 3699 5024 vestra,

2137 5071 2237 5111 nec
2283 5056 2643 5127 cogitationes
2670 5071 2803 5110 mea:
2852 5057 2992 5112 sicut
3035 5058 3394 5127 cogitationes
3439 5066 3693 5111 vestram

2137 5147 2196 5204 Si
2246 5151 2387 5219 apud
2421 5149 2666 5205 homines
2712 5149 2876 5205 hodie
2898 5149 3237 5218 judicaretur
3270 5152 3383 5205 haec
3427 5164 3618 5214 causa,
3646 5158 3702 5203 et

2133 5243 2273 5312 apud
2299 5243 2666 5299 Ecclesiarum
2719 5244 2996 5314 principes
3050 5243 3346 5300 haberetur
3373 5258 3601 5298 examen
3632 5243 3702 5296 de

2132 5333 2228 5400 iis,
2262 5334 2414 5390 verbi
2446 5348 2632 5401 causa,
2680 5335 2769 5403 qui
2796 5336 3007 5391 diversa
3040 5335 3109 5390 ab
3151 5334 3407 5391 Ecclesiis
3439 5334 3699 5390 docentes

2135 5426 2330 5480 divinze
2359 5427 2610 5483 vindicta:
2638 5427 2956 5496 pertulerint
2984 5427 3262 5488 ultionem,
3293 5440 3469 5480 nonne
3491 5425 3701 5493 judica-

2135 5525 2279 5581 rent,
2315 5524 2374 5571 ut
2422 5517 2468 5571 si
2496 5518 2625 5588 quid
2669 5517 2830 5572 locuti
2863 5525 3008 5582 sunt,
3045 5517 3092 5570 si
3127 5515 3256 5586 quid
3303 5517 3623 5581 docuerunt,
3651 5514 3699 5570 si

2136 5608 2265 5679 quid
2296 5609 2464 5664 etiam
2512 5609 2774 5679 scriptum
2823 5608 3183 5677 reliquerunt,
3214 5609 3468 5661 universa
3494 5609 3701 5677 pariter

541 5730 586 5761 "
610 5729 775 5783 Eccli.
807 5742 995 5791 xxviii,
1019 5725 1107 5779 22.
1187 5728 1203 5757 ¹
1230 5727 1370 5782 Psal.
1397 5741 1562 5793 Lux,
1591 5726 1644 5784 6.
1720 5728 1740 5759 ³
1761 5722 1902 5783 Psal.
1932 5738 2115 5794 Lxxn',
2140 5727 2194 5782 9.
2244 5706 2247 5713 ’
2274 5727 2295 5759 ³
2320 5727 2335 5782 l
2359 5725 2513 5784 Joan.
2542 5742 2607 5795 ll,
2629 5726 2682 5797 l,
2704 5727 2760 5782 2.
2835 5723 3038 5781 ‘Num.
3068 5739 3156 5780 xvi
3192 5733 3246 5780 et
3276 5738 3411 5779 xvii.
3487 5723 3511 5757 '
3535 5721 3698 5781 Num.

471 5817 582 5873 xu,
608 5802 697 5868 59,
719 5800 807 5856 40.
885 5797 904 5828 ⁶
925 5799 1028 5853 lsa.
1052 5813 1141 5864 LV,
1168 5797 1219 5851 8.
