4074 6156
468 244 580 299 6'25

1626 255 1689 312 ΠΝ
1727 254 2059 314 NUMEROS
2092 254 2371 311 HOMILIA
2404 253 2490 307 IX.

3608 248 3713 302 ﬁ‘iﬁ

473 376 598 414 cum
634 369 873 432 ipsorum
924 367 1199 424 cineribus
1236 369 1584 437 deperirent?
1621 374 1728 431 Sed
1776 391 1881 430 non
1920 382 2046 428 sunt
2073 380 2119 434 Α
2148 383 2230 427 est
2269 373 2471 439 dicere,
2502 371 2728 440 Oportet
2767 363 3147 422 hareticomm
3175 363 3375 420 batillis
3407 362 3577 420 altare
3604 365 3715 419 cir—
3744 396 3749 401 -

474 450 672 515 iudicia
705 454 797 508 Dei
831 456 974 511 sicut
1014 458 1222 526 judicia
1277 473 1482 519 nostra.
1542 463 1681 519 Audi
1716 467 1860 520 enim
1909 480 2044 534 quo-

473 544 634 599 modo
664 545 732 601 de
760 547 963 605 batillis
989 565 1203 619 eorum,
1255 556 1346 624 qui
1379 563 1566 609 contra
1597 557 1914 626 prophetam
1945 555 2040 609 Dei

471 637 903 709 insurrexerunt,
924 645 1187 711 jubentur
1217 648 1334 703 ﬁeri
1382 649 1615 715 laminae,
1645 658 1699 703 et
1726 649 1778 703 in
1811 649 2041 704 circuitu

434 728 656 786 'aitaris
703 731 866 801 aﬁigi.
906 735 1044 789 Core
1089 737 1313 807 ﬁguram
1359 750 1506 794 tenet
1539 755 1749 807 eorum,
1791 741 1883 809 qui
1913 755 2043 795 con-

465 829 550 874 tra
582 824 1010 882 ecclesiasticam
1042 827 1203 883 ﬁdem
1232 839 1289 884 et
1333 832 1636 887 doctrinam
1689 833 1931 888 veritatis
1963 834 2043 886 in-

460 922 713 981 surgunt.
782 914 1059 987 Scriptum
1109 932 1195 975 est
1223 936 1352 992 ergo
1403 924 1469 979 de
1508 923 1667 989 Core,
1699 934 1754 979 et
1798 925 1866 979 de
1897 935 2039 979 coetu

460 1002 604 1071 ejus,
659 1010 803 1076 quod
856 1009 909 1062 in
956 1009 1157 1065 batillis
1207 1013 1363 1067 :creis
1421 1015 1696 1071 incensum
1748 1016 2042 1072 obtulerint

460 1099 605 1167 ignis
634 1100 816 1155 alieni.
855 1101 922 1155 Et
946 1102 1169 1171 jubetur
1203 1105 1419 1172 quidem
1450 1123 1480 1161 a
1513 1108 1624 1163 Deo
1658 1109 1801 1176 ignis
1831 1110 2042 1166 alienus

460 1191 699 1262 dispergi
753 1200 808 1248 et
853 1192 1057 1249 eﬁ'undi
1093 1212 1107 1249 ε
1146 1196 1376 1250 «Batilla
1434 1214 1582 1267 vero,
1619 1201 1860 1271 inquit",
1915 1202 2039 1271 quia

459 1285 802 1339 sanctiﬁcata
835 1295 982 1353 sunt,
1017 1287 1183 1344 facito
1215 1307 1280 1347 ea
1310 1293 1541 1347 laminas
1572 1293 1824 1360 ductiles,
1857 1303 1914 1348 et
1939 1296 2040 1348 cir-

459 1377 656 1429 cumda
687 1390 753 1430 ex
800 1377 880 1432 eis
909 1377 1102 1445 altare,
1155 1383 1282 1451 quia
1312 1383 1497 1438 oblata
1550 1394 1676 1438 sunt
1711 1400 1895 1439 coram
1932 1388 2037 1441 Do-

460 1469 634 1533 mino,
681 1477 739 1525 et
787 1472 1121 1527 sanctiﬁcata
1173 1483 1365 1530 sunt.»
1430 1475 1545 1531 Hoc
1587 1491 1717 1546 ergo
1772 1477 1906 1532 mihi
1945 1494 2042 1547 per

460 1560 607 1614 hanc
655 1561 885 1629 ﬁguram
936 1564 1154 1619 videtur
1195 1568 1428 1632 ostendi,
1487 1570 1632 1636 quod
1684 1569 1865 1624 batilla
1912 1570 2036 1633 ista,

456 1668 582 1722 qua:
613 1653 893 1721 Scriptura
919 1658 1172 1712 nominat
1195 1674 1358 1724 aerea,
1393 1661 1618 1730 ﬁguram
1641 1672 1862 1718 teneant
1891 1662 2039 1718 Scri-

2145 462 2416 530 cumdari,
2471 471 2529 517 ttt
2578 471 2730 518 certa
2776 470 2833 516 et
2858 457 3142 514 manifesta
3168 458 3417 513 omnibus
3453 456 3541 510 ﬁat
3576 456 3711 510 ﬁde-

2145 555 2272 609 lium
2299 565 2464 627 atque
2508 555 2802 610 inﬁdelium
2854 553 3179 609 diﬁ‘erentia.
3220 550 3353 607 Cum
3386 550 3530 607 enim
3578 549 3736 615 ﬁdes-

2140 650 2510 705 ecclesiastica
2545 649 2687 703 velut
2716 664 2906 703 aurum
2936 646 3162 717 coeperit
3187 643 3472 714 refulgere,
3501 652 3555 697 et
3576 656 3733 711 prae-—

2142 743 2343 798 dicatio
2371 741 2488 810 ejus
2516 751 2575 795 ut
2602 752 2883 810 argenturm
2915 741 3037 811 igne
3065 739 3348 808 probatum
3381 734 3726 791 intuentibus-

2142 832 2535 902 resphnduerit
2566 850 2580 886 :
2619 842 2747 887 tunc
2777 833 2980 901 majore
3009 846 3129 887 cum
3169 827 3498 897 turpitudine
3530 835 3587 880 et
3615 825 3712 880 de~

2141 928 2337 982 decore
2365 927 2743 981 haereticorum
2771 938 2932 981 voces
2961 923 3182 978 obscuri
3205 922 3330 976 :cris
3359 919 3560 973 vilitate
3590 933 3709 972 sor-

2141 1018 2362 1073 debunt.
2408 1015 2500 1071 Vis
2529 1027 2710 1070 autem
2740 1015 2880 1070 scire
2903 1013 3045 1084 quod
3073 1028 3190 1081 mute
3220 1012 3356 1065 bona
3387 1021 3533 1074 sunt,
3568 1010 3710 1065 bona

2140 1123 2262 1164 esse
2289 1125 2359 1163 ex
2391 1107 2718 1164 deteriorum
2747 1105 2919 1177 magis
2948 1104 3353 1174 comparatione
3382 1101 3714 1158 noscuntur?

2140 1201 2275 1267 Quis
2306 1200 2469 1256 sciret
2502 1201 2702 1257 bonam
2732 1212 2854 1252 esse
2887 1196 3087 1259 lucem,
3122 1195 3224 1249 nisi
3257 1194 3432 1251 noctis
3460 1192 3712 1247 tenebras

2138 1295 2510 1352 sentiremus?
2565 1295 2698 1363 Quis
2729 1292 3064 1346 dulcedinem
3098 1298 3347 1344 noceret
3373 1287 3568 1350 mellis,
3604 1285 3712 1341 nisi

2138 1400 2352 1458 gustum
2401 1387 2783 1442 amaritudinis
2845 1386 3185 1456 accepisset?
3248 1384 3426 1453 Ipsum
3481 1378 3713 1447 denique

2137 1479 2433 1547 diabolum,
2484 1489 2538 1535 et
2589 1478 2930 1533 obluctantes
2956 1476 3242 1531 adversum
3286 1489 3384 1528 nos
3409 1470 3713 1527 contrarias

2139 1579 2434 1641 potestates
2466 1570 2511 1626 si
2537 1569 2776 1637 auferas,
2802 1569 3035 1624 virtutes
3060 1567 3228 1622 animi
3256 1565 3375 1621 sine
3395 1563 3715 1620 obluctante

2142 1674 2250 1714 non
2284 1667 2575 1728 potuerunt
2605 1658 2924 1713 enitescere.
2985 1656 3078 1710 Sic
3127 1669 3255 1725 ergo
3289 1661 3343 1707 et
3372 1649 3712 1706 sacerdotum

459 1757 635 1813 pturas
665 1744 881 1801 divinae.
942 1746 1040 1803 Cui
1079 1749 1380 1818 Scriptura!
1426 1725 1665 1808 haeretici
1700 1754 1876 1823 ignem
1911 1753 2042 1807 alie-
2070 1725 2114 1781 Β
2147 1725 2387 1808 ﬁdelium
2416 1752 2587 1823 gloria
2613 1767 2718 1806 non
2752 1750 2954 1820 poterit
2978 1748 3428 1817 resplendeseere,
3459 1740 3563 1796 nisi
3593 1754 3711 1794 eam

458 1850 591 1889 num
634 1837 995 1906 imponentes,
1027 1840 1132 1896 hoc
1157 1853 1240 1898 est
1277 1860 1496 1901 sensum
1527 1858 1582 1904 et
1632 1847 2040 1917 intelligentiam

459 1926 696 1982 alienam
730 1944 759 1982 a
790 1930 922 1997 Deo,
953 1940 1010 1986 et
1047 1934 1263 1990 veritati
1310 1940 1643 1995 contrariam
1686 1940 2043 1994 introducen-

458 2027 566 2076 tes.
600 2018 880 2075 incensum
920 2024 1145 2081 Domino
1200 2041 1306 2083 non
1342 2043 1530 2095 suave,
1559 2030 1654 2086 sed
1701 2029 2042 2085 exsecrabile

455 2108 717 2164 oﬁ‘erunt.
753 2112 918 2185 296
941 2116 1007 2170 Et
1033 2117 1156 2173 ideo
1186 2119 1359 2175 forma
1385 2122 1753 2177 Ecclesiarum
1784 2123 2041 2177 sacerdo-

460 2204 610 2255 tibus
641 2203 825 2271 datur;
877 2216 936 2261 ut
964 2208 1010 2263 si
1039 2212 1256 2278 quando
1285 2213 1393 2267 tale
1425 2215 1632 2285 aliquid
1683 2214 1848 2270 fuerit
1875 2231 2038 2270 exor-

459 2298 596 2357 tum,
629 2307 691 2347 ea
722 2296 939 2362 quidem
966 2313 1088 2366 quae
1120 2316 1150 2355 a
1184 2304 1413 2358 veritate
1442 2304 1616 2360 aliena
1655 2315 1802 2374 sunt,
1839 2307 1908 2360 ab
1938 2306 2039 2362 Ec-

457 2384 625 2437 clesia
684 2384 778 2439 Dei
830 2388 1048 2455 penitus
1100 2391 1495 2448 abstrudantur
1538 2408 1555 2448 :
1605 2395 1651 2450 si
1704 2410 1811 2465 qua
1858 2403 2037 2449 autem

456 2476 621 2529 etiam
649 2478 701 2531 in
751 2479 884 2547 ipsis
923 2481 1307 2539 haereticorum
1351 2487 1533 2543 verbis
1576 2486 1874 2558 Scriptura:
1899 2488 2039 2542 divi-

458 2581 542 2621 na:
591 2570 846 2626 sensibus
881 2573 1235 2631 inveniuntur
1281 2577 1508 2643 inserta,
1561 2595 1629 2634 ne
1678 2579 1885 2650 pariter
1911 2595 2035 2634 cum

456 2656 566 2713 illis
609 2675 730 2730 quae
780 2662 906 2719 ﬁdei
936 2675 991 2720 et
1018 2668 1241 2722 veritati
1287 2680 1417 2725 sunt
1443 2672 1739 2737 contraria,
1776 2686 2038 2739 respuan-

457 2758 584 2817 tur;
619 2755 963 2812 sanctiﬁcata
990 2769 1117 2814 sunt
1153 2762 1300 2816 enim
1331 2778 1452 2831 quae
1482 2766 1549 2818 de
1583 2763 1861 2831 Scriptura
1892 2763 2035 2818 divi-

457 2857 526 2896 na
561 2842 937 2916 proferuntur,
969 2860 1024 2906 et
1051 2851 1275 2909 Domino
1309 2856 1511 2912 oblata.
1552 2856 1738 2912 Potest
1768 2868 1947 2912 autem
1978 2867 2035 2912 et

453 2935 563 2990 alio
593 2937 769 2993 adhuc
795 2942 954 2998 modo
982 2943 1204 3017 intelligi
1231 2948 1374 3016 quod
1404 2949 1469 3002 de
1496 2948 1696 3004 batillis
1724 2949 2036 3020 praecipitur

2144 1844 2443 1900 inﬁdelium
2475 1843 2783 1914 reprobatio
2811 1852 2865 1898 et
2910 1853 3066 1909 poena
3109 1839 3466 1896 commendet.
3510 1834 3616 1889 Sed
3645 1848 3712 1886 ex

2144 1936 2214 1992 iis
2243 1951 2364 2005 qua:
2413 1936 2662 2006 legimus,
2717 1936 2921 2007 singuli
2979 1936 3180 2006 quique
3218 1931 3490 2002 justorum
3544 1924 3714 1992 magis

2142 2044 2210 2083 ex
2254 2029 2660 2099 comparatione
2708 2037 3029 2085 caeterorum
3063 2027 3195 2082 clari
3242 2024 3496 2079 videntur
3545 2015 3714 2073 babtti

2141 2122 2282 2193 apud
2311 2122 2503 2178 Deum.
2543 2122 2793 2193 Denique
2822 2123 2888 2178 de
2915 2120 3028 2175 Noe
3055 2120 3313 2190 scriptum
3344 2123 3429 2171 est
3454 2114 3520 2178 '°,
3569 2108 3713 2181 quod

2140 2223 2286 2269 esset
2306 2211 2487 2280 justus
2514 2222 2569 2268 et
2601 2216 2874 2283 perfectus
2903 2214 2955 2268 in
2985 2210 3340 2283 generatione
3366 2220 3482 2260 sua.
3521 2202 3579 2257 ln
3605 2212 3713 2269 quo

2140 2306 2447 2360 ostenditur
2493 2306 2634 2375 quod
2683 2321 2791 2360 non
2840 2322 2907 2360 ex
2942 2306 3154 2374 integro
3202 2298 3492 2373 perfectus,
3528 2295 3622 2350 sed
3657 2294 3712 2347 in

2139 2396 2493 2466 generatione
2540 2410 2635 2449 sua
2688 2394 2962 2464 perfectus
3014 2390 3201 2453 fuerit,
3249 2396 3305 2443 et
3332 2385 3398 2441 ad
3430 2396 3714 2452 compara-

2143 2486 2341 2540 tionem
2370 2495 2691 2539 cmterorum
2733 2483 2911 2551 justus
2960 2478 3339 2550 pronuntiatus
3385 2474 3477 2529 sit.
3538 2469 3713 2526 Simili

2138 2578 2298 2633 modo
2333 2587 2462 2646 puto
2489 2577 2653 2632 etiam
2707 2575 2773 2629 de
2820 2574 2923 2629 Lot
2957 2572 3282 2627 habendum.
3325 2567 3540 2634 Quanto
3567 2564 3712 2616 enim

2140 2667 2437 2721 deteriores
2463 2665 2707 2735 quotidie
2736 2664 2937 2718 ﬁebant
2971 2659 3282 2724 Sodomitas,
3329 2666 3482 2710 tanto
3515 2652 3603 2708 ille
3627 2652 3714 2719 ju-

2139 2763 2275 2817 stior
2303 2761 2621 2831 apparebat.
2665 2757 2771 2813 Sed
2803 2767 2857 2811 et
2887 2755 2939 2809 in
2968 2756 3068 2809 hoc
3099 2754 3218 2822 ipso
3253 2751 3391 2805 libro
3419 2761 3577 2818 quem
3611 2745 3711 2799 hav-

2138 2855 2328 2910 bemus
2362 2854 2414 2908 in
2465 2851 2740 2916 manibus,
2795 2862 2917 2903 cum
2963 2846 3191 2917 ingressi
3219 2852 3402 2899 essent
3441 2840 3477 2893 ii
3506 2837 3597 2907 qui
3628 2836 3712 2890 in-

2136 2952 2427 3016 spexerant
2456 2953 2651 2998 terrain
2677 2942 2744 3008 ¹¹,
2768 2951 2822 2998 et
2843 2941 3028 2998 decem
3056 2953 3121 2994 ex
3147 2937 3214 2992 iis
3237 2929 3565 2989 meticulosis
3596 2942 3714 2983 ser-

455 3040 830 3097 peccatorum,
876 3044 936 3087 ut
982 3034 1285 3106 junguntur
1330 3047 1385 3093 et
1424 3040 1705 3096 socientur
1739 3042 1923 3095 altari.
1964 3041 2032 3096 Et
2061 3064 2103 3119 ο
2139 3036 2386 3091 monibus
2408 3033 2838 3101 desperationem
2867 3030 3047 3103 populi
3078 3027 3452 3089 incussissent,
3485 3020 3596 3075 duo
3620 3032 3715 3072 ve-

454 3121 634 3188 primo
664 3123 768 3177 hoc
800 3124 975 3191 ipsum
1006 3128 1149 3196 quod
1177 3143 1319 3182 aerea
1344 3130 1626 3198 dicuntur,
1660 3146 1767 3187 non
1798 3133 2032 3188 Otiosum

360 3246 369 3263 .
454 3210 751 3269 videbitur.
800 3215 900 3271 Ubi
928 3218 1072 3272 enim
1105 3235 1233 3275 vera
1261 3222 1397 3278 ﬁdes
1423 3233 1528 3290 est,
1558 3234 1612 3278 et
1640 3224 1851 3294 integra
1882 3225 2032 3280 verbi

454 3302 550 3356 Dei
605 3306 942 3375 praedicatio,
979 3318 1073 3364 aut
1123 3321 1383 3381 argentea
1419 3314 1674 3369 dicuntur
1707 3325 1800 3370 aut
1825 3331 2030 3371 aurea:

455 3408 516 3451 ut
545 3398 718 3470 fulgor
752 3401 870 3455 auri
899 3403 1139 3459 declaret
1171 3403 1292 3459 ﬁdei
1319 3406 1631 3476 puritatem,
1660 3417 1716 3463 et
1748 3418 2034 3479 argentum

452 3490 579 3560 igne
630 3495 939 3563 probatum,
987 3497 1198 3565 eloquia
1248 3499 1553 3553 examinata
1604 3499 1890 3571 signiﬁcet.
1930 3500 2035 3556 Ista

450 3598 587 3654 ergo
610 3600 730 3654 quae
761 3587 1016 3641 dicuntur
1042 3603 1208 3652 arrea,
1242 3588 1296 3641 in
1326 3605 1460 3645 sono
1491 3600 1696 3644 tantum
1725 3593 1873 3647 vocis
1899 3607 2033 3647 cou-

452 3678 674 3741 sistuut,
704 3695 808 3734 non
843 3681 895 3735 in
931 3682 1133 3737 virtute
1165 3683 1411 3751 spiritus,
1457 3693 1510 3737 et
1541 3691 1690 3751 sunt,
1723 3695 1780 3739 ut
1806 3685 2036 3754 Aposto-

453 3773 536 3826 lus
569 3772 765 3840 dicit',
820 3792 840 3823 ι
863 3784 920 3828 ιιι
948 3788 1304 3832 atramentum
1340 3791 1567 3842 sonans,
1606 3785 1700 3831 aut
1725 3779 2030 3851 cymbalum

453 3865 716 3921 tinniens.
764 3886 785 3920 ι
829 3867 934 3922 lsta
979 3883 1112 3938 ergo
1140 3867 1324 3923 batilla
1355 3883 1514 3934 terea,
1551 3870 1602 3923 id
1634 3879 1719 3924 est
1751 3870 2036 3926 haeretico-

458 3971 580 4011 rum
616 3972 801 4022 voces,
840 3959 885 4013 si
919 3960 1276 4015 adhibeamus
1325 3961 1391 4014 ad
1424 3961 1595 4015 altare
1631 3961 1747 4027 Dei,
1782 3962 1870 4017 ubi
1898 3962 2037 4017 divi-

451 4065 558 4104 nus
587 4050 730 4118 ignis
758 4060 866 4114 e.t,
916 4052 1005 4106 ubi
1043 4067 1169 4107 vera
1197 4051 1290 4106 Dei
1328 4053 1664 4121 praedicatio,
1696 4054 1888 4110 melius
1920 4055 2032 4127 ipsa

450 4140 656 4193 veritas
678 4155 745 4194 ex
772 4140 1034 4195 falsorum
1056 4142 1467 4211 comparatione
1505 4142 1750 4214 fulgebit.
1786 4144 1841 4200 Si
1864 4146 2032 4211 enim,

448 4242 512 4284 ιιι
540 4233 690 4287 verbi
718 4234 892 4304 gratia
948 4233 1148 4299 dicam,
1183 4249 1380 4303 ponam
1414 4233 1557 4289 dicta
1597 4235 1908 4305 Marcionis,
1945 4248 2038 4294 aut

446 4324 725 4390 Basilidis,
777 4334 872 4380 aut
917 4325 1142 4381 alterius
1190 4324 1481 4395 cujuslibet
1531 4328 1796 4396 haeretici,
1828 4339 1883 4384 et
1915 4332 2037 4389 haec

2140 3146 2201 3186 ro
2247 3128 2466 3198 reliqui,
2498 3127 2551 3181 id
2580 3134 2664 3182 est
2692 3125 2857 3181 Caleb
2888 3135 2944 3180 et
2972 3123 3161 3188 Jusue,
3196 3120 3335 3176 bona
3368 3116 3713 3181 nuntiarent,

2137 3234 2192 3278 et
2239 3223 2590 3278 hortarentur
2642 3217 2898 3288 populum
2951 3228 3270 3287 permanere
3319 3212 3373 3266 in
3405 3207 3713 3281 proposito,

2140 3314 2446 3369 immortale
2475 3314 2557 3367 eis
2587 3327 2616 3365 a
2655 3310 2884 3366 Domino
2911 3309 3162 3363 meritum
3189 3303 3418 3360 contulit
3451 3317 3558 3357 non
3594 3308 3712 3354 tau-

2138 3413 2249 3457 tum
2299 3416 2396 3455 sua
2462 3399 2757 3466 confessio,
2813 3406 3075 3468 quantum
3137 3393 3386 3450 formido-
3420 3391 3707 3446 sodalium.

2135 3493 2323 3566 Neque
2352 3492 2494 3548 ettim
2524 3501 2633 3545 tam
2674 3488 2963 3560 magniﬁce
2994 3488 3046 3541 in
3081 3485 3160 3540 eis
3195 3485 3364 3539 virtus
3394 3482 3562 3538 animi
3591 3480 3707 3536 cla-

2136 3587 2359 3651 ruisset,
2406 3584 2507 3639 nisi
2547 3581 2880 3651 reliquorum
2913 3580 3095 3633 decem
3127 3573 3302 3645 turpis
3330 3571 3558 3643 ignaviae
3593 3568 3707 3624 for-

2136 3679 2283 3734 mido
2312 3676 2595 3747 patuisset.
2641 3673 2767 3728 llaec
2803 3681 2983 3726 autem
3011 3669 3246 3722 diximus
3285 3667 3351 3721 de
3385 3663 3584 3718 batillis
3617 3676 3709 3716 eo-

2136 3786 2256 3825 rum
2286 3770 2375 3839 qui
2411 3764 2759 3823 condemnati
2792 3773 2937 3828 sunt,
2985 3772 3107 3828 quae
3135 3757 3294 3813 altari
3332 3755 3590 3827 jubentur
3623 3750 3711 3807 af».

2138 3863 2248 3934 ﬁgi,
2282 3862 2422 3931 quod
2450 3875 2518 3915 ex
2564 3858 2970 3928 comparatione
3018 3852 3333 3910 inferiorum
3381 3847 3512 3917 justi
3540 3861 3702 3917 appa-

2137 3965 2293 4010 reant
2325 3952 2607 4020 clariores,
2635 3950 2797 4007 simul
2828 3959 2886 4003 ut
2920 3955 2973 4001 et
2997 3945 3228 4015 posteris
3262 3944 3488 3999 daretur
3514 3954 3703 3994 exent-

2138 4051 2310 4120 plum,
2349 4062 2415 4102 ne
2464 4048 2556 4116 qui
2608 4043 3025 4115 praesumptione
3055 4038 3273 4108 superbi
3324 4034 3548 4105 spiritus
3598 4045 3717 4086 non,

2139 4143 2242 4197 sibi
2270 4157 2300 4194 ει
2336 4141 2446 4195 Deo
2470 4140 2656 4194 datum
2681 4150 2875 4191 munus
2906 4131 3252 4204 pontiﬁcatus
3279 4128 3579 4188 invaderet,
3611 4123 3707 4179 sed

2139 4245 2199 4287 ut
2248 4232 2328 4288 illi
2377 4232 2556 4295 cedat,
2593 4243 2753 4301 quem
2788 4243 2892 4281 non
2937 4225 3159 4279 ambitio
3197 4222 3450 4285 humana,
3486 4232 3591 4272 non
3631 4214 3682 4268 fa

2143 4341 2240 4381 vor
2266 4334 2555 4393 corruptus
2599 4319 2879 4385 asciverit,
2911 4331 3010 4371 nec
3055 4314 3269 4385 largitio
3300 4306 3703 4366 condemnanda

445 4419 797 4473 sermonibus
856 4419 1104 4473 veritatis
1154 4433 1221 4474 ac
1260 4417 1670 4485 Scripturarum
1723 4422 2027 4478 divinarum
2064 4409 2107 4462 Ῑ)
2139 4414 2536 4485 subrogaverit,
2568 4414 2662 4467 sed
2698 4409 3015 4464 meritorum
3049 4403 3379 4461 conscientia
3409 4406 3466 4454 et
3494 4399 3587 4453 Dci
3615 4414 3708 4454 vo-

449 4510 794 4572 testimoniis,
829 4510 974 4565 velut
999 4510 1165 4565 divini
1191 4510 1386 4564 altaris
1414 4511 1536 4580 igne
1561 4512 1861 4581 confutem,
1894 4530 2028 4569 non-

448 4616 519 4656 ne
549 4601 852 4657 evidentior
877 4617 1066 4657 eorum
1106 4617 1175 4657 ex
1208 4604 1325 4674 ipsa
1358 4605 1766 4674 comparatione
1797 4621 2026 4677 appare-

445 4689 531 4746 bit
561 4691 852 4761 impietas?
882 4691 1016 4746 Nam
1049 4692 1095 4748 si
1124 4695 1367 4749 doctrina
1397 4695 1765 4751 ecclesiastica
1796 4697 2026 4769 simplex

445 4791 613 4852 esset,
647 4793 705 4839 et
738 4785 899 4841 nullis
930 4786 1263 4843 intrinsecus
1296 4786 1678 4843 haereticorum
1711 4789 2023 4860 dogmatum

444 4878 842 4935 assertionibus
888 4881 1222 4953 cingeretur,
1275 4899 1382 4939 non
1429 4892 1646 4952 poterat
1690 4891 1800 4937 tant
1849 4883 2022 4950 clara,

442 4977 501 5025 et
527 4978 636 5024 tam
683 4971 992 5028 examinata
1025 4974 1199 5031 videri
1242 4976 1380 5032 ﬁdes
1412 4985 1621 5030 nostra.
1664 4974 1773 5030 Sed
1823 4974 2029 5030 idcirco

444 5063 752 5119 doctrinam
782 5066 1105 5122 catholicam
1145 5067 1634 5124 contradicentium
1682 5066 1896 5121 obsidet
1928 5081 2026 5135 op-

442 5156 723 5226 pugnatio,
773 5165 835 5212 ut
883 5158 1019 5215 ﬁdes
1068 5170 1260 5217 nostra
1293 5178 1402 5219 tton
1448 5163 1561 5219 otio
1594 5157 1709 5233 (92)
1753 5168 2024 5230 torpescat

441 5248 541 5302 sed
567 5248 848 5304 exercitiis
872 5249 1140 5308 elimetur.
1174 5252 1403 5325 Propter
1424 5254 1529 5310 hoc
1552 5254 1780 5322 denique
1804 5261 1859 5306 et
1883 5252 2026 5320 Apo-

443 5335 618 5392 stolus
656 5338 873 5394 dicebat
895 5340 918 5372 ⁸
947 5358 963 5394 :
1002 5360 1022 5395 ‹
1048 5341 1276 5412 Oportet
1303 5354 1484 5400 autem
1516 5352 1571 5399 et
1616 5344 1850 5399 hatreses
1877 5355 2022 5405 esse,

446 5439 507 5483 ut
537 5430 750 5500 probati
801 5434 1004 5505 quique
1055 5437 1331 5494 manifesti
1368 5438 1498 5494 ﬁant
1550 5440 1693 5496 inter
1721 5453 1878 5492 vos.t
1914 5436 2027 5491 Hoc

526 5568 727 5626 'Num.
752 5589 863 5643 xvi,
888 5576 976 5632 58.
1056 5578 1077 5610 '
1099 5577 1271 5638 l‘Cor.
1297 5596 1420 5648 xttt,
1448 5581 1499 5635 l.

2136 4511 2316 4565 luntas
2348 4503 2720 4574 assumpserit.

2202 4603 2263 4659 2.
2302 4599 2432 4656 Post
2468 4599 2582 4653 haec
2614 4594 2847 4650 refertur
2882 4610 2896 4646 :
2938 4591 3042 4646 «Et
3074 4596 3571 4650 nturmuraverunt,
3622 4586 3706 4637 in—

2135 4694 2254 4764 quit
2279 4692 2344 4760 “,
2386 4690 2482 4745 ﬁlii
2534 4686 2700 4743 Israel
2732 4684 3024 4740 adversum
3072 4681 3289 4754 Moysen
3324 4689 3379 4734 et
3411 4680 3589 4733 Aaron
3628 4676 3709 4729 di-

2135 4795 2320 4844 centes
2352 4803 2368 4842 :
2398 4781 2506 4859 Vos
2533 4781 2812 4839 occidistis
2844 4777 3094 4849 populant
3132 4773 3364 4828 Domini.
3406 4771 3473 4827 Et
3501 4770 3705 4825 factum

2133 4892 2218 4937 est
2250 4896 2372 4936 cum
2401 4879 2637 4933 irrueret
2667 4887 2940 4945 synagoga
2972 4883 3134 4939 super
3168 4866 3384 4937 Moysen
3418 4874 3470 4922 et
3500 4867 3703 4929 Aaron,

2134 4977 2189 5030 in
2247 4974 2448 5042 impetu
2495 4971 2750 5040 fugerunt
2794 4969 2861 5022 ad
2913 4962 3319 5022 tabernaculum
3385 4961 3700 5015 testimonii.

2133 5066 2271 5122 Illud
2304 5079 2434 5121 vero
2462 5063 2672 5120 obtexit
2702 5061 2895 5127 nubes,
2934 5070 2990 5115 et
3023 5058 3275 5130 apparuit
3310 5057 3567 5127 majestas
3598 5054 3703 5108 Do-

2134 5157 2288 5224 mini,
2321 5165 2376 5214 et
2398 5156 2639 5211 introivit
2666 5153 2880 5224 Moyses
2903 5160 2957 5206 et
2987 5154 3165 5206 Aaron
3192 5150 3258 5205 ad
3296 5150 3490 5205 facient
3524 5148 3706 5201 taber-

2137 5249 2315 5306 naculi
2342 5245 2658 5304 testimonii.
2682 5263 2703 5299 ι
2742 5245 2858 5301 Non
2884 5245 3113 5315 legimus
3137 5252 3293 5297 antea
3320 5241 3445 5311 quia
3477 5239 3706 5293 obtere-

2133 5345 2204 5398 rit
2219 5342 2394 5399 nubes
2407 5337 2836 5405 tabernaculum,
2854 5348 2908 5391 et
2925 5335 3242 5406 apparuerit
3259 5335 3513 5404 majestas
3528 5329 3705 5386 Domi-

2133 5437 2212 5504 ni,
2239 5444 2295 5490 et
2323 5433 2591 5504 receperit
2624 5433 2765 5486 intra
2805 5429 3001 5483 nubem
3034 5426 3253 5497 Moysen
3276 5434 3330 5481 et
3363 5425 3570 5485 Aaron,
3598 5420 3703 5474 nisi

1575 5581 1596 5612 ⁹
1619 5578 1640 5633 l
1663 5578 1791 5636 Cor.
1818 5595 1894 5644 xt,
1920 5578 2007 5636 i9.

2155 5576 2292 5632 Gen.
2319 5588 2398 5638 v1,
2420 5569 2472 5625 9.
2550 5569 2592 5600 “
2620 5567 2778 5622 Num.
2802 5581 2912 5620 xtv.
2992 5565 3037 5595 ¹¹¹
3059 5563 3216 5618 Nunt.
3241 5575 3357 5629 xvr,
3379 5560 3469 5626 ll,
3492 5556 3583 5623 ἃ,
3608 5557 3703 5612 43.

525 5706 641 5781 (92)
671 5726 691 5760 ι
727 5709 852 5768 Otio
895 5733 914 5771 ι
961 5714 1112 5770 deest
1141 5715 1193 5772 in
1226 5714 1358 5774 libb.
1402 5717 1583 5787 editis,
1618 5717 1714 5775 sed
1745 5714 2022 5788 suppletur
2048 5733 2077 5774 e
2107 5731 2235 5773 mss.
2260 5710 2607 5779 Belvacensi,
2631 5703 2945 5764 Ebroicensi
2978 5713 3032 5759 et
3060 5689 3402 5759 Carnulettsi.
