4074 6156
451 237 556 292 69.7

1926 232 2083 288 ORIG
2092 231 2255 289 ENlS

3600 220 3712 277 623

451 372 600 413 nunc
634 372 756 413 cum
794 357 1088 413 insurrexit
1125 358 1177 410 in
1209 371 1303 411 eos
1336 356 1583 426 populus,
1608 367 1662 410 et
1684 355 1922 424 lapidare
1939 369 2034 408 eos
2063 357 2108 413 Α
2136 360 2320 419 specta
2349 348 2490 418 ejus,
2521 357 2581 404 nt
2607 348 2663 403 in
2692 344 3037 403 confessione
3059 342 3508 414 supplicationum
3530 349 3709 397 motus

445 449 645 505 ’voluit.
675 450 956 503 Discamus
978 463 1042 503 ex
1068 449 1169 503 hoc
1207 459 1407 517 quanta
1439 448 1510 503 sit
1541 448 1745 502 utilitas
1768 447 1818 499 in
1844 459 2028 514 perse-

452 544 766 601 cutionibus
792 542 1142 607 Christianis,
1179 552 1440 611 quantum
1470 543 1660 612 gratim
1689 542 2026 607 conferatur,

451 636 722 706 quomodo
746 646 1115 706 propugnator
1140 635 1223 689 eis
1251 634 1345 688 flat
1371 636 1530 703 Deus,
1560 636 1832 704 quomodo
1856 635 2029 689 abun-

454 730 650 782 danter
677 738 901 782 sanctus
929 728 1163 798 Spiritus
1189 727 1524 783 infundatur.
1560 728 1713 783 Tunc
1736 730 1881 782 enim
1914 745 2029 782 ma-

445 819 597 874 xime
629 821 803 891 gratia
840 820 932 874 Dei
961 823 1136 884 adest,
1169 836 1295 876 cum
1341 821 1624 876 hominum
1657 823 1864 877 saevitia
1897 839 2026 877 con-

448 908 687 975 citatur;
727 919 781 964 et
819 919 947 964 tunc
991 926 1174 981 pacem
1207 911 1471 966 habemus
1522 911 1662 981 apud
1690 912 1879 977 Deum,
1904 926 2024 966 cum

452 999 524 1054 ab
553 1001 864 1058 hominibus
897 1013 1121 1075 propter
1160 1005 1430 1076 justitiam
1482 1004 1619 1061 bella
1671 1004 2025 1074 perpetimur.

459 1110 482 1147 ι
510 1091 613 1149 Ubi
639 1096 782 1149 enim
805 1097 1103 1153 abundavit
1123 1092 2024 1170 peccatum,superabundavit(95)

454 1196 509 1240 et
537 1186 711 1256 gratia
737 1187 801 1242 “.
827 1206 846 1238 ι
891 1189 1187 1260 Adoperuit
1213 1207 1345 1259 ergo
1379 1207 1474 1247 eos
1500 1193 1641 1246 nube
1672 1191 2022 1258 tabernaculi,

454 1288 509 1332 et
544 1279 703 1333 irruit
749 1294 1020 1351 synagoga
1056 1298 1221 1351 super
1269 1282 1489 1355 Moysen
1525 1292 1582 1340 ct
1616 1286 1813 1348 Aaron,
1848 1293 1905 1339 et
1932 1299 2026 1354 ap-

455 1369 636 1438 paruit
664 1370 836 1441 gloria
864 1371 1095 1428 Domini.
1130 1373 1392 1441 Quamvis
1422 1376 1599 1447 magni
1626 1376 1735 1431 sint
1765 1376 1886 1431 vita:
1910 1392 2025 1433 me-

453 1464 561 1518 rito
588 1461 800 1534 Moyses
827 1473 881 1518 et
905 1466 1106 1533 Aaron,
1134 1468 1382 1536 quamvis
1403 1467 1566 1522 animi
1590 1469 1878 1523 virtutibus
1911 1468 2028 1539 pol-

453 1556 625 1620 leant,
660 1571 926 1627 apparere
957 1568 1134 1613 tamen
1163 1559 1242 1614 eis
1271 1559 1367 1615 Dei
1394 1559 1570 1629 gloria
1600 1575 1703 1614 non
1737 1562 2021 1630 potuisset,

451 1647 616 1718 297
647 1651 750 1702 ttisi
785 1650 836 1703 in
865 1651 1353 1720 persecutiouibus,
1386 1651 1439 1704 in
1473 1650 1937 1716 tribulationibus,
1967 1653 2020 1705 in

451 1742 714 1808 periculis
738 1784 754 1806 ,
783 1753 946 1813 atque
976 1745 1030 1798 in
1059 1744 1175 1814 ipsa
1213 1758 1351 1814 pene
1385 1745 1689 1814 mortejam
1714 1745 1924 1815 positis.
1959 1745 2025 1801 Et

456 1841 512 1887 tu
536 1848 665 1903 ergo
695 1851 799 1890 ιιοιι
835 1844 990 1906 putes
1024 1836 1118 1891 tibi
1151 1836 1442 1892 dormienti
1469 1845 1525 1890 et
1555 1838 1734 1892 otioso
1762 1852 2024 1908 apparere

452 1939 613 1993 posse
639 1926 867 1996 gloriam
901 1929 1017 1983 Dei.
1061 1928 1171 1983 Aut
1202 1944 1311 1983 non
1340 1938 1395 1983 et
1434 1928 1632 1984 Paulus
1663 1928 1940 1998 apostolus
1969 1929 2023 1983 in

454 2015 526 2071 iis
576 2016 671 2071 Dei
723 2018 948 2087 gloriam
998 2020 1260 2091 consequi
1311 2019 1570 2075 meruit?
1619 2017 1812 2076 Nonne
1861 2036 2025 2092 super

455 2121 647 2164 omnes
675 2119 902 2166 caeteros
933 2121 1219 2168 enumerat
1257 2112 1303 2145 “
1340 2129 1400 2169 se
1438 2116 1492 2169 in
1541 2115 1982 2172 tribulationibus
2006 2158 2021 2183 ,

454 2198 513 2254 in
543 2202 964 2259 necessitatibus
991 2240 1008 2269 ,
1052 2205 1106 2261 in
1140 2205 1451 2261 carceribus
1501 2208 1668 2264 fuisse
1692 2251 1708 2277 ,
1747 2220 1827 2264 ter
1859 2209 2025 2278 virgis

455 2309 657 2349 cmsum
682 2337 696 2360 ,
725 2296 892 2351 semel
926 2297 1223 2368 lapidatum
1256 2302 1368 2375 (94)
1395 2318 1541 2372 esse,
1575 2303 1856 2374 naufragia
1897 2319 2025 2374 per-

455 2389 668 2456 tulisse,
698 2389 934 2459 pericula
963 2394 1153 2460 maris,
1183 2396 1420 2465 pericula
1448 2395 1756 2462 ﬂuminum,
1783 2398 2025 2467 pericula

451 2481 725 2538 latronum
746 2524 761 2549 ,
794 2485 1035 2552 pericula
1061 2502 1091 2541 a
1132 2488 1287 2545 falsis
1320 2490 1625 2546 fratribus?
1661 2491 1791 2558 Quae
1824 2501 2026 2560 quanto

451 2576 627 2645 magis
672 2580 988 2648 abundant,
1034 2591 1184 2637 tanto
1237 2585 1467 2653 amplius
1502 2585 1571 2642 iis
1622 2587 1713 2656 qui
1758 2588 2027 2658 patienter

454 2668 700 2735 tulerint,
727 2670 1012 2729 conferunt
1045 2674 1272 2746 gloriam
1309 2675 1425 2731 Dei.

525 2784 581 2839 '5.
614 2803 632 2837 ι
663 2784 727 2840 Et
751 2785 967 2842 locutus
991 2795 1075 2843 est
1110 2788 1372 2844 Dominus
1394 2790 1461 2845 ad
1490 2789 1711 2862 Moysen
1740 2798 1793 2846 et
1817 2790 2024 2857 Aaron,

457 2877 647 2933 dicens
673 2894 688 2933 :
722 2878 992 2935 Discedite
1024 2881 1091 2936 de
1123 2884 1301 2938 medio
1326 2898 1617 2954 synagng
1651 2883 1830 2954 hujus,
1858 2892 1913 2938 et
1942 2884 2026 2938 iu—

457 2971 708 3026 terimam
738 2988 832 3029 eos
858 2976 1057 3031 semel:
1091 2986 1148 3031 et
1177 2978 1496 3033 ceciderunt
1525 2978 1736 3048 Moyses
1763 2987 1817 3033 et
1842 2979 2023 3032 Aaron

453 3062 510 3115 in
538 3060 731 3118 faciem
766 3078 917 3119 suam
955 3065 1019 3120 “.
1054 3086 1074 3119 ι
1108 3065 1163 3120 Ιιι
1198 3068 1448 3123 Sodomis
1471 3070 1685 3138 quidem
1718 3071 1933 3139 quando
1956 3070 2021 3123 ad
2050 3066 2094 3124 C

454 3152 738 3209 minimum
783 3155 969 3212 decem
1015 3157 1129 3228 (95)
1175 3158 1589 3229 requirebantur
1619 3160 1684 3227 ¹⁶,
1730 3175 1828 3228 per
1883 3176 2022 3229 quos

453 3245 546 3300 vix
573 3246 620 3303 si
651 3245 788 3302 forte
811 3249 1009 3317 reperti
1038 3259 1244 3318 essent,
1273 3250 1472 3305 salvari
1499 3261 1719 3319 possent
1747 3253 1784 3307 ii
1807 3254 1898 3322 qui
1927 3253 2023 3307 ha-

454 3336 705 3393 bitabant
731 3340 1064 3408 peutapolitu
1084 3342 1472 3399 Sodomorum:
1497 3361 1640 3399 nunc
1664 3357 1842 3401 autem
1860 3348 2021 3402 etiam

455 3429 583 3492 duo,
615 3430 659 3482 si
696 3438 878 3484 tamen
911 3429 1264 3487 inveniantur
1301 3433 1436 3489 tales
1467 3435 1644 3503 qualis
1675 3436 1887 3507 Moyses
1920 3438 2025 3492 fuit

453 3534 513 3577 et
543 3524 726 3577 Aaron
751 3561 769 3589 ,
799 3520 1047 3579 sullicere
1089 3536 1355 3594 possunt,
1390 3536 1448 3581 ut
1480 3543 1613 3597 gens
1659 3529 2023 3585 lsraelitarutn

457 3624 571 3669 tota
619 3614 877 3670 salvetur.
928 3615 1066 3682 Quid
1099 3633 1229 3688 ergo
1267 3618 1511 3675 dicemus
1557 3622 1786 3692 amplius
1817 3639 1938 3679 esse
1969 3625 2022 3680 iu

452 3707 522 3761 iis
551 3707 800 3764 duobus?
846 3708 976 3775 Quae
1007 3718 1160 3764 tanta
1192 3711 1366 3767 virtus
1387 3751 1403 3776 ,
1437 3715 1580 3783 quod
1611 3716 1886 3784 meritum,
1918 3735 2026 3789 quo

456 3809 710 3854 sexcenta
743 3801 908 3854 millia
938 3810 993 3857 et
1021 3818 1085 3857 co
1117 3804 1349 3874 amplius
1380 3804 1681 3861 liberentur
1703 3808 1772 3863 ab
1800 3810 2023 3868 interitu

454 3895 779 3950 vastatoris?
806 3896 916 3965 Ego
946 3897 1186 3952 arbitror
1218 3899 1362 3968 quod
1410 3899 1463 3952 in
1494 3899 1677 3972 Moyse
1702 3901 1787 3957 lex
1823 3905 2027 3976 signifi-

455 3995 611 4041 cetur
645 4030 663 4055 ,
693 4003 812 4057 quae
865 3991 1021 4045 docet
1075 3990 1324 4047 homines
1359 3993 1641 4048 scientiam
1677 4004 1733 4050 et
1782 4013 2022 4056 amorem

456 4080 588 4135 Dei:
619 4082 671 4136 in
700 4083 880 4137 Aaron
923 4083 1266 4152 supplicandi
1303 4084 1434 4148 Deo,
1472 4094 1525 4138 et
1554 4086 1873 4143 obsecrandi
1902 4106 2023 4144 eum

451 4173 628 4228 forma
680 4176 964 4231 consistat.
1007 4177 1064 4231 Si
1111 4191 1239 4244 ergo
1285 4177 1503 4231 accidat
1548 4177 1838 4248 aliquando
1886 4183 2027 4239 indi-

452 4269 606 4338 gnari
651 4270 807 4325 nobis
839 4272 924 4325 vel
956 4272 1212 4328 universo
1242 4274 1439 4343 populo
1485 4277 1650 4332 Deum
1675 4316 1692 4343 ,
1723 4286 1778 4333 et
1821 4278 1867 4333 si
1911 4277 2024 4348 jam

451 4364 719 4418 sententia
753 4363 975 4419 ultionis
1007 4365 1250 4433 procedit
1272 4382 1301 4420 a
1333 4367 1584 4435 Domino,
1619 4369 1808 4426 redeat
1842 4383 2020 4426 autem

453 4453 539 4508 lex
574 4455 667 4509 Dei
709 4459 760 4510 in
795 4470 891 4510 cor
921 4464 1162 4509 nostrum
1211 4471 1564 4514 commoneas
1596 4477 1696 4516 nos
1730 4472 1783 4516 et
1818 4464 2022 4521 docens

453 4548 696 4603 converti
722 4551 790 4604 ad
834 4550 1207 4618 paenitentiam
1240 4590 1254 4614 ,
1281 4551 1605 4606 satisfacere
1636 4570 1735 4623 pro
1763 4557 1976 4612 delictis
2003 4597 2018 4622 ,

454 4641 763 4708 supplicare
793 4657 894 4712 pro
929 4641 1139 4711 culpis:
1169 4644 1409 4698 cessabit
1436 4650 1697 4702 continuo
1722 4650 2023 4718 iracundia,

456 4733 759 4801 indignatio
774 4734 1147 4802 conquiescet,
1171 4735 1554 4804 prepitiabitur
1572 4739 1853 4807 Dominus,
1871 4745 2024 4813 quasi

459 4827 641 4896 Moyse
665 4837 721 4880 et
769 4829 951 4882 Aaron
995 4826 1456 4885 intercedentibus
1490 4848 1588 4901 pro
1622 4832 1777 4889 nobis
1799 4876 1816 4901 ,
1846 4847 1900 4891 et
1929 4853 2026 4906 pro

459 4919 714 4974 universo
744 4919 940 4989 populo
969 4922 1422 4991 supplicantibus.
1470 4922 1530 4979 Si
1573 4940 1704 4979 vero
1742 4927 2027 4996 aliquando

457 5015 666 5066 oriatur
694 5013 994 5082 indignatio
1016 5015 1132 5081 Dei,
1159 5024 1214 5070 et
1239 5016 1419 5070 veniat
1442 5031 1541 5086 pro
1565 5019 1799 5086 peccatis
1826 5022 2027 5076 nostris

457 5120 599 5159 sava
626 5107 928 5174 correptio;
969 5106 1290 5161 indurentur
1319 5118 1496 5162 autem
1541 5110 1707 5162 corda
1741 5120 1922 5164 nostra
1960 5129 2027 5166 ne

456 5200 842 5252 convertamur
858 5198 927 5253 ad
950 5199 1259 5266 Dominum,
1289 5214 1422 5257 neve
1447 5199 1795 5257 bumiliemur
1816 5203 1868 5256 in
1896 5218 2025 5258 cou-

528 5362 571 5391 ¹³
597 5360 754 5416 Rom.
780 5376 833 5429 v,
854 5361 947 5417 9.0.
1022 5363 1065 5395 “
1086 5363 1129 5419 Il
1155 5362 1279 5420 Cor.
1319 5380 1396 5421 ιι.

460 5429 498 5465 ³³
529 5429 684 5485 Νιιιιι.
719 5447 831 5499 xvt,
857 5434 947 5489 46.

526 5523 637 5596 (95)
670 5522 824 5596 Ιέίιιιι.
853 5527 1012 5591 editi,
1049 5545 1070 5579 σ
1099 5528 1575 5596 superabundabil.
1598 5549 1617 5581 ι

526 5592 641 5663 (94)
676 5592 777 5649 Ter
816 5597 975 5665 virgis
1009 5592 1222 5661 ειεειιιιι,
1257 5596 1417 5653 semel
1462 5599 1776 5668 lapidatum.
1808 5600 1896 5655 Sic
1924 5600 2024 5655 ha-

454 5663 586 5788 beant
615 5678 819 5788 ιἰιιιιιιιιιδ
844 5663 1011 5737 mss;
1039 5669 1179 5725 male
1209 5678 1386 5725 autem
1419 5663 1548 5727 libb.
1580 5672 1733 5740 editi,
1775 5689 1794 5723 ‹
1827 5684 1907 5726 ter
1947 5673 2022 5727 la-

459 5750 511 5787 ut
557 5748 610 5788 at
654 5750 726 5788 ιιι.
757 5753 777 5787 ι

459 5748 726 5789 ιιιιιιιιιιιιι.
757 5753 777 5787 Ι

1476 5365 1522 5396 ⁸⁸
1550 5364 1710 5420 Num.
1738 5381 1846 5430 xvt,
1872 5365 1960 5432 Η,
1990 5367 2079 5422 45.

2130 443 2247 511 ejus
2287 451 2341 496 et
2374 440 2708 496 iracundiam
2745 439 3092 508 mitigemus;
3126 438 3220 490 sed
3254 433 3571 489 eeontrario
3623 431 3701 486 di-

2128 549 2347 607 camus,
2387 532 2502 588 Non
2537 540 2621 589 est
2651 545 2782 585 cura
2818 530 2928 584 Deo
2970 529 3038 583 de
3068 529 3180 581 vita
3232 525 3562 590 mortalium,
3609 538 3707 579 nec

2127 626 2405 697 pertinent
2450 625 2566 680 haec
2598 624 2664 678 ad
2701 625 2868 679 Deum
2891 661 2907 687 ,
2937 620 3162 691 reliquit
3192 634 3294 674 nos
3323 618 3476 683 olim,
3510 631 3613 671 nec
3640 616 3705 669 ad

2133 716 2385 771 notitiam
2420 714 2539 783 ejus
2567 715 2667 769 ista
2695 712 3019 784 perveniunt
3045 733 3057 768 :
3091 711 3134 764 si
3167 710 3290 763 talia
3318 709 3622 778 cogitemus
3653 704 3709 760 iti

2120 806 2382 862 cordibus
2418 806 2639 869 nostris,
2675 813 2731 859 et
2762 804 2877 858 haec
2915 803 2982 856 de
3007 816 3105 856 ore
3150 811 3340 856 nostro
3368 798 3709 869 procedant,

2127 907 2334 953 certum
2367 905 2450 952 est
2480 912 2587 952 non
2626 910 2747 951 esse
2776 895 2829 950 in
2864 894 3023 950 nobis
3057 892 3272 965 Moysen
3308 902 3364 947 et
3394 893 3601 954 Aaron,
3633 888 3710 945 le-

2123 993 2206 1060 gis
2243 990 2449 1046 scilicet
2499 991 2789 1046 scientiam
2840 998 2895 1043 et
2940 987 3147 1042 fructus
3202 984 3533 1055 pmnitcntiae
3559 1021 3574 1045 ,
3614 996 3710 1051 per

2125 1098 2263 1152 quos
2291 1083 2572 1137 interitum
2606 1081 2943 1137 imminentis
2971 1082 3123 1137 exitii
3158 1078 3429 1151 possimus
3454 1075 3707 1129 evadere.

2126 1174 2238 1229 lloc
2271 1182 2402 1245 puto
2433 1173 2705 1228 accidisse
2737 1173 2903 1228 etiam
2958 1171 3154 1242 populo
3202 1168 3279 1223 illi
3312 1167 3405 1237 qui
3448 1164 3547 1218 fuit
3579 1174 3707 1218 ante

2127 1282 2267 1333 nos,
2314 1266 2532 1337 quando
2583 1280 2775 1321 omnes
2803 1265 3258 1327 declinaverunt,
3312 1274 3503 1316 omnes
3541 1256 3707 1311 simul

2125 1358 2347 1414 inutiles
2372 1358 2499 1413 facti
2522 1366 2652 1412 sunt
2679 1357 2741 1422 ",
2777 1365 2833 1412 et
2861 1372 2967 1412 non
3000 1355 3105 1410 fuit
3130 1355 3222 1424 qui
3259 1354 3463 1407 faceret
3494 1350 3731 1405 bonita-r

2128 1460 2259 1515 tem,
2289 1465 2394 1505 non
2423 1447 2526 1503 fuit
2549 1464 2721 1518 usque
2745 1448 2810 1502 ad
2844 1464 3031 1503 unttm.
3061 1446 3119 1500 Si
3148 1446 3291 1500 enim
3321 1444 3533 1509 fuisset,
3567 1457 3707 1495 nun-

2124 1555 2292 1609 quam
2326 1541 2517 1609 utique
2544 1540 2926 1609 dereliquisset
2954 1554 3047 1593 eos
3079 1538 3240 1591 Deus.
3274 1534 3381 1590 Sed
3419 1545 3474 1588 et
3504 1548 3603 1588 nos
3631 1533 3704 1588 ti-

2128 1646 2377 1686 meamus
2410 1646 2482 1687 ne
2504 1631 2648 1685 forte
2675 1630 2851 1685 simile
2878 1630 3081 1699 aliquid
3113 1629 3424 1684 inveniatur
3452 1627 3503 1680 in
3530 1625 3702 1680 nobis.

2126 1723 2312 1779 Timeo
2347 1723 2490 1777 enim
2522 1722 2667 1776 illam
2709 1722 3072 1787 sententiam,
3118 1721 3177 1777 in
3210 1735 3316 1789 qua
3349 1718 3619 1773 Dominus
3651 1726 3707 1771 et

2127 1815 2381 1870 Salvator
2411 1824 2613 1879 uoster,
2650 1814 2741 1883 qui
2781 1822 2977 1870 cuncta
3008 1812 3322 1882 praenoscit,
3350 1809 3507 1880 quasi
3543 1808 3701 1863 dubi—

2126 1917 2249 1959 tatts
2275 1903 2406 1959 dicit
2433 1922 2446 1959 :
2484 1922 2503 1957 ι
2527 1903 2695 1959 Putas
2729 1903 2953 1957 veniens
2984 1902 3155 1958 Filius
3183 1902 3418 1957 hominis
3467 1899 3705 1956 inveniet

2125 1995 2288 2051 fidem
2327 2011 2488 2064 super
2528 2005 2728 2051 terram
2761 1994 2840 2049 ‘3?
2869 2014 2888 2046 ι
2927 1993 3193 2051 Jubentur
3232 2008 3361 2064 ergo
3407 1992 3621 2063 Moyses
3648 2000 3706 2046 et

2123 2088 2304 2142 Aaron
2335 2088 2489 2143 exire
2514 2087 2581 2143 de
2609 2087 2789 2142 medio
2817 2100 3124 2159 synagogas,
3159 2093 3217 2139 ut
3239 2084 3584 2140 iuterimatur
3607 2096 3699 2155 sy-

2126 2196 2330 2251 nagoga
2377 2181 2443 2237 dc
2487 2180 2672 2237 semel.
2708 2180 2815 2236 Sed
2862 2182 3142 2236 videamus
3167 2179 3295 2247 quid
3333 2179 3422 2235 isti
3463 2178 3696 2245 faciunt,

2125 2274 2297 2328 sancti
2329 2283 2454 2328 sunt
2482 2272 2616 2345 (96),
2644 2271 2868 2343 perfecti
2899 2281 3052 2339 sunt,
3078 2282 3133 2327 et
3161 2273 3280 2342 plus
3315 2271 3483 2342 magis
3512 2269 3693 2324 Evan-

2127 2365 2252 2433 gelii
2294 2365 2548 2435 discipuli
2596 2382 2760 2437 qttam
2811 2365 2947 2437 legis
2971 2405 2986 2429 ,
3013 2375 3067 2420 et
3102 2366 3220 2419 ideo
3252 2365 3481 2436 diligunt
3532 2363 3699 2419 etiam

2129 2456 2377 2513 inimicos
2407 2472 2556 2525 suos,
2587 2471 2751 2525 atque
2776 2468 2935 2512 orant
2962 2472 3060 2526 pro
3094 2458 3532 2527 persecutoribus
3565 2456 3700 2510 suis.

2126 2550 2236 2605 lllis
2261 2550 2404 2605 enim
2434 2550 2779 2606 smvientibus
2812 2559 2868 2603 ut
2906 2550 3278 2605 interficerent
3306 2566 3400 2605 eos
3424 2590 3440 2617 ,
3470 2549 3557 2605 isti
3582 2564 3706 2619 pro-

2127 2643 2314 2699 cidunt
2344 2642 2399 2696 in
2429 2641 2623 2697 faciem
2656 2657 2806 2697 suam
2836 2658 3000 2713 super
3037 2652 3262 2697 terram.

2195 2735 2251 2789 4.
2286 2752 2309 2786 ι
2338 2734 2403 2789 Ει
2438 2735 2515 2789 ait
2543 2734 2752 2806 Moyses
2802 2736 2867 2789 ad
2894 2737 3112 2790 Aaron:
3150 2735 3383 2791 Assume
3427 2736 3698 2803 batillum,

2127 2835 2183 2881 et
2213 2827 2431 2895 impone
2466 2843 2630 2897 super
2662 2827 2788 2882 illud
2823 2827 3000 2898 ignem
3023 2827 3091 2881 ab
3126 2826 3310 2892 altari,
3350 2837 3405 2882 et
3432 2828 3597 2899 injice
3621 2828 3699 2882 illi

2129 2919 2427 2983 incensum,
2457 2931 2511 2974 et
2542 2917 2677 2974 ell‘er
2715 2918 2971 2973 velociter
3004 2918 3058 2972 in
3091 2928 3293 2985 castra,
3319 2928 3377 2974 et
3408 2935 3570 2974 exora
3603 2933 3705 2988 pro

2128 3011 2258 3080 ipsis
2285 3029 2298 3066 :
2331 3012 2463 3066 exiit
2484 3013 2627 3065 enim
2652 3012 2727 3065 ira
2752 3027 2781 3065 a
2809 3021 3094 3080 conspectu
3117 3010 3349 3077 Domini,
3375 3025 3429 3067 et
3450 3012 3558 3082 jam
3588 3025 3701 3066 cm-

2126 3103 2203 3173 pit
2234 3114 2450 3158 vastare
2499 3102 2752 3172 pupulum
2784 3103 2849 3156 ⁸⁸.
2888 3122 2909 3156 ι
2960 3102 3159 3158 Verum
3209 3103 3464 3171 quoniam
3499 3105 3553 3157 in
3602 3102 3700 3159 hos

2124 3195 2468 3262 pervenimus
2512 3195 2659 3249 locos
2691 3234 2706 3260 ,
2733 3194 2854 3249 volo
2888 3194 2954 3250 de
3002 3196 3240 3251 bonitate
3287 3196 3381 3250 Dei
3410 3195 3701 3252 admonere

2124 3286 2418 3356 discipulos
2450 3287 2650 3341 Christi
2676 3328 2693 3353 ,
2725 3303 2791 3342 ne
2819 3289 2939 3358 quis
2986 3288 3123 3344 forte
3165 3298 3402 3344 vestrum
3434 3288 3502 3343 ab
3531 3290 3702 3343 haere-

2127 3379 2248 3432 ticis
2275 3380 2632 3435 conturbetur
2656 3382 2699 3434 si
2729 3384 2946 3450 quando
2976 3392 3252 3437 certamen
3279 3382 3528 3435 inciderit
3552 3423 3568 3449 ,
3594 3381 3699 3435 illis

2128 3471 2432 3533 dicentibus
2465 3472 2719 3538 quoniam
2759 3473 2899 3527 Deus
2934 3473 3066 3543 legis
3100 3488 3204 3526 non
3239 3483 3320 3526 est
3362 3472 3535 3527 bonus
3560 3514 3576 3539 ,
3606 3473 3698 3528 sed

2121 3559 2297 3628 justus
2328 3602 2343 3627 ,
2380 3571 2435 3617 et
2463 3563 2659 3634 Moysis
2687 3566 2768 3619 lex
2807 3580 2913 3620 ιιοιι
2964 3565 3259 3618 bonitatem
3290 3565 3568 3625 continet,
3604 3565 3698 3617 sed

2120 3651 2406 3721 justitiam.
2438 3651 2671 3708 Videant
2695 3669 2823 3724 ergo
2859 3656 2949 3723 qui
2985 3654 3154 3708 Deum
3188 3654 3387 3722 pariter
3406 3653 3698 3707 criminan-

2129 3755 2219 3799 tur
2250 3756 2303 3800 et
2334 3746 2525 3816 legem,
2556 3748 2827 3817 quomodo
2859 3746 3071 3819 Moyses
3100 3747 3216 3815 ipse
3255 3754 3310 3800 et
3342 3746 3520 3798 Aaron
3552 3745 3700 3814 prio-

2128 3852 2218 3892 res
2244 3839 2489 3893 fecerunt
2522 3841 2642 3904 hoc,
2674 3841 2817 3907 quod
2850 3840 3189 3909 postmodum
3224 3838 3569 3907 Evangeliutu
3600 3839 3698 3893 do-

2126 3931 2257 3987 cuit.
2297 3930 2436 3985 Ecce
2475 3931 2645 4001 diligit
2675 3930 2886 4002 Moyses
2919 3931 3188 3992 inimicas,
3219 3940 3274 3984 et
3301 3941 3421 3983 orat
3452 3945 3548 3998 pro
3576 3945 3697 3998 per-

2127 4021 2465 4075 secutoribus
2516 4022 2630 4077 suis
2672 4061 2690 4087 ,
2740 4023 2881 4091 quod
2938 4022 3123 4091 utique
3174 4021 3422 4075 Christus
3478 4021 3594 4075 fieri
3642 4022 3694 4074 iu

2130 4112 2434 4181 Evangeliis
2461 4113 2637 4166 docet.
2666 4111 2862 4165 Audite
2889 4110 3032 4163 enim
3059 4111 3327 4180 quomodo
3352 4111 3607 4163 cadentes
3645 4110 3698 4162 in

2129 4203 2321 4257 faciem
2352 4216 2511 4271 super
2539 4213 2735 4257 terram
2770 4210 2930 4255 orant
2961 4215 3061 4270 pro
3103 4201 3238 4264 illis,
3271 4201 3361 4269 qui
3395 4202 3459 4254 ad
3494 4201 3700 4254 interli-

2127 4295 2344 4350 ciendos
2396 4311 2490 4350 eos
2539 4294 2964 4349 insurrexerant.
3012 4292 3107 4346 Sic
3160 4296 3292 4361 ergo
3338 4291 3609 4346 invenitur
3644 4299 3701 4345 et

2130 4386 2398 4456 Evangelii
2449 4388 2623 4442 virtus
2658 4388 2711 4442 iu
2747 4390 2861 4459 lege
2887 4428 2902 4455 ,
2949 4398 3003 4443 et
3035 4387 3385 4441 fundamento
3408 4386 3539 4457 legis
3574 4388 3702 4441 sub-

2130 4481 2251 4533 nixa
2290 4479 2659 4548 intelliguntur
2693 4480 3001 4549 Evangelia.
3050 4477 3161 4533 Nec
3212 4489 3367 4533 vetus
3408 4488 3701 4533 testamen-

2130 4583 2238 4625 tum
2274 4573 2491 4627 nomino
2522 4587 2624 4643 ego
2663 4574 2861 4644 legem,
2903 4573 2951 4626 si
2991 4587 3110 4626 eam
3160 4573 3476 4640 spiritaliter
3505 4572 3702 4626 intelli-

2125 4680 2270 4734 gam.
2296 4664 2406 4720 lllis
2436 4666 2810 4721 tantummodo
2846 4665 2931 4719 lex
2963 4674 3117 4719 vetus
3145 4665 3378 4719 ellieitur
3411 4676 3702 4721 testamen-

2129 4767 2261 4822 tum,
2289 4757 2378 4824 qni
2424 4772 2545 4812 eam
2592 4736 2887 4813 carnaliter
2916 4756 3221 4827 intelligere
3253 4758 3461 4812 volunt.
3510 4757 3575 4810 Et
3606 4774 3704 4812 ne-

2128 4849 2363 4902 cessario
2396 4849 2501 4903 illis
2535 4859 2691 4905 vetus
2719 4847 2909 4903 effecta
2942 4857 3059 4913 est,
3088 4859 3143 4902 et
3168 4849 3367 4915 senuit,
3403 4851 3525 4919 quia
3558 4851 3702 4905 vires

2128 4950 2255 4989 suas
2305 4953 2408 4990 non
2455 4949 2632 5009 potest
2676 4942 2940 4997 obtinere.
2982 4941 3148 4994 Nobis
3204 4952 3422 5006 autem,
3454 4943 3543 5012 qui
3577 4957 3699 4996 eam

2126 5028 2444 5096 spiritaliter
2471 5043 2524 5086 et
2578 5033 2891 5103 evangelieo
2918 5048 3080 5088 sensu
3131 5034 3489 5105 intelligimus
3517 5046 3573 5089 et
3600 5052 3699 5091 ex-

2128 5121 2397 5189 ponimus,
2430 5137 2644 5194 semper
2683 5140 2823 5179 nova
2858 5137 2980 5180 est:
3017 5139 3071 5182 et
3098 5138 3382 5197 utrumque
3413 5128 3568 5182 nobis
3598 5144 3696 5182 nu-

2130 5225 2250 5264 vum
2283 5221 2664 5271 testamentum
2692 5226 2796 5282 est,
2832 5233 2935 5273 non
2968 5220 3225 5290 temporis
3252 5230 3413 5276 aetate
3440 5261 3456 5285 ,
3487 5221 3579 5275 sed
3611 5222 3697 5275 iu-

3060 5377 3090 5394 η

2157 5372 2201 5404 ¹⁶
2227 5372 2363 5431 Gen.
2393 5391 2545 5430 xvut.
2624 5374 2667 5406 ¹⁷
2698 5372 2844 5430 Psal.
2906 5391 3025 5441 xm,
3059 5377 3114 5434 5.

3193 5377 3236 5409 ’⁸
3275 5375 3406 5432 Luc.
3444 5392 3598 5442 xvut,
3638 5376 3693 5432 8.

2202 5532 2312 5603 (95)
2359 5531 2489 5587 Mss.
2534 5552 2555 5585 ‹
2604 5531 2671 5587 ad
2712 5532 2994 5588 minimum
3028 5534 3235 5590 decem.
3274 5551 3294 5584 ι
3334 5531 3490 5588 Libb.
3542 5531 3698 5598 editi,

2133 5621 2152 5654 ι
2187 5604 2363 5656 minus
2393 5604 2600 5657 decem.
2634 5622 2652 5655 ι

2124 5741 2131 5748 ,
2199 5673 2310 5799 (9(5)
2346 5674 2448 5798 Sicl
2479 5689 2619 5753 mss.
2655 5673 2813 5731 Libb.
2848 5683 3025 5732 autem
3071 5673 3236 5740 editi,
3279 5692 3299 5727 ι
3330 5672 3556 5747 faciunt,
3600 5673 3696 5745 qui

2127 5758 2257 5800 SDKlC
2288 5762 2297 5798 l
2327 5760 2421 5799 illi:
2455 5787 2472 5804 ,
2505 5762 2522 5794 ι
