  <div class='ocr_page' id='page_1' title='image "/cluster/home/n/w/nwhite01/storage/ocr_20150623/12/mdp.39015028786690/324.png"; bbox 0 0 4074 6156; ppageno 0'>
   <div class='ocr_carea' id='block_1_1' title="bbox 509 231 611 285">
    <p class='ocr_par' dir='ltr' id='par_1_1' title="bbox 509 231 611 285">
     <span class='ocr_line' id='line_1_1' title="bbox 509 231 611 285; baseline -0.049 0"><span class='ocrx_word' id='word_1_1' title='bbox 509 231 611 285; x_wconf 77' lang='lat'><strong>6‘29</strong></span> 
     </span>
    </p>
   </div>
   <div class='ocr_carea' id='block_1_2' title="bbox 1675 224 2531 286">
    <p class='ocr_par' dir='ltr' id='par_1_2' title="bbox 1675 224 2531 286">
     <span class='ocr_line' id='line_1_2' title="bbox 1675 224 2531 286; baseline -0.004 -4"><span class='ocrx_word' id='word_1_2' title='bbox 1675 228 1739 284; x_wconf 83' lang='lat' dir='ltr'><strong>IN</strong></span> <span class='ocrx_word' id='word_1_3' title='bbox 1776 229 2106 286; x_wconf 79' lang='lat' dir='ltr'><strong>NUMEROS</strong></span> <span class='ocrx_word' id='word_1_4' title='bbox 2135 227 2415 284; x_wconf 75' lang='lat' dir='ltr'><strong>HOMILIA</strong></span> <span class='ocrx_word' id='word_1_5' title='bbox 2443 224 2531 282; x_wconf 73' lang='lat' dir='ltr'><strong>IX.</strong></span> 
     </span>
    </p>
   </div>
   <div class='ocr_carea' id='block_1_3' title="bbox 3647 221 3783 276">
    <p class='ocr_par' dir='ltr' id='par_1_3' title="bbox 3647 221 3783 276">
     <span class='ocr_line' id='line_1_3' title="bbox 3647 221 3783 276; baseline -0.022 0"><span class='ocrx_word' id='word_1_6' title='bbox 3647 221 3783 276; x_wconf 46' lang='grc' dir='ltr'><strong>θεων.</strong></span> 
     </span>
    </p>
   </div>
   <div class='ocr_carea' id='block_1_4' title="bbox 505 335 3779 415">
    <p class='ocr_par' dir='ltr' id='par_1_4' title="bbox 505 335 3779 415">
     <span class='ocr_line' id='line_1_4' title="bbox 505 335 3779 415; baseline -0.003 -14"><span class='ocrx_word' id='word_1_7' title='bbox 505 344 819 415; x_wconf 83' lang='lat' dir='ltr'><strong>telligentiae</strong></span> <span class='ocrx_word' id='word_1_8' title='bbox 851 343 1117 400; x_wconf 95' lang='lat' dir='ltr'><strong>novitate.</strong></span> <span class='ocrx_word' id='word_1_9' title='bbox 1156 345 1348 398; x_wconf 83' lang='lat' dir='ltr'><strong>Annon</strong></span> <span class='ocrx_word' id='word_1_10' title='bbox 1380 353 1434 398; x_wconf 89' lang='lat' dir='ltr'><strong>et</strong></span> <span class='ocrx_word' id='word_1_11' title='bbox 1456 346 1729 415; x_wconf 81' lang='lat' dir='ltr'><strong>apostolus</strong></span> <span class='ocrx_word' id='word_1_12' title='bbox 1759 346 1993 404; x_wconf 81' lang='lat' dir='ltr'><strong>Joannes</strong></span> <span class='ocrx_word' id='word_1_13' title='bbox 2024 348 2075 402; x_wconf 93' lang='lat' dir='ltr'><strong>in</strong></span> <span class='ocrx_word' id='word_1_14' title='bbox 2102 351 2151 408; x_wconf 78' lang='grc' dir='ltr'>Α</span> <span class='ocrx_word' id='word_1_15' title='bbox 2185 355 2341 402; x_wconf 89' lang='lat' dir='ltr'><strong>natus</strong></span> <span class='ocrx_word' id='word_1_16' title='bbox 2368 355 2451 400; x_wconf 89' lang='lat' dir='ltr'><strong>est</strong></span> <span class='ocrx_word' id='word_1_17' title='bbox 2497 345 2549 398; x_wconf 94' lang='lat' dir='ltr'><strong>in</strong></span> <span class='ocrx_word' id='word_1_18' title='bbox 2578 354 2744 397; x_wconf 86' lang='lat' dir='ltr'><strong>carne</strong></span> <span class='ocrx_word' id='word_1_19' title='bbox 2765 381 2781 407; x_wconf 94' lang='lat'><strong>,</strong></span> <span class='ocrx_word' id='word_1_20' title='bbox 2801 335 3026 406; x_wconf 78' lang='lat' dir='ltr'><strong>adjecto</strong></span> <span class='ocrx_word' id='word_1_21' title='bbox 3077 336 3238 391; x_wconf 89' lang='lat' dir='ltr'><strong>etiam</strong></span> <span class='ocrx_word' id='word_1_22' title='bbox 3272 336 3517 401; x_wconf 91' lang='lat' dir='ltr'><strong>incenso,</strong></span> <span class='ocrx_word' id='word_1_23' title='bbox 3547 337 3639 406; x_wconf 86' lang='lat' dir='ltr'><strong>qui</strong></span> <span class='ocrx_word' id='word_1_24' title='bbox 3665 348 3751 392; x_wconf 85' lang='lat' dir='ltr'><strong>est</strong></span> <span class='ocrx_word' id='word_1_25' title='bbox 3777 383 3779 386; x_wconf 18' lang='grc' dir='ltr'><strong>ι</strong></span> 
     </span>
    </p>
   </div>
   <div class='ocr_carea' id='block_1_5' title="bbox 501 435 2106 506">
    <p class='ocr_par' dir='ltr' id='par_1_5' title="bbox 501 435 2106 506">
     <span class='ocr_line' id='line_1_5' title="bbox 501 435 2106 506; baseline 0.002 -17"><span class='ocrx_word' id='word_1_26' title='bbox 501 435 742 506; x_wconf 86' lang='lat' dir='ltr'><strong>Epistola</strong></span> <span class='ocrx_word' id='word_1_27' title='bbox 769 449 864 489; x_wconf 93' lang='lat' dir='ltr'><strong>sua</strong></span> <span class='ocrx_word' id='word_1_28' title='bbox 886 435 1077 489; x_wconf 90' lang='lat' dir='ltr'><strong>eadem</strong></span> <span class='ocrx_word' id='word_1_29' title='bbox 1102 435 1288 500; x_wconf 85' lang='lat' dir='ltr'><strong>sentit,</strong></span> <span class='ocrx_word' id='word_1_30' title='bbox 1313 449 1433 489; x_wconf 93' lang='lat' dir='ltr'><strong>cum</strong></span> <span class='ocrx_word' id='word_1_31' title='bbox 1466 435 1631 490; x_wconf 82' lang='lat' dir='ltr'><strong>dicit:</strong></span> <span class='ocrx_word' id='word_1_32' title='bbox 1663 437 1778 505; x_wconf 73' lang='grc'><strong>(97)</strong></span> <span class='ocrx_word' id='word_1_33' title='bbox 1810 457 1828 489; x_wconf 77' lang='grc' dir='ltr'>ί</span> <span class='ocrx_word' id='word_1_34' title='bbox 1855 437 2029 492; x_wconf 90' lang='lat' dir='ltr'><strong>Filioli</strong></span> <span class='ocrx_word' id='word_1_35' title='bbox 2057 476 2073 503; x_wconf 95' lang='lat'><strong>,</strong></span> <span class='ocrx_word' id='word_1_36' title='bbox 2097 484 2106 492; x_wconf 73' lang='grc'>,</span> 
     </span>
    </p>
   </div>
   <div class='ocr_carea' id='block_1_6' title="bbox 499 526 2070 597">
    <p class='ocr_par' dir='ltr' id='par_1_6' title="bbox 499 526 2070 597">
     <span class='ocr_line' id='line_1_6' title="bbox 499 526 2070 597; baseline 0 -17"><span class='ocrx_word' id='word_1_37' title='bbox 499 527 812 580; x_wconf 89' lang='lat' dir='ltr'><strong>mandatum</strong></span> <span class='ocrx_word' id='word_1_38' title='bbox 838 541 1036 579; x_wconf 93' lang='lat' dir='ltr'><strong>novum</strong></span> <span class='ocrx_word' id='word_1_39' title='bbox 1063 527 1130 580; x_wconf 94' lang='lat' dir='ltr'><strong>do</strong></span> <span class='ocrx_word' id='word_1_40' title='bbox 1154 526 1328 590; x_wconf 91' lang='lat' dir='ltr'><strong>vobis,</strong></span> <span class='ocrx_word' id='word_1_41' title='bbox 1356 537 1414 581; x_wconf 86' lang='lat' dir='ltr'><strong>ut</strong></span> <span class='ocrx_word' id='word_1_42' title='bbox 1435 527 1661 582; x_wconf 77' lang='lat' dir='ltr'><strong>invicem</strong></span> <span class='ocrx_word' id='word_1_43' title='bbox 1687 528 1919 597; x_wconf 79' lang='lat' dir='ltr'><strong>diligatis</strong></span> <span class='ocrx_word' id='word_1_44' title='bbox 1944 528 2026 581; x_wconf 72' lang='grc' dir='ltr'><strong>ὀἳ</strong></span> <span class='ocrx_word' id='word_1_45' title='bbox 2052 548 2070 580; x_wconf 78' lang='grc' dir='ltr'><strong>ι</strong></span> 
     </span>
    </p>
   </div>
   <div class='ocr_carea' id='block_1_7' title="bbox 495 616 2075 686">
    <p class='ocr_par' dir='ltr' id='par_1_7' title="bbox 495 616 2075 686">
     <span class='ocr_line' id='line_1_7' title="bbox 495 616 2075 686; baseline 0.002 -16"><span class='ocrx_word' id='word_1_46' title='bbox 495 633 618 670; x_wconf 91' lang='lat' dir='ltr'><strong>cum</strong></span> <span class='ocrx_word' id='word_1_47' title='bbox 651 617 834 686; x_wconf 87' lang='lat' dir='ltr'><strong>utique</strong></span> <span class='ocrx_word' id='word_1_48' title='bbox 863 617 1030 671; x_wconf 81' lang='lat' dir='ltr'><strong>sciret</strong></span> <span class='ocrx_word' id='word_1_49' title='bbox 1061 616 1189 670; x_wconf 88' lang='lat' dir='ltr'><strong>olim</strong></span> <span class='ocrx_word' id='word_1_50' title='bbox 1221 617 1402 670; x_wconf 90' lang='lat' dir='ltr'><strong>datum</strong></span> <span class='ocrx_word' id='word_1_51' title='bbox 1433 634 1558 673; x_wconf 90' lang='lat' dir='ltr'><strong>esse</strong></span> <span class='ocrx_word' id='word_1_52' title='bbox 1592 619 1907 673; x_wconf 89' lang='lat' dir='ltr'><strong>mandatum</strong></span> <span class='ocrx_word' id='word_1_53' title='bbox 1939 619 2075 673; x_wconf 88' lang='lat' dir='ltr'><strong>dile—</strong></span> 
     </span>
    </p>
   </div>
   <div class='ocr_carea' id='block_1_8' title="bbox 495 706 2073 780">
    <p class='ocr_par' dir='ltr' id='par_1_8' title="bbox 495 706 2073 780">
     <span class='ocr_line' id='line_1_8' title="bbox 495 706 2073 780; baseline 0.001 -19"><span class='ocrx_word' id='word_1_54' title='bbox 495 707 694 762; x_wconf 87' lang='lat' dir='ltr'><strong>ctionis</strong></span> <span class='ocrx_word' id='word_1_55' title='bbox 743 707 799 761; x_wconf 91' lang='lat' dir='ltr'><strong>in</strong></span> <span class='ocrx_word' id='word_1_56' title='bbox 850 707 988 777; x_wconf 86' lang='lat' dir='ltr'><strong>lege.</strong></span> <span class='ocrx_word' id='word_1_57' title='bbox 1045 706 1151 762; x_wconf 88' lang='lat' dir='ltr'><strong>Sed</strong></span> <span class='ocrx_word' id='word_1_58' title='bbox 1207 709 1460 778; x_wconf 89' lang='lat' dir='ltr'><strong>quoniam</strong></span> <span class='ocrx_word' id='word_1_59' title='bbox 1512 711 1750 764; x_wconf 87' lang='lat' dir='ltr'><strong>charitas</strong></span> <span class='ocrx_word' id='word_1_60' title='bbox 1802 726 2073 780; x_wconf 83' lang='lat' dir='ltr'><strong>nunquam</strong></span> 
     </span>
    </p>
   </div>
   <div class='ocr_carea' id='block_1_9' title="bbox 493 799 2074 871">
    <p class='ocr_par' dir='ltr' id='par_1_9' title="bbox 493 799 2074 871">
     <span class='ocr_line' id='line_1_9' title="bbox 493 799 2074 871; baseline 0.001 -17"><span class='ocrx_word' id='word_1_61' title='bbox 493 799 662 863; x_wconf 82' lang='lat' dir='ltr'><strong>cadit,</strong></span> <span class='ocrx_word' id='word_1_62' title='bbox 681 813 782 853; x_wconf 90' lang='lat' dir='ltr'><strong>nec</strong></span> <span class='ocrx_word' id='word_1_63' title='bbox 800 802 1110 854; x_wconf 89' lang='lat' dir='ltr'><strong>mandatum</strong></span> <span class='ocrx_word' id='word_1_64' title='bbox 1141 800 1424 854; x_wconf 85' lang='lat' dir='ltr'><strong>charitatis</strong></span> <span class='ocrx_word' id='word_1_65' title='bbox 1448 801 1739 871; x_wconf 85' lang='lat' dir='ltr'><strong>aliquando</strong></span> <span class='ocrx_word' id='word_1_66' title='bbox 1767 802 2074 869; x_wconf 87' lang='lat' dir='ltr'><strong>veterascit,</strong></span> 
     </span>
    </p>
   </div>
   <div class='ocr_carea' id='block_1_10' title="bbox 495 891 2075 961">
    <p class='ocr_par' dir='ltr' id='par_1_10' title="bbox 495 891 2075 961">
     <span class='ocr_line' id='line_1_10' title="bbox 495 891 2075 961; baseline 0.004 -18"><span class='ocrx_word' id='word_1_67' title='bbox 495 891 600 943; x_wconf 93' lang='lat' dir='ltr'><strong>hoc</strong></span> <span class='ocrx_word' id='word_1_68' title='bbox 636 891 778 957; x_wconf 91' lang='lat' dir='ltr'><strong>quod</strong></span> <span class='ocrx_word' id='word_1_69' title='bbox 809 905 1081 959; x_wconf 81' lang='lat' dir='ltr'><strong>nunquam</strong></span> <span class='ocrx_word' id='word_1_70' title='bbox 1115 893 1425 957; x_wconf 89' lang='lat' dir='ltr'><strong>veterascit,</strong></span> <span class='ocrx_word' id='word_1_71' title='bbox 1469 908 1684 961; x_wconf 82' lang='lat' dir='ltr'><strong>semper</strong></span> <span class='ocrx_word' id='word_1_72' title='bbox 1722 908 1918 948; x_wconf 91' lang='lat' dir='ltr'><strong>novum</strong></span> <span class='ocrx_word' id='word_1_73' title='bbox 1955 909 2075 949; x_wconf 88' lang='lat' dir='ltr'><strong>esse</strong></span> 
     </span>
    </p>
   </div>
   <div class='ocr_carea' id='block_1_11' title="bbox 494 981 2075 1052">
    <p class='ocr_par' dir='ltr' id='par_1_11' title="bbox 494 981 2075 1052">
     <span class='ocr_line' id='line_1_11' title="bbox 494 981 2075 1052; baseline 0.004 -18"><span class='ocrx_word' id='word_1_74' title='bbox 494 983 832 1050; x_wconf 87' lang='lat' dir='ltr'><strong>pronuntiat.</strong></span> <span class='ocrx_word' id='word_1_75' title='bbox 866 981 1096 1052; x_wconf 84' lang='lat' dir='ltr'><strong>Semper</strong></span> <span class='ocrx_word' id='word_1_76' title='bbox 1125 985 1269 1038; x_wconf 92' lang='lat' dir='ltr'><strong>enim</strong></span> <span class='ocrx_word' id='word_1_77' title='bbox 1305 985 1654 1040; x_wconf 84' lang='lat' dir='ltr'><strong>observantes</strong></span> <span class='ocrx_word' id='word_1_78' title='bbox 1686 996 1740 1040; x_wconf 91' lang='lat' dir='ltr'><strong>et</strong></span> <span class='ocrx_word' id='word_1_79' title='bbox 1769 988 2075 1042; x_wconf 88' lang='lat' dir='ltr'><strong>custodien-</strong></span> 
     </span>
    </p>
   </div>
   <div class='ocr_carea' id='block_1_12' title="bbox 499 1073 2075 1148">
    <p class='ocr_par' dir='ltr' id='par_1_12' title="bbox 499 1073 2075 1148">
     <span class='ocr_line' id='line_1_12' title="bbox 499 1073 2075 1148; baseline 0.005 -24"><span class='ocrx_word' id='word_1_80' title='bbox 499 1081 582 1125; x_wconf 92' lang='lat' dir='ltr'><strong>tes</strong></span> <span class='ocrx_word' id='word_1_81' title='bbox 613 1073 664 1124; x_wconf 92' lang='lat' dir='ltr'><strong>in</strong></span> <span class='ocrx_word' id='word_1_82' title='bbox 717 1087 777 1126; x_wconf 91' lang='lat' dir='ltr'><strong>se</strong></span> <span class='ocrx_word' id='word_1_83' title='bbox 808 1073 1093 1128; x_wconf 90' lang='lat' dir='ltr'><strong>charitatis</strong></span> <span class='ocrx_word' id='word_1_84' title='bbox 1131 1077 1442 1130; x_wconf 87' lang='lat' dir='ltr'><strong>mandatum</strong></span> <span class='ocrx_word' id='word_1_85' title='bbox 1478 1092 1645 1132; x_wconf 88' lang='lat' dir='ltr'><strong>novos</strong></span> <span class='ocrx_word' id='word_1_86' title='bbox 1673 1079 1844 1132; x_wconf 85' lang='lat' dir='ltr'><strong>reddit</strong></span> <span class='ocrx_word' id='word_1_87' title='bbox 1876 1079 1928 1132; x_wconf 92' lang='lat' dir='ltr'><strong>in</strong></span> <span class='ocrx_word' id='word_1_88' title='bbox 1965 1079 2075 1148; x_wconf 86' lang='lat' dir='ltr'><strong>spi-</strong></span> 
     </span>
    </p>
   </div>
   <div class='ocr_carea' id='block_1_13' title="bbox 493 1162 2071 1221">
    <p class='ocr_par' dir='ltr' id='par_1_13' title="bbox 493 1162 2071 1221">
     <span class='ocr_line' id='line_1_13' title="bbox 493 1162 2071 1221; baseline 0.004 -7"><span class='ocrx_word' id='word_1_89' title='bbox 493 1163 626 1215; x_wconf 85' lang='lat' dir='ltr'><strong>ritu.</strong></span> <span class='ocrx_word' id='word_1_90' title='bbox 675 1162 957 1217; x_wconf 90' lang='lat' dir='ltr'><strong>Peccatori</strong></span> <span class='ocrx_word' id='word_1_91' title='bbox 1011 1173 1194 1218; x_wconf 92' lang='lat' dir='ltr'><strong>autem</strong></span> <span class='ocrx_word' id='word_1_92' title='bbox 1249 1173 1303 1219; x_wconf 91' lang='lat' dir='ltr'><strong>et</strong></span> <span class='ocrx_word' id='word_1_93' title='bbox 1353 1165 1634 1219; x_wconf 91' lang='lat' dir='ltr'><strong>charitatis</strong></span> <span class='ocrx_word' id='word_1_94' title='bbox 1702 1165 1906 1221; x_wconf 71' lang='lat' dir='ltr'><strong>fmdera</strong></span> <span class='ocrx_word' id='word_1_95' title='bbox 1963 1182 2071 1221; x_wconf 93' lang='lat' dir='ltr'><strong>non</strong></span> 
     </span>
    </p>
   </div>
   <div class='ocr_carea' id='block_1_14' title="bbox 491 1253 2074 1325">
    <p class='ocr_par' dir='ltr' id='par_1_14' title="bbox 491 1253 2074 1325">
     <span class='ocr_line' id='line_1_14' title="bbox 491 1253 2074 1325; baseline 0.003 -19"><span class='ocrx_word' id='word_1_96' title='bbox 491 1254 732 1307; x_wconf 85' lang='lat' dir='ltr'><strong>servanti</strong></span> <span class='ocrx_word' id='word_1_97' title='bbox 761 1293 776 1317; x_wconf 94' lang='lat'><strong>,</strong></span> <span class='ocrx_word' id='word_1_98' title='bbox 809 1253 969 1308; x_wconf 90' lang='lat' dir='ltr'><strong>etiam</strong></span> <span class='ocrx_word' id='word_1_99' title='bbox 1005 1253 1302 1325; x_wconf 84' lang='lat' dir='ltr'><strong>Evangelia</strong></span> <span class='ocrx_word' id='word_1_100' title='bbox 1355 1254 1522 1324; x_wconf 76' lang='lat'><strong>298</strong></span> <span class='ocrx_word' id='word_1_101' title='bbox 1569 1263 1934 1310; x_wconf 84' lang='lat' dir='ltr'><strong>veterascunt.</strong></span> <span class='ocrx_word' id='word_1_102' title='bbox 1965 1256 2074 1311; x_wconf 89' lang='lat' dir='ltr'><strong>Nec</strong></span> 
     </span>
    </p>
   </div>
   <div class='ocr_carea' id='block_1_15' title="bbox 491 1344 2073 1419">
    <p class='ocr_par' dir='ltr' id='par_1_15' title="bbox 491 1344 2073 1419">
     <span class='ocr_line' id='line_1_15' title="bbox 491 1344 2073 1419; baseline 0.004 -22"><span class='ocrx_word' id='word_1_103' title='bbox 491 1354 670 1413; x_wconf 84' lang='lat' dir='ltr'><strong>potest</strong></span> <span class='ocrx_word' id='word_1_104' title='bbox 697 1344 743 1398; x_wconf 93' lang='lat' dir='ltr'><strong>ei</strong></span> <span class='ocrx_word' id='word_1_105' title='bbox 772 1359 968 1398; x_wconf 88' lang='lat' dir='ltr'><strong>novum</strong></span> <span class='ocrx_word' id='word_1_106' title='bbox 1001 1361 1122 1401; x_wconf 84' lang='lat' dir='ltr'><strong>esse</strong></span> <span class='ocrx_word' id='word_1_107' title='bbox 1154 1355 1562 1414; x_wconf 90' lang='lat' dir='ltr'><strong>testamentum,</strong></span> <span class='ocrx_word' id='word_1_108' title='bbox 1599 1349 1690 1419; x_wconf 91' lang='lat' dir='ltr'><strong>qui</strong></span> <span class='ocrx_word' id='word_1_109' title='bbox 1725 1365 1826 1402; x_wconf 92' lang='lat' dir='ltr'><strong>non</strong></span> <span class='ocrx_word' id='word_1_110' title='bbox 1855 1349 2073 1415; x_wconf 86' lang='lat' dir='ltr'><strong>deponit</strong></span> 
     </span>
    </p>
   </div>
   <div class='ocr_carea' id='block_1_16' title="bbox 490 1435 2071 1504">
    <p class='ocr_par' dir='ltr' id='par_1_16' title="bbox 490 1435 2071 1504">
     <span class='ocr_line' id='line_1_16' title="bbox 490 1435 2071 1504; baseline 0.006 -19"><span class='ocrx_word' id='word_1_111' title='bbox 490 1446 731 1489; x_wconf 87' lang='lat' dir='ltr'><strong>veterem</strong></span> <span class='ocrx_word' id='word_1_112' title='bbox 763 1435 1057 1500; x_wconf 90' lang='lat' dir='ltr'><strong>hominem,</strong></span> <span class='ocrx_word' id='word_1_113' title='bbox 1087 1446 1143 1490; x_wconf 87' lang='lat' dir='ltr'><strong>et</strong></span> <span class='ocrx_word' id='word_1_114' title='bbox 1170 1438 1415 1493; x_wconf 85' lang='lat' dir='ltr'><strong>induitur</strong></span> <span class='ocrx_word' id='word_1_115' title='bbox 1442 1456 1658 1504; x_wconf 86' lang='lat' dir='ltr'><strong>novum,</strong></span> <span class='ocrx_word' id='word_1_116' title='bbox 1684 1455 1748 1494; x_wconf 90' lang='lat' dir='ltr'><strong>ac</strong></span> <span class='ocrx_word' id='word_1_117' title='bbox 1777 1442 2071 1496; x_wconf 89' lang='lat' dir='ltr'><strong>secundum</strong></span> 
     </span>
    </p>
   </div>
   <div class='ocr_carea' id='block_1_17' title="bbox 488 1525 2070 1602">
    <p class='ocr_par' dir='ltr' id='par_1_17' title="bbox 488 1525 2070 1602">
     <span class='ocr_line' id='line_1_17' title="bbox 488 1525 2070 1602; baseline 0.006 -24"><span class='ocrx_word' id='word_1_118' title='bbox 488 1525 660 1579; x_wconf 89' lang='lat' dir='ltr'><strong>Deum</strong></span> <span class='ocrx_word' id='word_1_119' title='bbox 707 1535 973 1582; x_wconf 90' lang='lat' dir='ltr'><strong>creatum.</strong></span> <span class='ocrx_word' id='word_1_120' title='bbox 1027 1528 1292 1584; x_wconf 79' lang='lat' dir='ltr'><strong>Hortatur</strong></span> <span class='ocrx_word' id='word_1_121' title='bbox 1319 1546 1448 1600; x_wconf 80' lang='lat' dir='ltr'><strong>ergo</strong></span> <span class='ocrx_word' id='word_1_122' title='bbox 1499 1531 1711 1602; x_wconf 83' lang='lat' dir='ltr'><strong>Moyses</strong></span> <span class='ocrx_word' id='word_1_123' title='bbox 1760 1533 2070 1601; x_wconf 88' lang='lat' dir='ltr'><strong>pontiﬁcem</strong></span> 
     </span>
    </p>
   </div>
   <div class='ocr_carea' id='block_1_18' title="bbox 490 1618 2072 1695">
    <p class='ocr_par' dir='ltr' id='par_1_18' title="bbox 490 1618 2072 1695">
     <span class='ocr_line' id='line_1_18' title="bbox 490 1618 2072 1695; baseline 0.006 -27"><span class='ocrx_word' id='word_1_124' title='bbox 490 1630 769 1684; x_wconf 89' lang='lat' dir='ltr'><strong>magnum,</strong></span> <span class='ocrx_word' id='word_1_125' title='bbox 815 1628 876 1672; x_wconf 93' lang='lat' dir='ltr'><strong>ut</strong></span> <span class='ocrx_word' id='word_1_126' title='bbox 923 1618 1121 1674; x_wconf 80' lang='lat' dir='ltr'><strong>oﬂ‘erat</strong></span> <span class='ocrx_word' id='word_1_127' title='bbox 1151 1620 1454 1679; x_wconf 43' lang='lat' dir='ltr'><strong>{incensum</strong></span> <span class='ocrx_word' id='word_1_128' title='bbox 1506 1623 1560 1676; x_wconf 92' lang='lat' dir='ltr'><strong>in</strong></span> <span class='ocrx_word' id='word_1_129' title='bbox 1602 1624 1801 1677; x_wconf 77' lang='lat' dir='ltr'><strong>castris</strong></span> <span class='ocrx_word' id='word_1_130' title='bbox 1827 1623 1940 1695; x_wconf 89' lang='lat'><strong>(98)</strong></span> <span class='ocrx_word' id='word_1_131' title='bbox 1969 1665 1982 1687; x_wconf 90' lang='lat'><strong>,</strong></span> <span class='ocrx_word' id='word_1_132' title='bbox 2017 1634 2072 1678; x_wconf 90' lang='lat' dir='ltr'><strong>et</strong></span> 
     </span>
    </p>
   </div>
   <div class='ocr_carea' id='block_1_19' title="bbox 486 1695 2142 1787">
    <p class='ocr_par' dir='ltr' id='par_1_19' title="bbox 486 1695 2142 1787">
     <span class='ocr_line' id='line_1_19' title="bbox 486 1695 2142 1787; baseline 0.006 -26"><span class='ocrx_word' id='word_1_133' title='bbox 486 1718 677 1762; x_wconf 85' lang='lat' dir='ltr'><strong>exoret</strong></span> <span class='ocrx_word' id='word_1_134' title='bbox 704 1724 801 1778; x_wconf 91' lang='lat' dir='ltr'><strong>pro</strong></span> <span class='ocrx_word' id='word_1_135' title='bbox 831 1711 1044 1780; x_wconf 83' lang='lat' dir='ltr'><strong>pepulo.</strong></span> <span class='ocrx_word' id='word_1_136' title='bbox 1079 1711 1198 1766; x_wconf 82' lang='lat' dir='ltr'><strong>Jam</strong></span> <span class='ocrx_word' id='word_1_137' title='bbox 1231 1714 1396 1780; x_wconf 83' lang='lat' dir='ltr'><strong>enim,</strong></span> <span class='ocrx_word' id='word_1_138' title='bbox 1433 1714 1624 1784; x_wconf 88' lang='lat' dir='ltr'><strong>inquit,</strong></span> <span class='ocrx_word' id='word_1_139' title='bbox 1656 1718 1858 1770; x_wconf 85' lang='lat' dir='ltr'><strong>vastari</strong></span> <span class='ocrx_word' id='word_1_140' title='bbox 1890 1731 2060 1787; x_wconf 84' lang='lat' dir='ltr'><strong>pOpu-</strong></span> <span class='ocrx_word' id='word_1_141' title='bbox 2099 1695 2142 1749; x_wconf 80' lang='grc' dir='ltr'><strong>Β</strong></span> 
     </span>
    </p>
   </div>
   <div class='ocr_carea' id='block_1_20' title="bbox 486 1796 2065 1876">
    <p class='ocr_par' dir='ltr' id='par_1_20' title="bbox 486 1796 2065 1876">
     <span class='ocr_line' id='line_1_20' title="bbox 486 1796 2065 1876; baseline 0.009 -28"><span class='ocrx_word' id='word_1_142' title='bbox 486 1796 573 1852; x_wconf 92' lang='lat' dir='ltr'><strong>lus</strong></span> <span class='ocrx_word' id='word_1_143' title='bbox 607 1798 788 1866; x_wconf 70' lang='lat' dir='ltr'><strong>cmpit.</strong></span> <span class='ocrx_word' id='word_1_144' title='bbox 837 1799 890 1853; x_wconf 93' lang='lat' dir='ltr'><strong>In</strong></span> <span class='ocrx_word' id='word_1_145' title='bbox 924 1801 1116 1870; x_wconf 89' lang='lat' dir='ltr'><strong>spiritu</strong></span> <span class='ocrx_word' id='word_1_146' title='bbox 1151 1802 1369 1858; x_wconf 84' lang='lat' dir='ltr'><strong>videbat</strong></span> <span class='ocrx_word' id='word_1_147' title='bbox 1407 1803 1617 1874; x_wconf 82' lang='lat' dir='ltr'><strong>Moyses</strong></span> <span class='ocrx_word' id='word_1_148' title='bbox 1645 1821 1762 1874; x_wconf 69' lang='lat' dir='ltr'><strong>qua:</strong></span> <span class='ocrx_word' id='word_1_149' title='bbox 1803 1808 2065 1876; x_wconf 88' lang='lat' dir='ltr'><strong>gereban-</strong></span> 
     </span>
    </p>
   </div>
   <div class='ocr_carea' id='block_1_21' title="bbox 489 1889 2064 1961">
    <p class='ocr_par' dir='ltr' id='par_1_21' title="bbox 489 1889 2064 1961">
     <span class='ocr_line' id='line_1_21' title="bbox 489 1889 2064 1961; baseline 0.008 -21"><span class='ocrx_word' id='word_1_150' title='bbox 489 1898 597 1942; x_wconf 86' lang='lat' dir='ltr'><strong>tur.</strong></span> <span class='ocrx_word' id='word_1_151' title='bbox 633 1889 776 1944; x_wconf 82' lang='lat' dir='ltr'><strong>Vidit</strong></span> <span class='ocrx_word' id='word_1_152' title='bbox 809 1891 1064 1946; x_wconf 87' lang='lat' dir='ltr'><strong>virtutem</strong></span> <span class='ocrx_word' id='word_1_153' title='bbox 1111 1893 1292 1948; x_wconf 83' lang='lat' dir='ltr'><strong>exisse</strong></span> <span class='ocrx_word' id='word_1_154' title='bbox 1337 1895 1402 1948; x_wconf 91' lang='lat' dir='ltr'><strong>ad</strong></span> <span class='ocrx_word' id='word_1_155' title='bbox 1443 1907 1646 1961; x_wconf 89' lang='lat' dir='ltr'><strong>castra,</strong></span> <span class='ocrx_word' id='word_1_156' title='bbox 1675 1905 1731 1950; x_wconf 91' lang='lat' dir='ltr'><strong>et</strong></span> <span class='ocrx_word' id='word_1_157' title='bbox 1763 1907 1972 1951; x_wconf 83' lang='lat' dir='ltr'><strong>vastare</strong></span> <span class='ocrx_word' id='word_1_158' title='bbox 1999 1913 2064 1953; x_wconf 88' lang='lat' dir='ltr'><strong>ac</strong></span> 
     </span>
    </p>
   </div>
   <div class='ocr_carea' id='block_1_22' title="bbox 488 1979 2063 2058">
    <p class='ocr_par' dir='ltr' id='par_1_22' title="bbox 488 1979 2063 2058">
     <span class='ocr_line' id='line_1_22' title="bbox 488 1979 2063 2058; baseline 0.006 -26"><span class='ocrx_word' id='word_1_159' title='bbox 488 1979 756 2045; x_wconf 83' lang='lat' dir='ltr'><strong>perimere</strong></span> <span class='ocrx_word' id='word_1_160' title='bbox 795 1994 1150 2050; x_wconf 87' lang='lat' dir='ltr'><strong>peccatores;</strong></span> <span class='ocrx_word' id='word_1_161' title='bbox 1178 1996 1229 2039; x_wconf 88' lang='lat' dir='ltr'><strong>et</strong></span> <span class='ocrx_word' id='word_1_162' title='bbox 1271 1995 1493 2054; x_wconf 80' lang='lat' dir='ltr'><strong>prapter</strong></span> <span class='ocrx_word' id='word_1_163' title='bbox 1521 1986 1621 2041; x_wconf 93' lang='lat' dir='ltr'><strong>hoc</strong></span> <span class='ocrx_word' id='word_1_164' title='bbox 1655 1988 1901 2041; x_wconf 89' lang='lat' dir='ltr'><strong>hortatur</strong></span> <span class='ocrx_word' id='word_1_165' title='bbox 1929 2005 2063 2058; x_wconf 88' lang='lat' dir='ltr'><strong>pon-</strong></span> 
     </span>
    </p>
   </div>
   <div class='ocr_carea' id='block_1_23' title="bbox 485 2069 2058 2146">
    <p class='ocr_par' dir='ltr' id='par_1_23' title="bbox 485 2069 2058 2146">
     <span class='ocr_line' id='line_1_23' title="bbox 485 2069 2058 2146; baseline 0.006 -24"><span class='ocrx_word' id='word_1_166' title='bbox 485 2069 686 2122; x_wconf 88' lang='lat' dir='ltr'><strong>tiﬁcem</strong></span> <span class='ocrx_word' id='word_1_167' title='bbox 706 2088 980 2130; x_wconf 86' lang='lat' dir='ltr'><strong>assumere</strong></span> <span class='ocrx_word' id='word_1_168' title='bbox 1005 2075 1271 2140; x_wconf 85' lang='lat' dir='ltr'><strong>batillum,</strong></span> <span class='ocrx_word' id='word_1_169' title='bbox 1299 2077 1473 2145; x_wconf 90' lang='lat' dir='ltr'><strong>ignem</strong></span> <span class='ocrx_word' id='word_1_170' title='bbox 1501 2077 1564 2130; x_wconf 91' lang='lat' dir='ltr'><strong>de</strong></span> <span class='ocrx_word' id='word_1_171' title='bbox 1587 2076 1740 2130; x_wconf 89' lang='lat' dir='ltr'><strong>altari</strong></span> <span class='ocrx_word' id='word_1_172' title='bbox 1766 2079 2058 2146; x_wconf 88' lang='lat' dir='ltr'><strong>imponere,</strong></span> 
     </span>
    </p>
   </div>
   <div class='ocr_carea' id='block_1_24' title="bbox 485 2165 2058 2239">
    <p class='ocr_par' dir='ltr' id='par_1_24' title="bbox 485 2165 2058 2239">
     <span class='ocr_line' id='line_1_24' title="bbox 485 2165 2058 2239; baseline 0.004 -23"><span class='ocrx_word' id='word_1_173' title='bbox 485 2174 651 2231; x_wconf 89' lang='lat' dir='ltr'><strong>atque</strong></span> <span class='ocrx_word' id='word_1_174' title='bbox 677 2165 896 2221; x_wconf 88' lang='lat' dir='ltr'><strong>incenso</strong></span> <span class='ocrx_word' id='word_1_175' title='bbox 925 2169 1228 2239; x_wconf 73' lang='lat' dir='ltr'><strong>superiecto</strong></span> <span class='ocrx_word' id='word_1_176' title='bbox 1246 2171 1393 2223; x_wconf 87' lang='lat' dir='ltr'><strong>exire</strong></span> <span class='ocrx_word' id='word_1_177' title='bbox 1418 2177 1471 2223; x_wconf 91' lang='lat' dir='ltr'><strong>et</strong></span> <span class='ocrx_word' id='word_1_178' title='bbox 1495 2179 1640 2223; x_wconf 88' lang='lat' dir='ltr'><strong>stare</strong></span> <span class='ocrx_word' id='word_1_179' title='bbox 1657 2170 1798 2222; x_wconf 91' lang='lat' dir='ltr'><strong>inter</strong></span> <span class='ocrx_word' id='word_1_180' title='bbox 1823 2168 2058 2223; x_wconf 90' lang='lat' dir='ltr'><strong>medium</strong></span> 
     </span>
    </p>
   </div>
   <div class='ocr_carea' id='block_1_25' title="bbox 485 2259 2060 2328">
    <p class='ocr_par' dir='ltr' id='par_1_25' title="bbox 485 2259 2060 2328">
     <span class='ocr_line' id='line_1_25' title="bbox 485 2259 2060 2328; baseline 0.003 -20"><span class='ocrx_word' id='word_1_181' title='bbox 485 2266 820 2311; x_wconf 83' lang='lat' dir='ltr'><strong>mortuorum</strong></span> <span class='ocrx_word' id='word_1_182' title='bbox 854 2269 908 2314; x_wconf 90' lang='lat' dir='ltr'><strong>et</strong></span> <span class='ocrx_word' id='word_1_183' title='bbox 944 2261 1220 2323; x_wconf 89' lang='lat' dir='ltr'><strong>vivorum,</strong></span> <span class='ocrx_word' id='word_1_184' title='bbox 1256 2276 1322 2314; x_wconf 92' lang='lat' dir='ltr'><strong>ne</strong></span> <span class='ocrx_word' id='word_1_185' title='bbox 1356 2260 1496 2313; x_wconf 91' lang='lat' dir='ltr'><strong>ultra</strong></span> <span class='ocrx_word' id='word_1_186' title='bbox 1523 2261 1783 2328; x_wconf 87' lang='lat' dir='ltr'><strong>procedat</strong></span> <span class='ocrx_word' id='word_1_187' title='bbox 1807 2259 2060 2322; x_wconf 84' lang='lat' dir='ltr'><strong>vastatio,</strong></span> 
     </span>
    </p>
   </div>
   <div class='ocr_carea' id='block_1_26' title="bbox 484 2349 2061 2421">
    <p class='ocr_par' dir='ltr' id='par_1_26' title="bbox 484 2349 2061 2421">
     <span class='ocr_line' id='line_1_26' title="bbox 484 2349 2061 2421; baseline 0.004 -23"><span class='ocrx_word' id='word_1_188' title='bbox 484 2349 572 2401; x_wconf 88' lang='lat' dir='ltr'><strong>vel</strong></span> <span class='ocrx_word' id='word_1_189' title='bbox 602 2361 770 2413; x_wconf 85' lang='lat' dir='ltr'><strong>certe,</strong></span> <span class='ocrx_word' id='word_1_190' title='bbox 795 2359 852 2405; x_wconf 90' lang='lat' dir='ltr'><strong>ut</strong></span> <span class='ocrx_word' id='word_1_191' title='bbox 883 2353 1064 2407; x_wconf 88' lang='lat' dir='ltr'><strong>verius</strong></span> <span class='ocrx_word' id='word_1_192' title='bbox 1093 2354 1254 2408; x_wconf 83' lang='lat' dir='ltr'><strong>habet</strong></span> <span class='ocrx_word' id='word_1_193' title='bbox 1283 2368 1342 2407; x_wconf 90' lang='lat' dir='ltr'><strong>se</strong></span> <span class='ocrx_word' id='word_1_194' title='bbox 1378 2351 1670 2421; x_wconf 70' lang='lat' dir='ltr'><strong>Scriptum</strong></span> <span class='ocrx_word' id='word_1_195' title='bbox 1700 2368 1897 2415; x_wconf 89' lang='lat' dir='ltr'><strong>sermo,</strong></span> <span class='ocrx_word' id='word_1_196' title='bbox 1932 2368 2061 2406; x_wconf 90' lang='lat' dir='ltr'><strong>con—</strong></span> 
     </span>
    </p>
   </div>
   <div class='ocr_carea' id='block_1_27' title="bbox 486 2441 844 2513">
    <p class='ocr_par' dir='ltr' id='par_1_27' title="bbox 486 2441 844 2513">
     <span class='ocr_line' id='line_1_27' title="bbox 486 2441 844 2513; baseline 0.011 -19"><span class='ocrx_word' id='word_1_197' title='bbox 486 2441 680 2496; x_wconf 77' lang='lat' dir='ltr'><strong>fractio</strong></span> <span class='ocrx_word' id='word_1_198' title='bbox 711 2443 844 2513; x_wconf 86' lang='lat'><strong>(99).</strong></span> 
     </span>
    </p>
   </div>
   <div class='ocr_carea' id='block_1_28' title="bbox 556 2535 2061 2607">
    <p class='ocr_par' dir='ltr' id='par_1_28' title="bbox 556 2535 2061 2607">
     <span class='ocr_line' id='line_1_28' title="bbox 556 2535 2061 2607; baseline -0.002 -18"><span class='ocrx_word' id='word_1_199' title='bbox 556 2537 607 2589; x_wconf 81' lang='lat'><strong>5.</strong></span> <span class='ocrx_word' id='word_1_200' title='bbox 663 2535 768 2589; x_wconf 85' lang='lat' dir='ltr'><strong>Sed</strong></span> <span class='ocrx_word' id='word_1_201' title='bbox 801 2537 997 2605; x_wconf 88' lang='lat' dir='ltr'><strong>primo,</strong></span> <span class='ocrx_word' id='word_1_202' title='bbox 1028 2536 1070 2591; x_wconf 91' lang='lat' dir='ltr'><strong>si</strong></span> <span class='ocrx_word' id='word_1_203' title='bbox 1108 2537 1340 2602; x_wconf 90' lang='lat' dir='ltr'><strong>videtur,</strong></span> <span class='ocrx_word' id='word_1_204' title='bbox 1373 2537 1613 2592; x_wconf 70' lang='lat' dir='ltr'><strong>historiae</strong></span> <span class='ocrx_word' id='word_1_205' title='bbox 1657 2537 1825 2607; x_wconf 90' lang='lat' dir='ltr'><strong>ipsius</strong></span> <span class='ocrx_word' id='word_1_206' title='bbox 1870 2536 2061 2605; x_wconf 80' lang='lat' dir='ltr'><strong>imagi—</strong></span> 
     </span>
    </p>
   </div>
   <div class='ocr_carea' id='block_1_29' title="bbox 488 2626 2061 2698">
    <p class='ocr_par' dir='ltr' id='par_1_29' title="bbox 488 2626 2061 2698">
     <span class='ocr_line' id='line_1_29' title="bbox 488 2626 2061 2698; baseline 0 -20"><span class='ocrx_word' id='word_1_207' title='bbox 488 2642 610 2680; x_wconf 88' lang='lat' dir='ltr'><strong>nem</strong></span> <span class='ocrx_word' id='word_1_208' title='bbox 643 2626 1014 2680; x_wconf 90' lang='lat' dir='ltr'><strong>describamus</strong></span> <span class='ocrx_word' id='word_1_209' title='bbox 1041 2667 1056 2694; x_wconf 95' lang='lat'><strong>,</strong></span> <span class='ocrx_word' id='word_1_210' title='bbox 1093 2635 1151 2680; x_wconf 89' lang='lat' dir='ltr'><strong>ut</strong></span> <span class='ocrx_word' id='word_1_211' title='bbox 1180 2641 1301 2680; x_wconf 90' lang='lat' dir='ltr'><strong>cum</strong></span> <span class='ocrx_word' id='word_1_212' title='bbox 1334 2627 1409 2681; x_wconf 92' lang='lat' dir='ltr'><strong>rei</strong></span> <span class='ocrx_word' id='word_1_213' title='bbox 1455 2638 1615 2696; x_wconf 65' lang='lat' dir='ltr'><strong>gestae</strong></span> <span class='ocrx_word' id='word_1_214' title='bbox 1655 2629 1864 2697; x_wconf 89' lang='lat' dir='ltr'><strong>species</strong></span> <span class='ocrx_word' id='word_1_215' title='bbox 1895 2644 2061 2698; x_wconf 86' lang='lat' dir='ltr'><strong>appa-</strong></span> 
     </span>
    </p>
   </div>
   <div class='ocr_carea' id='block_1_30' title="bbox 487 2718 2061 2790">
    <p class='ocr_par' dir='ltr' id='par_1_30' title="bbox 487 2718 2061 2790">
     <span class='ocr_line' id='line_1_30' title="bbox 487 2718 2061 2790; baseline 0.004 -22"><span class='ocrx_word' id='word_1_216' title='bbox 487 2718 692 2780; x_wconf 83' lang='lat' dir='ltr'><strong>ruerit,</strong></span> <span class='ocrx_word' id='word_1_217' title='bbox 731 2727 859 2771; x_wconf 92' lang='lat' dir='ltr'><strong>tunc</strong></span> <span class='ocrx_word' id='word_1_218' title='bbox 888 2718 1104 2772; x_wconf 87' lang='lat' dir='ltr'><strong>demum</strong></span> <span class='ocrx_word' id='word_1_219' title='bbox 1138 2719 1304 2772; x_wconf 88' lang='lat' dir='ltr'><strong>etiam</strong></span> <span class='ocrx_word' id='word_1_220' title='bbox 1337 2719 1380 2772; x_wconf 90' lang='lat' dir='ltr'><strong>si</strong></span> <span class='ocrx_word' id='word_1_221' title='bbox 1425 2719 1553 2790; x_wconf 89' lang='lat' dir='ltr'><strong>quid</strong></span> <span class='ocrx_word' id='word_1_222' title='bbox 1599 2729 1683 2773; x_wconf 88' lang='lat' dir='ltr'><strong>est</strong></span> <span class='ocrx_word' id='word_1_223' title='bbox 1715 2719 1765 2773; x_wconf 91' lang='lat' dir='ltr'><strong>in</strong></span> <span class='ocrx_word' id='word_1_224' title='bbox 1798 2720 1901 2774; x_wconf 89' lang='lat' dir='ltr'><strong>hoc</strong></span> <span class='ocrx_word' id='word_1_225' title='bbox 1943 2719 2061 2774; x_wconf 88' lang='lat' dir='ltr'><strong>loco</strong></span> 
     </span>
    </p>
   </div>
   <div class='ocr_carea' id='block_1_31' title="bbox 487 2808 2057 2880">
    <p class='ocr_par' dir='ltr' id='par_1_31' title="bbox 487 2808 2057 2880">
     <span class='ocr_line' id='line_1_31' title="bbox 487 2808 2057 2880; baseline 0.001 -17"><span class='ocrx_word' id='word_1_226' title='bbox 487 2809 778 2880; x_wconf 82' lang='lat' dir='ltr'><strong>mySticum</strong></span> <span class='ocrx_word' id='word_1_227' title='bbox 809 2809 1167 2876; x_wconf 83' lang='lat' dir='ltr'><strong>requiramus.</strong></span> <span class='ocrx_word' id='word_1_228' title='bbox 1197 2808 1443 2878; x_wconf 82' lang='lat' dir='ltr'><strong>lntellige</strong></span> <span class='ocrx_word' id='word_1_229' title='bbox 1467 2824 1596 2879; x_wconf 89' lang='lat' dir='ltr'><strong>ergo</strong></span> <span class='ocrx_word' id='word_1_230' title='bbox 1627 2811 1877 2879; x_wconf 91' lang='lat' dir='ltr'><strong>populum</strong></span> <span class='ocrx_word' id='word_1_231' title='bbox 1911 2811 2057 2864; x_wconf 92' lang='lat' dir='ltr'><strong>illum</strong></span> 
     </span>
    </p>
   </div>
   <div class='ocr_carea' id='block_1_32' title="bbox 485 2901 2060 2972">
    <p class='ocr_par' dir='ltr' id='par_1_32' title="bbox 485 2901 2060 2972">
     <span class='ocr_line' id='line_1_32' title="bbox 485 2901 2060 2972; baseline 0.001 -17"><span class='ocrx_word' id='word_1_232' title='bbox 485 2901 647 2955; x_wconf 83' lang='lat' dir='ltr'><strong>Israel</strong></span> <span class='ocrx_word' id='word_1_233' title='bbox 684 2902 735 2954; x_wconf 90' lang='lat' dir='ltr'><strong>in</strong></span> <span class='ocrx_word' id='word_1_234' title='bbox 764 2902 958 2957; x_wconf 86' lang='lat' dir='ltr'><strong>castris</strong></span> <span class='ocrx_word' id='word_1_235' title='bbox 985 2916 1080 2970; x_wconf 88' lang='lat' dir='ltr'><strong>per</strong></span> <span class='ocrx_word' id='word_1_236' title='bbox 1109 2902 1325 2957; x_wconf 87' lang='lat' dir='ltr'><strong>ordines</strong></span> <span class='ocrx_word' id='word_1_237' title='bbox 1360 2901 1591 2955; x_wconf 88' lang='lat' dir='ltr'><strong>tribmnn</strong></span> <span class='ocrx_word' id='word_1_238' title='bbox 1624 2901 2060 2972; x_wconf 79' lang='lat' dir='ltr'><strong>familiarumque</strong></span> 
     </span>
    </p>
   </div>
   <div class='ocr_carea' id='block_1_33' title="bbox 487 2991 2056 3061">
    <p class='ocr_par' dir='ltr' id='par_1_33' title="bbox 487 2991 2056 3061">
     <span class='ocr_line' id='line_1_33' title="bbox 487 2991 2056 3061; baseline 0.002 -17"><span class='ocrx_word' id='word_1_239' title='bbox 487 2991 830 3061; x_wconf 90' lang='lat' dir='ltr'><strong>dispositum,</strong></span> <span class='ocrx_word' id='word_1_240' title='bbox 855 2993 1107 3045; x_wconf 84' lang='lat' dir='ltr'><strong>virtutem</strong></span> <span class='ocrx_word' id='word_1_241' title='bbox 1138 3007 1265 3046; x_wconf 90' lang='lat' dir='ltr'><strong>vero</strong></span> <span class='ocrx_word' id='word_1_242' title='bbox 1297 2993 1583 3060; x_wconf 82' lang='lat' dir='ltr'><strong>quamdam</strong></span> <span class='ocrx_word' id='word_1_243' title='bbox 1618 3008 1646 3045; x_wconf 90' lang='lat' dir='ltr'><strong>a</strong></span> <span class='ocrx_word' id='word_1_244' title='bbox 1677 2993 1787 3047; x_wconf 90' lang='lat' dir='ltr'><strong>Deo</strong></span> <span class='ocrx_word' id='word_1_245' title='bbox 1817 2995 2056 3056; x_wconf 89' lang='lat' dir='ltr'><strong>missam,</strong></span> 
     </span>
    </p>
   </div>
   <div class='ocr_carea' id='block_1_34' title="bbox 489 3082 2063 3153">
    <p class='ocr_par' dir='ltr' id='par_1_34' title="bbox 489 3082 2063 3153">
     <span class='ocr_line' id='line_1_34' title="bbox 489 3082 2063 3153; baseline 0.004 -19"><span class='ocrx_word' id='word_1_246' title='bbox 489 3097 595 3136; x_wconf 91' lang='lat' dir='ltr'><strong>non</strong></span> <span class='ocrx_word' id='word_1_247' title='bbox 640 3083 912 3152; x_wconf 85' lang='lat' dir='ltr'><strong>sparsim,</strong></span> <span class='ocrx_word' id='word_1_248' title='bbox 959 3082 1052 3136; x_wconf 90' lang='lat' dir='ltr'><strong>sed</strong></span> <span class='ocrx_word' id='word_1_249' title='bbox 1100 3097 1168 3137; x_wconf 77' lang='lat' dir='ltr'><strong>ex</strong></span> <span class='ocrx_word' id='word_1_250' title='bbox 1203 3084 1375 3151; x_wconf 87' lang='lat' dir='ltr'><strong>prima</strong></span> <span class='ocrx_word' id='word_1_251' title='bbox 1428 3083 1606 3152; x_wconf 89' lang='lat' dir='ltr'><strong>aliqua</strong></span> <span class='ocrx_word' id='word_1_252' title='bbox 1652 3094 1805 3151; x_wconf 89' lang='lat' dir='ltr'><strong>parte</strong></span> <span class='ocrx_word' id='word_1_253' title='bbox 1835 3085 2063 3153; x_wconf 70' lang='lat' dir='ltr'><strong>cmpisse</strong></span> 
     </span>
    </p>
   </div>
   <div class='ocr_carea' id='block_1_35' title="bbox 486 3174 2062 3245">
    <p class='ocr_par' dir='ltr' id='par_1_35' title="bbox 486 3174 2062 3245">
     <span class='ocr_line' id='line_1_35' title="bbox 486 3174 2062 3245; baseline 0.001 -18"><span class='ocrx_word' id='word_1_254' title='bbox 486 3174 741 3244; x_wconf 89' lang='lat' dir='ltr'><strong>populum</strong></span> <span class='ocrx_word' id='word_1_255' title='bbox 779 3183 954 3228; x_wconf 90' lang='lat' dir='ltr'><strong>morte</strong></span> <span class='ocrx_word' id='word_1_256' title='bbox 984 3183 1228 3239; x_wconf 90' lang='lat' dir='ltr'><strong>vastare,</strong></span> <span class='ocrx_word' id='word_1_257' title='bbox 1270 3182 1325 3229; x_wconf 91' lang='lat' dir='ltr'><strong>et</strong></span> <span class='ocrx_word' id='word_1_258' title='bbox 1359 3174 1741 3243; x_wconf 89' lang='lat' dir='ltr'><strong>procedentem</strong></span> <span class='ocrx_word' id='word_1_259' title='bbox 1770 3190 1866 3245; x_wconf 92' lang='lat' dir='ltr'><strong>per</strong></span> <span class='ocrx_word' id='word_1_260' title='bbox 1911 3176 2062 3231; x_wconf 85' lang='lat' dir='ltr'><strong>ordi-</strong></span> 
     </span>
    </p>
   </div>
   <div class='ocr_carea' id='block_1_36' title="bbox 486 3264 2060 3337">
    <p class='ocr_par' dir='ltr' id='par_1_36' title="bbox 486 3264 2060 3337">
     <span class='ocr_line' id='line_1_36' title="bbox 486 3264 2060 3337; baseline 0.003 -18"><span class='ocrx_word' id='word_1_261' title='bbox 486 3282 612 3320; x_wconf 91' lang='lat' dir='ltr'><strong>nem</strong></span> <span class='ocrx_word' id='word_1_262' title='bbox 646 3266 837 3320; x_wconf 90' lang='lat' dir='ltr'><strong>mortis</strong></span> <span class='ocrx_word' id='word_1_263' title='bbox 882 3275 1118 3335; x_wconf 78' lang='lat' dir='ltr'><strong>stragem</strong></span> <span class='ocrx_word' id='word_1_264' title='bbox 1165 3266 1469 3320; x_wconf 86' lang='lat' dir='ltr'><strong>considera.</strong></span> <span class='ocrx_word' id='word_1_265' title='bbox 1519 3264 1646 3320; x_wconf 84' lang='lat' dir='ltr'><strong>Post</strong></span> <span class='ocrx_word' id='word_1_266' title='bbox 1700 3268 1812 3322; x_wconf 79' lang='lat' dir='ltr'><strong>haec</strong></span> <span class='ocrx_word' id='word_1_267' title='bbox 1842 3270 2060 3337; x_wconf 87' lang='lat' dir='ltr'><strong>pontiﬁ—</strong></span> 
     </span>
    </p>
   </div>
   <div class='ocr_carea' id='block_1_37' title="bbox 489 3341 2062 3431">
    <p class='ocr_par' dir='ltr' id='par_1_37' title="bbox 489 3341 2062 3431">
     <span class='ocr_line' id='line_1_37' title="bbox 489 3341 2062 3431; baseline 0.001 -17"><span class='ocrx_word' id='word_1_268' title='bbox 489 3375 608 3414; x_wconf 88' lang='lat' dir='ltr'><strong>cem</strong></span> <span class='ocrx_word' id='word_1_269' title='bbox 641 3341 886 3412; x_wconf 86' lang='lat' dir='ltr'><strong>indutum</strong></span> <span class='ocrx_word' id='word_1_270' title='bbox 918 3367 1070 3411; x_wconf 90' lang='lat' dir='ltr'><strong>veste</strong></span> <span class='ocrx_word' id='word_1_271' title='bbox 1099 3358 1389 3427; x_wconf 88' lang='lat' dir='ltr'><strong>pontiﬁcali</strong></span> <span class='ocrx_word' id='word_1_272' title='bbox 1418 3361 1730 3428; x_wconf 89' lang='lat' dir='ltr'><strong>procedere,</strong></span> <span class='ocrx_word' id='word_1_273' title='bbox 1761 3369 1814 3416; x_wconf 91' lang='lat' dir='ltr'><strong>et</strong></span> <span class='ocrx_word' id='word_1_274' title='bbox 1838 3372 2062 3431; x_wconf 89' lang='lat' dir='ltr'><strong>portan-</strong></span> 
     </span>
    </p>
   </div>
   <div class='ocr_carea' id='block_1_38' title="bbox 490 3449 2063 3522">
    <p class='ocr_par' dir='ltr' id='par_1_38' title="bbox 490 3449 2063 3522">
     <span class='ocr_line' id='line_1_38' title="bbox 490 3449 2063 3522; baseline 0.004 -19"><span class='ocrx_word' id='word_1_275' title='bbox 490 3459 597 3504; x_wconf 88' lang='lat' dir='ltr'><strong>tem</strong></span> <span class='ocrx_word' id='word_1_276' title='bbox 631 3449 896 3515; x_wconf 82' lang='lat' dir='ltr'><strong>batillum,</strong></span> <span class='ocrx_word' id='word_1_277' title='bbox 923 3460 1087 3518; x_wconf 91' lang='lat' dir='ltr'><strong>atque</strong></span> <span class='ocrx_word' id='word_1_278' title='bbox 1121 3449 1294 3518; x_wconf 81' lang='lat' dir='ltr'><strong>ignem</strong></span> <span class='ocrx_word' id='word_1_279' title='bbox 1327 3466 1446 3504; x_wconf 91' lang='lat' dir='ltr'><strong>cum</strong></span> <span class='ocrx_word' id='word_1_280' title='bbox 1480 3452 1722 3522; x_wconf 88' lang='lat' dir='ltr'><strong>incenso,</strong></span> <span class='ocrx_word' id='word_1_281' title='bbox 1752 3454 1972 3510; x_wconf 89' lang='lat' dir='ltr'><strong>tendere</strong></span> <span class='ocrx_word' id='word_1_282' title='bbox 1996 3455 2063 3510; x_wconf 87' lang='lat' dir='ltr'><strong>ad</strong></span> 
     </span>
    </p>
   </div>
   <div class='ocr_carea' id='block_1_39' title="bbox 488 3541 2062 3612">
    <p class='ocr_par' dir='ltr' id='par_1_39' title="bbox 488 3541 2062 3612">
     <span class='ocr_line' id='line_1_39' title="bbox 488 3541 2062 3612; baseline 0.004 -16"><span class='ocrx_word' id='word_1_283' title='bbox 488 3544 636 3596; x_wconf 89' lang='lat' dir='ltr'><strong>illum</strong></span> <span class='ocrx_word' id='word_1_284' title='bbox 693 3541 867 3594; x_wconf 91' lang='lat' dir='ltr'><strong>locum</strong></span> <span class='ocrx_word' id='word_1_285' title='bbox 899 3581 914 3606; x_wconf 93' lang='lat'><strong>,</strong></span> <span class='ocrx_word' id='word_1_286' title='bbox 959 3557 1064 3612; x_wconf 90' lang='lat' dir='ltr'><strong>quo</strong></span> <span class='ocrx_word' id='word_1_287' title='bbox 1113 3556 1208 3610; x_wconf 90' lang='lat' dir='ltr'><strong>per</strong></span> <span class='ocrx_word' id='word_1_288' title='bbox 1272 3543 1520 3612; x_wconf 84' lang='lat' dir='ltr'><strong>angelum</strong></span> <span class='ocrx_word' id='word_1_289' title='bbox 1561 3555 1864 3599; x_wconf 84' lang='lat' dir='ltr'><strong>vastantem</strong></span> <span class='ocrx_word' id='word_1_290' title='bbox 1917 3563 2062 3603; x_wconf 89' lang='lat' dir='ltr'><strong>mors</strong></span> 
     </span>
    </p>
   </div>
   <div class='ocr_carea' id='block_1_40' title="bbox 486 3634 2063 3701">
    <p class='ocr_par' dir='ltr' id='par_1_40' title="bbox 486 3634 2063 3701">
     <span class='ocr_line' id='line_1_40' title="bbox 486 3634 2063 3701; baseline 0.003 -13"><span class='ocrx_word' id='word_1_291' title='bbox 486 3634 632 3688; x_wconf 90' lang='lat' dir='ltr'><strong>illata</strong></span> <span class='ocrx_word' id='word_1_292' title='bbox 665 3637 1022 3701; x_wconf 81' lang='lat' dir='ltr'><strong>pervenerat,</strong></span> <span class='ocrx_word' id='word_1_293' title='bbox 1061 3643 1116 3688; x_wconf 92' lang='lat' dir='ltr'><strong>et</strong></span> <span class='ocrx_word' id='word_1_294' title='bbox 1145 3641 1379 3687; x_wconf 90' lang='lat' dir='ltr'><strong>stantem</strong></span> <span class='ocrx_word' id='word_1_295' title='bbox 1410 3635 1460 3688; x_wconf 91' lang='lat' dir='ltr'><strong>in</strong></span> <span class='ocrx_word' id='word_1_296' title='bbox 1507 3649 1572 3689; x_wconf 90' lang='lat' dir='ltr'><strong>eo</strong></span> <span class='ocrx_word' id='word_1_297' title='bbox 1603 3635 1722 3689; x_wconf 93' lang='lat' dir='ltr'><strong>loco</strong></span> <span class='ocrx_word' id='word_1_298' title='bbox 1745 3677 1760 3700; x_wconf 93' lang='lat'><strong>,</strong></span> <span class='ocrx_word' id='word_1_299' title='bbox 1796 3635 1882 3690; x_wconf 89' lang='lat' dir='ltr'><strong>ubi</strong></span> <span class='ocrx_word' id='word_1_300' title='bbox 1919 3653 2063 3692; x_wconf 89' lang='lat' dir='ltr'><strong>mors</strong></span> 
     </span>
    </p>
   </div>
   <div class='ocr_carea' id='block_1_41' title="bbox 487 3725 2064 3798">
    <p class='ocr_par' dir='ltr' id='par_1_41' title="bbox 487 3725 2064 3798">
     <span class='ocr_line' id='line_1_41' title="bbox 487 3725 2064 3798; baseline 0.001 -15"><span class='ocrx_word' id='word_1_301' title='bbox 487 3728 648 3784; x_wconf 87' lang='lat' dir='ltr'><strong>ﬁnem</strong></span> <span class='ocrx_word' id='word_1_302' title='bbox 684 3725 904 3780; x_wconf 88' lang='lat' dir='ltr'><strong>dederat</strong></span> <span class='ocrx_word' id='word_1_303' title='bbox 936 3727 1126 3797; x_wconf 86' lang='lat' dir='ltr'><strong>primis</strong></span> <span class='ocrx_word' id='word_1_304' title='bbox 1150 3767 1165 3792; x_wconf 95' lang='lat'><strong>,</strong></span> <span class='ocrx_word' id='word_1_305' title='bbox 1202 3736 1255 3781; x_wconf 90' lang='lat' dir='ltr'><strong>et</strong></span> <span class='ocrx_word' id='word_1_306' title='bbox 1289 3736 1406 3782; x_wconf 90' lang='lat' dir='ltr'><strong>erat</strong></span> <span class='ocrx_word' id='word_1_307' title='bbox 1437 3728 1610 3782; x_wconf 91' lang='lat' dir='ltr'><strong>vicina</strong></span> <span class='ocrx_word' id='word_1_308' title='bbox 1643 3728 1952 3798; x_wconf 85' lang='lat' dir='ltr'><strong>postremis.</strong></span> <span class='ocrx_word' id='word_1_309' title='bbox 1981 3730 2064 3784; x_wconf 84' lang='lat' dir='ltr'><strong>l&#39;n-</strong></span> 
     </span>
    </p>
   </div>
   <div class='ocr_carea' id='block_1_42' title="bbox 490 3819 2062 3892">
    <p class='ocr_par' dir='ltr' id='par_1_42' title="bbox 490 3819 2062 3892">
     <span class='ocr_line' id='line_1_42' title="bbox 490 3819 2062 3892; baseline 0.004 -19"><span class='ocrx_word' id='word_1_310' title='bbox 490 3829 642 3873; x_wconf 90' lang='lat' dir='ltr'><strong>tuere</strong></span> <span class='ocrx_word' id='word_1_311' title='bbox 687 3827 921 3872; x_wconf 90' lang='lat' dir='ltr'><strong>stantem</strong></span> <span class='ocrx_word' id='word_1_312' title='bbox 969 3819 1278 3888; x_wconf 90' lang='lat' dir='ltr'><strong>pontiﬁcem</strong></span> <span class='ocrx_word' id='word_1_313' title='bbox 1304 3860 1331 3886; x_wconf 85' lang='lat'><strong>,_</strong></span> <span class='ocrx_word' id='word_1_314' title='bbox 1379 3830 1434 3875; x_wconf 88' lang='lat' dir='ltr'><strong>et</strong></span> <span class='ocrx_word' id='word_1_315' title='bbox 1477 3819 1781 3888; x_wconf 86' lang='lat' dir='ltr'><strong>objectione</strong></span> <span class='ocrx_word' id='word_1_316' title='bbox 1829 3826 2062 3892; x_wconf 88' lang='lat' dir='ltr'><strong>quadam</strong></span> 
     </span>
    </p>
   </div>
   <div class='ocr_carea' id='block_1_43' title="bbox 486 3911 2064 3980">
    <p class='ocr_par' dir='ltr' id='par_1_43' title="bbox 486 3911 2064 3980">
     <span class='ocr_line' id='line_1_43' title="bbox 486 3911 2064 3980; baseline 0.003 -13"><span class='ocrx_word' id='word_1_317' title='bbox 486 3913 594 3974; x_wconf 89' lang='lat' dir='ltr'><strong>sui,</strong></span> <span class='ocrx_word' id='word_1_318' title='bbox 631 3912 873 3966; x_wconf 89' lang='lat' dir='ltr'><strong>viventes</strong></span> <span class='ocrx_word' id='word_1_319' title='bbox 904 3926 934 3964; x_wconf 90' lang='lat' dir='ltr'><strong>a</strong></span> <span class='ocrx_word' id='word_1_320' title='bbox 969 3911 1200 3966; x_wconf 89' lang='lat' dir='ltr'><strong>mortuis</strong></span> <span class='ocrx_word' id='word_1_321' title='bbox 1229 3912 1609 3980; x_wconf 81' lang='lat' dir='ltr'><strong>dirimentem;</strong></span> <span class='ocrx_word' id='word_1_322' title='bbox 1641 3916 1902 3970; x_wconf 86' lang='lat' dir='ltr'><strong>virtutem</strong></span> <span class='ocrx_word' id='word_1_323' title='bbox 1934 3932 2064 3971; x_wconf 91' lang='lat' dir='ltr'><strong>vero</strong></span> 
     </span>
    </p>
   </div>
   <div class='ocr_carea' id='block_1_44' title="bbox 487 4000 2064 4075">
    <p class='ocr_par' dir='ltr' id='par_1_44' title="bbox 487 4000 2064 4075">
     <span class='ocr_line' id='line_1_44' title="bbox 487 4000 2064 4075; baseline 0.005 -20"><span class='ocrx_word' id='word_1_324' title='bbox 487 4002 945 4070; x_wconf 82' lang='lat' dir='ltr'><strong>repmpitiationis</strong></span> <span class='ocrx_word' id='word_1_325' title='bbox 965 4000 1104 4069; x_wconf 87' lang='lat' dir='ltr'><strong>ejus,</strong></span> <span class='ocrx_word' id='word_1_326' title='bbox 1123 4011 1176 4058; x_wconf 89' lang='lat' dir='ltr'><strong>et</strong></span> <span class='ocrx_word' id='word_1_327' title='bbox 1199 4002 1404 4058; x_wconf 90' lang='lat' dir='ltr'><strong>incensi</strong></span> <span class='ocrx_word' id='word_1_328' title='bbox 1430 4005 1749 4075; x_wconf 89' lang='lat' dir='ltr'><strong>mysterium</strong></span> <span class='ocrx_word' id='word_1_329' title='bbox 1779 4008 2064 4063; x_wconf 88' lang='lat' dir='ltr'><strong>erubuisse</strong></span> 
     </span>
    </p>
   </div>
   <div class='ocr_carea' id='block_1_45' title="bbox 485 4094 2062 4169">
    <p class='ocr_par' dir='ltr' id='par_1_45' title="bbox 485 4094 2062 4169">
     <span class='ocr_line' id='line_1_45' title="bbox 485 4094 2062 4169; baseline 0.003 -21"><span class='ocrx_word' id='word_1_330' title='bbox 485 4094 738 4164; x_wconf 79' lang='lat' dir='ltr'><strong>angelum</strong></span> <span class='ocrx_word' id='word_1_331' title='bbox 789 4103 1158 4159; x_wconf 82' lang='lat' dir='ltr'><strong>vastatorem,</strong></span> <span class='ocrx_word' id='word_1_332' title='bbox 1208 4103 1264 4149; x_wconf 90' lang='lat' dir='ltr'><strong>et</strong></span> <span class='ocrx_word' id='word_1_333' title='bbox 1313 4095 1365 4149; x_wconf 91' lang='lat' dir='ltr'><strong>in</strong></span> <span class='ocrx_word' id='word_1_334' title='bbox 1415 4095 1519 4150; x_wconf 87' lang='lat' dir='ltr'><strong>hoc</strong></span> <span class='ocrx_word' id='word_1_335' title='bbox 1567 4107 1794 4152; x_wconf 87' lang='lat' dir='ltr'><strong>mortem</strong></span> <span class='ocrx_word' id='word_1_336' title='bbox 1845 4099 2062 4169; x_wconf 88' lang='lat' dir='ltr'><strong>quidem</strong></span> 
     </span>
    </p>
   </div>
   <div class='ocr_carea' id='block_1_46' title="bbox 484 4186 2064 4255">
    <p class='ocr_par' dir='ltr' id='par_1_46' title="bbox 484 4186 2064 4255">
     <span class='ocr_line' id='line_1_46' title="bbox 484 4186 2064 4255; baseline 0.003 -14"><span class='ocrx_word' id='word_1_337' title='bbox 484 4187 716 4252; x_wconf 80' lang='lat' dir='ltr'><strong>ﬁnitam,</strong></span> <span class='ocrx_word' id='word_1_338' title='bbox 752 4186 919 4240; x_wconf 88' lang='lat' dir='ltr'><strong>vitam</strong></span> <span class='ocrx_word' id='word_1_339' title='bbox 947 4200 1075 4241; x_wconf 89' lang='lat' dir='ltr'><strong>vero</strong></span> <span class='ocrx_word' id='word_1_340' title='bbox 1110 4195 1437 4255; x_wconf 87' lang='lat' dir='ltr'><strong>reparatam.</strong></span> <span class='ocrx_word' id='word_1_341' title='bbox 1465 4186 1522 4242; x_wconf 91' lang='lat' dir='ltr'><strong>Si</strong></span> <span class='ocrx_word' id='word_1_342' title='bbox 1551 4187 1866 4245; x_wconf 81' lang='lat' dir='ltr'><strong>intellexisti</strong></span> <span class='ocrx_word' id='word_1_343' title='bbox 1893 4191 2064 4246; x_wconf 92' lang='lat' dir='ltr'><strong>histo-</strong></span> 
     </span>
    </p>
   </div>
   <div class='ocr_carea' id='block_1_47' title="bbox 485 4280 2063 4356">
    <p class='ocr_par' dir='ltr' id='par_1_47' title="bbox 485 4280 2063 4356">
     <span class='ocr_line' id='line_1_47' title="bbox 485 4280 2063 4356; baseline 0.005 -23"><span class='ocrx_word' id='word_1_344' title='bbox 485 4281 580 4334; x_wconf 71' lang='lat' dir='ltr'><strong>ria:</strong></span> <span class='ocrx_word' id='word_1_345' title='bbox 623 4280 869 4334; x_wconf 88' lang='lat' dir='ltr'><strong>ordinem</strong></span> <span class='ocrx_word' id='word_1_346' title='bbox 897 4319 913 4345; x_wconf 95' lang='lat'><strong>,</strong></span> <span class='ocrx_word' id='word_1_347' title='bbox 959 4288 1013 4334; x_wconf 90' lang='lat' dir='ltr'><strong>et</strong></span> <span class='ocrx_word' id='word_1_348' title='bbox 1045 4280 1246 4347; x_wconf 88' lang='lat' dir='ltr'><strong>oculis,</strong></span> <span class='ocrx_word' id='word_1_349' title='bbox 1277 4289 1336 4334; x_wconf 91' lang='lat' dir='ltr'><strong>ut</strong></span> <span class='ocrx_word' id='word_1_350' title='bbox 1373 4281 1446 4335; x_wconf 90' lang='lat' dir='ltr'><strong>ita</strong></span> <span class='ocrx_word' id='word_1_351' title='bbox 1481 4281 1679 4349; x_wconf 90' lang='lat' dir='ltr'><strong>dicam,</strong></span> <span class='ocrx_word' id='word_1_352' title='bbox 1713 4297 1935 4340; x_wconf 85' lang='lat' dir='ltr'><strong>cernere</strong></span> <span class='ocrx_word' id='word_1_353' title='bbox 1963 4301 2063 4356; x_wconf 84' lang='lat' dir='ltr'><strong>po-</strong></span> 
     </span>
    </p>
   </div>
   <div class='ocr_carea' id='block_1_48' title="bbox 2181 426 3750 506">
    <p class='ocr_par' dir='ltr' id='par_1_48' title="bbox 2181 426 3750 506">
     <span class='ocr_line' id='line_1_48' title="bbox 2181 426 3750 506; baseline -0.006 -15"><span class='ocrx_word' id='word_1_354' title='bbox 2181 436 2404 506; x_wconf 89' lang='lat' dir='ltr'><strong>spiritus</strong></span> <span class='ocrx_word' id='word_1_355' title='bbox 2449 432 2827 489; x_wconf 89' lang='lat' dir='ltr'><strong>immaculatus</strong></span> <span class='ocrx_word' id='word_1_356' title='bbox 2856 470 2872 494; x_wconf 93' lang='lat'><strong>,</strong></span> <span class='ocrx_word' id='word_1_357' title='bbox 2906 428 3116 484; x_wconf 88' lang='lat' dir='ltr'><strong>medius</strong></span> <span class='ocrx_word' id='word_1_358' title='bbox 3145 426 3288 481; x_wconf 92' lang='lat' dir='ltr'><strong>inter</strong></span> <span class='ocrx_word' id='word_1_359' title='bbox 3327 427 3476 482; x_wconf 82' lang='lat' dir='ltr'><strong>vivos</strong></span> <span class='ocrx_word' id='word_1_360' title='bbox 3505 439 3558 481; x_wconf 88' lang='lat' dir='ltr'><strong>et</strong></span> <span class='ocrx_word' id='word_1_361' title='bbox 3601 442 3750 482; x_wconf 76' lang='lat' dir='ltr'><strong>mor-</strong></span> 
     </span>
    </p>
   </div>
   <div class='ocr_carea' id='block_1_49' title="bbox 2181 520 3746 592">
    <p class='ocr_par' dir='ltr' id='par_1_49' title="bbox 2181 520 3746 592">
     <span class='ocr_line' id='line_1_49' title="bbox 2181 520 3746 592; baseline -0.006 -8"><span class='ocrx_word' id='word_1_362' title='bbox 2181 541 2302 584; x_wconf 89' lang='lat' dir='ltr'><strong>tuos</strong></span> <span class='ocrx_word' id='word_1_363' title='bbox 2331 529 2500 592; x_wconf 81' lang='lat' dir='ltr'><strong>Stetit,</strong></span> <span class='ocrx_word' id='word_1_364' title='bbox 2531 540 2584 581; x_wconf 89' lang='lat' dir='ltr'><strong>et</strong></span> <span class='ocrx_word' id='word_1_365' title='bbox 2617 535 2848 580; x_wconf 87' lang='lat' dir='ltr'><strong>mortem</strong></span> <span class='ocrx_word' id='word_1_366' title='bbox 2880 539 2984 577; x_wconf 92' lang='lat' dir='ltr'><strong>non</strong></span> <span class='ocrx_word' id='word_1_367' title='bbox 3019 521 3147 575; x_wconf 79' lang='lat' dir='ltr'><strong>fecit</strong></span> <span class='ocrx_word' id='word_1_368' title='bbox 3176 522 3314 573; x_wconf 86' lang='lat' dir='ltr'><strong>ultra</strong></span> <span class='ocrx_word' id='word_1_369' title='bbox 3347 521 3609 590; x_wconf 86' lang='lat' dir='ltr'><strong>grassari;</strong></span> <span class='ocrx_word' id='word_1_370' title='bbox 3651 520 3746 575; x_wconf 88' lang='lat' dir='ltr'><strong>sed</strong></span> 
     </span>
    </p>
   </div>
   <div class='ocr_carea' id='block_1_50' title="bbox 2178 615 3747 692">
    <p class='ocr_par' dir='ltr' id='par_1_50' title="bbox 2178 615 3747 692">
     <span class='ocr_line' id='line_1_50' title="bbox 2178 615 3747 692; baseline -0.007 -14"><span class='ocrx_word' id='word_1_371' title='bbox 2178 625 2316 678; x_wconf 89' lang='lat' dir='ltr'><strong>sicut</strong></span> <span class='ocrx_word' id='word_1_372' title='bbox 2360 621 2651 692; x_wconf 87' lang='lat' dir='ltr'><strong>Apostolus</strong></span> <span class='ocrx_word' id='word_1_373' title='bbox 2687 621 2817 674; x_wconf 82' lang='lat' dir='ltr'><strong>dicit</strong></span> <span class='ocrx_word' id='word_1_374' title='bbox 2846 619 2913 684; x_wconf 78' lang='lat'><strong>“,</strong></span> <span class='ocrx_word' id='word_1_375' title='bbox 2946 615 3215 671; x_wconf 89' lang='lat' dir='ltr'><strong>destruxit</strong></span> <span class='ocrx_word' id='word_1_376' title='bbox 3250 633 3269 665; x_wconf 88' lang='grc'><em>‹</em></span> <span class='ocrx_word' id='word_1_377' title='bbox 3297 629 3420 668; x_wconf 92' lang='lat' dir='ltr'><strong>eum</strong></span> <span class='ocrx_word' id='word_1_378' title='bbox 3452 615 3543 684; x_wconf 91' lang='lat' dir='ltr'><strong>qni</strong></span> <span class='ocrx_word' id='word_1_379' title='bbox 3583 616 3747 668; x_wconf 89' lang='lat' dir='ltr'><strong>hahe-</strong></span> 
     </span>
    </p>
   </div>
   <div class='ocr_carea' id='block_1_51' title="bbox 2176 705 3746 780">
    <p class='ocr_par' dir='ltr' id='par_1_51' title="bbox 2176 705 3746 780">
     <span class='ocr_line' id='line_1_51' title="bbox 2176 705 3746 780; baseline -0.005 -11"><span class='ocrx_word' id='word_1_380' title='bbox 2176 716 2270 769; x_wconf 86' lang='lat' dir='ltr'><strong>bat</strong></span> <span class='ocrx_word' id='word_1_381' title='bbox 2296 715 2486 769; x_wconf 89' lang='lat' dir='ltr'><strong>mortis</strong></span> <span class='ocrx_word' id='word_1_382' title='bbox 2513 712 2819 780; x_wconf 89' lang='lat' dir='ltr'><strong>imperium,</strong></span> <span class='ocrx_word' id='word_1_383' title='bbox 2851 709 2902 762; x_wconf 90' lang='lat' dir='ltr'><strong>id</strong></span> <span class='ocrx_word' id='word_1_384' title='bbox 2931 718 3013 764; x_wconf 91' lang='lat' dir='ltr'><strong>est</strong></span> <span class='ocrx_word' id='word_1_385' title='bbox 3046 709 3344 772; x_wconf 88' lang='lat' dir='ltr'><strong>diabolum,</strong></span> <span class='ocrx_word' id='word_1_386' title='bbox 3378 716 3435 760; x_wconf 88' lang='lat' dir='ltr'><strong>ut</strong></span> <span class='ocrx_word' id='word_1_387' title='bbox 3461 707 3554 776; x_wconf 82' lang='lat' dir='ltr'><strong>qui</strong></span> <span class='ocrx_word' id='word_1_388' title='bbox 3579 705 3746 761; x_wconf 75' lang='lat' dir='ltr'><strong>credit</strong></span> 
     </span>
    </p>
   </div>
   <div class='ocr_carea' id='block_1_52' title="bbox 2178 793 3742 870">
    <p class='ocr_par' dir='ltr' id='par_1_52' title="bbox 2178 793 3742 870">
     <span class='ocr_line' id='line_1_52' title="bbox 2178 793 3742 870; baseline -0.009 -13"><span class='ocrx_word' id='word_1_389' title='bbox 2178 804 2231 857; x_wconf 91' lang='lat' dir='ltr'><strong>in</strong></span> <span class='ocrx_word' id='word_1_390' title='bbox 2250 819 2370 858; x_wconf 87' lang='lat' dir='ltr'><strong>eum</strong></span> <span class='ocrx_word' id='word_1_391' title='bbox 2395 802 2504 870; x_wconf 89' lang='lat' dir='ltr'><strong>jam</strong></span> <span class='ocrx_word' id='word_1_392' title='bbox 2533 817 2637 856; x_wconf 92' lang='lat' dir='ltr'><strong>non</strong></span> <span class='ocrx_word' id='word_1_393' title='bbox 2669 801 2950 862; x_wconf 86' lang='lat' dir='ltr'><strong>moriatur,</strong></span> <span class='ocrx_word' id='word_1_394' title='bbox 2976 799 3066 852; x_wconf 89' lang='lat' dir='ltr'><strong>sed</strong></span> <span class='ocrx_word' id='word_1_395' title='bbox 3090 798 3233 851; x_wconf 83' lang='lat' dir='ltr'><strong>vivat</strong></span> <span class='ocrx_word' id='word_1_396' title='bbox 3259 798 3311 849; x_wconf 94' lang='lat' dir='ltr'><strong>in</strong></span> <span class='ocrx_word' id='word_1_397' title='bbox 3344 793 3690 849; x_wconf 71' lang='lat' dir='ltr'><strong>azternum”.</strong></span> <span class='ocrx_word' id='word_1_398' title='bbox 3721 809 3742 843; x_wconf 71' lang='grc' dir='ltr'><strong>ι</strong></span> 
     </span>
    </p>
   </div>
   <div class='ocr_carea' id='block_1_53' title="bbox 2177 883 3745 963">
    <p class='ocr_par' dir='ltr' id='par_1_53' title="bbox 2177 883 3745 963">
     <span class='ocr_line' id='line_1_53' title="bbox 2177 883 3745 963; baseline -0.008 -16"><span class='ocrx_word' id='word_1_399' title='bbox 2177 895 2291 948; x_wconf 79' lang='lat' dir='ltr'><strong>Hoc</strong></span> <span class='ocrx_word' id='word_1_400' title='bbox 2320 893 2420 947; x_wconf 76' lang='lat' dir='ltr'><strong>fuit</strong></span> <span class='ocrx_word' id='word_1_401' title='bbox 2453 908 2583 963; x_wconf 90' lang='lat' dir='ltr'><strong>ergo</strong></span> <span class='ocrx_word' id='word_1_402' title='bbox 2616 892 2932 960; x_wconf 81' lang='lat' dir='ltr'><strong>mysterium</strong></span> <span class='ocrx_word' id='word_1_403' title='bbox 2959 890 3098 958; x_wconf 90' lang='lat' dir='ltr'><strong>quod</strong></span> <span class='ocrx_word' id='word_1_404' title='bbox 3133 896 3316 956; x_wconf 89' lang='lat' dir='ltr'><strong>postea</strong></span> <span class='ocrx_word' id='word_1_405' title='bbox 3351 885 3612 948; x_wconf 85' lang='lat' dir='ltr'><strong>futurum,</strong></span> <span class='ocrx_word' id='word_1_406' title='bbox 3633 883 3745 950; x_wconf 91' lang='lat' dir='ltr'><strong>jam</strong></span> 
     </span>
    </p>
   </div>
   <div class='ocr_carea' id='block_1_54' title="bbox 2177 974 3746 1051">
    <p class='ocr_par' dir='ltr' id='par_1_54' title="bbox 2177 974 3746 1051">
     <span class='ocr_line' id='line_1_54' title="bbox 2177 974 3746 1051; baseline -0.008 -15"><span class='ocrx_word' id='word_1_407' title='bbox 2177 994 2304 1037; x_wconf 92' lang='lat' dir='ltr'><strong>tunc</strong></span> <span class='ocrx_word' id='word_1_408' title='bbox 2345 983 2435 1037; x_wconf 89' lang='lat' dir='ltr'><strong>ille</strong></span> <span class='ocrx_word' id='word_1_409' title='bbox 2465 985 2555 1051; x_wconf 94' lang='lat' dir='ltr'><strong>qui</strong></span> <span class='ocrx_word' id='word_1_410' title='bbox 2592 981 2846 1050; x_wconf 85' lang='lat' dir='ltr'><strong>populum</strong></span> <span class='ocrx_word' id='word_1_411' title='bbox 2882 979 3150 1042; x_wconf 85' lang='lat' dir='ltr'><strong>vastabat,</strong></span> <span class='ocrx_word' id='word_1_412' title='bbox 3193 976 3430 1046; x_wconf 83' lang='lat' dir='ltr'><strong>expavit.</strong></span> <span class='ocrx_word' id='word_1_413' title='bbox 3468 974 3746 1044; x_wconf 83' lang='lat' dir='ltr'><strong>Agnosce-</strong></span> 
     </span>
    </p>
   </div>
   <div class='ocr_carea' id='block_1_55' title="bbox 2177 1065 3746 1141">
    <p class='ocr_par' dir='ltr' id='par_1_55' title="bbox 2177 1065 3746 1141">
     <span class='ocr_line' id='line_1_55' title="bbox 2177 1065 3746 1141; baseline -0.01 -11"><span class='ocrx_word' id='word_1_414' title='bbox 2177 1075 2267 1130; x_wconf 86' lang='lat' dir='ltr'><strong>bat</strong></span> <span class='ocrx_word' id='word_1_415' title='bbox 2296 1077 2438 1131; x_wconf 90' lang='lat' dir='ltr'><strong>enim</strong></span> <span class='ocrx_word' id='word_1_416' title='bbox 2479 1075 2702 1141; x_wconf 84' lang='lat' dir='ltr'><strong>ﬁguram</strong></span> <span class='ocrx_word' id='word_1_417' title='bbox 2749 1070 2919 1127; x_wconf 88' lang='lat' dir='ltr'><strong>batilli</strong></span> <span class='ocrx_word' id='word_1_418' title='bbox 2949 1111 2964 1136; x_wconf 96' lang='lat'><strong>,</strong></span> <span class='ocrx_word' id='word_1_419' title='bbox 2999 1079 3053 1125; x_wconf 89' lang='lat' dir='ltr'><strong>et</strong></span> <span class='ocrx_word' id='word_1_420' title='bbox 3103 1069 3240 1138; x_wconf 82' lang='lat' dir='ltr'><strong>ignis</strong></span> <span class='ocrx_word' id='word_1_421' title='bbox 3266 1107 3279 1132; x_wconf 93' lang='lat'><strong>,</strong></span> <span class='ocrx_word' id='word_1_422' title='bbox 3324 1076 3378 1120; x_wconf 89' lang='lat' dir='ltr'><strong>et</strong></span> <span class='ocrx_word' id='word_1_423' title='bbox 3408 1065 3647 1119; x_wconf 88' lang='lat' dir='ltr'><strong>incensi:</strong></span> <span class='ocrx_word' id='word_1_424' title='bbox 3690 1072 3746 1116; x_wconf 91' lang='lat' dir='ltr'><strong>ct</strong></span> 
     </span>
    </p>
   </div>
   <div class='ocr_carea' id='block_1_56' title="bbox 2174 1155 3744 1238">
    <p class='ocr_par' dir='ltr' id='par_1_56' title="bbox 2174 1155 3744 1238">
     <span class='ocr_line' id='line_1_56' title="bbox 2174 1155 3744 1238; baseline -0.01 -16"><span class='ocrx_word' id='word_1_425' title='bbox 2174 1168 2354 1238; x_wconf 90' lang='lat' dir='ltr'><strong>qualis</strong></span> <span class='ocrx_word' id='word_1_426' title='bbox 2383 1164 2650 1221; x_wconf 72' lang='lat' dir='ltr'><strong>oﬁ‘erenda</strong></span> <span class='ocrx_word' id='word_1_427' title='bbox 2683 1172 2825 1218; x_wconf 89' lang='lat' dir='ltr'><strong>esset</strong></span> <span class='ocrx_word' id='word_1_428' title='bbox 2855 1163 2966 1217; x_wconf 93' lang='lat' dir='ltr'><strong>Deo</strong></span> <span class='ocrx_word' id='word_1_429' title='bbox 2997 1162 3171 1215; x_wconf 86' lang='lat' dir='ltr'><strong>hostia</strong></span> <span class='ocrx_word' id='word_1_430' title='bbox 3202 1162 3268 1212; x_wconf 91' lang='lat' dir='ltr'><strong>ab</strong></span> <span class='ocrx_word' id='word_1_431' title='bbox 3297 1173 3380 1223; x_wconf 90' lang='lat' dir='ltr'><strong>eo,</strong></span> <span class='ocrx_word' id='word_1_432' title='bbox 3411 1158 3501 1225; x_wconf 92' lang='lat' dir='ltr'><strong>qui</strong></span> <span class='ocrx_word' id='word_1_433' title='bbox 3535 1155 3744 1209; x_wconf 89' lang='lat' dir='ltr'><strong>medius</strong></span> 
     </span>
    </p>
   </div>
   <div class='ocr_carea' id='block_1_57' title="bbox 2175 1247 3746 1328">
    <p class='ocr_par' dir='ltr' id='par_1_57' title="bbox 2175 1247 3746 1328">
     <span class='ocr_line' id='line_1_57' title="bbox 2175 1247 3746 1328; baseline -0.01 -12"><span class='ocrx_word' id='word_1_434' title='bbox 2175 1269 2514 1316; x_wconf 89' lang='lat' dir='ltr'><strong>mortuorum</strong></span> <span class='ocrx_word' id='word_1_435' title='bbox 2544 1261 2898 1328; x_wconf 84' lang='lat' dir='ltr'><strong>vivorumque</strong></span> <span class='ocrx_word' id='word_1_436' title='bbox 2929 1255 3269 1318; x_wconf 86' lang='lat' dir='ltr'><strong>constiterat,</strong></span> <span class='ocrx_word' id='word_1_437' title='bbox 3305 1249 3651 1322; x_wconf 86' lang='lat' dir='ltr'><strong>praevidebat.</strong></span> <span class='ocrx_word' id='word_1_438' title='bbox 3680 1247 3746 1302; x_wconf 88' lang='lat' dir='ltr'><strong>Et</strong></span> 
     </span>
    </p>
   </div>
   <div class='ocr_carea' id='block_1_58' title="bbox 2173 1338 3744 1421">
    <p class='ocr_par' dir='ltr' id='par_1_58' title="bbox 2173 1338 3744 1421">
     <span class='ocr_line' id='line_1_58' title="bbox 2173 1338 3744 1421; baseline -0.011 -14"><span class='ocrx_word' id='word_1_439' title='bbox 2173 1352 2298 1407; x_wconf 93' lang='lat' dir='ltr'><strong>illos</strong></span> <span class='ocrx_word' id='word_1_440' title='bbox 2345 1351 2559 1421; x_wconf 90' lang='lat' dir='ltr'><strong>quidem</strong></span> <span class='ocrx_word' id='word_1_441' title='bbox 2607 1358 2738 1404; x_wconf 90' lang='lat' dir='ltr'><strong>tunc</strong></span> <span class='ocrx_word' id='word_1_442' title='bbox 2778 1350 2953 1415; x_wconf 83' lang='lat' dir='ltr'><strong>imago</strong></span> <span class='ocrx_word' id='word_1_443' title='bbox 2998 1344 3338 1413; x_wconf 68' lang='lat' dir='ltr'><strong>praeﬁgurata</strong></span> <span class='ocrx_word' id='word_1_444' title='bbox 3373 1338 3642 1400; x_wconf 89' lang='lat' dir='ltr'><strong>salvavit,</strong></span> <span class='ocrx_word' id='word_1_445' title='bbox 3677 1338 3744 1391; x_wconf 89' lang='lat' dir='ltr'><strong>ad</strong></span> 
     </span>
    </p>
   </div>
   <div class='ocr_carea' id='block_1_59' title="bbox 2173 1427 3746 1502">
    <p class='ocr_par' dir='ltr' id='par_1_59' title="bbox 2173 1427 3746 1502">
     <span class='ocr_line' id='line_1_59' title="bbox 2173 1427 3746 1502; baseline -0.01 -6"><span class='ocrx_word' id='word_1_446' title='bbox 2173 1457 2272 1498; x_wconf 88' lang='lat' dir='ltr'><strong>nos</strong></span> <span class='ocrx_word' id='word_1_447' title='bbox 2325 1451 2508 1495; x_wconf 91' lang='lat' dir='ltr'><strong>autem</strong></span> <span class='ocrx_word' id='word_1_448' title='bbox 2555 1438 2749 1494; x_wconf 89' lang='lat' dir='ltr'><strong>salutis</strong></span> <span class='ocrx_word' id='word_1_449' title='bbox 2809 1437 3012 1491; x_wconf 87' lang='lat' dir='ltr'><strong>veritas</strong></span> <span class='ocrx_word' id='word_1_450' title='bbox 3071 1436 3183 1502; x_wconf 86' lang='lat' dir='ltr'><strong>ipsa</strong></span> <span class='ocrx_word' id='word_1_451' title='bbox 3241 1429 3508 1502; x_wconf 89' lang='lat' dir='ltr'><strong>pervenit.</strong></span> <span class='ocrx_word' id='word_1_452' title='bbox 3564 1427 3746 1495; x_wconf 77' lang='lat' dir='ltr'><strong>Neque</strong></span> 
     </span>
    </p>
   </div>
   <div class='ocr_carea' id='block_1_60' title="bbox 2174 1518 3746 1597">
    <p class='ocr_par' dir='ltr' id='par_1_60' title="bbox 2174 1518 3746 1597">
     <span class='ocr_line' id='line_1_60' title="bbox 2174 1518 3746 1597; baseline -0.012 -9"><span class='ocrx_word' id='word_1_453' title='bbox 2174 1534 2318 1588; x_wconf 86' lang='lat' dir='ltr'><strong>enim</strong></span> <span class='ocrx_word' id='word_1_454' title='bbox 2351 1531 2668 1585; x_wconf 89' lang='lat' dir='ltr'><strong>indumenta</strong></span> <span class='ocrx_word' id='word_1_455' title='bbox 2703 1526 2972 1597; x_wconf 87' lang='lat' dir='ltr'><strong>pontiﬁcis</strong></span> <span class='ocrx_word' id='word_1_456' title='bbox 3011 1537 3246 1594; x_wconf 87' lang='lat' dir='ltr'><strong>purpura</strong></span> <span class='ocrx_word' id='word_1_457' title='bbox 3290 1535 3354 1574; x_wconf 87' lang='lat' dir='ltr'><strong>ac</strong></span> <span class='ocrx_word' id='word_1_458' title='bbox 3383 1520 3504 1573; x_wconf 90' lang='lat' dir='ltr'><strong>lana</strong></span> <span class='ocrx_word' id='word_1_459' title='bbox 3551 1518 3746 1588; x_wconf 89' lang='lat' dir='ltr'><strong>bysso-</strong></span> 
     </span>
    </p>
   </div>
   <div class='ocr_carea' id='block_1_61' title="bbox 2173 1607 3744 1694">
    <p class='ocr_par' dir='ltr' id='par_1_61' title="bbox 2173 1607 3744 1694">
     <span class='ocr_line' id='line_1_61' title="bbox 2173 1607 3744 1694; baseline -0.011 -18"><span class='ocrx_word' id='word_1_460' title='bbox 2173 1639 2278 1694; x_wconf 88' lang='lat' dir='ltr'><strong>que</strong></span> <span class='ocrx_word' id='word_1_461' title='bbox 2310 1633 2563 1678; x_wconf 85' lang='lat' dir='ltr'><strong>contexta</strong></span> <span class='ocrx_word' id='word_1_462' title='bbox 2606 1619 2912 1676; x_wconf 87' lang='lat' dir='ltr'><strong>erubuisset</strong></span> <span class='ocrx_word' id='word_1_463' title='bbox 2959 1615 3178 1685; x_wconf 87' lang='lat' dir='ltr'><strong>angelus</strong></span> <span class='ocrx_word' id='word_1_464' title='bbox 3224 1611 3311 1666; x_wconf 92' lang='lat' dir='ltr'><strong>ille</strong></span> <span class='ocrx_word' id='word_1_465' title='bbox 3343 1619 3581 1665; x_wconf 88' lang='lat' dir='ltr'><strong>vastator</strong></span> <span class='ocrx_word' id='word_1_466' title='bbox 3604 1651 3618 1673; x_wconf 92' lang='lat'><strong>,</strong></span> <span class='ocrx_word' id='word_1_467' title='bbox 3649 1607 3744 1660; x_wconf 90' lang='lat' dir='ltr'><strong>sed</strong></span> 
     </span>
    </p>
   </div>
   <div class='ocr_carea' id='block_1_62' title="bbox 2171 1701 3744 1787">
    <p class='ocr_par' dir='ltr' id='par_1_62' title="bbox 2171 1701 3744 1787">
     <span class='ocr_line' id='line_1_62' title="bbox 2171 1701 3744 1787; baseline -0.012 -13"><span class='ocrx_word' id='word_1_468' title='bbox 2171 1720 2270 1774; x_wconf 90' lang='lat' dir='ltr'><strong>ista</strong></span> <span class='ocrx_word' id='word_1_469' title='bbox 2301 1733 2424 1787; x_wconf 76' lang='lat' dir='ltr'><strong>qua:</strong></span> <span class='ocrx_word' id='word_1_470' title='bbox 2470 1716 2653 1770; x_wconf 80' lang='lat' dir='ltr'><strong>futura</strong></span> <span class='ocrx_word' id='word_1_471' title='bbox 2685 1721 2840 1768; x_wconf 90' lang='lat' dir='ltr'><strong>erant</strong></span> <span class='ocrx_word' id='word_1_472' title='bbox 2876 1709 3189 1764; x_wconf 89' lang='lat' dir='ltr'><strong>indumenta</strong></span> <span class='ocrx_word' id='word_1_473' title='bbox 3237 1705 3416 1775; x_wconf 87' lang='lat' dir='ltr'><strong>magni</strong></span> <span class='ocrx_word' id='word_1_474' title='bbox 3469 1701 3744 1772; x_wconf 85' lang='lat' dir='ltr'><strong>pontiﬁcis</strong></span> 
     </span>
    </p>
   </div>
   <div class='ocr_carea' id='block_1_63' title="bbox 2170 1797 3746 1874">
    <p class='ocr_par' dir='ltr' id='par_1_63' title="bbox 2170 1797 3746 1874">
     <span class='ocr_line' id='line_1_63' title="bbox 2170 1797 3746 1874; baseline -0.013 -9"><span class='ocrx_word' id='word_1_475' title='bbox 2170 1811 2454 1874; x_wconf 78' lang='lat' dir='ltr'><strong>intellexit,</strong></span> <span class='ocrx_word' id='word_1_476' title='bbox 2486 1817 2540 1862; x_wconf 90' lang='lat' dir='ltr'><strong>et</strong></span> <span class='ocrx_word' id='word_1_477' title='bbox 2571 1808 2636 1863; x_wconf 92' lang='lat' dir='ltr'><strong>iis</strong></span> <span class='ocrx_word' id='word_1_478' title='bbox 2663 1805 2846 1868; x_wconf 87' lang='lat' dir='ltr'><strong>cessit,</strong></span> <span class='ocrx_word' id='word_1_479' title='bbox 2879 1802 3075 1872; x_wconf 90' lang='lat' dir='ltr'><strong>quibus</strong></span> <span class='ocrx_word' id='word_1_480' title='bbox 3097 1801 3283 1868; x_wconf 88' lang='lat' dir='ltr'><strong>utique</strong></span> <span class='ocrx_word' id='word_1_481' title='bbox 3312 1797 3564 1850; x_wconf 89' lang='lat' dir='ltr'><strong>universa</strong></span> <span class='ocrx_word' id='word_1_482' title='bbox 3588 1807 3746 1847; x_wconf 79' lang='lat' dir='ltr'><strong>crea-</strong></span> 
     </span>
    </p>
   </div>
   <div class='ocr_carea' id='block_1_64' title="bbox 2173 1884 3740 1959">
    <p class='ocr_par' dir='ltr' id='par_1_64' title="bbox 2173 1884 3740 1959">
     <span class='ocr_line' id='line_1_64' title="bbox 2173 1884 3740 1959; baseline -0.015 -1"><span class='ocrx_word' id='word_1_483' title='bbox 2173 1915 2289 1959; x_wconf 86' lang='lat' dir='ltr'><strong>tura</strong></span> <span class='ocrx_word' id='word_1_484' title='bbox 2341 1903 2566 1958; x_wconf 79' lang='lat' dir='ltr'><strong>inferior</strong></span> <span class='ocrx_word' id='word_1_485' title='bbox 2612 1907 2750 1955; x_wconf 89' lang='lat' dir='ltr'><strong>erat.</strong></span> <span class='ocrx_word' id='word_1_486' title='bbox 2817 1896 2952 1950; x_wconf 89' lang='lat' dir='ltr'><strong>Puto</strong></span> <span class='ocrx_word' id='word_1_487' title='bbox 3001 1903 3179 1946; x_wconf 89' lang='lat' dir='ltr'><strong>autem</strong></span> <span class='ocrx_word' id='word_1_488' title='bbox 3222 1887 3367 1958; x_wconf 92' lang='lat' dir='ltr'><strong>quod</strong></span> <span class='ocrx_word' id='word_1_489' title='bbox 3418 1901 3521 1940; x_wconf 92' lang='lat' dir='ltr'><strong>non</strong></span> <span class='ocrx_word' id='word_1_490' title='bbox 3568 1884 3740 1938; x_wconf 88' lang='lat' dir='ltr'><strong>solum</strong></span> 
     </span>
    </p>
   </div>
   <div class='ocr_carea' id='block_1_65' title="bbox 2168 1976 3736 2068">
    <p class='ocr_par' dir='ltr' id='par_1_65' title="bbox 2168 1976 3736 2068">
     <span class='ocr_line' id='line_1_65' title="bbox 2168 1976 3736 2068; baseline -0.014 -17"><span class='ocrx_word' id='word_1_491' title='bbox 2168 1999 2346 2068; x_wconf 87' lang='lat' dir='ltr'><strong>primo</strong></span> <span class='ocrx_word' id='word_1_492' title='bbox 2395 1996 2625 2049; x_wconf 88' lang='lat' dir='ltr'><strong>adventu</strong></span> <span class='ocrx_word' id='word_1_493' title='bbox 2668 1988 2878 2044; x_wconf 88' lang='lat' dir='ltr'><strong>Domini</strong></span> <span class='ocrx_word' id='word_1_494' title='bbox 2916 1995 2970 2042; x_wconf 87' lang='lat' dir='ltr'><strong>et</strong></span> <span class='ocrx_word' id='word_1_495' title='bbox 3007 1981 3303 2037; x_wconf 90' lang='lat' dir='ltr'><strong>Salvatoris</strong></span> <span class='ocrx_word' id='word_1_496' title='bbox 3345 1979 3514 2033; x_wconf 90' lang='lat' dir='ltr'><strong>nostri</strong></span> <span class='ocrx_word' id='word_1_497' title='bbox 3565 1976 3736 2030; x_wconf 83' lang='lat' dir='ltr'><strong>forma</strong></span> 
     </span>
    </p>
   </div>
   <div class='ocr_carea' id='block_1_66' title="bbox 2169 2068 3740 2155">
    <p class='ocr_par' dir='ltr' id='par_1_66' title="bbox 2169 2068 3740 2155">
     <span class='ocr_line' id='line_1_66' title="bbox 2169 2068 3740 2155; baseline -0.013 -12"><span class='ocrx_word' id='word_1_498' title='bbox 2169 2089 2270 2143; x_wconf 92' lang='lat' dir='ltr'><strong>ista</strong></span> <span class='ocrx_word' id='word_1_499' title='bbox 2301 2086 2568 2155; x_wconf 86' lang='lat' dir='ltr'><strong>completa</strong></span> <span class='ocrx_word' id='word_1_500' title='bbox 2597 2083 2688 2148; x_wconf 92' lang='lat' dir='ltr'><strong>sit,</strong></span> <span class='ocrx_word' id='word_1_501' title='bbox 2725 2082 2819 2136; x_wconf 88' lang='lat' dir='ltr'><strong>sed</strong></span> <span class='ocrx_word' id='word_1_502' title='bbox 2852 2078 3042 2133; x_wconf 90' lang='lat' dir='ltr'><strong>eadem</strong></span> <span class='ocrx_word' id='word_1_503' title='bbox 3071 2073 3318 2131; x_wconf 85' lang='lat' dir='ltr'><strong>fortassis</strong></span> <span class='ocrx_word' id='word_1_504' title='bbox 3351 2068 3657 2126; x_wconf 88' lang='lat' dir='ltr'><strong>servabitur</strong></span> <span class='ocrx_word' id='word_1_505' title='bbox 3688 2068 3740 2122; x_wconf 94' lang='lat' dir='ltr'><strong>in</strong></span> 
     </span>
    </p>
   </div>
   <div class='ocr_carea' id='block_1_67' title="bbox 2168 2161 3742 2235">
    <p class='ocr_par' dir='ltr' id='par_1_67' title="bbox 2168 2161 3742 2235">
     <span class='ocr_line' id='line_1_67' title="bbox 2168 2161 3742 2235; baseline -0.015 0"><span class='ocrx_word' id='word_1_506' title='bbox 2168 2180 2426 2235; x_wconf 88' lang='lat' dir='ltr'><strong>secundo.</strong></span> <span class='ocrx_word' id='word_1_507' title='bbox 2465 2176 2659 2231; x_wconf 83' lang='lat' dir='ltr'><strong>Veniet</strong></span> <span class='ocrx_word' id='word_1_508' title='bbox 2709 2171 2856 2228; x_wconf 91' lang='lat' dir='ltr'><strong>enim</strong></span> <span class='ocrx_word' id='word_1_509' title='bbox 2911 2172 3107 2224; x_wconf 91' lang='lat' dir='ltr'><strong>iterum</strong></span> <span class='ocrx_word' id='word_1_510' title='bbox 3161 2165 3328 2220; x_wconf 82' lang='lat' dir='ltr'><strong>Filius</strong></span> <span class='ocrx_word' id='word_1_511' title='bbox 3373 2161 3647 2217; x_wconf 87' lang='lat' dir='ltr'><strong>hominis:</strong></span> <span class='ocrx_word' id='word_1_512' title='bbox 3688 2169 3742 2214; x_wconf 90' lang='lat' dir='ltr'><strong>et</strong></span> 
     </span>
    </p>
   </div>
   <div class='ocr_carea' id='block_1_68' title="bbox 2169 2255 3760 2333">
    <p class='ocr_par' dir='ltr' id='par_1_68' title="bbox 2169 2255 3760 2333">
     <span class='ocr_line' id='line_1_68' title="bbox 2169 2255 3760 2333; baseline -0.011 -7"><span class='ocrx_word' id='word_1_513' title='bbox 2169 2286 2289 2326; x_wconf 91' lang='lat' dir='ltr'><strong>cum</strong></span> <span class='ocrx_word' id='word_1_514' title='bbox 2333 2271 2538 2324; x_wconf 88' lang='lat' dir='ltr'><strong>venerit</strong></span> <span class='ocrx_word' id='word_1_515' title='bbox 2565 2309 2580 2333; x_wconf 98' lang='lat'><strong>,</strong></span> <span class='ocrx_word' id='word_1_516' title='bbox 2611 2269 2730 2323; x_wconf 89' lang='lat' dir='ltr'><strong>sine</strong></span> <span class='ocrx_word' id='word_1_517' title='bbox 2762 2266 2924 2320; x_wconf 91' lang='lat' dir='ltr'><strong>dubio</strong></span> <span class='ocrx_word' id='word_1_518' title='bbox 2963 2261 3202 2317; x_wconf 87' lang='lat' dir='ltr'><strong>inveniet</strong></span> <span class='ocrx_word' id='word_1_519' title='bbox 3229 2258 3490 2328; x_wconf 90' lang='lat' dir='ltr'><strong>quosdam</strong></span> <span class='ocrx_word' id='word_1_520' title='bbox 3521 2255 3760 2325; x_wconf 80' lang='lat' dir='ltr'><strong>quidem.</strong></span> 
     </span>
    </p>
   </div>
   <div class='ocr_carea' id='block_1_69' title="bbox 2170 2337 3743 2432">
    <p class='ocr_par' dir='ltr' id='par_1_69' title="bbox 2170 2337 3743 2432">
     <span class='ocr_line' id='line_1_69' title="bbox 2170 2337 3743 2432; baseline -0.01 -14"><span class='ocrx_word' id='word_1_521' title='bbox 2170 2374 2427 2425; x_wconf 89' lang='lat' dir='ltr'><strong>mortuos,</strong></span> <span class='ocrx_word' id='word_1_522' title='bbox 2460 2337 2724 2432; x_wconf 79' lang='lat' dir='ltr'><strong>quosdam</strong></span> <span class='ocrx_word' id='word_1_523' title='bbox 2761 2367 2944 2411; x_wconf 92' lang='lat' dir='ltr'><strong>autem</strong></span> <span class='ocrx_word' id='word_1_524' title='bbox 2973 2354 3236 2408; x_wconf 88' lang='lat' dir='ltr'><strong>viventes.</strong></span> <span class='ocrx_word' id='word_1_525' title='bbox 3271 2348 3422 2414; x_wconf 87' lang='lat' dir='ltr'><strong>Quod</strong></span> <span class='ocrx_word' id='word_1_526' title='bbox 3453 2361 3743 2416; x_wconf 89' lang='lat' dir='ltr'><strong>possumus</strong></span> 
     </span>
    </p>
   </div>
   <div class='ocr_carea' id='block_1_70' title="bbox 2167 2439 3752 2524">
    <p class='ocr_par' dir='ltr' id='par_1_70' title="bbox 2167 2439 3752 2524">
     <span class='ocr_line' id='line_1_70' title="bbox 2167 2439 3752 2524; baseline -0.01 -16"><span class='ocrx_word' id='word_1_527' title='bbox 2167 2454 2383 2524; x_wconf 84' lang='lat' dir='ltr'><strong>quidem</strong></span> <span class='ocrx_word' id='word_1_528' title='bbox 2415 2462 2471 2507; x_wconf 90' lang='lat' dir='ltr'><strong>et</strong></span> <span class='ocrx_word' id='word_1_529' title='bbox 2503 2451 2582 2506; x_wconf 88' lang='lat' dir='ltr'><strong>sic</strong></span> <span class='ocrx_word' id='word_1_530' title='bbox 2634 2447 2936 2517; x_wconf 88' lang='lat' dir='ltr'><strong>intelligere</strong></span> <span class='ocrx_word' id='word_1_531' title='bbox 2964 2464 2977 2500; x_wconf 88' lang='lat'><strong>:</strong></span> <span class='ocrx_word' id='word_1_532' title='bbox 3011 2445 3136 2515; x_wconf 86' lang='lat' dir='ltr'><strong>quia</strong></span> <span class='ocrx_word' id='word_1_533' title='bbox 3190 2441 3433 2498; x_wconf 91' lang='lat' dir='ltr'><strong>nonnulli</strong></span> <span class='ocrx_word' id='word_1_534' title='bbox 3477 2439 3752 2495; x_wconf 82' lang='lat' dir='ltr'><strong>adhucin.</strong></span> 
     </span>
    </p>
   </div>
   <div class='ocr_carea' id='block_1_71' title="bbox 2170 2533 3739 2610">
    <p class='ocr_par' dir='ltr' id='par_1_71' title="bbox 2170 2533 3739 2610">
     <span class='ocr_line' id='line_1_71' title="bbox 2170 2533 3739 2610; baseline -0.014 -10"><span class='ocrx_word' id='word_1_535' title='bbox 2170 2547 2275 2600; x_wconf 92' lang='lat' dir='ltr'><strong>hoc</strong></span> <span class='ocrx_word' id='word_1_536' title='bbox 2310 2545 2436 2598; x_wconf 87' lang='lat' dir='ltr'><strong>vitae</strong></span> <span class='ocrx_word' id='word_1_537' title='bbox 2474 2552 2615 2598; x_wconf 88' lang='lat' dir='ltr'><strong>statu</strong></span> <span class='ocrx_word' id='word_1_538' title='bbox 2646 2555 2753 2610; x_wconf 88' lang='lat' dir='ltr'><strong>quo</strong></span> <span class='ocrx_word' id='word_1_539' title='bbox 2787 2551 2932 2592; x_wconf 91' lang='lat' dir='ltr'><strong>nunc</strong></span> <span class='ocrx_word' id='word_1_540' title='bbox 2964 2549 3154 2591; x_wconf 90' lang='lat' dir='ltr'><strong>sumus</strong></span> <span class='ocrx_word' id='word_1_541' title='bbox 3202 2533 3546 2587; x_wconf 88' lang='lat' dir='ltr'><strong>inveniantur</strong></span> <span class='ocrx_word' id='word_1_542' title='bbox 3571 2568 3586 2591; x_wconf 92' lang='lat'><strong>,</strong></span> <span class='ocrx_word' id='word_1_543' title='bbox 3617 2544 3739 2582; x_wconf 88' lang='lat' dir='ltr'><strong>cum</strong></span> 
     </span>
    </p>
   </div>
   <div class='ocr_carea' id='block_1_72' title="bbox 2169 2624 3744 2706">
    <p class='ocr_par' dir='ltr' id='par_1_72' title="bbox 2169 2624 3744 2706">
     <span class='ocr_line' id='line_1_72' title="bbox 2169 2624 3744 2706; baseline -0.012 -15"><span class='ocrx_word' id='word_1_544' title='bbox 2169 2637 2319 2692; x_wconf 91' lang='lat' dir='ltr'><strong>multi</strong></span> <span class='ocrx_word' id='word_1_545' title='bbox 2353 2638 2464 2706; x_wconf 88' lang='lat' dir='ltr'><strong>jam</strong></span> <span class='ocrx_word' id='word_1_546' title='bbox 2516 2629 2902 2704; x_wconf 68' lang='lat' dir='ltr'><strong>prmeesserint</strong></span> <span class='ocrx_word' id='word_1_547' title='bbox 2949 2627 3171 2682; x_wconf 90' lang='lat' dir='ltr'><strong>mortui.</strong></span> <span class='ocrx_word' id='word_1_548' title='bbox 3229 2624 3417 2679; x_wconf 76' lang='lat' dir='ltr'><strong>Potest</strong></span> <span class='ocrx_word' id='word_1_549' title='bbox 3457 2632 3639 2676; x_wconf 87' lang='lat' dir='ltr'><strong>autem</strong></span> <span class='ocrx_word' id='word_1_550' title='bbox 3687 2627 3744 2673; x_wconf 86' lang='lat' dir='ltr'><strong>et</strong></span> 
     </span>
    </p>
   </div>
   <div class='ocr_carea' id='block_1_73' title="bbox 2168 2712 3741 2797">
    <p class='ocr_par' dir='ltr' id='par_1_73' title="bbox 2168 2712 3741 2797">
     <span class='ocr_line' id='line_1_73' title="bbox 2168 2712 3741 2797; baseline -0.01 -15"><span class='ocrx_word' id='word_1_551' title='bbox 2168 2729 2326 2783; x_wconf 90' lang='lat' dir='ltr'><strong>aliter</strong></span> <span class='ocrx_word' id='word_1_552' title='bbox 2353 2727 2554 2797; x_wconf 85' lang='lat' dir='ltr'><strong>accipi;</strong></span> <span class='ocrx_word' id='word_1_553' title='bbox 2585 2733 2647 2779; x_wconf 87' lang='lat' dir='ltr'><strong>ut</strong></span> <span class='ocrx_word' id='word_1_554' title='bbox 2673 2730 2937 2789; x_wconf 86' lang='lat' dir='ltr'><strong>mortuos,</strong></span> <span class='ocrx_word' id='word_1_555' title='bbox 2965 2733 3198 2789; x_wconf 89' lang='lat' dir='ltr'><strong>corpora</strong></span> <span class='ocrx_word' id='word_1_556' title='bbox 3240 2714 3632 2784; x_wconf 87' lang='lat' dir='ltr'><strong>intelligamus:</strong></span> <span class='ocrx_word' id='word_1_557' title='bbox 3662 2712 3741 2766; x_wconf 92' lang='lat' dir='ltr'><strong>vi-</strong></span> 
     </span>
    </p>
   </div>
   <div class='ocr_carea' id='block_1_74' title="bbox 2168 2804 3739 2882">
    <p class='ocr_par' dir='ltr' id='par_1_74' title="bbox 2168 2804 3739 2882">
     <span class='ocr_line' id='line_1_74' title="bbox 2168 2804 3739 2882; baseline -0.01 -9"><span class='ocrx_word' id='word_1_558' title='bbox 2168 2831 2356 2875; x_wconf 91' lang='lat' dir='ltr'><strong>ventes</strong></span> <span class='ocrx_word' id='word_1_559' title='bbox 2387 2828 2564 2874; x_wconf 90' lang='lat' dir='ltr'><strong>autem</strong></span> <span class='ocrx_word' id='word_1_560' title='bbox 2591 2856 2608 2882; x_wconf 92' lang='lat'><strong>,</strong></span> <span class='ocrx_word' id='word_1_561' title='bbox 2656 2815 2884 2869; x_wconf 90' lang='lat' dir='ltr'><strong>animas.</strong></span> <span class='ocrx_word' id='word_1_562' title='bbox 2932 2811 3160 2879; x_wconf 84' lang='lat' dir='ltr'><strong>Quidam</strong></span> <span class='ocrx_word' id='word_1_563' title='bbox 3195 2821 3371 2863; x_wconf 90' lang='lat' dir='ltr'><strong>tamen</strong></span> <span class='ocrx_word' id='word_1_564' title='bbox 3401 2820 3466 2862; x_wconf 81' lang='lat' dir='ltr'><strong>ex</strong></span> <span class='ocrx_word' id='word_1_565' title='bbox 3497 2805 3561 2860; x_wconf 90' lang='lat' dir='ltr'><strong>iis</strong></span> <span class='ocrx_word' id='word_1_566' title='bbox 3590 2844 3606 2869; x_wconf 94' lang='lat'><strong>,</strong></span> <span class='ocrx_word' id='word_1_567' title='bbox 3644 2804 3739 2874; x_wconf 86' lang='lat' dir='ltr'><strong>qui</strong></span> 
     </span>
    </p>
   </div>
   <div class='ocr_carea' id='block_1_75' title="bbox 2167 2897 3738 2977">
    <p class='ocr_par' dir='ltr' id='par_1_75' title="bbox 2167 2897 3738 2977">
     <span class='ocr_line' id='line_1_75' title="bbox 2167 2897 3738 2977; baseline -0.01 -13"><span class='ocrx_word' id='word_1_568' title='bbox 2167 2921 2292 2967; x_wconf 90' lang='lat' dir='ltr'><strong>ante</strong></span> <span class='ocrx_word' id='word_1_569' title='bbox 2338 2925 2440 2965; x_wconf 89' lang='lat' dir='ltr'><strong>nos</strong></span> <span class='ocrx_word' id='word_1_570' title='bbox 2485 2906 2829 2977; x_wconf 86' lang='lat' dir='ltr'><strong>interpretati</strong></span> <span class='ocrx_word' id='word_1_571' title='bbox 2879 2912 3007 2958; x_wconf 91' lang='lat' dir='ltr'><strong>sunt</strong></span> <span class='ocrx_word' id='word_1_572' title='bbox 3056 2904 3231 2956; x_wconf 91' lang='lat' dir='ltr'><strong>locum</strong></span> <span class='ocrx_word' id='word_1_573' title='bbox 3282 2901 3430 2955; x_wconf 87' lang='lat' dir='ltr'><strong>hunc</strong></span> <span class='ocrx_word' id='word_1_574' title='bbox 3459 2941 3474 2965; x_wconf 93' lang='lat'><strong>,</strong></span> <span class='ocrx_word' id='word_1_575' title='bbox 3520 2897 3738 2951; x_wconf 88' lang='lat' dir='ltr'><strong>memini</strong></span> 
     </span>
    </p>
   </div>
   <div class='ocr_carea' id='block_1_76' title="bbox 2168 2989 3738 3074">
    <p class='ocr_par' dir='ltr' id='par_1_76' title="bbox 2168 2989 3738 3074">
     <span class='ocr_line' id='line_1_76' title="bbox 2168 2989 3738 3074; baseline -0.012 -15"><span class='ocrx_word' id='word_1_576' title='bbox 2168 3004 2312 3074; x_wconf 89' lang='lat' dir='ltr'><strong>quod</strong></span> <span class='ocrx_word' id='word_1_577' title='bbox 2335 3013 2576 3058; x_wconf 90' lang='lat' dir='ltr'><strong>mortuos</strong></span> <span class='ocrx_word' id='word_1_578' title='bbox 2602 2999 2858 3054; x_wconf 89' lang='lat' dir='ltr'><strong>dixerunt</strong></span> <span class='ocrx_word' id='word_1_579' title='bbox 2888 3011 3004 3059; x_wconf 90' lang='lat' dir='ltr'><strong>eos,</strong></span> <span class='ocrx_word' id='word_1_580' title='bbox 3037 2994 3127 3064; x_wconf 91' lang='lat' dir='ltr'><strong>qui</strong></span> <span class='ocrx_word' id='word_1_581' title='bbox 3157 2993 3441 3047; x_wconf 86' lang='lat' dir='ltr'><strong>nimietate</strong></span> <span class='ocrx_word' id='word_1_582' title='bbox 3473 2989 3738 3045; x_wconf 90' lang='lat' dir='ltr'><strong>scelerum</strong></span> 
     </span>
    </p>
   </div>
   <div class='ocr_carea' id='block_1_77' title="bbox 2168 3084 3741 3167">
    <p class='ocr_par' dir='ltr' id='par_1_77' title="bbox 2168 3084 3741 3167">
     <span class='ocr_line' id='line_1_77' title="bbox 2168 3084 3741 3167; baseline -0.015 -14"><span class='ocrx_word' id='word_1_583' title='bbox 2168 3101 2220 3152; x_wconf 94' lang='lat' dir='ltr'><strong>in</strong></span> <span class='ocrx_word' id='word_1_584' title='bbox 2253 3095 2493 3167; x_wconf 90' lang='lat' dir='ltr'><strong>peccatis</strong></span> <span class='ocrx_word' id='word_1_585' title='bbox 2535 3093 2649 3148; x_wconf 92' lang='lat' dir='ltr'><strong>suis</strong></span> <span class='ocrx_word' id='word_1_586' title='bbox 2676 3089 2878 3146; x_wconf 89' lang='lat' dir='ltr'><strong>mortui</strong></span> <span class='ocrx_word' id='word_1_587' title='bbox 2931 3087 3337 3155; x_wconf 84' lang='lat' dir='ltr'><strong>intelliguntur:</strong></span> <span class='ocrx_word' id='word_1_588' title='bbox 3371 3084 3613 3137; x_wconf 87' lang='lat' dir='ltr'><strong>viventes</strong></span> <span class='ocrx_word' id='word_1_589' title='bbox 3643 3096 3741 3131; x_wconf 84' lang='lat' dir='ltr'><strong>au-</strong></span> 
     </span>
    </p>
   </div>
   <div class='ocr_carea' id='block_1_78' title="bbox 2165 3170 3740 3253">
    <p class='ocr_par' dir='ltr' id='par_1_78' title="bbox 2165 3170 3740 3253">
     <span class='ocr_line' id='line_1_78' title="bbox 2165 3170 3740 3253; baseline -0.011 -10"><span class='ocrx_word' id='word_1_590' title='bbox 2165 3198 2270 3242; x_wconf 88' lang='lat' dir='ltr'><strong>tem</strong></span> <span class='ocrx_word' id='word_1_591' title='bbox 2318 3201 2451 3251; x_wconf 88' lang='lat' dir='ltr'><strong>eos,</strong></span> <span class='ocrx_word' id='word_1_592' title='bbox 2501 3185 2591 3253; x_wconf 90' lang='lat' dir='ltr'><strong>qui</strong></span> <span class='ocrx_word' id='word_1_593' title='bbox 2627 3183 2680 3236; x_wconf 93' lang='lat' dir='ltr'><strong>in</strong></span> <span class='ocrx_word' id='word_1_594' title='bbox 2722 3181 2977 3250; x_wconf 87' lang='lat' dir='ltr'><strong>operibus</strong></span> <span class='ocrx_word' id='word_1_595' title='bbox 3026 3177 3148 3230; x_wconf 83' lang='lat' dir='ltr'><strong>vitae</strong></span> <span class='ocrx_word' id='word_1_596' title='bbox 3181 3174 3598 3244; x_wconf 89' lang='lat' dir='ltr'><strong>permanserint.</strong></span> <span class='ocrx_word' id='word_1_597' title='bbox 3635 3170 3740 3226; x_wconf 85' lang='lat' dir='ltr'><strong>Ve-</strong></span> 
     </span>
    </p>
   </div>
   <div class='ocr_carea' id='block_1_79' title="bbox 2165 3263 3764 3334">
    <p class='ocr_par' dir='ltr' id='par_1_79' title="bbox 2165 3263 3764 3334">
     <span class='ocr_line' id='line_1_79' title="bbox 2165 3263 3764 3334; baseline -0.012 0"><span class='ocrx_word' id='word_1_598' title='bbox 2165 3287 2468 3334; x_wconf 87' lang='lat' dir='ltr'><strong>rumtamen</strong></span> <span class='ocrx_word' id='word_1_599' title='bbox 2525 3274 2784 3330; x_wconf 92' lang='lat' dir='ltr'><strong>utrolibet</strong></span> <span class='ocrx_word' id='word_1_600' title='bbox 2831 3269 2990 3324; x_wconf 89' lang='lat' dir='ltr'><strong>modo</strong></span> <span class='ocrx_word' id='word_1_601' title='bbox 3037 3265 3205 3322; x_wconf 90' lang='lat' dir='ltr'><strong>stabit</strong></span> <span class='ocrx_word' id='word_1_602' title='bbox 3247 3266 3412 3321; x_wconf 92' lang='lat' dir='ltr'><strong>etiam</strong></span> <span class='ocrx_word' id='word_1_603' title='bbox 3459 3265 3511 3318; x_wconf 93' lang='lat' dir='ltr'><strong>in</strong></span> <span class='ocrx_word' id='word_1_604' title='bbox 3559 3263 3764 3317; x_wconf 81' lang='lat' dir='ltr'><strong>futuro.</strong></span> 
     </span>
    </p>
   </div>
   <div class='ocr_carea' id='block_1_80' title="bbox 2165 3355 3740 3440">
    <p class='ocr_par' dir='ltr' id='par_1_80' title="bbox 2165 3355 3740 3440">
     <span class='ocr_line' id='line_1_80' title="bbox 2165 3355 3740 3440; baseline -0.011 -16"><span class='ocrx_word' id='word_1_605' title='bbox 2165 3385 2388 3440; x_wconf 89' lang='lat' dir='ltr'><strong>magnus</strong></span> <span class='ocrx_word' id='word_1_606' title='bbox 2416 3368 2502 3423; x_wconf 89' lang='lat' dir='ltr'><strong>hic</strong></span> <span class='ocrx_word' id='word_1_607' title='bbox 2529 3365 2769 3437; x_wconf 79' lang='lat' dir='ltr'><strong>pontifex</strong></span> <span class='ocrx_word' id='word_1_608' title='bbox 2802 3372 2856 3417; x_wconf 92' lang='lat' dir='ltr'><strong>et</strong></span> <span class='ocrx_word' id='word_1_609' title='bbox 2891 3359 3140 3416; x_wconf 87' lang='lat' dir='ltr'><strong>Salvator</strong></span> <span class='ocrx_word' id='word_1_610' title='bbox 3172 3364 3376 3419; x_wconf 87' lang='lat' dir='ltr'><strong>noster,</strong></span> <span class='ocrx_word' id='word_1_611' title='bbox 3408 3355 3618 3410; x_wconf 89' lang='lat' dir='ltr'><strong>medius</strong></span> <span class='ocrx_word' id='word_1_612' title='bbox 3652 3357 3740 3407; x_wconf 73' lang='lat' dir='ltr'><strong>vi-</strong></span> 
     </span>
    </p>
   </div>
   <div class='ocr_carea' id='block_1_81' title="bbox 2164 3447 3757 3516">
    <p class='ocr_par' dir='ltr' id='par_1_81' title="bbox 2164 3447 3757 3516">
     <span class='ocr_line' id='line_1_81' title="bbox 2164 3447 3757 3516; baseline -0.01 -2"><span class='ocrx_word' id='word_1_613' title='bbox 2164 3475 2351 3516; x_wconf 88' lang='lat' dir='ltr'><strong>vorum</strong></span> <span class='ocrx_word' id='word_1_614' title='bbox 2380 3469 2436 3514; x_wconf 88' lang='lat' dir='ltr'><strong>et</strong></span> <span class='ocrx_word' id='word_1_615' title='bbox 2474 3467 2834 3513; x_wconf 88' lang='lat' dir='ltr'><strong>mortuorum.</strong></span> <span class='ocrx_word' id='word_1_616' title='bbox 2871 3452 2977 3506; x_wconf 88' lang='lat' dir='ltr'><strong>Sed</strong></span> <span class='ocrx_word' id='word_1_617' title='bbox 3010 3460 3066 3505; x_wconf 93' lang='lat' dir='ltr'><strong>et</strong></span> <span class='ocrx_word' id='word_1_618' title='bbox 3097 3458 3227 3503; x_wconf 90' lang='lat' dir='ltr'><strong>tunc</strong></span> <span class='ocrx_word' id='word_1_619' title='bbox 3259 3447 3397 3503; x_wconf 76' lang='lat' dir='ltr'><strong>forte</strong></span> <span class='ocrx_word' id='word_1_620' title='bbox 3421 3448 3626 3502; x_wconf 82' lang='lat' dir='ltr'><strong>medius</strong></span> <span class='ocrx_word' id='word_1_621' title='bbox 3655 3449 3757 3500; x_wconf 69' lang='lat' dir='ltr'><strong>vio.</strong></span> 
     </span>
    </p>
   </div>
   <div class='ocr_carea' id='block_1_82' title="bbox 2163 3542 3735 3607">
    <p class='ocr_par' dir='ltr' id='par_1_82' title="bbox 2163 3542 3735 3607">
     <span class='ocr_line' id='line_1_82' title="bbox 2163 3542 3735 3607; baseline -0.011 0"><span class='ocrx_word' id='word_1_622' title='bbox 2163 3569 2351 3607; x_wconf 90' lang='lat' dir='ltr'><strong>vorum</strong></span> <span class='ocrx_word' id='word_1_623' title='bbox 2382 3559 2437 3607; x_wconf 92' lang='lat' dir='ltr'><strong>et</strong></span> <span class='ocrx_word' id='word_1_624' title='bbox 2474 3559 2808 3605; x_wconf 86' lang='lat' dir='ltr'><strong>mortuorum</strong></span> <span class='ocrx_word' id='word_1_625' title='bbox 2856 3557 3002 3600; x_wconf 86' lang='lat' dir='ltr'><strong>stare</strong></span> <span class='ocrx_word' id='word_1_626' title='bbox 3047 3542 3307 3597; x_wconf 87' lang='lat' dir='ltr'><strong>dicendus</strong></span> <span class='ocrx_word' id='word_1_627' title='bbox 3331 3547 3434 3607; x_wconf 88' lang='lat' dir='ltr'><strong>est,</strong></span> <span class='ocrx_word' id='word_1_628' title='bbox 3464 3554 3588 3594; x_wconf 89' lang='lat' dir='ltr'><strong>cum</strong></span> <span class='ocrx_word' id='word_1_629' title='bbox 3620 3550 3735 3593; x_wconf 87' lang='lat' dir='ltr'><strong>sta..-</strong></span> 
     </span>
    </p>
   </div>
   <div class='ocr_carea' id='block_1_83' title="bbox 2166 3632 3736 3712">
    <p class='ocr_par' dir='ltr' id='par_1_83' title="bbox 2166 3632 3736 3712">
     <span class='ocr_line' id='line_1_83' title="bbox 2166 3632 3736 3712; baseline -0.008 -14"><span class='ocrx_word' id='word_1_630' title='bbox 2166 3652 2279 3699; x_wconf 88' lang='lat' dir='ltr'><strong>tuet</strong></span> <span class='ocrx_word' id='word_1_631' title='bbox 2301 3656 2427 3698; x_wconf 88' lang='lat' dir='ltr'><strong>oves</strong></span> <span class='ocrx_word' id='word_1_632' title='bbox 2453 3641 2670 3712; x_wconf 91' lang='lat' dir='ltr'><strong>quidem</strong></span> <span class='ocrx_word' id='word_1_633' title='bbox 2711 3654 2741 3693; x_wconf 87' lang='lat' dir='ltr'><strong>a</strong></span> <span class='ocrx_word' id='word_1_634' title='bbox 2776 3636 2980 3693; x_wconf 85' lang='lat' dir='ltr'><strong>dextris</strong></span> <span class='ocrx_word' id='word_1_635' title='bbox 3009 3635 3142 3701; x_wconf 91' lang='lat' dir='ltr'><strong>suis,</strong></span> <span class='ocrx_word' id='word_1_636' title='bbox 3173 3632 3356 3688; x_wconf 83' lang='lat' dir='ltr'><strong>haedos</strong></span> <span class='ocrx_word' id='word_1_637' title='bbox 3391 3640 3568 3686; x_wconf 90' lang='lat' dir='ltr'><strong>autem</strong></span> <span class='ocrx_word' id='word_1_638' title='bbox 3602 3632 3736 3687; x_wconf 84' lang='lat' dir='ltr'><strong>a-si-</strong></span> 
     </span>
    </p>
   </div>
   <div class='ocr_carea' id='block_1_84' title="bbox 2165 3723 3740 3799">
    <p class='ocr_par' dir='ltr' id='par_1_84' title="bbox 2165 3723 3740 3799">
     <span class='ocr_line' id='line_1_84' title="bbox 2165 3723 3740 3799; baseline -0.006 -11"><span class='ocrx_word' id='word_1_639' title='bbox 2165 3735 2374 3799; x_wconf 89' lang='lat' dir='ltr'><strong>nislris,</strong></span> <span class='ocrx_word' id='word_1_640' title='bbox 2412 3743 2466 3788; x_wconf 90' lang='lat' dir='ltr'><strong>et</strong></span> <span class='ocrx_word' id='word_1_641' title='bbox 2494 3732 2636 3787; x_wconf 88' lang='lat' dir='ltr'><strong>dicet</strong></span> <span class='ocrx_word' id='word_1_642' title='bbox 2664 3730 2729 3785; x_wconf 89' lang='lat' dir='ltr'><strong>iis</strong></span> <span class='ocrx_word' id='word_1_643' title='bbox 2758 3729 2848 3799; x_wconf 91' lang='lat' dir='ltr'><strong>qui</strong></span> <span class='ocrx_word' id='word_1_644' title='bbox 2878 3745 2910 3782; x_wconf 92' lang='lat' dir='ltr'><strong>a</strong></span> <span class='ocrx_word' id='word_1_645' title='bbox 2938 3727 3142 3781; x_wconf 76' lang='lat' dir='ltr'><strong>dextris</strong></span> <span class='ocrx_word' id='word_1_646' title='bbox 3168 3735 3291 3779; x_wconf 90' lang='lat' dir='ltr'><strong>sunt</strong></span> <span class='ocrx_word' id='word_1_647' title='bbox 3317 3741 3330 3777; x_wconf 94' lang='lat'><strong>:</strong></span> <span class='ocrx_word' id='word_1_648' title='bbox 3364 3743 3383 3777; x_wconf 70' lang='grc' dir='ltr'><strong>ι</strong></span> <span class='ocrx_word' id='word_1_649' title='bbox 3411 3723 3618 3787; x_wconf 77' lang='lat' dir='ltr'><strong>Venite,</strong></span> <span class='ocrx_word' id='word_1_650' title='bbox 3651 3726 3740 3778; x_wconf 86' lang='lat' dir='ltr'><strong>he-</strong></span> 
     </span>
    </p>
   </div>
   <div class='ocr_carea' id='block_1_85' title="bbox 2164 3815 3738 3890">
    <p class='ocr_par' dir='ltr' id='par_1_85' title="bbox 2164 3815 3738 3890">
     <span class='ocr_line' id='line_1_85' title="bbox 2164 3815 3738 3890; baseline -0.008 -9"><span class='ocrx_word' id='word_1_651' title='bbox 2164 3826 2363 3882; x_wconf 90' lang='lat' dir='ltr'><strong>nedicti</strong></span> <span class='ocrx_word' id='word_1_652' title='bbox 2401 3824 2576 3878; x_wconf 92' lang='lat' dir='ltr'><strong>Patris</strong></span> <span class='ocrx_word' id='word_1_653' title='bbox 2616 3822 2760 3888; x_wconf 91' lang='lat' dir='ltr'><strong>mei,</strong></span> <span class='ocrx_word' id='word_1_654' title='bbox 2810 3818 3074 3890; x_wconf 88' lang='lat' dir='ltr'><strong>percipite</strong></span> <span class='ocrx_word' id='word_1_655' title='bbox 3111 3831 3359 3885; x_wconf 88' lang='lat' dir='ltr'><strong>regnum,</strong></span> <span class='ocrx_word' id='word_1_656' title='bbox 3393 3815 3536 3886; x_wconf 92' lang='lat' dir='ltr'><strong>quod</strong></span> <span class='ocrx_word' id='word_1_657' title='bbox 3582 3815 3738 3869; x_wconf 84' lang='lat' dir='ltr'><strong>vobis</strong></span> 
     </span>
    </p>
   </div>
   <div class='ocr_carea' id='block_1_86' title="bbox 2165 3909 3737 3989">
    <p class='ocr_par' dir='ltr' id='par_1_86' title="bbox 2165 3909 3737 3989">
     <span class='ocr_line' id='line_1_86' title="bbox 2165 3909 3737 3989; baseline -0.008 -14"><span class='ocrx_word' id='word_1_658' title='bbox 2165 3930 2408 3989; x_wconf 88' lang='lat' dir='ltr'><strong>paratum</strong></span> <span class='ocrx_word' id='word_1_659' title='bbox 2437 3928 2523 3973; x_wconf 91' lang='lat' dir='ltr'><strong>est</strong></span> <span class='ocrx_word' id='word_1_660' title='bbox 2551 3932 2578 3970; x_wconf 90' lang='lat' dir='ltr'><strong>a</strong></span> <span class='ocrx_word' id='word_1_661' title='bbox 2604 3914 2992 3971; x_wconf 87' lang='lat' dir='ltr'><strong>constitutione</strong></span> <span class='ocrx_word' id='word_1_662' title='bbox 3024 3911 3207 3966; x_wconf 91' lang='lat' dir='ltr'><strong>mundi</strong></span> <span class='ocrx_word' id='word_1_663' title='bbox 3237 3911 3306 3972; x_wconf 69' lang='lat'><strong>&#39;3,</strong></span> <span class='ocrx_word' id='word_1_664' title='bbox 3342 3919 3446 3966; x_wconf 90' lang='lat' dir='ltr'><strong>etc.</strong></span> <span class='ocrx_word' id='word_1_665' title='bbox 3483 3929 3503 3962; x_wconf 77' lang='grc' dir='ltr'><strong>ι</strong></span> <span class='ocrx_word' id='word_1_666' title='bbox 3545 3909 3613 3963; x_wconf 90' lang='lat' dir='ltr'><strong>lis</strong></span> <span class='ocrx_word' id='word_1_667' title='bbox 3650 3922 3737 3963; x_wconf 85' lang='lat' dir='ltr'><strong>au-</strong></span> 
     </span>
    </p>
   </div>
   <div class='ocr_carea' id='block_1_87' title="bbox 2163 4001 3738 4081">
    <p class='ocr_par' dir='ltr' id='par_1_87' title="bbox 2163 4001 3738 4081">
     <span class='ocr_line' id='line_1_87' title="bbox 2163 4001 3738 4081; baseline -0.01 -15"><span class='ocrx_word' id='word_1_668' title='bbox 2163 4021 2272 4066; x_wconf 80' lang='lat' dir='ltr'><strong>tem</strong></span> <span class='ocrx_word' id='word_1_669' title='bbox 2305 4011 2396 4081; x_wconf 92' lang='lat' dir='ltr'><strong>qui</strong></span> <span class='ocrx_word' id='word_1_670' title='bbox 2437 4024 2466 4062; x_wconf 88' lang='lat' dir='ltr'><strong>a</strong></span> <span class='ocrx_word' id='word_1_671' title='bbox 2498 4007 2736 4063; x_wconf 89' lang='lat' dir='ltr'><strong>sinistris</strong></span> <span class='ocrx_word' id='word_1_672' title='bbox 2767 4015 2894 4060; x_wconf 91' lang='lat' dir='ltr'><strong>sunt</strong></span> <span class='ocrx_word' id='word_1_673' title='bbox 2922 4004 3102 4058; x_wconf 88' lang='lat' dir='ltr'><strong>dicet:</strong></span> <span class='ocrx_word' id='word_1_674' title='bbox 3151 4021 3179 4055; x_wconf 75' lang='grc' dir='ltr'><strong>ι,</strong></span> <span class='ocrx_word' id='word_1_675' title='bbox 3199 4002 3272 4058; x_wconf 91' lang='lat' dir='ltr'><strong>lte</strong></span> <span class='ocrx_word' id='word_1_676' title='bbox 3298 4004 3349 4055; x_wconf 92' lang='lat' dir='ltr'><strong>iu</strong></span> <span class='ocrx_word' id='word_1_677' title='bbox 3379 4001 3554 4072; x_wconf 88' lang='lat' dir='ltr'><strong>ignem</strong></span> <span class='ocrx_word' id='word_1_678' title='bbox 3580 4010 3738 4054; x_wconf 87' lang='lat' dir='ltr'><strong>aeter-</strong></span> 
     </span>
    </p>
   </div>
   <div class='ocr_carea' id='block_1_88' title="bbox 2166 4093 3736 4172">
    <p class='ocr_par' dir='ltr' id='par_1_88' title="bbox 2166 4093 3736 4172">
     <span class='ocr_line' id='line_1_88' title="bbox 2166 4093 3736 4172; baseline -0.009 -13"><span class='ocrx_word' id='word_1_679' title='bbox 2166 4120 2312 4164; x_wconf 84' lang='lat' dir='ltr'><strong>num,</strong></span> <span class='ocrx_word' id='word_1_680' title='bbox 2338 4102 2574 4172; x_wconf 88' lang='lat' dir='ltr'><strong>operarii</strong></span> <span class='ocrx_word' id='word_1_681' title='bbox 2623 4098 2926 4168; x_wconf 89' lang='lat' dir='ltr'><strong>iniquitatis</strong></span> <span class='ocrx_word' id='word_1_682' title='bbox 2953 4137 2969 4164; x_wconf 94' lang='lat'><strong>,</strong></span> <span class='ocrx_word' id='word_1_683' title='bbox 3011 4110 3169 4165; x_wconf 90' lang='lat' dir='ltr'><strong>quem</strong></span> <span class='ocrx_word' id='word_1_684' title='bbox 3219 4094 3545 4165; x_wconf 65' lang='lat' dir='ltr'><strong>praeparavit</strong></span> <span class='ocrx_word' id='word_1_685' title='bbox 3571 4093 3736 4147; x_wconf 83' lang='lat' dir='ltr'><strong>Pater</strong></span> 
     </span>
    </p>
   </div>
   <div class='ocr_carea' id='block_1_89' title="bbox 2165 4185 3736 4260">
    <p class='ocr_par' dir='ltr' id='par_1_89' title="bbox 2165 4185 3736 4260">
     <span class='ocr_line' id='line_1_89' title="bbox 2165 4185 3736 4260; baseline -0.01 -6"><span class='ocrx_word' id='word_1_686' title='bbox 2165 4212 2319 4254; x_wconf 90' lang='lat' dir='ltr'><strong>meus</strong></span> <span class='ocrx_word' id='word_1_687' title='bbox 2356 4194 2570 4251; x_wconf 90' lang='lat' dir='ltr'><strong>diabolo</strong></span> <span class='ocrx_word' id='word_1_688' title='bbox 2613 4203 2668 4247; x_wconf 87' lang='lat' dir='ltr'><strong>et</strong></span> <span class='ocrx_word' id='word_1_689' title='bbox 2712 4190 2922 4260; x_wconf 89' lang='lat' dir='ltr'><strong>angelis</strong></span> <span class='ocrx_word' id='word_1_690' title='bbox 2976 4191 3093 4259; x_wconf 85' lang='lat' dir='ltr'><strong>ejus</strong></span> <span class='ocrx_word' id='word_1_691' title='bbox 3123 4230 3138 4254; x_wconf 92' lang='lat'><strong>,</strong></span> <span class='ocrx_word' id='word_1_692' title='bbox 3172 4187 3428 4258; x_wconf 90' lang='lat' dir='ltr'><strong>quoniam</strong></span> <span class='ocrx_word' id='word_1_693' title='bbox 3474 4201 3577 4239; x_wconf 91' lang='lat' dir='ltr'><strong>non</strong></span> <span class='ocrx_word' id='word_1_694' title='bbox 3613 4185 3736 4240; x_wconf 90' lang='lat' dir='ltr'><strong>novi</strong></span> 
     </span>
    </p>
   </div>
   <div class='ocr_carea' id='block_1_90' title="bbox 2165 4279 3734 4356">
    <p class='ocr_par' dir='ltr' id='par_1_90' title="bbox 2165 4279 3734 4356">
     <span class='ocr_line' id='line_1_90' title="bbox 2165 4279 3734 4356; baseline -0.009 -11"><span class='ocrx_word' id='word_1_695' title='bbox 2165 4306 2260 4346; x_wconf 91' lang='lat' dir='ltr'><strong>vos</strong></span> <span class='ocrx_word' id='word_1_696' title='bbox 2306 4289 2373 4343; x_wconf 68' lang='grc' dir='ltr'><strong>νο.</strong></span> <span class='ocrx_word' id='word_1_697' title='bbox 2420 4307 2438 4339; x_wconf 76' lang='grc' dir='ltr'><strong>ι</strong></span> <span class='ocrx_word' id='word_1_698' title='bbox 2484 4286 2551 4340; x_wconf 84' lang='grc' dir='ltr'><strong>Ει</strong></span> <span class='ocrx_word' id='word_1_699' title='bbox 2602 4293 2726 4340; x_wconf 89' lang='lat' dir='ltr'><strong>sunt</strong></span> <span class='ocrx_word' id='word_1_700' title='bbox 2753 4285 2939 4356; x_wconf 86' lang='lat' dir='ltr'><strong>utique</strong></span> <span class='ocrx_word' id='word_1_701' title='bbox 2977 4283 3174 4338; x_wconf 91' lang='lat' dir='ltr'><strong>mortui</strong></span> <span class='ocrx_word' id='word_1_702' title='bbox 3213 4281 3287 4344; x_wconf 90' lang='lat' dir='ltr'><strong>ii,</strong></span> <span class='ocrx_word' id='word_1_703' title='bbox 3325 4281 3418 4349; x_wconf 90' lang='lat' dir='ltr'><strong>qui</strong></span> <span class='ocrx_word' id='word_1_704' title='bbox 3467 4279 3520 4332; x_wconf 94' lang='lat' dir='ltr'><strong>in</strong></span> <span class='ocrx_word' id='word_1_705' title='bbox 3559 4279 3734 4348; x_wconf 85' lang='lat' dir='ltr'><strong>ignem</strong></span> 
     </span>
    </p>
   </div>
   <div class='ocr_carea' id='block_1_91' title="bbox 487 4371 3738 4471">
    <p class='ocr_par' dir='ltr' id='par_1_91' title="bbox 487 4371 3738 4471">
     <span class='ocr_line' id='line_1_91' title="bbox 487 4371 3738 4471; baseline 0.001 -47"><span class='ocrx_word' id='word_1_706' title='bbox 487 4372 637 4427; x_wconf 90' lang='lat' dir='ltr'><strong>tuisti</strong></span> <span class='ocrx_word' id='word_1_707' title='bbox 664 4371 970 4441; x_wconf 88' lang='lat' dir='ltr'><strong>pontiﬁcem</strong></span> <span class='ocrx_word' id='word_1_708' title='bbox 997 4380 1230 4427; x_wconf 88' lang='lat' dir='ltr'><strong>stantem</strong></span> <span class='ocrx_word' id='word_1_709' title='bbox 1256 4372 1490 4426; x_wconf 88' lang='lat' dir='ltr'><strong>medium</strong></span> <span class='ocrx_word' id='word_1_710' title='bbox 1515 4373 1657 4427; x_wconf 89' lang='lat' dir='ltr'><strong>inter</strong></span> <span class='ocrx_word' id='word_1_711' title='bbox 1675 4374 1825 4430; x_wconf 92' lang='lat' dir='ltr'><strong>vivos</strong></span> <span class='ocrx_word' id='word_1_712' title='bbox 1845 4385 1900 4430; x_wconf 88' lang='lat' dir='ltr'><strong>et</strong></span> <span class='ocrx_word' id='word_1_713' title='bbox 1925 4393 2065 4433; x_wconf 91' lang='lat' dir='ltr'><strong>mor-</strong></span> <span class='ocrx_word' id='word_1_714' title='bbox 2096 4417 2146 4471; x_wconf 28' lang='grc' dir='ltr'><strong>Β.</strong></span> <span class='ocrx_word' id='word_1_715' title='bbox 2170 4381 2457 4436; x_wconf 87' lang='lat' dir='ltr'><strong>mittuntur</strong></span> <span class='ocrx_word' id='word_1_716' title='bbox 2479 4385 2771 4442; x_wconf 62' lang='lat' dir='ltr'><strong>mternum;</strong></span> <span class='ocrx_word' id='word_1_717' title='bbox 2802 4385 2928 4430; x_wconf 90' lang='lat' dir='ltr'><strong>sunt</strong></span> <span class='ocrx_word' id='word_1_718' title='bbox 2955 4385 3133 4430; x_wconf 89' lang='lat' dir='ltr'><strong>autem</strong></span> <span class='ocrx_word' id='word_1_719' title='bbox 3166 4371 3275 4426; x_wconf 89' lang='lat' dir='ltr'><strong>vivi</strong></span> <span class='ocrx_word' id='word_1_720' title='bbox 3299 4371 3373 4426; x_wconf 91' lang='lat' dir='ltr'><strong>illi</strong></span> <span class='ocrx_word' id='word_1_721' title='bbox 3397 4372 3488 4442; x_wconf 92' lang='lat' dir='ltr'><strong>qui</strong></span> <span class='ocrx_word' id='word_1_722' title='bbox 3516 4372 3738 4426; x_wconf 89' lang='lat' dir='ltr'><strong>mittun-</strong></span> 
     </span>
    </p>
   </div>
   <div class='ocr_carea' id='block_1_92' title="bbox 474 4461 2060 4540">
    <p class='ocr_par' dir='ltr' id='par_1_92' title="bbox 474 4461 2060 4540">
     <span class='ocr_line' id='line_1_92' title="bbox 474 4461 2060 4540; baseline 0.003 -24"><span class='ocrx_word' id='word_1_723' title='bbox 474 4473 645 4540; x_wconf 70' lang='lat' dir='ltr'><strong>tuos:</strong></span> <span class='ocrx_word' id='word_1_724' title='bbox 674 4464 906 4518; x_wconf 89' lang='lat' dir='ltr'><strong>ascende</strong></span> <span class='ocrx_word' id='word_1_725' title='bbox 930 4478 1074 4518; x_wconf 92' lang='lat' dir='ltr'><strong>nunc</strong></span> <span class='ocrx_word' id='word_1_726' title='bbox 1104 4462 1170 4516; x_wconf 90' lang='lat' dir='ltr'><strong>ad</strong></span> <span class='ocrx_word' id='word_1_727' title='bbox 1203 4462 1349 4516; x_wconf 88' lang='lat' dir='ltr'><strong>verbi</strong></span> <span class='ocrx_word' id='word_1_728' title='bbox 1380 4461 1538 4529; x_wconf 92' lang='lat' dir='ltr'><strong>hujus</strong></span> <span class='ocrx_word' id='word_1_729' title='bbox 1562 4462 1790 4517; x_wconf 83' lang='lat' dir='ltr'><strong>celsiora</strong></span> <span class='ocrx_word' id='word_1_730' title='bbox 1824 4464 2060 4537; x_wconf 80' lang='lat' dir='ltr'><strong>fastigia,</strong></span> 
     </span>
    </p>
   </div>
   <div class='ocr_carea' id='block_1_93' title="bbox 487 4552 2057 4627">
    <p class='ocr_par' dir='ltr' id='par_1_93' title="bbox 487 4552 2057 4627">
     <span class='ocr_line' id='line_1_93' title="bbox 487 4552 2057 4627; baseline 0.004 -17"><span class='ocrx_word' id='word_1_731' title='bbox 487 4565 542 4610; x_wconf 91' lang='lat' dir='ltr'><strong>et</strong></span> <span class='ocrx_word' id='word_1_732' title='bbox 574 4557 694 4611; x_wconf 90' lang='lat' dir='ltr'><strong>vide</strong></span> <span class='ocrx_word' id='word_1_733' title='bbox 725 4557 994 4627; x_wconf 90' lang='lat' dir='ltr'><strong>quomodo</strong></span> <span class='ocrx_word' id='word_1_734' title='bbox 1027 4571 1188 4611; x_wconf 85' lang='lat' dir='ltr'><strong>verus</strong></span> <span class='ocrx_word' id='word_1_735' title='bbox 1231 4556 1472 4626; x_wconf 79' lang='lat' dir='ltr'><strong>pontifex</strong></span> <span class='ocrx_word' id='word_1_736' title='bbox 1505 4552 1662 4610; x_wconf 73' lang='lat' dir='ltr'><strong>Iesus</strong></span> <span class='ocrx_word' id='word_1_737' title='bbox 1691 4557 1938 4616; x_wconf 89' lang='lat' dir='ltr'><strong>Christus</strong></span> <span class='ocrx_word' id='word_1_738' title='bbox 1969 4579 2057 4616; x_wconf 81' lang='lat' dir='ltr'><strong>as—</strong></span> 
     </span>
    </p>
   </div>
   <div class='ocr_carea' id='block_1_94' title="bbox 487 4647 2060 4723">
    <p class='ocr_par' dir='ltr' id='par_1_94' title="bbox 487 4647 2060 4723">
     <span class='ocr_line' id='line_1_94' title="bbox 487 4647 2060 4723; baseline 0.003 -21"><span class='ocrx_word' id='word_1_739' title='bbox 487 4656 703 4718; x_wconf 82' lang='lat' dir='ltr'><strong>sumpto</strong></span> <span class='ocrx_word' id='word_1_740' title='bbox 736 4649 924 4704; x_wconf 88' lang='lat' dir='ltr'><strong>batillo</strong></span> <span class='ocrx_word' id='word_1_741' title='bbox 956 4649 1139 4702; x_wconf 91' lang='lat' dir='ltr'><strong>carnis</strong></span> <span class='ocrx_word' id='word_1_742' title='bbox 1180 4647 1461 4712; x_wconf 83' lang='lat' dir='ltr'><strong>humanae,</strong></span> <span class='ocrx_word' id='word_1_743' title='bbox 1491 4659 1546 4703; x_wconf 90' lang='lat' dir='ltr'><strong>et</strong></span> <span class='ocrx_word' id='word_1_744' title='bbox 1581 4652 1918 4720; x_wconf 90' lang='lat' dir='ltr'><strong>superposito</strong></span> <span class='ocrx_word' id='word_1_745' title='bbox 1951 4652 2060 4723; x_wconf 86' lang='lat' dir='ltr'><strong>igni</strong></span> 
     </span>
    </p>
   </div>
   <div class='ocr_carea' id='block_1_95' title="bbox 487 4740 2058 4812">
    <p class='ocr_par' dir='ltr' id='par_1_95' title="bbox 487 4740 2058 4812">
     <span class='ocr_line' id='line_1_95' title="bbox 487 4740 2058 4812; baseline 0.003 -19"><span class='ocrx_word' id='word_1_746' title='bbox 487 4740 714 4807; x_wconf 85' lang='lat' dir='ltr'><strong>altaris,</strong></span> <span class='ocrx_word' id='word_1_747' title='bbox 744 4741 924 4794; x_wconf 90' lang='lat' dir='ltr'><strong>anima</strong></span> <span class='ocrx_word' id='word_1_748' title='bbox 974 4742 1094 4795; x_wconf 89' lang='lat' dir='ltr'><strong>sine</strong></span> <span class='ocrx_word' id='word_1_749' title='bbox 1126 4741 1286 4794; x_wconf 90' lang='lat' dir='ltr'><strong>dubio</strong></span> <span class='ocrx_word' id='word_1_750' title='bbox 1332 4741 1422 4794; x_wconf 89' lang='lat' dir='ltr'><strong>illa</strong></span> <span class='ocrx_word' id='word_1_751' title='bbox 1470 4743 1758 4810; x_wconf 83' lang='lat' dir='ltr'><strong>magniﬁca</strong></span> <span class='ocrx_word' id='word_1_752' title='bbox 1795 4758 1917 4797; x_wconf 92' lang='lat' dir='ltr'><strong>cum</strong></span> <span class='ocrx_word' id='word_1_753' title='bbox 1955 4759 2058 4812; x_wconf 87' lang='lat' dir='ltr'><strong>qua</strong></span> 
     </span>
    </p>
   </div>
   <div class='ocr_carea' id='block_1_96' title="bbox 558 4831 1565 4898">
    <p class='ocr_par' dir='ltr' id='par_1_96' title="bbox 558 4831 1565 4898">
     <span class='ocr_line' id='line_1_96' title="bbox 558 4831 1565 4898; baseline 0.003 -12"><span class='ocrx_word' id='word_1_754' title='bbox 558 4833 602 4864; x_wconf 83' lang='grc'><strong>²⁰</strong></span> <span class='ocrx_word' id='word_1_755' title='bbox 635 4833 652 4886; x_wconf 89' lang='grc' dir='ltr'><strong>ι</strong></span> <span class='ocrx_word' id='word_1_756' title='bbox 681 4831 836 4887; x_wconf 82' lang='lat' dir='ltr'><strong>Joan.</strong></span> <span class='ocrx_word' id='word_1_757' title='bbox 867 4848 928 4896; x_wconf 85' lang='lat' dir='ltr'><strong>tt,</strong></span> <span class='ocrx_word' id='word_1_758' title='bbox 957 4832 1010 4886; x_wconf 90' lang='lat'><strong>8.</strong></span> <span class='ocrx_word' id='word_1_759' title='bbox 1111 4833 1153 4864; x_wconf 80' lang='grc'>²¹</span> <span class='ocrx_word' id='word_1_760' title='bbox 1183 4832 1344 4888; x_wconf 84' lang='lat' dir='ltr'><strong>Hebr.</strong></span> <span class='ocrx_word' id='word_1_761' title='bbox 1383 4848 1444 4898; x_wconf 83' lang='lat' dir='ltr'><strong>it,</strong></span> <span class='ocrx_word' id='word_1_762' title='bbox 1481 4835 1565 4889; x_wconf 74' lang='grc' dir='ltr'><strong>Η.</strong></span> 
     </span>
    </p>
   </div>
   <div class='ocr_carea' id='block_1_97' title="bbox 489 4901 1001 4969">
    <p class='ocr_par' dir='ltr' id='par_1_97' title="bbox 489 4901 1001 4969">
     <span class='ocr_line' id='line_1_97' title="bbox 489 4901 1001 4969; baseline 0 -14"><span class='ocrx_word' id='word_1_763' title='bbox 489 4903 535 4937; x_wconf 79' lang='grc'><strong>³⁸</strong></span> <span class='ocrx_word' id='word_1_764' title='bbox 561 4901 721 4958; x_wconf 83' lang='grc' dir='ltr'><strong>Νυιιι.</strong></span> <span class='ocrx_word' id='word_1_765' title='bbox 769 4918 881 4969; x_wconf 78' lang='lat' dir='ltr'><strong>xw,</strong></span> <span class='ocrx_word' id='word_1_766' title='bbox 911 4902 1001 4956; x_wconf 88' lang='lat'><strong>50.</strong></span> 
     </span>
    </p>
   </div>
   <div class='ocr_carea' id='block_1_98' title="bbox 562 5016 2060 5088">
    <p class='ocr_par' dir='ltr' id='par_1_98' title="bbox 562 5016 2060 5088">
     <span class='ocr_line' id='line_1_98' title="bbox 562 5016 2060 5088; baseline -0.001 -17"><span class='ocrx_word' id='word_1_767' title='bbox 562 5018 672 5088; x_wconf 78' lang='lat'><strong>(97)</strong></span> <span class='ocrx_word' id='word_1_768' title='bbox 721 5016 924 5084; x_wconf 81' lang='lat' dir='ltr'><strong>Filioli,</strong></span> <span class='ocrx_word' id='word_1_769' title='bbox 956 5017 1263 5071; x_wconf 84' lang='lat' dir='ltr'><strong>mandatum</strong></span> <span class='ocrx_word' id='word_1_770' title='bbox 1313 5034 1497 5072; x_wconf 86' lang='lat' dir='ltr'><strong>novum</strong></span> <span class='ocrx_word' id='word_1_771' title='bbox 1527 5018 1593 5071; x_wconf 88' lang='lat' dir='ltr'><strong>do</strong></span> <span class='ocrx_word' id='word_1_772' title='bbox 1628 5018 1771 5072; x_wconf 80' lang='lat' dir='ltr'><strong>vobis</strong></span> <span class='ocrx_word' id='word_1_773' title='bbox 1797 5057 1812 5081; x_wconf 93' lang='lat'><strong>,</strong></span> <span class='ocrx_word' id='word_1_774' title='bbox 1841 5025 1897 5070; x_wconf 83' lang='lat' dir='ltr'><strong>ut</strong></span> <span class='ocrx_word' id='word_1_775' title='bbox 1926 5017 2060 5072; x_wconf 80' lang='lat' dir='ltr'><strong>invi-</strong></span> 
     </span>
    </p>
   </div>
   <div class='ocr_carea' id='block_1_99' title="bbox 491 5087 2059 5157">
    <p class='ocr_par' dir='ltr' id='par_1_99' title="bbox 491 5087 2059 5157">
     <span class='ocr_line' id='line_1_99' title="bbox 491 5087 2059 5157; baseline -0.001 -16"><span class='ocrx_word' id='word_1_776' title='bbox 491 5105 602 5141; x_wconf 84' lang='lat' dir='ltr'><strong>cem</strong></span> <span class='ocrx_word' id='word_1_777' title='bbox 638 5087 894 5157; x_wconf 73' lang='lat' dir='ltr'><strong>diligatis.</strong></span> <span class='ocrx_word' id='word_1_778' title='bbox 925 5088 1184 5142; x_wconf 78' lang='lat' dir='ltr'><strong>Memoria</strong></span> <span class='ocrx_word' id='word_1_779' title='bbox 1231 5088 1318 5142; x_wconf 91' lang='lat' dir='ltr'><strong>hic</strong></span> <span class='ocrx_word' id='word_1_780' title='bbox 1346 5089 1532 5156; x_wconf 90' lang='lat' dir='ltr'><strong>lapsus</strong></span> <span class='ocrx_word' id='word_1_781' title='bbox 1564 5095 1644 5142; x_wconf 85' lang='lat' dir='ltr'><strong>est</strong></span> <span class='ocrx_word' id='word_1_782' title='bbox 1676 5087 1939 5155; x_wconf 85' lang='lat' dir='ltr'><strong>Origenes</strong></span> <span class='ocrx_word' id='word_1_783' title='bbox 1963 5089 2059 5157; x_wconf 91' lang='lat' dir='ltr'><strong>qui</strong></span> 
     </span>
    </p>
   </div>
   <div class='ocr_carea' id='block_1_100' title="bbox 493 5156 2062 5227">
    <p class='ocr_par' dir='ltr' id='par_1_100' title="bbox 493 5156 2062 5227">
     <span class='ocr_line' id='line_1_100' title="bbox 493 5156 2062 5227; baseline 0.001 -17"><span class='ocrx_word' id='word_1_784' title='bbox 493 5174 559 5210; x_wconf 87' lang='lat' dir='ltr'><strong>ex</strong></span> <span class='ocrx_word' id='word_1_785' title='bbox 598 5157 837 5227; x_wconf 87' lang='lat' dir='ltr'><strong>Epistola</strong></span> <span class='ocrx_word' id='word_1_786' title='bbox 862 5156 1087 5212; x_wconf 81' lang='lat' dir='ltr'><strong>Joannis</strong></span> <span class='ocrx_word' id='word_1_787' title='bbox 1119 5157 1300 5211; x_wconf 87' lang='lat' dir='ltr'><strong>laudat</strong></span> <span class='ocrx_word' id='word_1_788' title='bbox 1339 5159 1481 5227; x_wconf 91' lang='lat' dir='ltr'><strong>quod</strong></span> <span class='ocrx_word' id='word_1_789' title='bbox 1509 5172 1613 5212; x_wconf 86' lang='lat' dir='ltr'><strong>una</strong></span> <span class='ocrx_word' id='word_1_790' title='bbox 1646 5175 1664 5208; x_wconf 72' lang='grc' dir='ltr'><strong>ι</strong></span> <span class='ocrx_word' id='word_1_791' title='bbox 1703 5158 1851 5212; x_wconf 87' lang='lat' dir='ltr'><strong>ﬁlioli</strong></span> <span class='ocrx_word' id='word_1_792' title='bbox 1882 5177 1902 5208; x_wconf 75' lang='grc' dir='ltr'><strong>ι</strong></span> <span class='ocrx_word' id='word_1_793' title='bbox 1929 5156 2062 5212; x_wconf 79' lang='lat' dir='ltr'><strong>voce</strong></span> 
     </span>
    </p>
   </div>
   <div class='ocr_carea' id='block_1_101' title="bbox 493 5227 2060 5350">
    <p class='ocr_par' dir='ltr' id='par_1_101' title="bbox 493 5227 2060 5350">
     <span class='ocr_line' id='line_1_101' title="bbox 493 5227 2060 5350; baseline 0.001 -69"><span class='ocrx_word' id='word_1_794' title='bbox 493 5241 739 5350; x_wconf 49' lang='lat' dir='ltr'><strong>excejgtz,</strong></span> <span class='ocrx_word' id='word_1_795' title='bbox 775 5229 830 5282; x_wconf 92' lang='lat' dir='ltr'><strong>in</strong></span> <span class='ocrx_word' id='word_1_796' title='bbox 876 5227 992 5299; x_wconf 84' lang='lat' dir='ltr'><strong>ejus</strong></span> <span class='ocrx_word' id='word_1_797' title='bbox 1045 5227 1338 5298; x_wconf 81' lang='lat' dir='ltr'><strong>Evangelia</strong></span> <span class='ocrx_word' id='word_1_798' title='bbox 1379 5239 1586 5283; x_wconf 79' lang='lat' dir='ltr'><strong>tantum</strong></span> <span class='ocrx_word' id='word_1_799' title='bbox 1639 5229 1909 5296; x_wconf 90' lang='lat' dir='ltr'><strong>reperitur</strong></span> <span class='ocrx_word' id='word_1_800' title='bbox 1937 5243 2060 5298; x_wconf 91' lang='lat' dir='ltr'><strong>cap.</strong></span> 
     </span>
     <span class='ocr_line' id='line_1_102' title="bbox 496 5314 734 5350; baseline 0 0"><span class='ocrx_word' id='word_1_801' title='bbox 496 5314 614 5350; x_wconf 84' lang='lat' dir='ltr'><strong>xm.</strong></span> <span class='ocrx_word' id='word_1_802' title='bbox 718 5336 734 5350; x_wconf 92' lang='lat'><strong>.</strong></span> 
     </span>
    </p>
   </div>
   <div class='ocr_carea' id='block_1_102' title="bbox 496 5314 2059 5491">
    <p class='ocr_par' dir='ltr' id='par_1_102' title="bbox 496 5314 2059 5491">
     <span class='ocr_line' id='line_1_103' title="bbox 496 5314 2059 5491; baseline -0.003 -68"><span class='ocrx_word' id='word_1_803' title='bbox 496 5314 866 5491; x_wconf 49' lang='grc' dir='ltr'><strong>Χιὲὐεῗῖῑιιι).</strong></span> <span class='ocrx_word' id='word_1_804' title='bbox 894 5368 1046 5434; x_wconf 92' lang='lat' dir='ltr'><strong>editi,</strong></span> <span class='ocrx_word' id='word_1_805' title='bbox 1075 5387 1094 5420; x_wconf 70' lang='grc' dir='ltr'><strong>ι</strong></span> <span class='ocrx_word' id='word_1_806' title='bbox 1127 5375 1184 5422; x_wconf 87' lang='grc' dir='ltr'><strong>ιιι</strong></span> <span class='ocrx_word' id='word_1_807' title='bbox 1212 5367 1404 5423; x_wconf 81' lang='lat' dir='ltr'><strong>oﬂ&#39;erat</strong></span> <span class='ocrx_word' id='word_1_808' title='bbox 1433 5369 1707 5420; x_wconf 79' lang='lat' dir='ltr'><strong>incensum</strong></span> <span class='ocrx_word' id='word_1_809' title='bbox 1737 5367 1789 5420; x_wconf 93' lang='lat' dir='ltr'><strong>in</strong></span> <span class='ocrx_word' id='word_1_810' title='bbox 1818 5376 2016 5433; x_wconf 91' lang='lat' dir='ltr'><strong>castra,</strong></span> <span class='ocrx_word' id='word_1_811' title='bbox 2041 5387 2059 5418; x_wconf 74' lang='grc' dir='ltr'><strong>ι</strong></span> 
     </span>
     <span class='ocr_line' id='line_1_104' title="bbox 499 5436 2059 5491; baseline 0 0"><span class='ocrx_word' id='word_1_812' title='bbox 499 5452 555 5491; x_wconf 93' lang='lat' dir='ltr'><strong>se</strong></span> <span class='ocrx_word' id='word_1_813' title='bbox 622 5453 754 5491; x_wconf 86' lang='lat' dir='ltr'><strong>mss.</strong></span> <span class='ocrx_word' id='word_1_814' title='bbox 796 5439 1144 5491; x_wconf 86' lang='lat' dir='ltr'><strong>Ebroicensis</strong></span> <span class='ocrx_word' id='word_1_815' title='bbox 1193 5449 1246 5491; x_wconf 91' lang='lat' dir='ltr'><strong>et</strong></span> <span class='ocrx_word' id='word_1_816' title='bbox 1290 5437 1631 5491; x_wconf 85' lang='lat' dir='ltr'><strong>Bclvaeensis</strong></span> <span class='ocrx_word' id='word_1_817' title='bbox 1684 5446 1742 5491; x_wconf 91' lang='lat' dir='ltr'><strong>ut</strong></span> <span class='ocrx_word' id='word_1_818' title='bbox 1786 5436 1840 5489; x_wconf 91' lang='lat' dir='ltr'><strong>in</strong></span> <span class='ocrx_word' id='word_1_819' title='bbox 1877 5448 2059 5491; x_wconf 91' lang='lat' dir='ltr'><strong>nostro</strong></span> 
     </span>
    </p>
   </div>
   <div class='ocr_carea' id='block_1_103' title="bbox 499 5436 2062 5494">
    <p class='ocr_par' dir='ltr' id='par_1_103' title="bbox 499 5436 2062 5494">
     <span class='ocr_line' id='line_1_105' title="bbox 499 5436 2062 5494; baseline 0.002 -4"><span class='ocrx_word' id='word_1_820' title='bbox 499 5436 588 5491; x_wconf 91' lang='lat' dir='ltr'><strong>sed</strong></span> <span class='ocrx_word' id='word_1_821' title='bbox 622 5436 754 5493; x_wconf 86' lang='lat' dir='ltr'><strong>mss.</strong></span> <span class='ocrx_word' id='word_1_822' title='bbox 796 5439 1144 5494; x_wconf 86' lang='lat' dir='ltr'><strong>Ebroicensis</strong></span> <span class='ocrx_word' id='word_1_823' title='bbox 1193 5449 1246 5493; x_wconf 90' lang='lat' dir='ltr'><strong>et</strong></span> <span class='ocrx_word' id='word_1_824' title='bbox 1290 5437 1631 5492; x_wconf 85' lang='lat' dir='ltr'><strong>Bclvaeensis</strong></span> <span class='ocrx_word' id='word_1_825' title='bbox 1684 5446 1742 5491; x_wconf 91' lang='lat' dir='ltr'><strong>ut</strong></span> <span class='ocrx_word' id='word_1_826' title='bbox 1786 5436 1840 5489; x_wconf 91' lang='lat' dir='ltr'><strong>in</strong></span> <span class='ocrx_word' id='word_1_827' title='bbox 1877 5448 2062 5493; x_wconf 91' lang='lat' dir='ltr'><strong>nostro</strong></span> 
     </span>
    </p>
   </div>
   <div class='ocr_carea' id='block_1_104' title="bbox 503 5517 2060 5647">
    <p class='ocr_par' dir='ltr' id='par_1_104' title="bbox 503 5517 2060 5647">
     <span class='ocr_line' id='line_1_106' title="bbox 503 5517 2060 5647; baseline -0.001 -17"><span class='ocrx_word' id='word_1_828' title='bbox 503 5517 682 5647; x_wconf 52' lang='grc' dir='ltr'><strong>ιεῖδέί)</strong></span> <span class='ocrx_word' id='word_1_829' title='bbox 721 5576 962 5631; x_wconf 74' lang='lat' dir='ltr'><strong>Vastatio</strong></span> <span class='ocrx_word' id='word_1_830' title='bbox 985 5617 999 5641; x_wconf 96' lang='lat'><strong>,</strong></span> <span class='ocrx_word' id='word_1_831' title='bbox 1031 5577 1107 5630; x_wconf 85' lang='lat' dir='ltr'><strong>vel</strong></span> <span class='ocrx_word' id='word_1_832' title='bbox 1145 5587 1280 5630; x_wconf 80' lang='lat' dir='ltr'><strong>certe</strong></span> <span class='ocrx_word' id='word_1_833' title='bbox 1309 5618 1320 5638; x_wconf 92' lang='lat'><strong>,</strong></span> <span class='ocrx_word' id='word_1_834' title='bbox 1356 5588 1407 5628; x_wconf 85' lang='lat' dir='ltr'><strong>ut</strong></span> <span class='ocrx_word' id='word_1_835' title='bbox 1442 5576 1608 5629; x_wconf 75' lang='lat' dir='ltr'><strong>verius</strong></span> <span class='ocrx_word' id='word_1_836' title='bbox 1638 5575 1788 5647; x_wconf 82' lang='lat' dir='ltr'><strong>habet</strong></span> <span class='ocrx_word' id='word_1_837' title='bbox 1834 5591 1887 5629; x_wconf 81' lang='lat' dir='ltr'><strong>se</strong></span> <span class='ocrx_word' id='word_1_838' title='bbox 1916 5575 2060 5631; x_wconf 78' lang='lat' dir='ltr'><strong>Scri-</strong></span> 
     </span>
    </p>
   </div>
   <div class='ocr_carea' id='block_1_105' title="bbox 504 5646 2067 5716">
    <p class='ocr_par' dir='ltr' id='par_1_105' title="bbox 504 5646 2067 5716">
     <span class='ocr_line' id='line_1_107' title="bbox 504 5646 2067 5716; baseline 0.002 -16"><span class='ocrx_word' id='word_1_839' title='bbox 504 5646 671 5715; x_wconf 72' lang='lat' dir='ltr'><strong>pturw</strong></span> <span class='ocrx_word' id='word_1_840' title='bbox 705 5665 871 5703; x_wconf 77' lang='lat' dir='ltr'><strong>sermo</strong></span> <span class='ocrx_word' id='word_1_841' title='bbox 896 5688 910 5712; x_wconf 87' lang='lat'><strong>,</strong></span> <span class='ocrx_word' id='word_1_842' title='bbox 944 5648 1252 5716; x_wconf 70' lang='lat' dir='ltr'><strong>confractio.</strong></span> <span class='ocrx_word' id='word_1_843' title='bbox 1289 5647 1543 5716; x_wconf 81' lang='lat' dir='ltr'><strong>Suspicor</strong></span> <span class='ocrx_word' id='word_1_844' title='bbox 1592 5646 1906 5703; x_wconf 76' lang='lat' dir='ltr'><strong>varietatem</strong></span> <span class='ocrx_word' id='word_1_845' title='bbox 1953 5664 2067 5703; x_wconf 73' lang='lat' dir='ltr'><strong>non</strong></span> 
     </span>
    </p>
   </div>
   <div class='ocr_carea' id='block_1_106' title="bbox 1666 4835 2153 4901">
    <p class='ocr_par' dir='ltr' id='par_1_106' title="bbox 1666 4835 2153 4901">
     <span class='ocr_line' id='line_1_108' title="bbox 1666 4835 2153 4901; baseline -0.002 -10"><span class='ocrx_word' id='word_1_846' title='bbox 1666 4838 1712 4868; x_wconf 80' lang='lat'>“</span> <span class='ocrx_word' id='word_1_847' title='bbox 1747 4835 1905 4891; x_wconf 78' lang='lat' dir='ltr'><strong>Joan.</strong></span> <span class='ocrx_word' id='word_1_848' title='bbox 1948 4852 2030 4901; x_wconf 86' lang='lat' dir='ltr'><strong>nt,</strong></span> <span class='ocrx_word' id='word_1_849' title='bbox 2067 4838 2153 4892; x_wconf 78' lang='lat' dir='ltr'><strong>l5.</strong></span> 
     </span>
    </p>
   </div>
   <div class='ocr_carea' id='block_1_107' title="bbox 2169 4471 2620 4536">
    <p class='ocr_par' dir='ltr' id='par_1_107' title="bbox 2169 4471 2620 4536">
     <span class='ocr_line' id='line_1_109' title="bbox 2169 4471 2620 4536; baseline -0.007 -12"><span class='ocrx_word' id='word_1_850' title='bbox 2169 4481 2256 4524; x_wconf 89' lang='lat' dir='ltr'><strong>tur</strong></span> <span class='ocrx_word' id='word_1_851' title='bbox 2285 4471 2351 4524; x_wconf 86' lang='lat' dir='ltr'><strong>ad</strong></span> <span class='ocrx_word' id='word_1_852' title='bbox 2379 4481 2620 4536; x_wconf 85' lang='lat' dir='ltr'><strong>regnum.</strong></span> 
     </span>
    </p>
   </div>
   <div class='ocr_carea' id='block_1_108' title="bbox 2238 4554 3736 4628">
    <p class='ocr_par' dir='ltr' id='par_1_108' title="bbox 2238 4554 3736 4628">
     <span class='ocr_line' id='line_1_110' title="bbox 2238 4554 3736 4628; baseline -0.007 -10"><span class='ocrx_word' id='word_1_853' title='bbox 2238 4565 2292 4618; x_wconf 87' lang='lat'><strong>6.</strong></span> <span class='ocrx_word' id='word_1_854' title='bbox 2328 4580 2347 4613; x_wconf 72' lang='grc' dir='ltr'><strong>ι</strong></span> <span class='ocrx_word' id='word_1_855' title='bbox 2375 4562 2440 4616; x_wconf 85' lang='grc' dir='ltr'><strong>Ει</strong></span> <span class='ocrx_word' id='word_1_856' title='bbox 2467 4562 2736 4625; x_wconf 89' lang='lat' dir='ltr'><strong>cessavit,</strong></span> <span class='ocrx_word' id='word_1_857' title='bbox 2769 4557 2949 4627; x_wconf 89' lang='lat' dir='ltr'><strong>inquit</strong></span> <span class='ocrx_word' id='word_1_858' title='bbox 2979 4559 3049 4622; x_wconf 80' lang='lat'><strong>&quot;,</strong></span> <span class='ocrx_word' id='word_1_859' title='bbox 3080 4555 3311 4611; x_wconf 87' lang='lat' dir='ltr'><strong>vastatio</strong></span> <span class='ocrx_word' id='word_1_860' title='bbox 3335 4554 3570 4628; x_wconf 64' lang='lat' dir='ltr'><strong>(1),»vel,</strong></span> <span class='ocrx_word' id='word_1_861' title='bbox 3597 4563 3656 4610; x_wconf 89' lang='lat' dir='ltr'><strong>ut</strong></span> <span class='ocrx_word' id='word_1_862' title='bbox 3683 4556 3736 4608; x_wconf 92' lang='lat' dir='ltr'><strong>in</strong></span> 
     </span>
    </p>
   </div>
   <div class='ocr_carea' id='block_1_109' title="bbox 2168 4647 3745 4721">
    <p class='ocr_par' dir='ltr' id='par_1_109' title="bbox 2168 4647 3745 4721">
     <span class='ocr_line' id='line_1_111' title="bbox 2168 4647 3745 4721; baseline -0.003 -17"><span class='ocrx_word' id='word_1_863' title='bbox 2168 4651 2288 4706; x_wconf 89' lang='lat' dir='ltr'><strong>aliis</strong></span> <span class='ocrx_word' id='word_1_864' title='bbox 2305 4651 2706 4721; x_wconf 85' lang='lat' dir='ltr'><strong>exemplaribus</strong></span> <span class='ocrx_word' id='word_1_865' title='bbox 2730 4650 2830 4718; x_wconf 85' lang='lat' dir='ltr'><strong>legi</strong></span> <span class='ocrx_word' id='word_1_866' title='bbox 2851 4647 3105 4712; x_wconf 84' lang='lat' dir='ltr'><strong>diximus,</strong></span> <span class='ocrx_word' id='word_1_867' title='bbox 3118 4665 3138 4698; x_wconf 88' lang='grc'><em>‹</em></span> <span class='ocrx_word' id='word_1_868' title='bbox 3153 4647 3448 4702; x_wconf 76' lang='lat' dir='ltr'><strong>contractio</strong></span> <span class='ocrx_word' id='word_1_869' title='bbox 3466 4665 3477 4700; x_wconf 93' lang='lat'><strong>:</strong></span> <span class='ocrx_word' id='word_1_870' title='bbox 3492 4648 3662 4716; x_wconf 66' lang='lat' dir='ltr'><strong>aquod</strong></span> <span class='ocrx_word' id='word_1_871' title='bbox 3683 4654 3745 4700; x_wconf 87' lang='lat' dir='ltr'><strong>et</strong></span> 
     </span>
    </p>
   </div>
   <div class='ocr_carea' id='block_1_110' title="bbox 2168 4739 3738 4814">
    <p class='ocr_par' dir='ltr' id='par_1_110' title="bbox 2168 4739 3738 4814">
     <span class='ocr_line' id='line_1_112' title="bbox 2168 4739 3738 4814; baseline -0.004 -16"><span class='ocrx_word' id='word_1_872' title='bbox 2168 4745 2340 4814; x_wconf 83' lang='lat' dir='ltr'><strong>magis</strong></span> <span class='ocrx_word' id='word_1_873' title='bbox 2363 4744 2826 4814; x_wconf 89' lang='lat' dir='ltr'><strong>interpretationis</strong></span> <span class='ocrx_word' id='word_1_874' title='bbox 2866 4742 3118 4797; x_wconf 90' lang='lat' dir='ltr'><strong>convenit</strong></span> <span class='ocrx_word' id='word_1_875' title='bbox 3153 4740 3389 4794; x_wconf 86' lang='lat' dir='ltr'><strong>veritati.</strong></span> <span class='ocrx_word' id='word_1_876' title='bbox 3429 4739 3738 4794; x_wconf 84' lang='lat' dir='ltr'><strong>Coufractio</strong></span> 
     </span>
    </p>
   </div>
   <div class='ocr_carea' id='block_1_111' title="bbox 2255 4831 3738 4906">
    <p class='ocr_par' dir='ltr' id='par_1_111' title="bbox 2255 4831 3738 4906">
     <span class='ocr_line' id='line_1_113' title="bbox 2255 4831 3738 4906; baseline -0.003 -14"><span class='ocrx_word' id='word_1_877' title='bbox 2255 4837 2300 4869; x_wconf 80' lang='grc'><strong>’³</strong></span> <span class='ocrx_word' id='word_1_878' title='bbox 2344 4836 2537 4893; x_wconf 85' lang='lat' dir='ltr'><strong>Matth.</strong></span> <span class='ocrx_word' id='word_1_879' title='bbox 2566 4853 2692 4906; x_wconf 86' lang='lat' dir='ltr'><strong>xxv,</strong></span> <span class='ocrx_word' id='word_1_880' title='bbox 2725 4837 2815 4891; x_wconf 70' lang='grc'><strong>54.</strong></span> <span class='ocrx_word' id='word_1_881' title='bbox 2928 4834 2974 4865; x_wconf 67' lang='grc'><strong>’⁸</strong></span> <span class='ocrx_word' id='word_1_882' title='bbox 3011 4834 3141 4888; x_wconf 91' lang='lat' dir='ltr'><strong>ibid.</strong></span> <span class='ocrx_word' id='word_1_883' title='bbox 3170 4834 3228 4886; x_wconf 74' lang='grc'><strong>41</strong></span> <span class='ocrx_word' id='word_1_884' title='bbox 3261 4851 3277 4899; x_wconf 85' lang='grc'><strong>;</strong></span> <span class='ocrx_word' id='word_1_885' title='bbox 3312 4832 3424 4888; x_wconf 91' lang='lat' dir='ltr'><strong>Luc</strong></span> <span class='ocrx_word' id='word_1_886' title='bbox 3474 4849 3597 4900; x_wconf 82' lang='lat' dir='ltr'><strong>xm,</strong></span> <span class='ocrx_word' id='word_1_887' title='bbox 3644 4831 3738 4888; x_wconf 74' lang='lat'><strong>2&#39;7.</strong></span> 
     </span>
    </p>
   </div>
   <div class='ocr_carea' id='block_1_112' title="bbox 2166 5015 3733 5088">
    <p class='ocr_par' dir='ltr' id='par_1_112' title="bbox 2166 5015 3733 5088">
     <span class='ocr_line' id='line_1_114' title="bbox 2166 5015 3733 5088; baseline -0.002 -16"><span class='ocrx_word' id='word_1_888' title='bbox 2166 5017 2332 5074; x_wconf 82' lang='lat' dir='ltr'><strong>fuisse</strong></span> <span class='ocrx_word' id='word_1_889' title='bbox 2358 5019 2410 5073; x_wconf 94' lang='lat' dir='ltr'><strong>in</strong></span> <span class='ocrx_word' id='word_1_890' title='bbox 2456 5018 2853 5088; x_wconf 81' lang='lat' dir='ltr'><strong>exemplaribus</strong></span> <span class='ocrx_word' id='word_1_891' title='bbox 2888 5017 3134 5088; x_wconf 66' lang='lat' dir='ltr'><strong>Graecis,</strong></span> <span class='ocrx_word' id='word_1_892' title='bbox 3179 5019 3273 5073; x_wconf 80' lang='lat' dir='ltr'><strong>sed</strong></span> <span class='ocrx_word' id='word_1_893' title='bbox 3305 5016 3356 5070; x_wconf 92' lang='lat' dir='ltr'><strong>in</strong></span> <span class='ocrx_word' id='word_1_894' title='bbox 3409 5016 3636 5072; x_wconf 89' lang='lat' dir='ltr'><strong>Latinis.</strong></span> <span class='ocrx_word' id='word_1_895' title='bbox 3675 5015 3733 5088; x_wconf 74' lang='lat' dir='ltr'><strong>in</strong></span> 
     </span>
    </p>
   </div>
   <div class='ocr_carea' id='block_1_113' title="bbox 2168 5086 3735 5158">
    <p class='ocr_par' dir='ltr' id='par_1_113' title="bbox 2168 5086 3735 5158">
     <span class='ocr_line' id='line_1_115' title="bbox 2168 5086 3735 5158; baseline -0.001 -16"><span class='ocrx_word' id='word_1_896' title='bbox 2168 5091 2443 5144; x_wconf 87' lang='lat' dir='ltr'><strong>hodiernis</strong></span> <span class='ocrx_word' id='word_1_897' title='bbox 2484 5086 2833 5158; x_wconf 84' lang='lat' dir='ltr'><strong>Septuaginta</strong></span> <span class='ocrx_word' id='word_1_898' title='bbox 2886 5086 3236 5158; x_wconf 89' lang='lat' dir='ltr'><strong>Interpretum</strong></span> <span class='ocrx_word' id='word_1_899' title='bbox 3287 5087 3565 5158; x_wconf 83' lang='lat' dir='ltr'><strong>codicibus</strong></span> <span class='ocrx_word' id='word_1_900' title='bbox 3598 5087 3735 5158; x_wconf 22' lang='lat' dir='ltr'><strong>Asola</strong></span> 
     </span>
    </p>
   </div>
   <div class='ocr_carea' id='block_1_114' title="bbox 2169 5155 3739 5228">
    <p class='ocr_par' dir='ltr' id='par_1_114' title="bbox 2169 5155 3739 5228">
     <span class='ocr_line' id='line_1_116' title="bbox 2169 5155 3739 5228; baseline -0.003 -15"><span class='ocrx_word' id='word_1_901' title='bbox 2169 5161 2432 5228; x_wconf 82' lang='lat' dir='ltr'><strong>reperitur</strong></span> <span class='ocrx_word' id='word_1_902' title='bbox 2453 5155 2632 5225; x_wconf 80' lang='lat' dir='ltr'><strong>lectio,</strong></span> <span class='ocrx_word' id='word_1_903' title='bbox 2658 5155 2881 5227; x_wconf 72' lang='grc' dir='ltr'><strong>θραῦσις</strong></span> <span class='ocrx_word' id='word_1_904' title='bbox 2909 5176 2927 5208; x_wconf 75' lang='grc' dir='ltr'><strong>ι</strong></span> <span class='ocrx_word' id='word_1_905' title='bbox 2955 5155 3182 5226; x_wconf 75' lang='lat' dir='ltr'><strong>tractio;</strong></span> <span class='ocrx_word' id='word_1_906' title='bbox 3209 5177 3225 5209; x_wconf 81' lang='grc' dir='ltr'><strong>ι</strong></span> <span class='ocrx_word' id='word_1_907' title='bbox 3261 5158 3312 5211; x_wconf 92' lang='lat' dir='ltr'><strong>in</strong></span> <span class='ocrx_word' id='word_1_908' title='bbox 3344 5156 3567 5211; x_wconf 62' lang='lat' dir='ltr'><strong>Hebraeo</strong></span> <span class='ocrx_word' id='word_1_909' title='bbox 3589 5155 3739 5228; x_wconf 66' lang='lat' dir='ltr'><strong>fonto</strong></span> 
     </span>
    </p>
   </div>
   <div class='ocr_carea' id='block_1_115' title="bbox 2169 5227 3738 5300">
    <p class='ocr_par' dir='ltr' id='par_1_115' title="bbox 2169 5227 3738 5300">
     <span class='ocr_line' id='line_1_117' title="bbox 2169 5227 3738 5300; baseline -0.003 -17"><span class='ocrx_word' id='word_1_910' title='bbox 2169 5227 2364 5299; x_wconf 79' lang='lat' dir='ltr'><strong>legitur</strong></span> <span class='ocrx_word' id='word_1_911' title='bbox 2397 5239 2557 5291; x_wconf 66' lang='lat' dir='ltr'><strong>nam:</strong></span> <span class='ocrx_word' id='word_1_912' title='bbox 2597 5247 2615 5280; x_wconf 76' lang='grc' dir='ltr'><strong>ι</strong></span> <span class='ocrx_word' id='word_1_913' title='bbox 2647 5232 2831 5300; x_wconf 82' lang='lat' dir='ltr'><strong>plaga,</strong></span> <span class='ocrx_word' id='word_1_914' title='bbox 2883 5231 3182 5295; x_wconf 91' lang='lat' dir='ltr'><strong>percussio.</strong></span> <span class='ocrx_word' id='word_1_915' title='bbox 3215 5247 3232 5279; x_wconf 76' lang='grc' dir='ltr'><strong>ι</strong></span> <span class='ocrx_word' id='word_1_916' title='bbox 3269 5229 3348 5300; x_wconf 48' lang='lat' dir='ltr'><strong>ad</strong></span> <span class='ocrx_word' id='word_1_917' title='bbox 3385 5228 3526 5300; x_wconf 88' lang='lat' dir='ltr'><strong>hanc</strong></span> <span class='ocrx_word' id='word_1_918' title='bbox 3569 5227 3738 5295; x_wconf 84' lang='lat' dir='ltr'><strong>signi-</strong></span> 
     </span>
    </p>
   </div>
   <div class='ocr_carea' id='block_1_116' title="bbox 2170 5295 3734 5370">
    <p class='ocr_par' dir='ltr' id='par_1_116' title="bbox 2170 5295 3734 5370">
     <span class='ocr_line' id='line_1_118' title="bbox 2170 5295 3734 5370; baseline -0.003 -16"><span class='ocrx_word' id='word_1_919' title='bbox 2170 5295 2476 5354; x_wconf 59' lang='lat' dir='ltr'><strong>ﬁdationem</strong></span> <span class='ocrx_word' id='word_1_920' title='bbox 2505 5295 2677 5370; x_wconf 83' lang='lat' dir='ltr'><strong>magis</strong></span> <span class='ocrx_word' id='word_1_921' title='bbox 2713 5295 2925 5355; x_wconf 76' lang='lat' dir='ltr'><strong>accedit</strong></span> <span class='ocrx_word' id='word_1_922' title='bbox 2961 5302 3063 5354; x_wconf 83' lang='lat' dir='ltr'><strong>vox</strong></span> <span class='ocrx_word' id='word_1_923' title='bbox 3118 5317 3136 5351; x_wconf 73' lang='grc' dir='ltr'><strong>ι</strong></span> <span class='ocrx_word' id='word_1_924' title='bbox 3160 5295 3478 5362; x_wconf 68' lang='lat' dir='ltr'><strong>contraetio,</strong></span> <span class='ocrx_word' id='word_1_925' title='bbox 3504 5315 3526 5349; x_wconf 69' lang='grc' dir='ltr'><strong>ο</strong></span> <span class='ocrx_word' id='word_1_926' title='bbox 3570 5311 3734 5364; x_wconf 88' lang='lat' dir='ltr'><strong>quant</strong></span> 
     </span>
    </p>
   </div>
   <div class='ocr_carea' id='block_1_117' title="bbox 2178 5372 2532 5425">
    <p class='ocr_par' dir='ltr' id='par_1_117' title="bbox 2178 5372 2532 5425">
     <span class='ocr_line' id='line_1_119' title="bbox 2178 5372 2532 5425; baseline -0.003 -3"><span class='ocrx_word' id='word_1_927' title='bbox 2178 5388 2197 5422; x_wconf 74' lang='grc' dir='ltr'><strong>ι</strong></span> <span class='ocrx_word' id='word_1_928' title='bbox 2231 5372 2480 5425; x_wconf 82' lang='lat' dir='ltr'><strong>vastatio.</strong></span> <span class='ocrx_word' id='word_1_929' title='bbox 2514 5389 2532 5421; x_wconf 77' lang='grc' dir='ltr'><strong>ι</strong></span> 
     </span>
    </p>
   </div>
   <div class='ocr_carea' id='block_1_118' title="bbox 2241 5435 3740 5512">
    <p class='ocr_par' dir='ltr' id='par_1_118' title="bbox 2241 5435 3740 5512">
     <span class='ocr_line' id='line_1_120' title="bbox 2241 5435 3740 5512; baseline -0.002 -19"><span class='ocrx_word' id='word_1_930' title='bbox 2241 5441 2318 5512; x_wconf 85' lang='lat' dir='ltr'><strong>(l)</strong></span> <span class='ocrx_word' id='word_1_931' title='bbox 2345 5440 2401 5512; x_wconf 85' lang='lat' dir='ltr'><strong>In</strong></span> <span class='ocrx_word' id='word_1_932' title='bbox 2430 5439 2616 5494; x_wconf 88' lang='lat' dir='ltr'><strong>codice</strong></span> <span class='ocrx_word' id='word_1_933' title='bbox 2645 5438 2957 5512; x_wconf 82' lang='lat' dir='ltr'><strong>Ebroicensi</strong></span> <span class='ocrx_word' id='word_1_934' title='bbox 2993 5438 3214 5512; x_wconf 75' lang='lat' dir='ltr'><strong>legitur,</strong></span> <span class='ocrx_word' id='word_1_935' title='bbox 3245 5457 3263 5490; x_wconf 71' lang='grc' dir='ltr'><strong>ε</strong></span> <span class='ocrx_word' id='word_1_936' title='bbox 3292 5436 3590 5512; x_wconf 67' lang='lat' dir='ltr'><strong>quassatio.</strong></span> <span class='ocrx_word' id='word_1_937' title='bbox 3619 5453 3638 5485; x_wconf 73' lang='grc' dir='ltr'><strong>ι</strong></span> <span class='ocrx_word' id='word_1_938' title='bbox 3672 5435 3740 5512; x_wconf 69' lang='lat' dir='ltr'><strong>Et</strong></span> 
     </span>
    </p>
   </div>
   <div class='ocr_carea' id='block_1_119' title="bbox 2169 5506 3750 5578">
    <p class='ocr_par' dir='ltr' id='par_1_119' title="bbox 2169 5506 3750 5578">
     <span class='ocr_line' id='line_1_121' title="bbox 2169 5506 3750 5578; baseline -0.005 -11"><span class='ocrx_word' id='word_1_939' title='bbox 2169 5506 2347 5566; x_wconf 48' lang='lat' dir='ltr'><strong>mox}</strong></span> <span class='ocrx_word' id='word_1_940' title='bbox 2387 5510 2818 5578; x_wconf 88' lang='lat' dir='ltr'><strong>interpretationi</strong></span> <span class='ocrx_word' id='word_1_941' title='bbox 2841 5506 3089 5567; x_wconf 82' lang='lat' dir='ltr'><strong>convenit</strong></span> <span class='ocrx_word' id='word_1_942' title='bbox 3110 5509 3368 5566; x_wconf 86' lang='lat' dir='ltr'><strong>veritatis.</strong></span> <span class='ocrx_word' id='word_1_943' title='bbox 3401 5526 3419 5560; x_wconf 80' lang='grc' dir='ltr'><strong>ι</strong></span> <span class='ocrx_word' id='word_1_944' title='bbox 3456 5506 3656 5574; x_wconf 87' lang='lat' dir='ltr'><strong>Sicque</strong></span> <span class='ocrx_word' id='word_1_945' title='bbox 3676 5507 3750 5560; x_wconf 73' lang='lat' dir='ltr'><strong>iu</strong></span> 
     </span>
    </p>
   </div>
   <div class='ocr_carea' id='block_1_120' title="bbox 2170 5579 2720 5640">
    <p class='ocr_par' dir='ltr' id='par_1_120' title="bbox 2170 5579 2720 5640">
     <span class='ocr_line' id='line_1_122' title="bbox 2170 5579 2720 5640; baseline -0.009 -2"><span class='ocrx_word' id='word_1_946' title='bbox 2170 5582 2350 5640; x_wconf 86' lang='lat' dir='ltr'><strong>codice</strong></span> <span class='ocrx_word' id='word_1_947' title='bbox 2385 5579 2720 5637; x_wconf 80' lang='lat' dir='ltr'><strong>Bclvaccnsi.</strong></span> 
     </span>
    </p>
   </div>
  </div>
