4074 6156
502 232 533 251 η

502 233 533 251 η

464 233 562 287 Cui

1952 224 2276 281 οιυαειπε

3610 220 3705 273 833

468 366 701 422 namque
729 358 813 406 est
834 393 849 417 ,
876 363 999 419 qua
1036 346 1182 401 velut
1218 345 1274 399 in
1306 346 1451 400 vasis
1498 345 1759 400 ﬁctilibus
1785 342 2037 398 eﬁcitur.
2068 352 2115 406 Α
2140 344 2333 399 domos
2357 342 2692 397 familiarum
2718 341 2991 408 ipsum.
3014 339 3084 391 ab
3108 338 3365 392 milia
3386 335 3707 406 principibus

466 441 788 499 Pematores
820 455 951 509 ergo
994 452 1121 491 vasa
1174 436 1363 491 ﬁctilia
1402 439 1569 499 ﬁunt,
1604 436 1747 489 sicut
1774 433 2040 489 Jeremias

466 534 729 606 propheta
774 531 1022 601 designat
1065 530 1121 583 in
1160 528 1664 583 Lamentationibus
1692 527 1759 590 ”,
1808 527 2033 579 dicens:

470 646 491 679 ο
524 626 640 679 Filii
675 623 830 686 Sion,
872 623 965 693 qui
996 632 1155 676 erant
1184 620 1526 675 honorabiles
1556 630 1612 674 et
1638 620 1693 673 in
1726 635 1861 673 auro
1886 618 2039 685 elati,

465 718 737 787 quomodo
784 715 1015 785 reputati
1050 723 1176 769 sunt
1220 716 1274 769 in
1304 729 1432 769 rasa
1480 713 1691 777 ﬁctilia,
1721 728 1888 781 opera
1924 727 2041 766 ma-

466 823 633 863 nuum
664 807 858 879 ﬁguli“!
896 827 917 859 ο
972 807 1079 862 Et:
1129 826 1151 859 r
1194 807 1252 862 In
1286 806 1449 863 domo
1490 820 1684 876 magna
1730 820 1837 860 non
1892 812 2042 869 sunt,

466 899 642 969 inquit
684 898 971 969 Apostolus
1021 899 1103 965 η,
1150 897 1523 952 tantummodo
1565 912 1694 952 vasa
1735 912 1901 951 aurea
1927 938 1944 961 ,
1978 908 2036 952 et

465 1000 748 1063 argentea,
776 990 871 1046 sed
894 1001 950 1045 et
978 990 1149 1060 lignea
1176 1000 1231 1045 et
1260 990 1483 1044 ﬁctilia:
1513 1000 1571 1044 et
1599 990 1707 1043 alia
1732 989 1951 1059 quidem
1974 991 2043 1044 ad

465 1081 754 1148 honorem,
790 1080 895 1135 alia
926 1092 1105 1137 autem
1140 1082 1208 1135 ad
1234 1080 1641 1136 contumeliam.
1674 1100 1694 1133 ι
1738 1078 1879 1134 Sunt
1911 1093 2043 1150 ergo

466 1188 595 1229 vasa
628 1173 812 1228 ﬁctilia
838 1173 905 1227 ad
937 1172 1313 1227 contumeliam
1335 1212 1351 1234 ,
1378 1186 1503 1239 qua
1541 1179 1598 1225 et
1617 1170 1883 1241 confringi
1914 1185 2041 1239 pos-

465 1276 614 1321 sunt.
648 1264 757 1320 Sed
793 1264 1201 1319 consideremus
1226 1262 1546 1331 diligentius
1580 1262 1710 1329 quid
1758 1265 1812 1316 in
1844 1277 2043 1317 conse-

462 1357 759 1427 quentibus
803 1354 1092 1423 Apostolus
1124 1354 1192 1409 de
1235 1354 1368 1422 ipsis
1394 1353 1540 1407 vasis
1570 1352 1832 1407 ﬁctilibus
1858 1351 2005 1407 dicat
2024 1370 2042 1405 :

471 1467 492 1498 ι
515 1444 573 1501 Si
601 1446 749 1515 quis,
782 1444 957 1512 inquit
982 1443 1049 1510 ",
1078 1444 1455 1497 emendaverit
1480 1444 1830 1511 semetipsum
1854 1442 1925 1494 ab
1952 1441 2040 1507 iis,

465 1541 572 1593 erit
596 1553 693 1592 vas
727 1537 796 1592 ad
822 1537 1084 1591 honorem
1116 1534 1542 1601 sanctiﬁcatum,
1572 1544 1627 1588 et
1653 1533 1784 1587 utile
1816 1533 2043 1587 Domino

465 1632 532 1684 ad
562 1643 723 1684 omne
748 1642 886 1699 Opus
915 1627 1117 1681 bonum
1153 1636 1424 1695 paratum.
1460 1644 1481 1678 ι
1532 1625 1589 1679 In
1621 1640 1728 1691 quo
1757 1625 2043 1680 ostendere

2142 438 2384 506 ipsum
2414 436 2702 489 duodecim
2727 435 2948 502 virgas;
2981 444 3037 485 et
3066 433 3501 499 uniuscujusqoe
3530 446 3705 484 cura.

2140 529 2545 581 nomenscribe
2578 526 2807 594 iuvirga
2844 539 2945 578 sua
2990 533 3314 576 :etnomen
3342 522 3709 575 Aamsa'ibe

2140 619 2196 673 in
2223 622 2372 689 virga
2422 619 2551 673 Levi
2579 634 2596 669 :
2626 628 2712 671 est
2736 617 2884 670 enim
2922 616 3075 683 virga
3106 630 3214 667 una
3246 614 3344 681 (Ξ).
3368 629 3467 681 μα’
3496 615 3707 675 tritu,

2140 728 2241 782 per
2266 713 2460 765 domm
2506 711 2846 763 familiarum
2885 722 3114 762 suarum
3144 706 3351 759 dabunt
3384 706 3504 757 tibi.
3536 704 3599 757 Et
3624 720 3712 772 po-

2142 819 2241 858 nes
2264 819 2359 857 eas
2398 804 2454 857 in
2486 802 2901 857 tabernaculum
2948 800 3252 854 testimonii
3294 810 3485 852 contra
3514 812 3710 861 aream,

2141 911 2210 949 ex
2238 895 2437 964 quibus
2468 910 2745 963 agnoscar
2773 893 2874 947 tibi
2904 893 3058 946 inde.
3106 891 3176 944 Et
3204 891 3309 943 erit
3336 890 3501 944 homo
3524 903 3711 957 que-—

2142 1004 2358 1058 cunque
2380 990 2619 1060 elegero,
2647 990 2800 1060 virga
2832 989 2953 1055 eius
2989 986 3341 1053 geminabit.
3380 995 3437 1037 et
3478 981 3713 1035 aufera-

2142 1102 2174 1136 a
2204 1095 2255 1137 te
2286 1084 2779 1138 murmurationem
2805 1084 3046 1136 ﬁliorum
3072 1079 3242 1133 Israel
3276 1096 3295 1130 :
3320 1079 3375 1130 in
3399 1078 3716 1145 quibusm-

2141 1192 2250 1247 que
2272 1187 2621 1230 murmurant
2644 1177 2749 1245 ipsi
2774 1177 2844 1232 de
2864 1177 3044 1231 vobis.
3074 1194 3096 1226 ι
3128 1173 3321 1228 Omnis
3345 1172 3598 1239 princeps
3622 1166 3717 1220 tri-

2143 1267 2247 1320 bus
2276 1279 2331 1321 et
2357 1267 2537 1337 populi
2574 1267 2739 1320 habet
2784 1268 3019 1336 virgam.
3054 1264 3173 1319 Non
3220 1263 3370 1317 enim
3400 1259 3716 1327 βαδιςὼ

2144 1374 2334 1429 fugere
2367 1360 2651 1429 populum,
2688 1361 2792 1416 nisi
2824 1361 3025 1415 habeat
3044 1360 3281 1429 virgam.
3318 1356 3476 1412 (Inde
3496 1364 3551 1409 et
3576 1353 3713 1407 Pau-

2142 1448 2229 1503 lus
2254 1451 2553 1519 apostolus,
2580 1452 2707 1519 quia
2734 1453 2992 1520 princeps
3022 1461 3139 1505 erat
3169 1448 3374 1517 pepuli.
3409 1446 3613 1499 idcirco
3640 1443 3719 1497 t5—

2142 1543 2301 1596 cebat
2335 1563 2348 1595 :
2387 1560 2410 1596 (
2452 1542 2593 1610 Quid
2637 1545 2842 1599 vultis?
2866 1544 2924 1599 ln
2958 1546 3111 1614 virga
3144 1546 3363 1596 veniam
3393 1540 3461 1591 ad
3488 1553 3604 1597 vos,
3628 1544 3717 1588 aut

2145 1633 2200 1687 in
2224 1635 2516 1698 charitate,
2549 1637 2861 1705 spirituque
2889 1634 3329 1690 mansuetudinis
3366 1632 3453 1682 "1'
3487 1651 3507 1682 ι
3533 1629 3720 1684 Omnis

472 1722 704 1783 videtur,
734 1721 876 1788 quod
898 1726 953 1774 et
976 1732 1073 1773 vas
1097 1719 1271 1788 ipsum
1294 1718 1439 1787 quod
1466 1718 1548 1783 ﬁt,
1564 1728 1621 1773 et
1644 1732 1743 1788 per
1764 1732 1927 1787 quem
1957 1716 2041 1781 tit,
2074 1718 2116 1772 Β
2143 1742 2275 1795 ergo
2302 1728 2559 1796 princeps
2598 1729 2839 1781 tribuum
2894 1727 3097 1780 habeat
3136 1737 3364 1776 necesse
3392 1731 3477 1775 est
3510 1720 3716 1787 virgat-

468 1828 608 1867 unus
629 1822 793 1879 atque
816 1811 960 1864 idcnt
990 1810 1153 1865 homo
1173 1811 1265 1864 sit.
1290 1808 1531 1879 lntellige
1548 1823 1678 1878 ergo
1702 1808 2036 1878 propositum

467 1904 635 1976 299
662 1903 882 1974 quidem
938 1903 1179 1956 hominis
1221 1916 1345 1955 esse
1376 1901 1518 1970 quod
1559 1910 1821 1969 operatur
1861 1918 1877 1954 :
1916 1900 2040 1953 reli-

466 2013 628 2065 quam
661 2005 843 2050 autem
876 2003 1085 2064 partem
1121 1993 1360 2047 hominis
1388 1994 1563 2062 ipsum
1589 2006 1714 2046 esse
1744 2005 1861 2055 vas,
1895 1990 2039 2060 quod

467 2086 530 2139 ﬁt
574 2084 657 2139 vel
703 2083 771 2137 ad
814 2083 1099 2145 honorem,
1133 2081 1217 2135 vel
1260 2080 1672 2135 contumeliam.
1731 2080 1866 2134 Cum
1907 2096 2039 2150 ergo

464 2192 660 2232 sensus
691 2186 876 2232 noster
900 2191 1020 2244 qua:
1049 2176 1188 2230 bona
1210 2171 1527 2241 suntcligit,
1550 2172 1686 2225 etad
1716 2172 1913 2226 bonam
1941 2188 2042 2227 nos

466 2271 945 2326 conversationem
978 2267 1167 2331 trahit,
1194 2266 1331 2321 facit
1355 2280 1455 2318 nos
1483 2279 1579 2319 vas
1612 2264 1763 2319 utile.
1782 2266 1916 2320 Cum
1944 2279 2043 2320 au-

467 2373 575 2419 tem
606 2360 928 2430 neglexerit,
958 2368 1011 2414 et
1046 2358 1312 2414 deciderit
1356 2358 1695 2430 propositum
1732 2340 1978 2412 nostrum
2009 2373 2040 2411 a

466 2454 644 2521 bonis,
666 2455 934 2509 elllcimur
964 2466 1061 2506 vas
1085 2451 1153 2506 ad
1179 2451 1588 2507 contumeliam.
1619 2451 1676 2505 Si
1714 2465 1847 2522 ergo
1876 2449 2041 2505 intel-

464 2545 641 2603 lectus
673 2556 863 2602 noster
911 2546 1094 2600 luteus
1134 2545 1226 2611 sit,
1256 2553 1313 2600 et
1349 2546 1417 2600 de
1462 2544 1573 2598 luto
1609 2559 1824 2614 semper
1864 2558 1929 2598 ac
1976 2542 2044 2597 de

466 2641 701 2696 terrenis
727 2640 955 2711 cogitet,
987 2638 1253 2695 efﬁcimur
1282 2654 1381 2693 vas
1431 2638 1624 2705 ﬁctile,
1653 2647 1710 2693 et
1754 2652 1890 2706 opus
1930 2650 2045 2690 ma-

463 2749 633 2789 nuum
690 2733 866 2804 ﬁguli.
926 2732 995 2787 Et
1042 2731 1182 2787 forte
1228 2742 1452 2802 propter
1482 2732 1583 2786 hoc
1630 2732 1735 2786 iste
1774 2730 1865 2798 qui
1916 2728 2042 2783 talis

463 2836 573 2892 est,
605 2827 923 2898 increpatur
953 2825 1022 2882 ab
1053 2825 1338 2896 Apostolo,
1375 2826 1531 2896 quasi
1563 2825 1655 2894 qui
1692 2839 1913 2878 sensum
1946 2825 2044 2877 ha-

467 2919 608 2974 bens
638 2917 839 2972 luteum
864 2927 921 2973 et
954 2928 1251 2984 terrenum,
1278 2918 1347 2971 de
1375 2916 1584 2985 magnis
1609 2925 1665 2970 et
1697 2916 1765 2969 iis
1803 2930 1922 2984 qua:
1947 2929 2043 2967 ca-

465 3026 598 3082 pere
621 3022 728 3065 nun
762 3019 960 3079 potest,
989 3022 1198 3080 quaerat
1227 3022 1284 3064 et
1319 3010 1467 3065 dicat
1495 3028 1508 3063 :
1545 3028 1565 3062 ι
1604 3009 1746 3076 Quid
1790 3025 1921 3080 ergo
1948 3011 2044 3064 ad-

470 3081 579 3155 huc
600 3099 993 3169 cunqueritur?
1021 3098 1297 3153 Voluntati
1317 3098 1462 3152 enim
1488 3097 1605 3166 ejus
1627 3098 1750 3166 quis
1772 3095 2040 3150 resistit?»
2072 3081 2121 3143 C

467 3190 567 3245 Cui
596 3188 899 3260 Apostolus
935 3189 1093 3258 quasi
1143 3188 1291 3243 luteo
1327 3188 1607 3257 respondit
1631 3189 1677 3219 ”
1706 3205 1722 3242 :
1757 3207 1775 3238 ο
1813 3187 1894 3242 Tu
1928 3186 2053 3256 quis

466 3295 550 3347 es,
574 3296 608 3335 o
640 3279 828 3345 homo,
856 3279 951 3348 qui
982 3289 1180 3333 contra
1230 3280 1564 3347 respondeas
1612 3278 1724 3333 Deo
1748 3278 1773 3330 ?
1800 3277 2052 3347 Nunquid

467 3372 603 3427 dicit
632 3372 948 3443 ﬁgmentum
991 3371 1041 3425 ei
1090 3372 1185 3442 qui
1237 3386 1299 3426 se
1347 3370 1526 3436 ﬁnxit,
1549 3370 1689 3438 Quid
1738 3385 1825 3425 me
1872 3370 2051 3425 fecisti

467 3465 589 3521 sic?
622 3483 643 3519 ι
690 3465 898 3519 Dicitur
924 3474 1191 3534 praetcrea
1216 3479 1417 3533 corpus
1448 3474 1695 3517 nostrum
1726 3477 1819 3515 vas
1867 3463 2049 3528 ﬁctile,

468 3560 584 3614 sive
612 3558 777 3614 etiam
809 3557 942 3627 legis
977 3559 1181 3624 littera,
1210 3558 1265 3613 in
1289 3572 1355 3612 eo
1376 3558 1519 3626 qum]
1551 3558 1629 3612 ait
1654 3557 1945 3626 Apostolus
1965 3557 2009 3588 ³⁸
2033 3571 2049 3610 :

473 3670 492 3704 ¢
529 3653 800 3708 llabentes
828 3664 1009 3706 autem
1041 3652 1355 3707 thesaurum
1392 3653 1537 3707 hunc
1585 3651 1640 3706 in
1676 3656 1821 3706 vasis
1873 3651 2047 3706 ﬁctili-

469 3747 589 3801 bus.
633 3763 652 3798 ν
694 3742 990 3813 Utrumque
1025 3744 1169 3798 enim
1221 3745 1274 3798 itt
1326 3745 1428 3800 hoc
1474 3760 1727 3800 sermone
1757 3743 1926 3814 accipi
1958 3760 2053 3813 po-

471 3847 602 3905 test,
642 3848 699 3894 et
729 3840 875 3910 quod
912 3839 967 3894 in
1007 3853 1238 3909 corpore
1283 3839 1440 3893 nobis
1490 3838 1687 3907 positis
1733 3841 2050 3893 thesaurum

470 3929 662 3996 gratia:
687 3944 784 3998 per
805 3926 1070 3999 Spiritum
1100 3939 1349 3985 sanctum
1390 3929 1650 3985 Dominus
1677 3930 1961 4001 largiatur,
1997 3940 2053 3984 et.

469 4020 614 4090 quod
655 4020 706 4075 in
739 4022 1085 4077 sermonibus
1118 4020 1274 4092 legis,
1300 4021 1393 4090 qui
1424 4022 1553 4076 viles
1582 4033 1635 4076 et
1662 4023 1712 4077 in
1743 4032 2049 4091 contemptu

475 4114 748 4169 habentur
780 4127 878 4181 pro
900 4128 965 4168 eo
994 4114 1137 4185 quod
1172 4114 1320 4168 nulla
1350 4125 1467 4169 arte
1498 4117 1851 4185 grammatica
1881 4132 2049 4188 expo-

472 4203 552 4259 liti
587 4203 862 4271 vidrntur,
890 4205 1203 4260 reconditus
1234 4206 1304 4260 sit
1347 4206 1639 4261 thesaurus
1674 4209 1955 4276 sapientia:
1993 4220 2048 4265 et

470 4295 716 4349 scientia:
747 4294 879 4359 Dei;
931 4295 1003 4347 ita
1064 4304 1121 4348 nt
1178 4296 1374 4351 merito
1413 4297 1519 4351 dici
1557 4300 1755 4367 possit,
1806 4302 1950 4368 quod
1996 4302 2047 4355 in

2143 1833 2325 1883 suam,
2359 1821 2453 1873 sed
2507 1835 2649 1873 unus
2679 1818 2831 1872 solus
2864 1827 2973 1880 est,
3009 1818 3153 1870 sicut
3203 1813 3485 1882 Scriptura
3536 1809 3721 1871 refert,

2145 1912 2390 1982 pontifex
2417 1913 2600 1967 Aaron
2631 1914 2787 1982 cujus
2821 1913 2971 1978 virga
2996 1909 3341 1981 germinavit.
3370 1907 3571 1959 Verum
3596 1917 3723 1970 quo-

2144 1999 2314 2061 niam,
2340 2009 2397 2053 ut
2424 2017 2568 2070 sape
2594 2002 2957 2064 ostendimus,
2996 2014 3163 2052 verus
3186 1997 3431 2067 pontifex
3474 1994 3721 2050 Chrisuts

2147 2104 2250 2157 εει,
2285 2093 2400 2162 ipse
2432 2094 2584 2147 solus
2615 2102 2719 2155 est,
2768 2094 2924 2160 cujus
2962 2093 3113 2160 virga
3157 2092 3344 2144 crucis
3386 2104 3495 2142 non
3542 2086 3714 2141 solum

2146 2185 2494 2255 germinavit,
2520 2184 2613 2239 sed
2641 2195 2696 2238 et
2723 2183 2927 2247 ﬂoruit,
2957 2194 3012 2237 et
3042 2198 3233 2236 omnes
3258 2184 3358 2235 bos
3385 2179 3717 2234 credentium

2146 2277 2468 2347 populorum
2506 2276 2691 2329 attulit
2717 2277 2949 2331 fructus.
2981 2276 3116 2342 Quis
3151 2285 3334 2327 autem
3364 2275 3465 2326 iste
3490 2282 3574 2324 est
3610 2269 3719 2322 fru-

2146 2380 2287 2435 ctus,
2307 2383 2467 2440 quem
2491 2368 2707 2422 attulit?
2735 2368 2936 2432 Nuces,
2964 2368 3165 2437 inquit,
3190 2367 3282 2436 qui
3316 2364 3527 2418 fructus
3548 2362 3719 2431 primo

2147 2465 2363 2534 quidem
2396 2464 2720 2517 indumento
2749 2480 2970 2517 amarus
3012 2473 3097 2517 est
3136 2481 3153 2516 :
3184 2460 3436 2527 sequenti
3485 2456 3722 2511 munitur

2147 2565 2204 2610 et
2234 2555 2458 2624 tegitur.
2483 2553 2671 2608 Tertio
2705 2561 3013 2607 sumentem
3045 2552 3224 2622 pascit
3264 2566 3331 2604 ac
3356 2549 3547 2601 nutrit.
3574 2544 3722 2599 Talis

2147 2660 2277 2715 ergo
2299 2658 2384 2699 est
2427 2645 2483 2699 in
2519 2646 2791 2700 auditorio
2827 2644 2905 2717 (3)
2934 2643 3138 2699 Christi
3173 2642 3428 2697 doctrina
3470 2637 3609 2709 legis
3659 2644 3719 2691 et

2148 2739 2569 2809 prophetarum.
2607 2738 2791 2793 Prima
2821 2738 3019 2791 littera:
3048 2736 3218 2790 facies
3242 2735 3377 2789 satis
3404 2747 3586 2786 amara
3613 2740 3722 2793 est,

2147 2849 2269 2902 quae
2298 2831 2771 2888 circumcisionem
2801 2830 2990 2884 carnis
3024 2829 3289 2899 prmeipit,
3315 2842 3436 2897 qua
3461 2827 3526 2879 de
3548 2823 3719 2878 sacri-

2150 2924 2289 2979 ﬁciis
2319 2924 2563 2988 mandat,
2599 2932 2656 2976 et
2680 2932 2875 2977 caetera
2908 2937 3033 2990 quae
3058 2935 3161 2991 per
3197 2920 3534 2974 occidentem
3579 2915 3726 2969 litte~

2150 3032 2268 3070 ram
2300 3015 2686 3081 designantur.
2739 3014 2865 3070 llaec
2924 3014 3111 3069 omnia
3166 3022 3423 3079 tanquam
3476 3022 3720 3062 amarum

2151 3107 2307 3162 nucis
2350 3107 2609 3161 corticem
2661 3105 2883 3174 projice.
2913 3104 3169 3159 Secundo
3198 3104 3251 3157 in
3285 3103 3406 3155 loco
3437 3100 3504 3153 ad
3545 3098 3724 3152 muni-

2152 3210 2336 3255 menta
2362 3212 2514 3254 testa:
2541 3202 2849 3269 pervenies,
2880 3200 2934 3253 in
2966 3213 3074 3268 quo
3092 3200 3173 3252 vel
3203 3196 3422 3251 moralis
3455 3192 3720 3254 doctrina,

2153 3294 2235 3345 vel
2268 3293 2405 3346 ratio
2437 3293 2790 3346 continentiae
2837 3292 3176 3362 designatur.
3234 3288 3365 3354 Qua:
3411 3283 3719 3340 necessaria

2151 3383 2369 3450 quidem
2410 3394 2537 3436 sunt
2584 3385 2651 3437 ad
2694 3384 2994 3437 custodiam
3046 3396 3235 3437 eorum
3282 3394 3403 3449 qua:
3438 3383 3723 3431 servantur

2152 3475 2503 3540 intrinsecus,
2553 3475 2855 3546 frangenda
2900 3477 3227 3542 quandoque
3266 3483 3446 3525 tamen
3501 3477 3556 3521 et
3605 3467 3724 3519 sine

2149 3567 2318 3621 dubio
2347 3568 2689 3622 dissolvenda
2720 3578 2868 3622 sunt.
2889 3569 2960 3623 Ut
2988 3569 3034 3622 si
3070 3566 3219 3620 verbi
3248 3564 3412 3632 gratia
3450 3561 3721 3621 dicamus,

2153 3659 2486 3713 abstinentia
2535 3661 2809 3724 ciborum,
2842 3670 2897 3714 et
2926 3660 3212 3729 castigatio
3248 3652 3508 3721 corporis,
3541 3648 3719 3702 donec

2150 3764 2341 3803 sumus
2375 3750 2429 3803 in
2455 3767 2685 3821 corpore
2717 3754 2822 3805 isto
2849 3750 3199 3820 corruptibili
3227 3756 3281 3800 et
3306 3740 3566 3814 passibili,
3598 3738 3722 3791 sine

2152 3842 2315 3895 dubio
2337 3843 2648 3896 necessaria
2681 3856 2785 3897 est.
2825 3842 2961 3895 Cum
3004 3852 3185 3895 autem
3235 3834 3567 3891 confractqu
3603 3829 3721 3883 fue-

2154 3937 2223 3988 rit
2254 3950 2319 3989 ac
2352 3936 2676 4000 resolutum,
2715 3946 2771 3989 et
2804 3934 3225 3989 resurrectionis
3270 3940 3508 3996 tempore
3539 3925 3714 3978 incor-

2154 4026 2411 4096 rnptibile
2454 4041 2519 4080 ex
2566 4027 2906 4097 corruptibili
2946 4026 3243 4085 redditum,
3292 4030 3453 4088 atque
3493 4032 3556 4071 ex
3604 4014 3719 4068 ani-

2153 4120 2274 4173 tnali
2316 4119 2558 4189 spiritale
2586 4139 2598 4171 :
2635 4137 2741 4176 non
2775 4120 2885 4188 jam
2920 4120 3102 4173 labore
3125 4114 3444 4180 alllictionis,
3471 4126 3567 4164 nec
3596 4107 3693 4161 abs

2153 4214 2389 4268 liuentia:
2424 4216 2803 4285 castigatione,
2840 4217 2933 4269 sed
2981 4214 3263 4284 qualitate,
3295 4208 3439 4264 nulla
3466 4207 3573 4277 iam
3599 4218 3719 4259 cor-

2153 4305 2267 4376 pori
2300 4306 2603 4375 corruptela
2650 4306 3019 4360 dominabitur
3047 4304 3146 4374 (4).
3196 4302 3287 4357 Sic
3325 4313 3453 4370 ergo
3485 4307 3539 4351 et
3581 4308 3721 4349 nunc

472 4387 605 4454 ipsis
653 4386 765 4441 sint
797 4386 1037 4440 thesauri
1077 4386 1377 4455 sapientiae,
1435 4400 1494 4441 et
1539 4390 1780 4444 scientia:
1804 4393 1893 4445 Dei
1927 4395 2047 4450 abs-
2081 4431 2125 4486 Ι)
2156 4399 2463 4453 necessaria
2496 4398 2845 4453 abstinentia:
2877 4399 3015 4452 ratio
3038 4399 3271 4458 videtur,
3299 4406 3353 4448 et
3380 4391 3717 4464 postmodum

470 4476 677 4530 conditi
709 4476 777 4531 ³¹.
845 4476 972 4530 llaec
1017 4477 1354 4531 nobis-dicta
1398 4478 1506 4532 sint
1546 4479 1612 4532 de
1653 4481 2044 4550 confractione,

470 4581 591 4638 qum
621 4582 868 4623 cessasse
899 4577 1230 4623 memoratur
1265 4586 1278 4621 :
1312 4585 1453 4625 nunc
1480 4581 1657 4626 autem
1686 4590 1851 4642 pauca
1884 4577 2046 4630 etiam

476 4661 542 4714 de
572 4660 823 4729 sequenti
867 4660 1094 4715 historia
1138 4662 1495 4727 disseramus,
1528 4664 1580 4717 in
1617 4680 1724 4735 qua
1776 4668 2046 4738 virgarum

472 4753 925 4807 commemoratio
958 4752 1340 4807 introducitur.

544 4841 595 4895 7.
617 4842 773 4897 «"131
804 4844 1013 4899 locutus
1036 4854 1121 4898 est
1149 4843 1409 4899 Dominus
1440 4847 1506 4899 ad
1536 4846 1780 4917 Moysen,
1809 4850 1995 4906 dicens
2032 4871 2044 4907 :
2078 4866 2093 4889 δ

472 4927 722 5004 Loquere
755 4933 883 4989 llliis
929 4933 1117 5000 lsrael,
1151 4944 1207 4989 et
1260 4936 1447 5004 accipe
1499 4937 1565 4990 ab
1597 4937 1676 4990 eis
1706 4938 1912 5005 virgam
1954 4957 2050 5009 per

2158 4505 2263 4544 non
2292 4491 2600 4557 quaerenda.
2631 4490 2817 4544 Tertio
2840 4499 3018 4543 autem
3057 4489 3175 4542 loco
3205 4487 3540 4542 reconditum
3573 4482 3624 4535 in
3655 4479 3722 4532 iis

2157 4579 2406 4633 invenies
2456 4590 2511 4633 et
2566 4588 2840 4633 secretum
2893 4580 3278 4649 mysteriorum
3336 4572 3613 4643 sapientia:
3668 4578 3722 4620 et

2156 4671 2398 4725 scientiae
2433 4670 2526 4725 Dei
2568 4687 2811 4736 sensum,
2845 4687 2952 4740 quo
2989 4671 3302 4724 nutriantur
3331 4678 3387 4721 et
3436 4671 3722 4735 pascantur

2153 4762 2348 4815 anima:
2378 4773 2690 4817 sanctorum
2746 4779 2851 4815 non
2888 4762 3063 4816 solum
3099 4763 3150 4814 in
3181 4759 3429 4830 prtesenti
3471 4757 3601 4818 vita,
3628 4753 3721 4805 sed

2155 4855 2325 4907 etiam
2358 4853 2409 4907 in
2448 4854 2651 4907 futura.
2688 4855 2795 4909 Iste
2824 4856 2969 4907 enim
3021 4865 3103 4907 est
3146 4851 3467 4921 pontiﬁcalis
3495 4847 3722 4907 fructus,

2159 4945 2225 4999 de
2250 4959 2359 5015 quo
2390 4946 2728 5016 promittitur
2763 4947 2829 5002 iis
2862 4946 2954 5017 qui
2979 4947 3224 4999 csuriunt
3254 4953 3308 4996 et
3336 4941 3527 4995 sitiunt
3564 4936 3725 5005 justi-

543 5103 1008 5182 ξττιπεηηηξ.
1086 5104 1585 5182 ffll_'l‘im.n._‘.’0.
1663 5106 1707 5136 ιε
1738 5106 1867 5161 ibid.
1908 5110 1997 5165 ει.

2148 5115 2304 5172 Rern.
2335 5132 2411 5182 ιι,
2446 5117 2512 5172 l9
2536 5115 2704 5173 etQO.
2783 5117 2827 5148 ³⁰
2856 5114 2896 5171 ll
2927 5114 3052 5170 Cor.
3092 5129 3169 5177 tv,
3209 5111 3258 5164 7.
3337 5109 3380 5139 ³¹
3418 5106 3533 5161 Col.
3573 5121 3634 5168 tt,
3664 5103 3721 5160 5.

474 5176 519 5211 ιι
547 5176 706 5231 Num.
737 5192 872 5244 xm,
902 5177 1008 5230 1-5.
1084 5176 1127 5208 ³³
1150 5175 1311 5234 lCor.
1335 5193 1407 5242 tv,
1436 5176 1524 5230 21.

547 5313 625 5387 (9)
656 5311 747 5387 Est
775 5314 914 5387 enim
941 5315 1084 5384 virga
1112 5332 1241 5368 una.
1264 5313 1364 5387 Sic
1401 5324 1549 5369 recte
1582 5318 1737 5370 codd.
1771 5332 1901 5371 tuss.
1934 5317 2048 5373 Bel-

475 5382 741 5449 Vaeensis,
772 5382 1102 5439 Tttroneu'sis
1149 5396 1204 5440 et
1256 5386 1620 5449 Ebroicensis,
1650 5398 1705 5441 ut
1760 5387 1810 5440 in
1862 5388 2048 5443 Graeco

428 5514 433 5517 _
475 5463 648 5537 textu,
678 5454 792 5537 lact
831 5453 940 5536 ¹ῖὰιρ
969 5454 1161 5536 ῥάϐδος
1191 5456 1310 5526 μία.
1340 5454 1475 5511 Male
1508 5457 1563 5510 in
1592 5468 1750 5513 antea
1780 5458 1942 5513 editis
1970 5458 2051 5515 le-

473 5536 640 5595 gitur,
671 5545 688 5577 t
722 5536 919 5581 etcnttn
947 5541 1150 5594 Vtrgam
1178 5542 1362 5579 unam.
1394 5543 1417 5579 ι

547 5595 622 5659 (3)
650 5598 849 5650 Omnes
875 5612 1032 5661 mss.,
1071 5615 1091 5648 ι
1126 5595 1415 5650 auditorio.
1458 5615 1475 5647 ι
1516 5594 1673 5651 Libb.
1699 5597 1851 5659 editi,
1892 5617 1911 5650 ‹
1954 5598 2050 5651 ad-

469 5664 693 5737 jutotlo.
729 5667 896 5723 Paulo
922 5677 1044 5738 post
1077 5682 1207 5725 mss.
1245 5685 1264 5719 ι
1308 5682 1408 5738 per
1437 5669 1772 5726 occidentem
1813 5670 2050 5726 litteram

2147 5323 2519 5392 designantur.
2549 5344 2566 5374 ›
2588 5319 2743 5376 Libb.
2773 5321 2927 5385 editi,
2951 5339 2969 5371 ι
2992 5335 3088 5391 per
3117 5317 3452 5372 occidentem
3486 5314 3722 5368 litteram

2148 5392 2606 5449 demonstrantur.
2656 5412 2674 5443 ι

2220 5462 2298 5529 (4)
2359 5464 2533 5518 Codd.
2587 5463 2955 5526 Ebroieeusis,
2997 5455 3344 5529 Belvace‘nsis
3392 5466 3446 5509 et
3489 5454 3723 5529 Turdo"

2154 5553 2172 5586 t
2198 5522 2293 5588 sed
2316 5535 2576 5603 qualitate
2596 5534 2681 5591 sui
2708 5533 2853 5589 nulla
2880 5522 2989 5601 jain
3023 5526 3238 5598 corpori
3264 5522 3601 5596 corruptibili
3630 5522 3722 5579 lex

2160 5604 2533 5662 iominahilttr.
2576 5622 2598 5660 ι
