  <div class='ocr_page' id='page_1' title='image "/cluster/home/n/w/nwhite01/storage/ocr_20150623/12/mdp.39015028786690/327.png"; bbox 0 0 4074 6156; ppageno 0'>
   <div class='ocr_carea' id='block_1_1' title="bbox 447 204 559 261">
    <p class='ocr_par' dir='ltr' id='par_1_1' title="bbox 447 204 559 261">
     <span class='ocr_line' id='line_1_1' title="bbox 447 204 559 261; baseline 0.009 -1"><span class='ocrx_word' id='word_1_1' title='bbox 447 204 559 261; x_wconf 75' lang='lat'><strong>635</strong></span> 
     </span>
    </p>
   </div>
   <div class='ocr_carea' id='block_1_2' title="bbox 1902 208 2237 270">
    <p class='ocr_par' dir='ltr' id='par_1_2' title="bbox 1902 208 2237 270">
     <span class='ocr_line' id='line_1_2' title="bbox 1902 208 2237 270; baseline 0.006 -3"><span class='ocrx_word' id='word_1_2' title='bbox 1902 208 2237 270; x_wconf 74' lang='lat' dir='ltr'><strong>ORIGENIS</strong></span> 
     </span>
    </p>
   </div>
   <div class='ocr_carea' id='block_1_3' title="bbox 3601 214 3710 270">
    <p class='ocr_par' dir='ltr' id='par_1_3' title="bbox 3601 214 3710 270">
     <span class='ocr_line' id='line_1_3' title="bbox 3601 214 3710 270; baseline 0 0"><span class='ocrx_word' id='word_1_3' title='bbox 3601 214 3710 270; x_wconf 76' lang='lat'><strong>656</strong></span> 
     </span>
    </p>
   </div>
   <div class='ocr_carea' id='block_1_4' title="bbox 443 325 3712 403">
    <p class='ocr_par' dir='ltr' id='par_1_4' title="bbox 443 325 3712 403">
     <span class='ocr_line' id='line_1_4' title="bbox 443 325 3712 403; baseline 0.003 -24"><span class='ocrx_word' id='word_1_4' title='bbox 443 339 560 390; x_wconf 84' lang='lat' dir='ltr'><strong>res,</strong></span> <span class='ocrx_word' id='word_1_5' title='bbox 589 325 683 382; x_wconf 87' lang='lat' dir='ltr'><strong>ubi</strong></span> <span class='ocrx_word' id='word_1_6' title='bbox 716 326 981 396; x_wconf 91' lang='lat' dir='ltr'><strong>proﬁcere</strong></span> <span class='ocrx_word' id='word_1_7' title='bbox 1013 327 1264 397; x_wconf 78' lang='lat' dir='ltr'><strong>ctepcrit,</strong></span> <span class='ocrx_word' id='word_1_8' title='bbox 1295 335 1350 382; x_wconf 92' lang='lat' dir='ltr'><strong>et</strong></span> <span class='ocrx_word' id='word_1_9' title='bbox 1379 342 1592 384; x_wconf 91' lang='lat' dir='ltr'><strong>morum</strong></span> <span class='ocrx_word' id='word_1_10' title='bbox 1631 330 1906 384; x_wconf 97' lang='lat' dir='ltr'><strong>suavitate</strong></span> <span class='ocrx_word' id='word_1_11' title='bbox 1938 329 2033 384; x_wconf 84' lang='lat' dir='ltr'><strong>de-</strong></span> <span class='ocrx_word' id='word_1_12' title='bbox 2058 338 2107 392; x_wconf 76' lang='grc' dir='ltr'><strong>Α</strong></span> <span class='ocrx_word' id='word_1_13' title='bbox 2133 340 2221 386; x_wconf 88' lang='lat' dir='ltr'><strong>cet</strong></span> <span class='ocrx_word' id='word_1_14' title='bbox 2266 332 2319 386; x_wconf 89' lang='lat' dir='ltr'><strong>in</strong></span> <span class='ocrx_word' id='word_1_15' title='bbox 2355 331 2547 387; x_wconf 80' lang='lat' dir='ltr'><strong>Deum.</strong></span> <span class='ocrx_word' id='word_1_16' title='bbox 2580 332 2657 387; x_wconf 89' lang='lat' dir='ltr'><strong>De</strong></span> <span class='ocrx_word' id='word_1_17' title='bbox 2693 331 3001 402; x_wconf 87' lang='lat' dir='ltr'><strong>hnjusmodi</strong></span> <span class='ocrx_word' id='word_1_18' title='bbox 3029 332 3176 387; x_wconf 88' lang='lat' dir='ltr'><strong>enim</strong></span> <span class='ocrx_word' id='word_1_19' title='bbox 3213 332 3452 403; x_wconf 76' lang='lat' dir='ltr'><strong>peccatis</strong></span> <span class='ocrx_word' id='word_1_20' title='bbox 3484 347 3588 388; x_wconf 88' lang='lat' dir='ltr'><strong>non</strong></span> <span class='ocrx_word' id='word_1_21' title='bbox 3626 337 3712 390; x_wconf 78' lang='lat' dir='ltr'><strong>fa-</strong></span> 
     </span>
    </p>
   </div>
   <div class='ocr_carea' id='block_1_5' title="bbox 445 418 2031 492">
    <p class='ocr_par' dir='ltr' id='par_1_5' title="bbox 445 418 2031 492">
     <span class='ocr_line' id='line_1_5' title="bbox 445 418 2031 492; baseline 0.002 -19"><span class='ocrx_word' id='word_1_22' title='bbox 445 420 650 487; x_wconf 89' lang='lat' dir='ltr'><strong>corari,</strong></span> <span class='ocrx_word' id='word_1_23' title='bbox 682 435 750 474; x_wconf 91' lang='lat' dir='ltr'><strong>ac</strong></span> <span class='ocrx_word' id='word_1_24' title='bbox 782 418 1142 488; x_wconf 84' lang='lat' dir='ltr'><strong>fragrantiam</strong></span> <span class='ocrx_word' id='word_1_25' title='bbox 1173 420 1569 476; x_wconf 64' lang='lat' dir='ltr'><strong>misericordiae</strong></span> <span class='ocrx_word' id='word_1_26' title='bbox 1589 432 1643 476; x_wconf 92' lang='lat' dir='ltr'><strong>et</strong></span> <span class='ocrx_word' id='word_1_27' title='bbox 1684 421 2031 492; x_wconf 87' lang='lat' dir='ltr'><strong>benignitatis</strong></span> 
     </span>
    </p>
   </div>
   <div class='ocr_carea' id='block_1_6' title="bbox 448 512 2031 582">
    <p class='ocr_par' dir='ltr' id='par_1_6' title="bbox 448 512 2031 582">
     <span class='ocr_line' id='line_1_6' title="bbox 448 512 2031 582; baseline 0.003 -16"><span class='ocrx_word' id='word_1_28' title='bbox 448 512 747 566; x_wconf 79' lang='lat' dir='ltr'><strong>eﬁ&#39;uudere.</strong></span> <span class='ocrx_word' id='word_1_29' title='bbox 782 512 863 565; x_wconf 88' lang='lat' dir='ltr'><strong>Ad</strong></span> <span class='ocrx_word' id='word_1_30' title='bbox 898 512 1147 567; x_wconf 91' lang='lat' dir='ltr'><strong>ultimum</strong></span> <span class='ocrx_word' id='word_1_31' title='bbox 1179 527 1397 582; x_wconf 91' lang='lat' dir='ltr'><strong>quoque</strong></span> <span class='ocrx_word' id='word_1_32' title='bbox 1422 513 1583 569; x_wconf 80' lang='lat' dir='ltr'><strong>aﬂ‘ert</strong></span> <span class='ocrx_word' id='word_1_33' title='bbox 1612 518 1774 571; x_wconf 86' lang='lat' dir='ltr'><strong>etiam</strong></span> <span class='ocrx_word' id='word_1_34' title='bbox 1823 514 2031 571; x_wconf 89' lang='lat' dir='ltr'><strong>fructus</strong></span> 
     </span>
    </p>
   </div>
   <div class='ocr_carea' id='block_1_7' title="bbox 438 601 2030 675">
    <p class='ocr_par' dir='ltr' id='par_1_7' title="bbox 438 601 2030 675">
     <span class='ocr_line' id='line_1_7' title="bbox 438 601 2030 675; baseline 0.005 -22"><span class='ocrx_word' id='word_1_35' title='bbox 438 601 689 670; x_wconf 71' lang='lat' dir='ltr'><strong>iustitiae,</strong></span> <span class='ocrx_word' id='word_1_36' title='bbox 722 603 921 671; x_wconf 84' lang='lat' dir='ltr'><strong>quibus</strong></span> <span class='ocrx_word' id='word_1_37' title='bbox 952 619 1058 657; x_wconf 90' lang='lat' dir='ltr'><strong>non</strong></span> <span class='ocrx_word' id='word_1_38' title='bbox 1111 604 1284 658; x_wconf 87' lang='lat' dir='ltr'><strong>solum</strong></span> <span class='ocrx_word' id='word_1_39' title='bbox 1321 606 1440 675; x_wconf 90' lang='lat' dir='ltr'><strong>ipse</strong></span> <span class='ocrx_word' id='word_1_40' title='bbox 1466 607 1634 672; x_wconf 88' lang='lat' dir='ltr'><strong>vivat,</strong></span> <span class='ocrx_word' id='word_1_41' title='bbox 1673 607 1769 663; x_wconf 92' lang='lat' dir='ltr'><strong>sed</strong></span> <span class='ocrx_word' id='word_1_42' title='bbox 1809 617 1867 662; x_wconf 92' lang='lat' dir='ltr'><strong>et</strong></span> <span class='ocrx_word' id='word_1_43' title='bbox 1909 607 2030 661; x_wconf 91' lang='lat' dir='ltr'><strong>aliis</strong></span> 
     </span>
    </p>
   </div>
   <div class='ocr_carea' id='block_1_8' title="bbox 442 696 2033 770">
    <p class='ocr_par' dir='ltr' id='par_1_8' title="bbox 442 696 2033 770">
     <span class='ocr_line' id='line_1_8' title="bbox 442 696 2033 770; baseline 0.006 -23"><span class='ocrx_word' id='word_1_44' title='bbox 442 697 684 762; x_wconf 68' lang='lat' dir='ltr'><strong>praebeat</strong></span> <span class='ocrx_word' id='word_1_45' title='bbox 723 696 910 749; x_wconf 91' lang='lat' dir='ltr'><strong>vitam.</strong></span> <span class='ocrx_word' id='word_1_46' title='bbox 952 696 1088 752; x_wconf 90' lang='lat' dir='ltr'><strong>Cum</strong></span> <span class='ocrx_word' id='word_1_47' title='bbox 1121 699 1264 752; x_wconf 91' lang='lat' dir='ltr'><strong>enim</strong></span> <span class='ocrx_word' id='word_1_48' title='bbox 1294 700 1360 753; x_wconf 91' lang='lat' dir='ltr'><strong>ad</strong></span> <span class='ocrx_word' id='word_1_49' title='bbox 1388 699 1693 770; x_wconf 88' lang='lat' dir='ltr'><strong>perfectum</strong></span> <span class='ocrx_word' id='word_1_50' title='bbox 1713 701 1944 765; x_wconf 87' lang='lat' dir='ltr'><strong>venerit,</strong></span> <span class='ocrx_word' id='word_1_51' title='bbox 1975 710 2033 756; x_wconf 89' lang='lat' dir='ltr'><strong>et</strong></span> 
     </span>
    </p>
   </div>
   <div class='ocr_carea' id='block_1_9' title="bbox 444 788 2028 861">
    <p class='ocr_par' dir='ltr' id='par_1_9' title="bbox 444 788 2028 861">
     <span class='ocr_line' id='line_1_9' title="bbox 444 788 2028 861; baseline 0.006 -21"><span class='ocrx_word' id='word_1_52' title='bbox 444 788 734 858; x_wconf 86' lang='lat' dir='ltr'><strong>protulerit</strong></span> <span class='ocrx_word' id='word_1_53' title='bbox 763 805 830 843; x_wconf 87' lang='lat' dir='ltr'><strong>ex</strong></span> <span class='ocrx_word' id='word_1_54' title='bbox 852 805 911 844; x_wconf 90' lang='lat' dir='ltr'><strong>se</strong></span> <span class='ocrx_word' id='word_1_55' title='bbox 945 793 1171 846; x_wconf 81' lang='lat' dir='ltr'><strong>verbum</strong></span> <span class='ocrx_word' id='word_1_56' title='bbox 1202 792 1348 855; x_wconf 90' lang='lat' dir='ltr'><strong>ﬁdei,</strong></span> <span class='ocrx_word' id='word_1_57' title='bbox 1379 792 1605 848; x_wconf 86' lang='lat' dir='ltr'><strong>verbum</strong></span> <span class='ocrx_word' id='word_1_58' title='bbox 1642 795 1888 849; x_wconf 79' lang='lat' dir='ltr'><strong>scientia:</strong></span> <span class='ocrx_word' id='word_1_59' title='bbox 1913 795 2028 861; x_wconf 85' lang='lat' dir='ltr'><strong>Dei,</strong></span> 
     </span>
    </p>
   </div>
   <div class='ocr_carea' id='block_1_10' title="bbox 444 879 2031 954">
    <p class='ocr_par' dir='ltr' id='par_1_10' title="bbox 444 879 2031 954">
     <span class='ocr_line' id='line_1_10' title="bbox 444 879 2031 954; baseline 0.004 -21"><span class='ocrx_word' id='word_1_60' title='bbox 444 890 502 933; x_wconf 92' lang='lat' dir='ltr'><strong>et</strong></span> <span class='ocrx_word' id='word_1_61' title='bbox 526 879 664 934; x_wconf 91' lang='lat' dir='ltr'><strong>alios</strong></span> <span class='ocrx_word' id='word_1_62' title='bbox 690 880 1048 944; x_wconf 86' lang='lat' dir='ltr'><strong>lucrifcccrit,</strong></span> <span class='ocrx_word' id='word_1_63' title='bbox 1093 884 1194 949; x_wconf 89' lang='lat' dir='ltr'><strong>hoc</strong></span> <span class='ocrx_word' id='word_1_64' title='bbox 1220 892 1301 937; x_wconf 90' lang='lat' dir='ltr'><strong>est</strong></span> <span class='ocrx_word' id='word_1_65' title='bbox 1336 883 1583 940; x_wconf 82' lang='lat' dir='ltr'><strong>attulisse</strong></span> <span class='ocrx_word' id='word_1_66' title='bbox 1607 884 1813 940; x_wconf 88' lang='lat' dir='ltr'><strong>fructus</strong></span> <span class='ocrx_word' id='word_1_67' title='bbox 1836 886 2031 954; x_wconf 86' lang='lat' dir='ltr'><strong>quibus</strong></span> 
     </span>
    </p>
   </div>
   <div class='ocr_carea' id='block_1_11' title="bbox 447 970 2030 1045">
    <p class='ocr_par' dir='ltr' id='par_1_11' title="bbox 447 970 2030 1045">
     <span class='ocr_line' id='line_1_11' title="bbox 447 970 2030 1045; baseline 0.003 -20"><span class='ocrx_word' id='word_1_68' title='bbox 447 970 540 1025; x_wconf 85' lang='lat' dir='ltr'><strong>alii</strong></span> <span class='ocrx_word' id='word_1_69' title='bbox 580 973 910 1027; x_wconf 88' lang='lat' dir='ltr'><strong>nutriantur.</strong></span> <span class='ocrx_word' id='word_1_70' title='bbox 944 973 1036 1028; x_wconf 88' lang='lat' dir='ltr'><strong>Sic</strong></span> <span class='ocrx_word' id='word_1_71' title='bbox 1059 989 1188 1043; x_wconf 88' lang='lat' dir='ltr'><strong>ergo</strong></span> <span class='ocrx_word' id='word_1_72' title='bbox 1221 975 1420 1045; x_wconf 77' lang='lat' dir='ltr'><strong>singuli</strong></span> <span class='ocrx_word' id='word_1_73' title='bbox 1462 977 1664 1045; x_wconf 87' lang='lat' dir='ltr'><strong>quique</strong></span> <span class='ocrx_word' id='word_1_74' title='bbox 1689 978 2030 1033; x_wconf 85' lang='lat' dir='ltr'><strong>credentium</strong></span> 
     </span>
    </p>
   </div>
   <div class='ocr_carea' id='block_1_12' title="bbox 446 1063 2033 1140">
    <p class='ocr_par' dir='ltr' id='par_1_12' title="bbox 446 1063 2033 1140">
     <span class='ocr_line' id='line_1_12' title="bbox 446 1063 2033 1140; baseline 0.004 -23"><span class='ocrx_word' id='word_1_75' title='bbox 446 1063 518 1118; x_wconf 90' lang='lat' dir='ltr'><strong>de</strong></span> <span class='ocrx_word' id='word_1_76' title='bbox 543 1064 696 1135; x_wconf 85' lang='lat' dir='ltr'><strong>virga</strong></span> <span class='ocrx_word' id='word_1_77' title='bbox 718 1067 921 1132; x_wconf 80' lang='lat' dir='ltr'><strong>Aaron,</strong></span> <span class='ocrx_word' id='word_1_78' title='bbox 942 1067 1034 1136; x_wconf 89' lang='lat' dir='ltr'><strong>qui</strong></span> <span class='ocrx_word' id='word_1_79' title='bbox 1055 1067 1304 1122; x_wconf 88' lang='lat' dir='ltr'><strong>Christus</strong></span> <span class='ocrx_word' id='word_1_80' title='bbox 1328 1079 1431 1135; x_wconf 89' lang='lat' dir='ltr'><strong>est,</strong></span> <span class='ocrx_word' id='word_1_81' title='bbox 1457 1071 1870 1140; x_wconf 83' lang='lat' dir='ltr'><strong>germinantur;</strong></span> <span class='ocrx_word' id='word_1_82' title='bbox 1904 1084 2033 1139; x_wconf 84' lang='lat' dir='ltr'><strong>quo-</strong></span> 
     </span>
    </p>
   </div>
   <div class='ocr_carea' id='block_1_13' title="bbox 426 1158 2032 1230">
    <p class='ocr_par' dir='ltr' id='par_1_13' title="bbox 426 1158 2032 1230">
     <span class='ocr_line' id='line_1_13' title="bbox 426 1158 2032 1230; baseline 0.004 -20"><span class='ocrx_word' id='word_1_83' title='bbox 426 1172 568 1210; x_wconf 73' lang='lat' dir='ltr'><strong>rum</strong></span> <span class='ocrx_word' id='word_1_84' title='bbox 596 1168 836 1226; x_wconf 83' lang='lat' dir='ltr'><strong>quatuor</strong></span> <span class='ocrx_word' id='word_1_85' title='bbox 861 1161 976 1213; x_wconf 69' lang='lat' dir='ltr'><strong>istm</strong></span> <span class='ocrx_word' id='word_1_86' title='bbox 1011 1158 1332 1214; x_wconf 73' lang='lat' dir='ltr'><strong>dilferentia:</strong></span> <span class='ocrx_word' id='word_1_87' title='bbox 1371 1160 1422 1213; x_wconf 94' lang='lat' dir='ltr'><strong>in</strong></span> <span class='ocrx_word' id='word_1_88' title='bbox 1472 1161 1594 1216; x_wconf 89' lang='lat' dir='ltr'><strong>aliis</strong></span> <span class='ocrx_word' id='word_1_89' title='bbox 1627 1163 1926 1230; x_wconf 71' lang='lat' dir='ltr'><strong>Scriptum</strong></span> <span class='ocrx_word' id='word_1_90' title='bbox 1955 1164 2032 1216; x_wconf 92' lang='lat' dir='ltr'><strong>lo-</strong></span> 
     </span>
    </p>
   </div>
   <div class='ocr_carea' id='block_1_14' title="bbox 444 1249 2030 1321">
    <p class='ocr_par' dir='ltr' id='par_1_14' title="bbox 444 1249 2030 1321">
     <span class='ocr_line' id='line_1_14' title="bbox 444 1249 2030 1321; baseline 0.003 -18"><span class='ocrx_word' id='word_1_91' title='bbox 444 1249 531 1303; x_wconf 91' lang='lat' dir='ltr'><strong>cis</strong></span> <span class='ocrx_word' id='word_1_92' title='bbox 563 1250 711 1304; x_wconf 87' lang='lat' dir='ltr'><strong>velut</strong></span> <span class='ocrx_word' id='word_1_93' title='bbox 740 1258 929 1304; x_wconf 85' lang='lat' dir='ltr'><strong>aetates</strong></span> <span class='ocrx_word' id='word_1_94' title='bbox 951 1260 1186 1318; x_wconf 90' lang='lat' dir='ltr'><strong>quatuor</strong></span> <span class='ocrx_word' id='word_1_95' title='bbox 1215 1252 1591 1321; x_wconf 79' lang='lat' dir='ltr'><strong>designantur,</strong></span> <span class='ocrx_word' id='word_1_96' title='bbox 1633 1268 1768 1321; x_wconf 84' lang='lat' dir='ltr'><strong>quas</strong></span> <span class='ocrx_word' id='word_1_97' title='bbox 1792 1252 2030 1307; x_wconf 80' lang='lat' dir='ltr'><strong>Joannes</strong></span> 
     </span>
    </p>
   </div>
   <div class='ocr_carea' id='block_1_15' title="bbox 444 1340 2031 1416">
    <p class='ocr_par' dir='ltr' id='par_1_15' title="bbox 444 1340 2031 1416">
     <span class='ocr_line' id='line_1_15' title="bbox 444 1340 2031 1416; baseline 0.004 -23"><span class='ocrx_word' id='word_1_98' title='bbox 444 1340 725 1408; x_wconf 90' lang='lat' dir='ltr'><strong>apostolus</strong></span> <span class='ocrx_word' id='word_1_99' title='bbox 764 1342 815 1395; x_wconf 93' lang='lat' dir='ltr'><strong>in</strong></span> <span class='ocrx_word' id='word_1_100' title='bbox 850 1341 1087 1411; x_wconf 88' lang='lat' dir='ltr'><strong>Epistula</strong></span> <span class='ocrx_word' id='word_1_101' title='bbox 1121 1357 1220 1396; x_wconf 90' lang='lat' dir='ltr'><strong>sua</strong></span> <span class='ocrx_word' id='word_1_102' title='bbox 1245 1343 1592 1400; x_wconf 86' lang='lat' dir='ltr'><strong>distinctione</strong></span> <span class='ocrx_word' id='word_1_103' title='bbox 1617 1347 1844 1416; x_wconf 87' lang='lat' dir='ltr'><strong>mystica</strong></span> <span class='ocrx_word' id='word_1_104' title='bbox 1879 1360 2031 1399; x_wconf 91' lang='lat' dir='ltr'><strong>com-</strong></span> 
     </span>
    </p>
   </div>
   <div class='ocr_carea' id='block_1_16' title="bbox 442 1431 2022 1506">
    <p class='ocr_par' dir='ltr' id='par_1_16' title="bbox 442 1431 2022 1506">
     <span class='ocr_line' id='line_1_16' title="bbox 442 1431 2022 1506; baseline 0.004 -22"><span class='ocrx_word' id='word_1_105' title='bbox 442 1431 752 1500; x_wconf 90' lang='lat' dir='ltr'><strong>prehendit,</strong></span> <span class='ocrx_word' id='word_1_106' title='bbox 773 1432 849 1486; x_wconf 86' lang='lat' dir='ltr'><strong>ait</strong></span> <span class='ocrx_word' id='word_1_107' title='bbox 881 1432 1025 1487; x_wconf 89' lang='lat' dir='ltr'><strong>enim</strong></span> <span class='ocrx_word' id='word_1_108' title='bbox 1059 1431 1105 1464; x_wconf 75' lang='lat'>“</span> <span class='ocrx_word' id='word_1_109' title='bbox 1133 1450 1148 1487; x_wconf 90' lang='lat'><strong>:</strong></span> <span class='ocrx_word' id='word_1_110' title='bbox 1180 1451 1199 1485; x_wconf 75' lang='grc' dir='ltr'><strong>ι</strong></span> <span class='ocrx_word' id='word_1_111' title='bbox 1240 1433 1432 1490; x_wconf 89' lang='lat' dir='ltr'><strong>Scribo</strong></span> <span class='ocrx_word' id='word_1_112' title='bbox 1458 1435 1631 1501; x_wconf 86' lang='lat' dir='ltr'><strong>vobis,</strong></span> <span class='ocrx_word' id='word_1_113' title='bbox 1658 1438 1838 1506; x_wconf 89' lang='lat' dir='ltr'><strong>pueri,</strong></span> <span class='ocrx_word' id='word_1_114' title='bbox 1883 1456 1904 1490; x_wconf 75' lang='grc' dir='ltr'><strong>ι</strong></span> <span class='ocrx_word' id='word_1_115' title='bbox 1943 1447 2022 1504; x_wconf 87' lang='lat' dir='ltr'><strong>et,</strong></span> 
     </span>
    </p>
   </div>
   <div class='ocr_carea' id='block_1_17' title="bbox 449 1523 2028 1598">
    <p class='ocr_par' dir='ltr' id='par_1_17' title="bbox 449 1523 2028 1598">
     <span class='ocr_line' id='line_1_17' title="bbox 449 1523 2028 1598; baseline 0.006 -23"><span class='ocrx_word' id='word_1_116' title='bbox 449 1541 470 1575; x_wconf 78' lang='grc' dir='ltr'><strong>ι</strong></span> <span class='ocrx_word' id='word_1_117' title='bbox 500 1524 683 1579; x_wconf 87' lang='lat' dir='ltr'><strong>scribo</strong></span> <span class='ocrx_word' id='word_1_118' title='bbox 720 1523 897 1589; x_wconf 86' lang='lat' dir='ltr'><strong>vobis,</strong></span> <span class='ocrx_word' id='word_1_119' title='bbox 926 1524 1320 1592; x_wconf 88' lang='lat' dir='ltr'><strong>adolescentes,</strong></span> <span class='ocrx_word' id='word_1_120' title='bbox 1372 1546 1391 1578; x_wconf 74' lang='grc' dir='ltr'><strong>ι</strong></span> <span class='ocrx_word' id='word_1_121' title='bbox 1435 1537 1514 1591; x_wconf 90' lang='lat' dir='ltr'><strong>et,</strong></span> <span class='ocrx_word' id='word_1_122' title='bbox 1561 1545 1581 1579; x_wconf 79' lang='grc' dir='ltr'><strong>ι</strong></span> <span class='ocrx_word' id='word_1_123' title='bbox 1626 1529 1811 1584; x_wconf 89' lang='lat' dir='ltr'><strong>scribo</strong></span> <span class='ocrx_word' id='word_1_124' title='bbox 1852 1530 2028 1598; x_wconf 86' lang='lat' dir='ltr'><strong>vobis,</strong></span> 
     </span>
    </p>
   </div>
   <div class='ocr_carea' id='block_1_18' title="bbox 441 1616 2023 1690">
    <p class='ocr_par' dir='ltr' id='par_1_18' title="bbox 441 1616 2023 1690">
     <span class='ocr_line' id='line_1_18' title="bbox 441 1616 2023 1690; baseline 0.006 -22"><span class='ocrx_word' id='word_1_125' title='bbox 441 1624 648 1684; x_wconf 87' lang='lat' dir='ltr'><strong>patres.</strong></span> <span class='ocrx_word' id='word_1_126' title='bbox 695 1635 714 1668; x_wconf 86' lang='grc'><strong>›</strong></span> <span class='ocrx_word' id='word_1_127' title='bbox 768 1616 824 1670; x_wconf 96' lang='lat' dir='ltr'><strong>ln</strong></span> <span class='ocrx_word' id='word_1_128' title='bbox 863 1617 1063 1685; x_wconf 90' lang='lat' dir='ltr'><strong>quibus</strong></span> <span class='ocrx_word' id='word_1_129' title='bbox 1098 1618 1286 1688; x_wconf 89' lang='lat' dir='ltr'><strong>utique</strong></span> <span class='ocrx_word' id='word_1_130' title='bbox 1314 1635 1421 1673; x_wconf 92' lang='lat' dir='ltr'><strong>non</strong></span> <span class='ocrx_word' id='word_1_131' title='bbox 1455 1622 1770 1690; x_wconf 88' lang='lat' dir='ltr'><strong>corporales</strong></span> <span class='ocrx_word' id='word_1_132' title='bbox 1810 1630 2023 1687; x_wconf 79' lang='lat' dir='ltr'><strong>aetates,</strong></span> 
     </span>
    </p>
   </div>
   <div class='ocr_carea' id='block_1_19' title="bbox 2128 420 3767 494">
    <p class='ocr_par' dir='ltr' id='par_1_19' title="bbox 2128 420 3767 494">
     <span class='ocr_line' id='line_1_19' title="bbox 2128 420 3767 494; baseline 0.004 -19"><span class='ocrx_word' id='word_1_133' title='bbox 2128 421 2246 476; x_wconf 82' lang='lat' dir='ltr'><strong>cile</strong></span> <span class='ocrx_word' id='word_1_134' title='bbox 2283 422 2664 476; x_wconf 83' lang='lat' dir='ltr'><strong>remissionem</strong></span> <span class='ocrx_word' id='word_1_135' title='bbox 2695 422 2928 492; x_wconf 87' lang='lat' dir='ltr'><strong>aliquam</strong></span> <span class='ocrx_word' id='word_1_136' title='bbox 2971 424 3223 479; x_wconf 85' lang='lat' dir='ltr'><strong>videmus</strong></span> <span class='ocrx_word' id='word_1_137' title='bbox 3253 424 3309 478; x_wconf 90' lang='lat' dir='ltr'><strong>in</strong></span> <span class='ocrx_word' id='word_1_138' title='bbox 3340 423 3476 494; x_wconf 82' lang='lat' dir='ltr'><strong>legis</strong></span> <span class='ocrx_word' id='word_1_139' title='bbox 3516 424 3710 480; x_wconf 89' lang='lat' dir='ltr'><strong>litteris</strong></span> <span class='ocrx_word' id='word_1_140' title='bbox 3759 420 3767 459; x_wconf 46' lang='grc' dir='ltr'><strong>ἶ</strong></span> 
     </span>
    </p>
   </div>
   <div class='ocr_carea' id='block_1_20' title="bbox 2133 494 3764 584">
    <p class='ocr_par' dir='ltr' id='par_1_20' title="bbox 2133 494 3764 584">
     <span class='ocr_line' id='line_1_20' title="bbox 2133 494 3764 584; baseline 0.003 -17"><span class='ocrx_word' id='word_1_141' title='bbox 2133 513 2430 582; x_wconf 88' lang='lat' dir='ltr'><strong>designari.</strong></span> <span class='ocrx_word' id='word_1_142' title='bbox 2461 512 2584 568; x_wconf 69' lang='lat' dir='ltr'><strong>Haec</strong></span> <span class='ocrx_word' id='word_1_143' title='bbox 2619 526 2799 569; x_wconf 88' lang='lat' dir='ltr'><strong>autem</strong></span> <span class='ocrx_word' id='word_1_144' title='bbox 2834 516 3072 571; x_wconf 78' lang='lat' dir='ltr'><strong>diximus</strong></span> <span class='ocrx_word' id='word_1_145' title='bbox 3103 530 3203 584; x_wconf 90' lang='lat' dir='ltr'><strong>pro</strong></span> <span class='ocrx_word' id='word_1_146' title='bbox 3228 516 3295 570; x_wconf 92' lang='lat' dir='ltr'><strong>iis</strong></span> <span class='ocrx_word' id='word_1_147' title='bbox 3317 530 3438 584; x_wconf 66' lang='lat' dir='ltr'><strong>qua:</strong></span> <span class='ocrx_word' id='word_1_148' title='bbox 3464 519 3695 572; x_wconf 89' lang='lat' dir='ltr'><strong>recitata</strong></span> 
     </span>
    </p>
   </div>
   <div class='ocr_carea' id='block_1_21' title="bbox 2133 606 3703 678">
    <p class='ocr_par' dir='ltr' id='par_1_21' title="bbox 2133 606 3703 678">
     <span class='ocr_line' id='line_1_21' title="bbox 2133 606 3703 678; baseline 0.004 -21"><span class='ocrx_word' id='word_1_149' title='bbox 2133 615 2262 658; x_wconf 91' lang='lat' dir='ltr'><strong>sunt</strong></span> <span class='ocrx_word' id='word_1_150' title='bbox 2293 606 2449 659; x_wconf 88' lang='lat' dir='ltr'><strong>nobis</strong></span> <span class='ocrx_word' id='word_1_151' title='bbox 2477 622 2494 661; x_wconf 88' lang='lat'><strong>:</strong></span> <span class='ocrx_word' id='word_1_152' title='bbox 2536 625 2555 658; x_wconf 83' lang='grc' dir='ltr'><strong>ι</strong></span> <span class='ocrx_word' id='word_1_153' title='bbox 2596 607 2662 661; x_wconf 84' lang='grc' dir='ltr'>Ει</span> <span class='ocrx_word' id='word_1_154' title='bbox 2696 608 2854 673; x_wconf 80' lang='lat' dir='ltr'><strong>dixit,</strong></span> <span class='ocrx_word' id='word_1_155' title='bbox 2903 609 3102 678; x_wconf 91' lang='lat' dir='ltr'><strong>inquit,</strong></span> <span class='ocrx_word' id='word_1_156' title='bbox 3144 607 3403 663; x_wconf 91' lang='lat' dir='ltr'><strong>Dominus</strong></span> <span class='ocrx_word' id='word_1_157' title='bbox 3425 608 3494 663; x_wconf 89' lang='lat' dir='ltr'><strong>ad</strong></span> <span class='ocrx_word' id='word_1_158' title='bbox 3518 608 3703 664; x_wconf 84' lang='lat' dir='ltr'><strong>Aaron</strong></span> 
     </span>
    </p>
   </div>
   <div class='ocr_carea' id='block_1_22' title="bbox 2130 697 3705 771">
    <p class='ocr_par' dir='ltr' id='par_1_22' title="bbox 2130 697 3705 771">
     <span class='ocr_line' id='line_1_22' title="bbox 2130 697 3705 771; baseline 0.003 -20"><span class='ocrx_word' id='word_1_159' title='bbox 2130 697 2324 752; x_wconf 85' lang='lat' dir='ltr'><strong>dicens</strong></span> <span class='ocrx_word' id='word_1_160' title='bbox 2358 716 2372 753; x_wconf 89' lang='lat'><strong>:</strong></span> <span class='ocrx_word' id='word_1_161' title='bbox 2407 698 2485 753; x_wconf 93' lang='lat' dir='ltr'><strong>Tu</strong></span> <span class='ocrx_word' id='word_1_162' title='bbox 2517 708 2574 752; x_wconf 89' lang='lat' dir='ltr'><strong>et</strong></span> <span class='ocrx_word' id='word_1_163' title='bbox 2607 699 2702 754; x_wconf 86' lang='lat' dir='ltr'><strong>lilii</strong></span> <span class='ocrx_word' id='word_1_164' title='bbox 2735 701 2832 766; x_wconf 94' lang='lat' dir='ltr'><strong>tui,</strong></span> <span class='ocrx_word' id='word_1_165' title='bbox 2867 709 2923 755; x_wconf 89' lang='lat' dir='ltr'><strong>et</strong></span> <span class='ocrx_word' id='word_1_166' title='bbox 2963 702 3158 756; x_wconf 87' lang='lat' dir='ltr'><strong>d0mtts</strong></span> <span class='ocrx_word' id='word_1_167' title='bbox 3185 700 3357 771; x_wconf 83' lang='lat' dir='ltr'><strong>patris</strong></span> <span class='ocrx_word' id='word_1_168' title='bbox 3396 701 3476 755; x_wconf 93' lang='lat' dir='ltr'><strong>tui</strong></span> <span class='ocrx_word' id='word_1_169' title='bbox 3526 709 3705 756; x_wconf 89' lang='lat' dir='ltr'><strong>tecum</strong></span> 
     </span>
    </p>
   </div>
   <div class='ocr_carea' id='block_1_23' title="bbox 2130 791 3711 863">
    <p class='ocr_par' dir='ltr' id='par_1_23' title="bbox 2130 791 3711 863">
     <span class='ocr_line' id='line_1_23' title="bbox 2130 791 3711 863; baseline 0.001 -17"><span class='ocrx_word' id='word_1_170' title='bbox 2130 791 2364 846; x_wconf 84' lang='lat' dir='ltr'><strong>sumetis</strong></span> <span class='ocrx_word' id='word_1_171' title='bbox 2405 804 2631 860; x_wconf 77' lang='lat' dir='ltr'><strong>peccata</strong></span> <span class='ocrx_word' id='word_1_172' title='bbox 2688 803 3066 849; x_wconf 65' lang='lat' dir='ltr'><strong>sanctorum.»</strong></span> <span class='ocrx_word' id='word_1_173' title='bbox 3120 793 3307 848; x_wconf 82' lang='lat' dir='ltr'><strong>Potest</strong></span> <span class='ocrx_word' id='word_1_174' title='bbox 3355 794 3572 863; x_wconf 86' lang='lat' dir='ltr'><strong>quidem</strong></span> <span class='ocrx_word' id='word_1_175' title='bbox 3632 795 3711 848; x_wconf 86' lang='lat' dir='ltr'><strong>ita</strong></span> 
     </span>
    </p>
   </div>
   <div class='ocr_carea' id='block_1_24' title="bbox 2133 883 3712 955">
    <p class='ocr_par' dir='ltr' id='par_1_24' title="bbox 2133 883 3712 955">
     <span class='ocr_line' id='line_1_24' title="bbox 2133 883 3712 955; baseline 0.004 -20"><span class='ocrx_word' id='word_1_176' title='bbox 2133 884 2331 952; x_wconf 83' lang='lat' dir='ltr'><strong>exponi</strong></span> <span class='ocrx_word' id='word_1_177' title='bbox 2373 883 2524 939; x_wconf 90' lang='lat' dir='ltr'><strong>locus</strong></span> <span class='ocrx_word' id='word_1_178' title='bbox 2558 884 2691 951; x_wconf 91' lang='lat' dir='ltr'><strong>iste;</strong></span> <span class='ocrx_word' id='word_1_179' title='bbox 2746 892 2806 938; x_wconf 92' lang='lat' dir='ltr'><strong>ut</strong></span> <span class='ocrx_word' id='word_1_180' title='bbox 2861 898 2961 954; x_wconf 87' lang='lat' dir='ltr'><strong>per</strong></span> <span class='ocrx_word' id='word_1_181' title='bbox 2992 899 3056 940; x_wconf 91' lang='lat' dir='ltr'><strong>ea</strong></span> <span class='ocrx_word' id='word_1_182' title='bbox 3099 900 3222 955; x_wconf 68' lang='lat' dir='ltr'><strong>quae</strong></span> <span class='ocrx_word' id='word_1_183' title='bbox 3261 883 3421 941; x_wconf 68' lang='lat' dir='ltr'><strong>offert</strong></span> <span class='ocrx_word' id='word_1_184' title='bbox 3464 885 3712 954; x_wconf 75' lang='lat' dir='ltr'><strong>pontifex</strong></span> 
     </span>
    </p>
   </div>
   <div class='ocr_carea' id='block_1_25' title="bbox 2134 972 3713 1043">
    <p class='ocr_par' dir='ltr' id='par_1_25' title="bbox 2134 972 3713 1043">
     <span class='ocr_line' id='line_1_25' title="bbox 2134 972 3713 1043; baseline 0.001 -16"><span class='ocrx_word' id='word_1_185' title='bbox 2134 989 2238 1043; x_wconf 90' lang='lat' dir='ltr'><strong>pro</strong></span> <span class='ocrx_word' id='word_1_186' title='bbox 2272 982 2497 1043; x_wconf 84' lang='lat' dir='ltr'><strong>peccato</strong></span> <span class='ocrx_word' id='word_1_187' title='bbox 2550 973 3004 1043; x_wconf 85' lang='lat' dir='ltr'><strong>uniuscujusque,</strong></span> <span class='ocrx_word' id='word_1_188' title='bbox 3038 981 3095 1028; x_wconf 93' lang='lat' dir='ltr'><strong>et</strong></span> <span class='ocrx_word' id='word_1_189' title='bbox 3126 972 3379 1043; x_wconf 89' lang='lat' dir='ltr'><strong>puriﬁcat</strong></span> <span class='ocrx_word' id='word_1_190' title='bbox 3436 988 3559 1028; x_wconf 92' lang='lat' dir='ltr'><strong>eum</strong></span> <span class='ocrx_word' id='word_1_191' title='bbox 3610 986 3713 1042; x_wconf 87' lang='lat' dir='ltr'><strong>pro</strong></span> 
     </span>
    </p>
   </div>
   <div class='ocr_carea' id='block_1_26' title="bbox 2132 1064 3710 1136">
    <p class='ocr_par' dir='ltr' id='par_1_26' title="bbox 2132 1064 3710 1136">
     <span class='ocr_line' id='line_1_26' title="bbox 2132 1064 3710 1136; baseline -0.001 -16"><span class='ocrx_word' id='word_1_192' title='bbox 2132 1082 2243 1136; x_wconf 92' lang='lat' dir='ltr'><strong>quo</strong></span> <span class='ocrx_word' id='word_1_193' title='bbox 2281 1066 2563 1132; x_wconf 89' lang='lat' dir='ltr'><strong>obtulerit,</strong></span> <span class='ocrx_word' id='word_1_194' title='bbox 2591 1067 2855 1136; x_wconf 91' lang='lat' dir='ltr'><strong>scriptum</strong></span> <span class='ocrx_word' id='word_1_195' title='bbox 2892 1066 3005 1120; x_wconf 91' lang='lat' dir='ltr'><strong>sit:</strong></span> <span class='ocrx_word' id='word_1_196' title='bbox 3043 1084 3061 1116; x_wconf 78' lang='grc' dir='ltr'><strong>ι</strong></span> <span class='ocrx_word' id='word_1_197' title='bbox 3086 1064 3165 1119; x_wconf 86' lang='lat' dir='ltr'><strong>Tu</strong></span> <span class='ocrx_word' id='word_1_198' title='bbox 3211 1073 3266 1119; x_wconf 91' lang='lat' dir='ltr'><strong>et</strong></span> <span class='ocrx_word' id='word_1_199' title='bbox 3294 1064 3389 1118; x_wconf 89' lang='lat' dir='ltr'><strong>ﬁlii</strong></span> <span class='ocrx_word' id='word_1_200' title='bbox 3420 1064 3710 1123; x_wconf 82' lang='lat' dir='ltr'><strong>tui,tecum</strong></span> 
     </span>
    </p>
   </div>
   <div class='ocr_carea' id='block_1_27' title="bbox 2132 1156 3716 1228">
    <p class='ocr_par' dir='ltr' id='par_1_27' title="bbox 2132 1156 3716 1228">
     <span class='ocr_line' id='line_1_27' title="bbox 2132 1156 3716 1228; baseline -0.001 -17"><span class='ocrx_word' id='word_1_201' title='bbox 2132 1159 2362 1213; x_wconf 90' lang='lat' dir='ltr'><strong>sumetis</strong></span> <span class='ocrx_word' id='word_1_202' title='bbox 2392 1169 2614 1228; x_wconf 88' lang='lat' dir='ltr'><strong>peccata</strong></span> <span class='ocrx_word' id='word_1_203' title='bbox 2638 1166 2975 1212; x_wconf 89' lang='lat' dir='ltr'><strong>sanctorum.</strong></span> <span class='ocrx_word' id='word_1_204' title='bbox 3003 1175 3023 1209; x_wconf 75' lang='grc' dir='ltr'><strong>ι</strong></span> <span class='ocrx_word' id='word_1_205' title='bbox 3051 1157 3181 1212; x_wconf 81' lang='lat' dir='ltr'><strong>Mihi</strong></span> <span class='ocrx_word' id='word_1_206' title='bbox 3211 1168 3388 1211; x_wconf 82' lang='lat' dir='ltr'><strong>autem</strong></span> <span class='ocrx_word' id='word_1_207' title='bbox 3421 1172 3525 1211; x_wconf 86' lang='lat' dir='ltr'><strong>non</strong></span> <span class='ocrx_word' id='word_1_208' title='bbox 3557 1156 3716 1210; x_wconf 85' lang='lat' dir='ltr'><strong>vide-</strong></span> 
     </span>
    </p>
   </div>
   <div class='ocr_carea' id='block_1_28' title="bbox 2135 1250 3708 1318">
    <p class='ocr_par' dir='ltr' id='par_1_28' title="bbox 2135 1250 3708 1318">
     <span class='ocr_line' id='line_1_28' title="bbox 2135 1250 3708 1318; baseline -0.001 -17"><span class='ocrx_word' id='word_1_209' title='bbox 2135 1257 2221 1302; x_wconf 91' lang='lat' dir='ltr'><strong>tur</strong></span> <span class='ocrx_word' id='word_1_210' title='bbox 2244 1250 2479 1305; x_wconf 89' lang='lat' dir='ltr'><strong>otiosum</strong></span> <span class='ocrx_word' id='word_1_211' title='bbox 2510 1250 2653 1318; x_wconf 89' lang='lat' dir='ltr'><strong>quod</strong></span> <span class='ocrx_word' id='word_1_212' title='bbox 2684 1259 2997 1304; x_wconf 83' lang='lat' dir='ltr'><strong>sanctorum</strong></span> <span class='ocrx_word' id='word_1_213' title='bbox 3031 1258 3255 1318; x_wconf 87' lang='lat' dir='ltr'><strong>peccata</strong></span> <span class='ocrx_word' id='word_1_214' title='bbox 3294 1254 3708 1303; x_wconf 85' lang='lat' dir='ltr'><strong>commemorat.</strong></span> 
     </span>
    </p>
   </div>
   <div class='ocr_carea' id='block_1_29' title="bbox 2132 1339 3714 1411">
    <p class='ocr_par' dir='ltr' id='par_1_29' title="bbox 2132 1339 3714 1411">
     <span class='ocr_line' id='line_1_29' title="bbox 2132 1339 3714 1411; baseline -0.001 -17"><span class='ocrx_word' id='word_1_215' title='bbox 2132 1339 2191 1395; x_wconf 88' lang='lat' dir='ltr'><strong>In</strong></span> <span class='ocrx_word' id='word_1_216' title='bbox 2221 1341 2407 1396; x_wconf 86' lang='lat' dir='ltr'><strong>multis</strong></span> <span class='ocrx_word' id='word_1_217' title='bbox 2439 1342 2640 1397; x_wconf 90' lang='lat' dir='ltr'><strong>etenim</strong></span> <span class='ocrx_word' id='word_1_218' title='bbox 2679 1340 2981 1411; x_wconf 85' lang='lat' dir='ltr'><strong>Scripturae</strong></span> <span class='ocrx_word' id='word_1_219' title='bbox 3014 1340 3150 1396; x_wconf 91' lang='lat' dir='ltr'><strong>locis</strong></span> <span class='ocrx_word' id='word_1_220' title='bbox 3182 1355 3364 1396; x_wconf 88' lang='lat' dir='ltr'><strong>sermo</strong></span> <span class='ocrx_word' id='word_1_221' title='bbox 3410 1340 3515 1395; x_wconf 90' lang='lat' dir='ltr'><strong>iste</strong></span> <span class='ocrx_word' id='word_1_222' title='bbox 3552 1353 3714 1408; x_wconf 83' lang='lat' dir='ltr'><strong>repe-</strong></span> 
     </span>
    </p>
   </div>
   <div class='ocr_carea' id='block_1_30' title="bbox 2136 1432 3712 1504">
    <p class='ocr_par' dir='ltr' id='par_1_30' title="bbox 2136 1432 3712 1504">
     <span class='ocr_line' id='line_1_30' title="bbox 2136 1432 3712 1504; baseline -0.001 -16"><span class='ocrx_word' id='word_1_223' title='bbox 2136 1434 2288 1488; x_wconf 88' lang='lat' dir='ltr'><strong>titur.</strong></span> <span class='ocrx_word' id='word_1_224' title='bbox 2321 1432 2474 1490; x_wconf 88' lang='lat' dir='ltr'><strong>Unde</strong></span> <span class='ocrx_word' id='word_1_225' title='bbox 2520 1434 2911 1504; x_wconf 90' lang='lat' dir='ltr'><strong>requirendum</strong></span> <span class='ocrx_word' id='word_1_226' title='bbox 2954 1443 3061 1500; x_wconf 88' lang='lat' dir='ltr'><strong>est,</strong></span> <span class='ocrx_word' id='word_1_227' title='bbox 3099 1434 3372 1504; x_wconf 91' lang='lat' dir='ltr'><strong>quomodo</strong></span> <span class='ocrx_word' id='word_1_228' title='bbox 3435 1442 3493 1488; x_wconf 90' lang='lat' dir='ltr'><strong>et</strong></span> <span class='ocrx_word' id='word_1_229' title='bbox 3533 1432 3712 1488; x_wconf 88' lang='lat' dir='ltr'><strong>sancti</strong></span> 
     </span>
    </p>
   </div>
   <div class='ocr_carea' id='block_1_31' title="bbox 2132 1523 3710 1595">
    <p class='ocr_par' dir='ltr' id='par_1_31' title="bbox 2132 1523 3710 1595">
     <span class='ocr_line' id='line_1_31' title="bbox 2132 1523 3710 1595; baseline 0.001 -17"><span class='ocrx_word' id='word_1_230' title='bbox 2132 1524 2386 1580; x_wconf 87' lang='lat' dir='ltr'><strong>dicantur</strong></span> <span class='ocrx_word' id='word_1_231' title='bbox 2431 1524 2618 1594; x_wconf 90' lang='lat' dir='ltr'><strong>aliqui,</strong></span> <span class='ocrx_word' id='word_1_232' title='bbox 2654 1534 2710 1579; x_wconf 90' lang='lat' dir='ltr'><strong>et</strong></span> <span class='ocrx_word' id='word_1_233' title='bbox 2760 1524 2827 1580; x_wconf 91' lang='lat' dir='ltr'><strong>de</strong></span> <span class='ocrx_word' id='word_1_234' title='bbox 2883 1525 3127 1595; x_wconf 90' lang='lat' dir='ltr'><strong>peccatis</strong></span> <span class='ocrx_word' id='word_1_235' title='bbox 3166 1539 3355 1579; x_wconf 90' lang='lat' dir='ltr'><strong>eorum</strong></span> <span class='ocrx_word' id='word_1_236' title='bbox 3416 1523 3710 1580; x_wconf 87' lang='lat' dir='ltr'><strong>scribatur.</strong></span> 
     </span>
    </p>
   </div>
   <div class='ocr_carea' id='block_1_32' title="bbox 2134 1616 3717 1687">
    <p class='ocr_par' dir='ltr' id='par_1_32' title="bbox 2134 1616 3717 1687">
     <span class='ocr_line' id='line_1_32' title="bbox 2134 1616 3717 1687; baseline 0.001 -16"><span class='ocrx_word' id='word_1_237' title='bbox 2134 1616 2253 1672; x_wconf 86' lang='lat' dir='ltr'><strong>Non</strong></span> <span class='ocrx_word' id='word_1_238' title='bbox 2282 1618 2453 1682; x_wconf 90' lang='lat' dir='ltr'><strong>enim,</strong></span> <span class='ocrx_word' id='word_1_239' title='bbox 2489 1626 2550 1671; x_wconf 93' lang='lat' dir='ltr'><strong>ut</strong></span> <span class='ocrx_word' id='word_1_240' title='bbox 2583 1626 2773 1686; x_wconf 86' lang='lat' dir='ltr'><strong>putant</strong></span> <span class='ocrx_word' id='word_1_241' title='bbox 2818 1618 3067 1687; x_wconf 86' lang='lat' dir='ltr'><strong>quidam,</strong></span> <span class='ocrx_word' id='word_1_242' title='bbox 3118 1617 3302 1673; x_wconf 87' lang='lat' dir='ltr'><strong>statim</strong></span> <span class='ocrx_word' id='word_1_243' title='bbox 3344 1625 3403 1671; x_wconf 89' lang='lat' dir='ltr'><strong>ut</strong></span> <span class='ocrx_word' id='word_1_244' title='bbox 3434 1619 3555 1687; x_wconf 89' lang='lat' dir='ltr'><strong>quis</strong></span> <span class='ocrx_word' id='word_1_245' title='bbox 3585 1632 3717 1672; x_wconf 86' lang='lat' dir='ltr'><strong>san-</strong></span> 
     </span>
    </p>
   </div>
   <div class='ocr_carea' id='block_1_33' title="bbox 441 1687 3718 1783">
    <p class='ocr_par' dir='ltr' id='par_1_33' title="bbox 441 1687 3718 1783">
     <span class='ocr_line' id='line_1_33' title="bbox 441 1687 3718 1783; baseline -0.001 -20"><span class='ocrx_word' id='word_1_246' title='bbox 441 1709 539 1763; x_wconf 87' lang='lat' dir='ltr'><strong>sed</strong></span> <span class='ocrx_word' id='word_1_247' title='bbox 568 1709 767 1764; x_wconf 84' lang='lat' dir='ltr'><strong>animae</strong></span> <span class='ocrx_word' id='word_1_248' title='bbox 796 1709 1137 1779; x_wconf 83' lang='lat' dir='ltr'><strong>profectuum</strong></span> <span class='ocrx_word' id='word_1_249' title='bbox 1179 1687 1524 1768; x_wconf 81' lang='lat' dir='ltr'><strong>ditferentias</strong></span> <span class='ocrx_word' id='word_1_250' title='bbox 1552 1687 1742 1783; x_wconf 70' lang='lat' dir='ltr'><strong>ponit,</strong></span> <span class='ocrx_word' id='word_1_251' title='bbox 1775 1724 1834 1769; x_wconf 94' lang='lat' dir='ltr'><strong>ut</strong></span> <span class='ocrx_word' id='word_1_252' title='bbox 1861 1713 2026 1771; x_wconf 89' lang='lat' dir='ltr'><strong>etiam</strong></span> <span class='ocrx_word' id='word_1_253' title='bbox 2060 1687 2103 1741; x_wconf 77' lang='grc' dir='ltr'><strong>Β</strong></span> <span class='ocrx_word' id='word_1_254' title='bbox 2132 1720 2252 1764; x_wconf 74' lang='lat' dir='ltr'><strong>ctus</strong></span> <span class='ocrx_word' id='word_1_255' title='bbox 2284 1723 2409 1765; x_wconf 85' lang='lat' dir='ltr'><strong>esse</strong></span> <span class='ocrx_word' id='word_1_256' title='bbox 2450 1710 2706 1778; x_wconf 81' lang='lat' dir='ltr'><strong>coeperit.</strong></span> <span class='ocrx_word' id='word_1_257' title='bbox 2735 1723 2966 1779; x_wconf 83' lang='lat' dir='ltr'><strong>peccare</strong></span> <span class='ocrx_word' id='word_1_258' title='bbox 2990 1709 3104 1778; x_wconf 86' lang='lat' dir='ltr'><strong>jam</strong></span> <span class='ocrx_word' id='word_1_259' title='bbox 3133 1723 3240 1763; x_wconf 91' lang='lat' dir='ltr'><strong>non</strong></span> <span class='ocrx_word' id='word_1_260' title='bbox 3271 1717 3469 1778; x_wconf 88' lang='lat' dir='ltr'><strong>potest,</strong></span> <span class='ocrx_word' id='word_1_261' title='bbox 3500 1716 3557 1762; x_wconf 90' lang='lat' dir='ltr'><strong>et</strong></span> <span class='ocrx_word' id='word_1_262' title='bbox 3584 1722 3718 1762; x_wconf 88' lang='lat' dir='ltr'><strong>con-</strong></span> 
     </span>
    </p>
   </div>
   <div class='ocr_carea' id='block_1_34' title="bbox 545 1802 2027 1872">
    <p class='ocr_par' dir='ltr' id='par_1_34' title="bbox 545 1802 2027 1872">
     <span class='ocr_line' id='line_1_34' title="bbox 545 1802 2027 1872; baseline 0.007 -18"><span class='ocrx_word' id='word_1_263' title='bbox 545 1802 650 1856; x_wconf 89' lang='lat' dir='ltr'><strong>hoc</strong></span> <span class='ocrx_word' id='word_1_264' title='bbox 700 1803 1062 1857; x_wconf 81' lang='lat' dir='ltr'><strong>sacerdotalis</strong></span> <span class='ocrx_word' id='word_1_265' title='bbox 1100 1804 1268 1870; x_wconf 76' lang='lat' dir='ltr'><strong>virga:</strong></span> <span class='ocrx_word' id='word_1_266' title='bbox 1325 1807 1576 1872; x_wconf 77' lang='lat' dir='ltr'><strong>germine</strong></span> <span class='ocrx_word' id='word_1_267' title='bbox 1612 1806 2027 1864; x_wconf 82' lang='lat' dir='ltr'><strong>observavimus</strong></span> 
     </span>
    </p>
   </div>
   <div class='ocr_carea' id='block_1_35' title="bbox 442 1890 2026 1967">
    <p class='ocr_par' dir='ltr' id='par_1_35' title="bbox 442 1890 2026 1967">
     <span class='ocr_line' id='line_1_35' title="bbox 442 1890 2026 1967; baseline 0.005 -21"><span class='ocrx_word' id='word_1_268' title='bbox 442 1890 736 1963; x_wconf 81' lang='lat' dir='ltr'><strong>designari.</strong></span> <span class='ocrx_word' id='word_1_269' title='bbox 794 1891 1078 1949; x_wconf 84' lang='lat' dir='ltr'><strong>Habentur</strong></span> <span class='ocrx_word' id='word_1_270' title='bbox 1135 1910 1266 1966; x_wconf 81' lang='lat' dir='ltr'><strong>ergo</strong></span> <span class='ocrx_word' id='word_1_271' title='bbox 1319 1896 1435 1952; x_wconf 67' lang='lat' dir='ltr'><strong>haec</strong></span> <span class='ocrx_word' id='word_1_272' title='bbox 1473 1897 1632 1967; x_wconf 82' lang='lat'><strong>301</strong></span> <span class='ocrx_word' id='word_1_273' title='bbox 1692 1900 1876 1953; x_wconf 90' lang='lat' dir='ltr'><strong>omnia</strong></span> <span class='ocrx_word' id='word_1_274' title='bbox 1922 1915 2026 1954; x_wconf 94' lang='lat' dir='ltr'><strong>non</strong></span> 
     </span>
    </p>
   </div>
   <div class='ocr_carea' id='block_1_36' title="bbox 443 1986 2030 2061">
    <p class='ocr_par' dir='ltr' id='par_1_36' title="bbox 443 1986 2030 2061">
     <span class='ocr_line' id='line_1_36' title="bbox 443 1986 2030 2061; baseline 0.006 -23"><span class='ocrx_word' id='word_1_275' title='bbox 443 1993 554 2039; x_wconf 91' lang='lat' dir='ltr'><strong>tam</strong></span> <span class='ocrx_word' id='word_1_276' title='bbox 603 1986 659 2040; x_wconf 93' lang='lat' dir='ltr'><strong>in</strong></span> <span class='ocrx_word' id='word_1_277' title='bbox 712 1988 868 2058; x_wconf 88' lang='lat' dir='ltr'><strong>virga</strong></span> <span class='ocrx_word' id='word_1_278' title='bbox 896 1989 1104 2053; x_wconf 85' lang='lat' dir='ltr'><strong>Aaron,</strong></span> <span class='ocrx_word' id='word_1_279' title='bbox 1139 2003 1300 2057; x_wconf 90' lang='lat' dir='ltr'><strong>quam</strong></span> <span class='ocrx_word' id='word_1_280' title='bbox 1333 1989 1386 2043; x_wconf 92' lang='lat' dir='ltr'><strong>in</strong></span> <span class='ocrx_word' id='word_1_281' title='bbox 1418 2004 1483 2044; x_wconf 89' lang='lat' dir='ltr'><strong>ea</strong></span> <span class='ocrx_word' id='word_1_282' title='bbox 1521 1991 1670 2059; x_wconf 89' lang='lat' dir='ltr'><strong>virga</strong></span> <span class='ocrx_word' id='word_1_283' title='bbox 1730 2007 1851 2061; x_wconf 65' lang='lat' dir='ltr'><strong>quae</strong></span> <span class='ocrx_word' id='word_1_284' title='bbox 1896 1994 2030 2048; x_wconf 83' lang='lat' dir='ltr'><strong>exiit</strong></span> 
     </span>
    </p>
   </div>
   <div class='ocr_carea' id='block_1_37' title="bbox 442 2077 2026 2153">
    <p class='ocr_par' dir='ltr' id='par_1_37' title="bbox 442 2077 2026 2153">
     <span class='ocr_line' id='line_1_37' title="bbox 442 2077 2026 2153; baseline 0.005 -20"><span class='ocrx_word' id='word_1_285' title='bbox 442 2077 511 2133; x_wconf 90' lang='lat' dir='ltr'><strong>de</strong></span> <span class='ocrx_word' id='word_1_286' title='bbox 560 2080 744 2135; x_wconf 84' lang='lat' dir='ltr'><strong>radice</strong></span> <span class='ocrx_word' id='word_1_287' title='bbox 773 2078 1056 2136; x_wconf 83' lang='lat' dir='ltr'><strong>Jesse:et</strong></span> <span class='ocrx_word' id='word_1_288' title='bbox 1104 2079 1203 2135; x_wconf 89' lang='lat' dir='ltr'><strong>llos</strong></span> <span class='ocrx_word' id='word_1_289' title='bbox 1234 2080 1304 2135; x_wconf 90' lang='lat' dir='ltr'><strong>de</strong></span> <span class='ocrx_word' id='word_1_290' title='bbox 1351 2081 1538 2136; x_wconf 88' lang='lat' dir='ltr'><strong>radice</strong></span> <span class='ocrx_word' id='word_1_291' title='bbox 1588 2080 1706 2149; x_wconf 85' lang='lat' dir='ltr'><strong>ejus</strong></span> <span class='ocrx_word' id='word_1_292' title='bbox 1759 2087 2026 2153; x_wconf 88' lang='lat' dir='ltr'><strong>ascendit,</strong></span> 
     </span>
    </p>
   </div>
   <div class='ocr_carea' id='block_1_38' title="bbox 441 2173 2029 2246">
    <p class='ocr_par' dir='ltr' id='par_1_38' title="bbox 441 2173 2029 2246">
     <span class='ocr_line' id='line_1_38' title="bbox 441 2173 2029 2246; baseline 0.005 -20"><span class='ocrx_word' id='word_1_293' title='bbox 441 2187 607 2242; x_wconf 88' lang='lat' dir='ltr'><strong>super</strong></span> <span class='ocrx_word' id='word_1_294' title='bbox 654 2188 818 2243; x_wconf 87' lang='lat' dir='ltr'><strong>quem</strong></span> <span class='ocrx_word' id='word_1_295' title='bbox 882 2174 1151 2243; x_wconf 85' lang='lat' dir='ltr'><strong>requievit</strong></span> <span class='ocrx_word' id='word_1_296' title='bbox 1184 2175 1409 2244; x_wconf 91' lang='lat' dir='ltr'><strong>spiritus</strong></span> <span class='ocrx_word' id='word_1_297' title='bbox 1454 2173 1636 2232; x_wconf 77' lang='lat' dir='ltr'><strong>Dei&quot;.</strong></span> <span class='ocrx_word' id='word_1_298' title='bbox 1689 2175 1748 2229; x_wconf 91' lang='lat' dir='ltr'><strong>ln</strong></span> <span class='ocrx_word' id='word_1_299' title='bbox 1783 2192 1894 2246; x_wconf 91' lang='lat' dir='ltr'><strong>quo</strong></span> <span class='ocrx_word' id='word_1_300' title='bbox 1930 2194 2029 2235; x_wconf 85' lang='lat' dir='ltr'><strong>nec</strong></span> 
     </span>
    </p>
   </div>
   <div class='ocr_carea' id='block_1_39' title="bbox 441 2261 2032 2337">
    <p class='ocr_par' dir='ltr' id='par_1_39' title="bbox 441 2261 2032 2337">
     <span class='ocr_line' id='line_1_39' title="bbox 441 2261 2032 2337; baseline 0.008 -22"><span class='ocrx_word' id='word_1_301' title='bbox 441 2261 549 2317; x_wconf 90' lang='lat' dir='ltr'><strong>hoc</strong></span> <span class='ocrx_word' id='word_1_302' title='bbox 615 2263 789 2332; x_wconf 89' lang='lat' dir='ltr'><strong>ipsum</strong></span> <span class='ocrx_word' id='word_1_303' title='bbox 841 2265 1058 2320; x_wconf 87' lang='lat' dir='ltr'><strong>videtur</strong></span> <span class='ocrx_word' id='word_1_304' title='bbox 1124 2266 1366 2321; x_wconf 89' lang='lat' dir='ltr'><strong>otiosum</strong></span> <span class='ocrx_word' id='word_1_305' title='bbox 1421 2269 1567 2337; x_wconf 91' lang='lat' dir='ltr'><strong>quod</strong></span> <span class='ocrx_word' id='word_1_306' title='bbox 1624 2270 1778 2324; x_wconf 86' lang='lat' dir='ltr'><strong>exire</strong></span> <span class='ocrx_word' id='word_1_307' title='bbox 1831 2270 2032 2327; x_wconf 90' lang='lat' dir='ltr'><strong>dicitur</strong></span> 
     </span>
    </p>
   </div>
   <div class='ocr_carea' id='block_1_40' title="bbox 437 2354 2030 2424">
    <p class='ocr_par' dir='ltr' id='par_1_40' title="bbox 437 2354 2030 2424">
     <span class='ocr_line' id='line_1_40' title="bbox 437 2354 2030 2424; baseline 0.008 -17"><span class='ocrx_word' id='word_1_308' title='bbox 437 2354 611 2423; x_wconf 85' lang='lat' dir='ltr'><strong>virga,</strong></span> <span class='ocrx_word' id='word_1_309' title='bbox 664 2364 720 2409; x_wconf 90' lang='lat' dir='ltr'><strong>et</strong></span> <span class='ocrx_word' id='word_1_310' title='bbox 758 2355 859 2411; x_wconf 86' lang='lat' dir='ltr'><strong>llos</strong></span> <span class='ocrx_word' id='word_1_311' title='bbox 907 2356 1224 2413; x_wconf 85' lang='lat' dir='ltr'><strong>ascendere.</strong></span> <span class='ocrx_word' id='word_1_312' title='bbox 1281 2357 1540 2424; x_wconf 86' lang='lat' dir='ltr'><strong>Quamvis</strong></span> <span class='ocrx_word' id='word_1_313' title='bbox 1592 2361 1736 2415; x_wconf 90' lang='lat' dir='ltr'><strong>enim</strong></span> <span class='ocrx_word' id='word_1_314' title='bbox 1781 2379 1919 2418; x_wconf 89' lang='lat' dir='ltr'><strong>unus</strong></span> <span class='ocrx_word' id='word_1_315' title='bbox 1958 2365 2030 2419; x_wconf 85' lang='lat' dir='ltr'><strong>sit</strong></span> 
     </span>
    </p>
   </div>
   <div class='ocr_carea' id='block_1_41' title="bbox 438 2445 2027 2522">
    <p class='ocr_par' dir='ltr' id='par_1_41' title="bbox 438 2445 2027 2522">
     <span class='ocr_line' id='line_1_41' title="bbox 438 2445 2027 2522; baseline 0.006 -22"><span class='ocrx_word' id='word_1_316' title='bbox 438 2445 692 2502; x_wconf 81' lang='lat' dir='ltr'><strong>Christus</strong></span> <span class='ocrx_word' id='word_1_317' title='bbox 764 2462 862 2517; x_wconf 89' lang='lat' dir='ltr'><strong>per</strong></span> <span class='ocrx_word' id='word_1_318' title='bbox 934 2448 1302 2504; x_wconf 90' lang='lat' dir='ltr'><strong>substantiam</strong></span> <span class='ocrx_word' id='word_1_319' title='bbox 1359 2451 1461 2521; x_wconf 84' lang='lat'><strong>(5),</strong></span> <span class='ocrx_word' id='word_1_320' title='bbox 1532 2452 1769 2522; x_wconf 82' lang='lat' dir='ltr'><strong>singulis</strong></span> <span class='ocrx_word' id='word_1_321' title='bbox 1845 2464 2027 2510; x_wconf 89' lang='lat' dir='ltr'><strong>tamen</strong></span> 
     </span>
    </p>
   </div>
   <div class='ocr_carea' id='block_1_42' title="bbox 440 2540 2024 2618">
    <p class='ocr_par' dir='ltr' id='par_1_42' title="bbox 440 2540 2024 2618">
     <span class='ocr_line' id='line_1_42' title="bbox 440 2540 2024 2618; baseline 0.008 -24"><span class='ocrx_word' id='word_1_322' title='bbox 440 2540 691 2595; x_wconf 79' lang='lat' dir='ltr'><strong>diversus</strong></span> <span class='ocrx_word' id='word_1_323' title='bbox 720 2540 975 2608; x_wconf 88' lang='lat' dir='ltr'><strong>elIicitur,</strong></span> <span class='ocrx_word' id='word_1_324' title='bbox 1008 2554 1169 2614; x_wconf 88' lang='lat' dir='ltr'><strong>prout</strong></span> <span class='ocrx_word' id='word_1_325' title='bbox 1207 2544 1415 2615; x_wconf 80' lang='lat' dir='ltr'><strong>indiget</strong></span> <span class='ocrx_word' id='word_1_326' title='bbox 1440 2544 1484 2600; x_wconf 91' lang='lat' dir='ltr'><strong>is</strong></span> <span class='ocrx_word' id='word_1_327' title='bbox 1517 2546 1571 2600; x_wconf 94' lang='lat' dir='ltr'><strong>in</strong></span> <span class='ocrx_word' id='word_1_328' title='bbox 1604 2562 1711 2616; x_wconf 92' lang='lat' dir='ltr'><strong>quo</strong></span> <span class='ocrx_word' id='word_1_329' title='bbox 1741 2559 2024 2618; x_wconf 84' lang='lat' dir='ltr'><strong>Operatur.</strong></span> 
     </span>
    </p>
   </div>
   <div class='ocr_carea' id='block_1_43' title="bbox 440 2633 2028 2711">
    <p class='ocr_par' dir='ltr' id='par_1_43' title="bbox 440 2633 2028 2711">
     <span class='ocr_line' id='line_1_43' title="bbox 440 2633 2028 2711; baseline 0.009 -27"><span class='ocrx_word' id='word_1_330' title='bbox 440 2633 543 2697; x_wconf 89' lang='lat' dir='ltr'><strong>Qui</strong></span> <span class='ocrx_word' id='word_1_331' title='bbox 591 2648 720 2703; x_wconf 83' lang='lat' dir='ltr'><strong>ergo</strong></span> <span class='ocrx_word' id='word_1_332' title='bbox 750 2636 972 2706; x_wconf 79' lang='lat' dir='ltr'><strong>segnior</strong></span> <span class='ocrx_word' id='word_1_333' title='bbox 1000 2647 1085 2691; x_wconf 91' lang='lat' dir='ltr'><strong>est</strong></span> <span class='ocrx_word' id='word_1_334' title='bbox 1113 2646 1167 2691; x_wconf 92' lang='lat' dir='ltr'><strong>et</strong></span> <span class='ocrx_word' id='word_1_335' title='bbox 1199 2637 1579 2707; x_wconf 77' lang='lat' dir='ltr'><strong>negligentior,</strong></span> <span class='ocrx_word' id='word_1_336' title='bbox 1612 2654 1712 2709; x_wconf 92' lang='lat' dir='ltr'><strong>pro</strong></span> <span class='ocrx_word' id='word_1_337' title='bbox 1747 2641 2028 2711; x_wconf 82' lang='lat' dir='ltr'><strong>disciplina</strong></span> 
     </span>
    </p>
   </div>
   <div class='ocr_carea' id='block_1_44' title="bbox 440 2724 2028 2799">
    <p class='ocr_par' dir='ltr' id='par_1_44' title="bbox 440 2724 2028 2799">
     <span class='ocr_line' id='line_1_44' title="bbox 440 2724 2028 2799; baseline 0.008 -22"><span class='ocrx_word' id='word_1_338' title='bbox 440 2724 502 2777; x_wconf 82' lang='lat' dir='ltr'><strong>lit</strong></span> <span class='ocrx_word' id='word_1_339' title='bbox 535 2724 584 2779; x_wconf 87' lang='lat' dir='ltr'><strong>ei</strong></span> <span class='ocrx_word' id='word_1_340' title='bbox 617 2725 865 2782; x_wconf 87' lang='lat' dir='ltr'><strong>Christus</strong></span> <span class='ocrx_word' id='word_1_341' title='bbox 905 2728 1074 2799; x_wconf 75' lang='lat' dir='ltr'><strong>virga,</strong></span> <span class='ocrx_word' id='word_1_342' title='bbox 1107 2739 1162 2783; x_wconf 91' lang='lat' dir='ltr'><strong>et</strong></span> <span class='ocrx_word' id='word_1_343' title='bbox 1194 2730 1247 2783; x_wconf 92' lang='lat' dir='ltr'><strong>in</strong></span> <span class='ocrx_word' id='word_1_344' title='bbox 1278 2730 1429 2797; x_wconf 78' lang='lat' dir='ltr'><strong>virga</strong></span> <span class='ocrx_word' id='word_1_345' title='bbox 1472 2745 1581 2785; x_wconf 90' lang='lat' dir='ltr'><strong>non</strong></span> <span class='ocrx_word' id='word_1_346' title='bbox 1608 2733 1914 2788; x_wconf 83' lang='lat' dir='ltr'><strong>ascendere</strong></span> <span class='ocrx_word' id='word_1_347' title='bbox 1946 2735 2028 2789; x_wconf 88' lang='lat' dir='ltr'><strong>di—</strong></span> 
     </span>
    </p>
   </div>
   <div class='ocr_carea' id='block_1_45' title="bbox 440 2818 2029 2895">
    <p class='ocr_par' dir='ltr' id='par_1_45' title="bbox 440 2818 2029 2895">
     <span class='ocr_line' id='line_1_45' title="bbox 440 2818 2029 2895; baseline 0.006 -23"><span class='ocrx_word' id='word_1_348' title='bbox 440 2818 607 2884; x_wconf 90' lang='lat' dir='ltr'><strong>citur,</strong></span> <span class='ocrx_word' id='word_1_349' title='bbox 642 2820 735 2874; x_wconf 90' lang='lat' dir='ltr'><strong>sed</strong></span> <span class='ocrx_word' id='word_1_350' title='bbox 758 2821 932 2874; x_wconf 82' lang='lat' dir='ltr'><strong>exire.</strong></span> <span class='ocrx_word' id='word_1_351' title='bbox 952 2820 1273 2876; x_wconf 87' lang='lat' dir='ltr'><strong>Excundum</strong></span> <span class='ocrx_word' id='word_1_352' title='bbox 1311 2839 1546 2893; x_wconf 88' lang='lat' dir='ltr'><strong>namque</strong></span> <span class='ocrx_word' id='word_1_353' title='bbox 1570 2835 1654 2879; x_wconf 91' lang='lat' dir='ltr'><strong>est</strong></span> <span class='ocrx_word' id='word_1_354' title='bbox 1685 2826 1734 2879; x_wconf 92' lang='lat' dir='ltr'><strong>ei</strong></span> <span class='ocrx_word' id='word_1_355' title='bbox 1767 2827 1858 2895; x_wconf 91' lang='lat' dir='ltr'><strong>qui</strong></span> <span class='ocrx_word' id='word_1_356' title='bbox 1882 2827 2029 2884; x_wconf 86' lang='lat' dir='ltr'><strong>iners</strong></span> 
     </span>
    </p>
   </div>
   <div class='ocr_carea' id='block_1_46' title="bbox 440 2898 2027 2986">
    <p class='ocr_par' dir='ltr' id='par_1_46' title="bbox 440 2898 2027 2986">
     <span class='ocr_line' id='line_1_46' title="bbox 440 2898 2027 2986; baseline 0.006 -20"><span class='ocrx_word' id='word_1_357' title='bbox 440 2921 498 2967; x_wconf 87' lang='lat' dir='ltr'><strong>et</strong></span> <span class='ocrx_word' id='word_1_358' title='bbox 532 2913 715 2983; x_wconf 81' lang='lat' dir='ltr'><strong>segnis</strong></span> <span class='ocrx_word' id='word_1_359' title='bbox 743 2922 828 2968; x_wconf 90' lang='lat' dir='ltr'><strong>est</strong></span> <span class='ocrx_word' id='word_1_360' title='bbox 856 2914 924 2967; x_wconf 92' lang='lat' dir='ltr'><strong>de</strong></span> <span class='ocrx_word' id='word_1_361' title='bbox 951 2929 1016 2968; x_wconf 89' lang='lat' dir='ltr'><strong>eo</strong></span> <span class='ocrx_word' id='word_1_362' title='bbox 1042 2923 1182 2969; x_wconf 90' lang='lat' dir='ltr'><strong>statu</strong></span> <span class='ocrx_word' id='word_1_363' title='bbox 1220 2915 1275 2969; x_wconf 92' lang='lat' dir='ltr'><strong>in</strong></span> <span class='ocrx_word' id='word_1_364' title='bbox 1306 2930 1414 2985; x_wconf 90' lang='lat' dir='ltr'><strong>quo</strong></span> <span class='ocrx_word' id='word_1_365' title='bbox 1438 2931 1545 2970; x_wconf 92' lang='lat' dir='ltr'><strong>non</strong></span> <span class='ocrx_word' id='word_1_366' title='bbox 1579 2927 1724 2972; x_wconf 90' lang='lat' dir='ltr'><strong>recte</strong></span> <span class='ocrx_word' id='word_1_367' title='bbox 1750 2898 2027 2986; x_wconf 88' lang='lat' dir='ltr'><strong>consistit,</strong></span> 
     </span>
    </p>
   </div>
   <div class='ocr_carea' id='block_1_47' title="bbox 2136 1802 3714 1874">
    <p class='ocr_par' dir='ltr' id='par_1_47' title="bbox 2136 1802 3714 1874">
     <span class='ocr_line' id='line_1_47' title="bbox 2136 1802 3714 1874; baseline -0.001 -17"><span class='ocrx_word' id='word_1_368' title='bbox 2136 1804 2287 1858; x_wconf 91' lang='lat' dir='ltr'><strong>tinuo</strong></span> <span class='ocrx_word' id='word_1_369' title='bbox 2319 1804 2442 1858; x_wconf 90' lang='lat' dir='ltr'><strong>sine</strong></span> <span class='ocrx_word' id='word_1_370' title='bbox 2486 1813 2719 1874; x_wconf 85' lang='lat' dir='ltr'><strong>peccato</strong></span> <span class='ocrx_word' id='word_1_371' title='bbox 2749 1803 3027 1873; x_wconf 90' lang='lat' dir='ltr'><strong>putandus</strong></span> <span class='ocrx_word' id='word_1_372' title='bbox 3055 1812 3160 1857; x_wconf 88' lang='lat' dir='ltr'><strong>est.</strong></span> <span class='ocrx_word' id='word_1_373' title='bbox 3191 1802 3250 1858; x_wconf 91' lang='lat' dir='ltr'><strong>Si</strong></span> <span class='ocrx_word' id='word_1_374' title='bbox 3292 1803 3439 1859; x_wconf 91' lang='lat' dir='ltr'><strong>enim</strong></span> <span class='ocrx_word' id='word_1_375' title='bbox 3481 1811 3714 1857; x_wconf 71' lang='lat' dir='ltr'><strong>sanctus</strong></span> 
     </span>
    </p>
   </div>
   <div class='ocr_carea' id='block_1_48' title="bbox 2128 1893 3721 1965">
    <p class='ocr_par' dir='ltr' id='par_1_48' title="bbox 2128 1893 3721 1965">
     <span class='ocr_line' id='line_1_48' title="bbox 2128 1893 3721 1965; baseline 0.001 -17"><span class='ocrx_word' id='word_1_376' title='bbox 2128 1909 2242 1949; x_wconf 89' lang='lat' dir='ltr'><strong>non</strong></span> <span class='ocrx_word' id='word_1_377' title='bbox 2277 1905 2556 1965; x_wconf 87' lang='lat' dir='ltr'><strong>peccaret,</strong></span> <span class='ocrx_word' id='word_1_378' title='bbox 2590 1911 2697 1950; x_wconf 92' lang='lat' dir='ltr'><strong>non</strong></span> <span class='ocrx_word' id='word_1_379' title='bbox 2747 1895 2936 1963; x_wconf 90' lang='lat' dir='ltr'><strong>utique</strong></span> <span class='ocrx_word' id='word_1_380' title='bbox 2965 1895 3229 1964; x_wconf 87' lang='lat' dir='ltr'><strong>scriptum</strong></span> <span class='ocrx_word' id='word_1_381' title='bbox 3249 1903 3396 1950; x_wconf 86' lang='lat' dir='ltr'><strong>esset</strong></span> <span class='ocrx_word' id='word_1_382' title='bbox 3424 1911 3441 1949; x_wconf 90' lang='lat'><strong>:</strong></span> <span class='ocrx_word' id='word_1_383' title='bbox 3474 1893 3721 1949; x_wconf 71' lang='lat' dir='ltr'><strong>tSume-</strong></span> 
     </span>
    </p>
   </div>
   <div class='ocr_carea' id='block_1_49' title="bbox 2136 1986 3721 2057">
    <p class='ocr_par' dir='ltr' id='par_1_49' title="bbox 2136 1986 3721 2057">
     <span class='ocr_line' id='line_1_49' title="bbox 2136 1986 3721 2057; baseline 0 -15"><span class='ocrx_word' id='word_1_384' title='bbox 2136 1987 2208 2042; x_wconf 92' lang='lat' dir='ltr'><strong>tis</strong></span> <span class='ocrx_word' id='word_1_385' title='bbox 2255 1997 2482 2057; x_wconf 86' lang='lat' dir='ltr'><strong>peccata</strong></span> <span class='ocrx_word' id='word_1_386' title='bbox 2535 1997 2921 2042; x_wconf 67' lang='lat' dir='ltr'><strong>sanctorum.)</strong></span> <span class='ocrx_word' id='word_1_387' title='bbox 2957 1986 3017 2042; x_wconf 88' lang='lat' dir='ltr'><strong>Si</strong></span> <span class='ocrx_word' id='word_1_388' title='bbox 3053 1997 3275 2043; x_wconf 88' lang='lat' dir='ltr'><strong>sanctus</strong></span> <span class='ocrx_word' id='word_1_389' title='bbox 3322 1988 3441 2042; x_wconf 87' lang='lat' dir='ltr'><strong>sine</strong></span> <span class='ocrx_word' id='word_1_390' title='bbox 3484 1994 3721 2056; x_wconf 75' lang='lat' dir='ltr'><strong>peccato</strong></span> 
     </span>
    </p>
   </div>
   <div class='ocr_carea' id='block_1_50' title="bbox 2130 2080 3724 2150">
    <p class='ocr_par' dir='ltr' id='par_1_50' title="bbox 2130 2080 3724 2150">
     <span class='ocr_line' id='line_1_50' title="bbox 2130 2080 3724 2150; baseline 0 -16"><span class='ocrx_word' id='word_1_391' title='bbox 2130 2088 2303 2146; x_wconf 89' lang='lat' dir='ltr'><strong>esset,</strong></span> <span class='ocrx_word' id='word_1_392' title='bbox 2355 2096 2465 2136; x_wconf 91' lang='lat' dir='ltr'><strong>non</strong></span> <span class='ocrx_word' id='word_1_393' title='bbox 2508 2080 2715 2136; x_wconf 88' lang='lat' dir='ltr'><strong>diceret</strong></span> <span class='ocrx_word' id='word_1_394' title='bbox 2770 2080 3030 2135; x_wconf 88' lang='lat' dir='ltr'><strong>Dominus</strong></span> <span class='ocrx_word' id='word_1_395' title='bbox 3075 2095 3176 2150; x_wconf 89' lang='lat' dir='ltr'><strong>per</strong></span> <span class='ocrx_word' id='word_1_396' title='bbox 3213 2080 3552 2134; x_wconf 84' lang='lat' dir='ltr'><strong>Ezechielem</strong></span> <span class='ocrx_word' id='word_1_397' title='bbox 3588 2095 3724 2148; x_wconf 82' lang='lat' dir='ltr'><strong>pro-</strong></span> 
     </span>
    </p>
   </div>
   <div class='ocr_carea' id='block_1_51' title="bbox 2134 2172 3721 2244">
    <p class='ocr_par' dir='ltr' id='par_1_51' title="bbox 2134 2172 3721 2244">
     <span class='ocr_line' id='line_1_51' title="bbox 2134 2172 3721 2244; baseline -0.001 -18"><span class='ocrx_word' id='word_1_398' title='bbox 2134 2172 2352 2241; x_wconf 91' lang='lat' dir='ltr'><strong>phetam</strong></span> <span class='ocrx_word' id='word_1_399' title='bbox 2381 2174 2448 2229; x_wconf 89' lang='lat' dir='ltr'><strong>ad</strong></span> <span class='ocrx_word' id='word_1_400' title='bbox 2479 2175 2720 2244; x_wconf 78' lang='lat' dir='ltr'><strong>angelos,</strong></span> <span class='ocrx_word' id='word_1_401' title='bbox 2776 2189 2914 2244; x_wconf 90' lang='lat' dir='ltr'><strong>quos</strong></span> <span class='ocrx_word' id='word_1_402' title='bbox 2968 2173 3223 2229; x_wconf 89' lang='lat' dir='ltr'><strong>mittebat</strong></span> <span class='ocrx_word' id='word_1_403' title='bbox 3264 2181 3581 2242; x_wconf 88' lang='lat' dir='ltr'><strong>peccatores</strong></span> <span class='ocrx_word' id='word_1_404' title='bbox 3607 2188 3721 2243; x_wconf 84' lang='lat' dir='ltr'><strong>pu-</strong></span> 
     </span>
    </p>
   </div>
   <div class='ocr_carea' id='block_1_52' title="bbox 2132 2264 3717 2335">
    <p class='ocr_par' dir='ltr' id='par_1_52' title="bbox 2132 2264 3717 2335">
     <span class='ocr_line' id='line_1_52' title="bbox 2132 2264 3717 2335; baseline -0.001 -16"><span class='ocrx_word' id='word_1_405' title='bbox 2132 2264 2252 2321; x_wconf 91' lang='lat' dir='ltr'><strong>nire</strong></span> <span class='ocrx_word' id='word_1_406' title='bbox 2274 2265 2437 2332; x_wconf 42' lang='grc' dir='ltr'><strong>⁵²ου³ιτ</strong></span> <span class='ocrx_word' id='word_1_407' title='bbox 2474 2284 2494 2318; x_wconf 82' lang='grc' dir='ltr'><strong>ι</strong></span> <span class='ocrx_word' id='word_1_408' title='bbox 2528 2266 2596 2320; x_wconf 82' lang='grc' dir='ltr'>Ει</span> <span class='ocrx_word' id='word_1_409' title='bbox 2630 2282 2659 2320; x_wconf 87' lang='lat' dir='ltr'><strong>a</strong></span> <span class='ocrx_word' id='word_1_410' title='bbox 2690 2267 2897 2322; x_wconf 89' lang='lat' dir='ltr'><strong>sanctis</strong></span> <span class='ocrx_word' id='word_1_411' title='bbox 2926 2267 3061 2321; x_wconf 89' lang='lat' dir='ltr'><strong>meis</strong></span> <span class='ocrx_word' id='word_1_412' title='bbox 3093 2264 3433 2335; x_wconf 58' lang='lat' dir='ltr'><strong>incipietis.»</strong></span> <span class='ocrx_word' id='word_1_413' title='bbox 3456 2264 3513 2319; x_wconf 85' lang='lat' dir='ltr'><strong>Si</strong></span> <span class='ocrx_word' id='word_1_414' title='bbox 3560 2264 3717 2319; x_wconf 87' lang='lat' dir='ltr'><strong>enim</strong></span> 
     </span>
    </p>
   </div>
   <div class='ocr_carea' id='block_1_53' title="bbox 2130 2356 3720 2429">
    <p class='ocr_par' dir='ltr' id='par_1_53' title="bbox 2130 2356 3720 2429">
     <span class='ocr_line' id='line_1_53' title="bbox 2130 2356 3720 2429; baseline -0.001 -16"><span class='ocrx_word' id='word_1_415' title='bbox 2130 2359 2306 2413; x_wconf 87' lang='lat' dir='ltr'><strong>sancti</strong></span> <span class='ocrx_word' id='word_1_416' title='bbox 2335 2359 2455 2415; x_wconf 90' lang='lat' dir='ltr'><strong>sine</strong></span> <span class='ocrx_word' id='word_1_417' title='bbox 2493 2369 2720 2429; x_wconf 90' lang='lat' dir='ltr'><strong>peccato</strong></span> <span class='ocrx_word' id='word_1_418' title='bbox 2751 2368 2903 2425; x_wconf 90' lang='lat' dir='ltr'><strong>sunt,</strong></span> <span class='ocrx_word' id='word_1_419' title='bbox 2933 2358 3209 2429; x_wconf 88' lang='lat' dir='ltr'><strong>quomodo</strong></span> <span class='ocrx_word' id='word_1_420' title='bbox 3248 2358 3351 2426; x_wconf 89' lang='lat' dir='ltr'><strong>ipsi</strong></span> <span class='ocrx_word' id='word_1_421' title='bbox 3386 2356 3546 2427; x_wconf 92' lang='lat' dir='ltr'><strong>primi</strong></span> <span class='ocrx_word' id='word_1_422' title='bbox 3584 2371 3720 2411; x_wconf 83' lang='lat' dir='ltr'><strong>suc-</strong></span> 
     </span>
    </p>
   </div>
   <div class='ocr_carea' id='block_1_54' title="bbox 2131 2448 3701 2521">
    <p class='ocr_par' dir='ltr' id='par_1_54' title="bbox 2131 2448 3701 2521">
     <span class='ocr_line' id='line_1_54' title="bbox 2131 2448 3701 2521; baseline -0.003 -16"><span class='ocrx_word' id='word_1_423' title='bbox 2131 2454 2394 2505; x_wconf 89' lang='lat' dir='ltr'><strong>cumhunt</strong></span> <span class='ocrx_word' id='word_1_424' title='bbox 2444 2451 2728 2520; x_wconf 82' lang='lat' dir='ltr'><strong>suppliciis</strong></span> <span class='ocrx_word' id='word_1_425' title='bbox 2786 2450 3179 2521; x_wconf 83' lang='lat' dir='ltr'><strong>peccatorum?</strong></span> <span class='ocrx_word' id='word_1_426' title='bbox 3236 2449 3295 2505; x_wconf 87' lang='lat' dir='ltr'><strong>Si</strong></span> <span class='ocrx_word' id='word_1_427' title='bbox 3342 2449 3516 2505; x_wconf 86' lang='lat' dir='ltr'><strong>sancti</strong></span> <span class='ocrx_word' id='word_1_428' title='bbox 3574 2448 3701 2503; x_wconf 89' lang='lat' dir='ltr'><strong>sine</strong></span> 
     </span>
    </p>
   </div>
   <div class='ocr_carea' id='block_1_55' title="bbox 2131 2539 3715 2614">
    <p class='ocr_par' dir='ltr' id='par_1_55' title="bbox 2131 2539 3715 2614">
     <span class='ocr_line' id='line_1_55' title="bbox 2131 2539 3715 2614; baseline -0.002 -16"><span class='ocrx_word' id='word_1_429' title='bbox 2131 2554 2362 2614; x_wconf 92' lang='lat' dir='ltr'><strong>peccato</strong></span> <span class='ocrx_word' id='word_1_430' title='bbox 2395 2553 2600 2609; x_wconf 89' lang='lat' dir='ltr'><strong>essent,</strong></span> <span class='ocrx_word' id='word_1_431' title='bbox 2630 2558 2907 2613; x_wconf 85' lang='lat' dir='ltr'><strong>nunquam</strong></span> <span class='ocrx_word' id='word_1_432' title='bbox 2932 2542 3142 2597; x_wconf 89' lang='lat' dir='ltr'><strong>diceret</strong></span> <span class='ocrx_word' id='word_1_433' title='bbox 3174 2540 3458 2612; x_wconf 86' lang='lat' dir='ltr'><strong>Scriptura</strong></span> <span class='ocrx_word' id='word_1_434' title='bbox 3476 2539 3544 2608; x_wconf 72' lang='grc'><strong>⁸⁸,</strong></span> <span class='ocrx_word' id='word_1_435' title='bbox 3579 2541 3715 2611; x_wconf 87' lang='lat' dir='ltr'><strong>quia</strong></span> 
     </span>
    </p>
   </div>
   <div class='ocr_carea' id='block_1_56' title="bbox 2138 2633 3716 2708">
    <p class='ocr_par' dir='ltr' id='par_1_56' title="bbox 2138 2633 3716 2708">
     <span class='ocr_line' id='line_1_56' title="bbox 2138 2633 3716 2708; baseline -0.001 -21"><span class='ocrx_word' id='word_1_436' title='bbox 2138 2637 2352 2707; x_wconf 71' lang='lat' dir='ltr'><strong>«justus</strong></span> <span class='ocrx_word' id='word_1_437' title='bbox 2387 2637 2440 2690; x_wconf 91' lang='lat' dir='ltr'><strong>in</strong></span> <span class='ocrx_word' id='word_1_438' title='bbox 2481 2637 2757 2708; x_wconf 89' lang='lat' dir='ltr'><strong>principio</strong></span> <span class='ocrx_word' id='word_1_439' title='bbox 2785 2634 3058 2691; x_wconf 78' lang='lat' dir='ltr'><strong>sermonis</strong></span> <span class='ocrx_word' id='word_1_440' title='bbox 3083 2635 3163 2689; x_wconf 92' lang='lat' dir='ltr'><strong>sui</strong></span> <span class='ocrx_word' id='word_1_441' title='bbox 3194 2635 3308 2703; x_wconf 86' lang='lat' dir='ltr'><strong>ipse</strong></span> <span class='ocrx_word' id='word_1_442' title='bbox 3351 2633 3439 2689; x_wconf 88' lang='lat' dir='ltr'><strong>sui</strong></span> <span class='ocrx_word' id='word_1_443' title='bbox 3483 2647 3716 2688; x_wconf 82' lang='lat' dir='ltr'><strong>accusa-</strong></span> 
     </span>
    </p>
   </div>
   <div class='ocr_carea' id='block_1_57' title="bbox 2133 2728 3714 2799">
    <p class='ocr_par' dir='ltr' id='par_1_57' title="bbox 2133 2728 3714 2799">
     <span class='ocr_line' id='line_1_57' title="bbox 2133 2728 3714 2799; baseline -0.004 -14"><span class='ocrx_word' id='word_1_444' title='bbox 2133 2740 2219 2785; x_wconf 92' lang='lat' dir='ltr'><strong>tor</strong></span> <span class='ocrx_word' id='word_1_445' title='bbox 2267 2731 2344 2784; x_wconf 90' lang='lat' dir='ltr'><strong>ﬁt.</strong></span> <span class='ocrx_word' id='word_1_446' title='bbox 2372 2750 2392 2782; x_wconf 77' lang='grc' dir='ltr'><strong>ι</strong></span> <span class='ocrx_word' id='word_1_447' title='bbox 2429 2728 2488 2784; x_wconf 92' lang='lat' dir='ltr'><strong>Si</strong></span> <span class='ocrx_word' id='word_1_448' title='bbox 2526 2730 2707 2785; x_wconf 91' lang='lat' dir='ltr'><strong>sancti</strong></span> <span class='ocrx_word' id='word_1_449' title='bbox 2748 2729 2870 2784; x_wconf 90' lang='lat' dir='ltr'><strong>sine</strong></span> <span class='ocrx_word' id='word_1_450' title='bbox 2911 2737 3140 2799; x_wconf 91' lang='lat' dir='ltr'><strong>peccato</strong></span> <span class='ocrx_word' id='word_1_451' title='bbox 3190 2735 3394 2792; x_wconf 87' lang='lat' dir='ltr'><strong>essent,</strong></span> <span class='ocrx_word' id='word_1_452' title='bbox 3426 2742 3714 2796; x_wconf 85' lang='lat' dir='ltr'><strong>nunquam</strong></span> 
     </span>
    </p>
   </div>
   <div class='ocr_carea' id='block_1_58' title="bbox 2130 2818 3713 2892">
    <p class='ocr_par' dir='ltr' id='par_1_58' title="bbox 2130 2818 3713 2892">
     <span class='ocr_line' id='line_1_58' title="bbox 2130 2818 3713 2892; baseline -0.004 -14"><span class='ocrx_word' id='word_1_453' title='bbox 2130 2822 2332 2878; x_wconf 87' lang='lat' dir='ltr'><strong>Paulus</strong></span> <span class='ocrx_word' id='word_1_454' title='bbox 2392 2821 2671 2892; x_wconf 89' lang='lat' dir='ltr'><strong>apostolus</strong></span> <span class='ocrx_word' id='word_1_455' title='bbox 2732 2820 2977 2886; x_wconf 88' lang='lat' dir='ltr'><strong>diceret,</strong></span> <span class='ocrx_word' id='word_1_456' title='bbox 3023 2819 3288 2876; x_wconf 84' lang='lat' dir='ltr'><strong>Romanis</strong></span> <span class='ocrx_word' id='word_1_457' title='bbox 3340 2820 3588 2875; x_wconf 78' lang='lat' dir='ltr'><strong>scribens</strong></span> <span class='ocrx_word' id='word_1_458' title='bbox 3617 2818 3666 2851; x_wconf 83' lang='grc'><strong>⁵⁸</strong></span> <span class='ocrx_word' id='word_1_459' title='bbox 3694 2835 3713 2872; x_wconf 89' lang='lat'><strong>:</strong></span> 
     </span>
    </p>
   </div>
   <div class='ocr_carea' id='block_1_59' title="bbox 2137 2911 3717 2985">
    <p class='ocr_par' dir='ltr' id='par_1_59' title="bbox 2137 2911 3717 2985">
     <span class='ocr_line' id='line_1_59' title="bbox 2137 2911 3717 2985; baseline -0.001 -18"><span class='ocrx_word' id='word_1_460' title='bbox 2137 2934 2157 2967; x_wconf 77' lang='grc' dir='ltr'><strong>ι</strong></span> <span class='ocrx_word' id='word_1_461' title='bbox 2179 2915 2358 2970; x_wconf 86' lang='lat' dir='ltr'><strong>Nolite</strong></span> <span class='ocrx_word' id='word_1_462' title='bbox 2391 2923 2613 2985; x_wconf 88' lang='lat' dir='ltr'><strong>pr0pter</strong></span> <span class='ocrx_word' id='word_1_463' title='bbox 2653 2912 2836 2968; x_wconf 92' lang='lat' dir='ltr'><strong>cibum</strong></span> <span class='ocrx_word' id='word_1_464' title='bbox 2885 2914 3105 2969; x_wconf 88' lang='lat' dir='ltr'><strong>solvere</strong></span> <span class='ocrx_word' id='word_1_465' title='bbox 3132 2927 3267 2983; x_wconf 91' lang='lat' dir='ltr'><strong>opus</strong></span> <span class='ocrx_word' id='word_1_466' title='bbox 3306 2912 3436 2979; x_wconf 90' lang='lat' dir='ltr'><strong>Dei;</strong></span> <span class='ocrx_word' id='word_1_467' title='bbox 3465 2930 3484 2964; x_wconf 75' lang='grc' dir='ltr'><strong>ι</strong></span> <span class='ocrx_word' id='word_1_468' title='bbox 3511 2911 3717 2980; x_wconf 86' lang='lat' dir='ltr'><strong>quibus</strong></span> 
     </span>
    </p>
   </div>
   <div class='ocr_carea' id='block_1_60' title="bbox 440 3002 3714 3091">
    <p class='ocr_par' dir='ltr' id='par_1_60' title="bbox 440 3002 3714 3091">
     <span class='ocr_line' id='line_1_60' title="bbox 440 3002 3714 3091; baseline -0.001 -31"><span class='ocrx_word' id='word_1_469' title='bbox 440 3016 498 3060; x_wconf 88' lang='lat' dir='ltr'><strong>et</strong></span> <span class='ocrx_word' id='word_1_470' title='bbox 538 3007 927 3060; x_wconf 85' lang='lat' dir='ltr'><strong>transeundqu</strong></span> <span class='ocrx_word' id='word_1_471' title='bbox 983 3008 1050 3061; x_wconf 92' lang='lat' dir='ltr'><strong>ad</strong></span> <span class='ocrx_word' id='word_1_472' title='bbox 1089 3007 1255 3061; x_wconf 89' lang='lat' dir='ltr'><strong>alium</strong></span> <span class='ocrx_word' id='word_1_473' title='bbox 1300 3017 1525 3075; x_wconf 91' lang='lat' dir='ltr'><strong>statum,</strong></span> <span class='ocrx_word' id='word_1_474' title='bbox 1570 3017 1833 3079; x_wconf 85' lang='lat' dir='ltr'><strong>tanquam</strong></span> <span class='ocrx_word' id='word_1_475' title='bbox 1866 3012 2019 3082; x_wconf 87' lang='lat' dir='ltr'><strong>virga</strong></span> <span class='ocrx_word' id='word_1_476' title='bbox 2050 3032 2095 3091; x_wconf 73' lang='grc' dir='ltr'>α</span> <span class='ocrx_word' id='word_1_477' title='bbox 2135 3009 2187 3063; x_wconf 92' lang='lat' dir='ltr'><strong>in</strong></span> <span class='ocrx_word' id='word_1_478' title='bbox 2231 3009 2504 3079; x_wconf 86' lang='lat' dir='ltr'><strong>principio</strong></span> <span class='ocrx_word' id='word_1_479' title='bbox 2538 3008 2794 3078; x_wconf 58' lang='lat' dir='ltr'><strong>Epistolas</strong></span> <span class='ocrx_word' id='word_1_480' title='bbox 2824 3006 3123 3077; x_wconf 89' lang='lat' dir='ltr'><strong>scripserat</strong></span> <span class='ocrx_word' id='word_1_481' title='bbox 3142 3005 3190 3039; x_wconf 78' lang='grc'><strong>⁸⁸</strong></span> <span class='ocrx_word' id='word_1_482' title='bbox 3220 3024 3234 3061; x_wconf 91' lang='lat'><strong>:</strong></span> <span class='ocrx_word' id='word_1_483' title='bbox 3270 3021 3290 3056; x_wconf 85' lang='grc' dir='ltr'><strong>ι</strong></span> <span class='ocrx_word' id='word_1_484' title='bbox 3319 3002 3584 3060; x_wconf 75' lang='lat' dir='ltr'><strong>Otonibus</strong></span> <span class='ocrx_word' id='word_1_485' title='bbox 3617 3004 3714 3073; x_wconf 90' lang='lat' dir='ltr'><strong>qui</strong></span> 
     </span>
    </p>
   </div>
   <div class='ocr_carea' id='block_1_61' title="bbox 441 3098 2027 3170">
    <p class='ocr_par' dir='ltr' id='par_1_61' title="bbox 441 3098 2027 3170">
     <span class='ocr_line' id='line_1_61' title="bbox 441 3098 2027 3170; baseline 0.003 -17"><span class='ocrx_word' id='word_1_486' title='bbox 441 3098 745 3165; x_wconf 90' lang='lat' dir='ltr'><strong>compulso,</strong></span> <span class='ocrx_word' id='word_1_487' title='bbox 780 3098 832 3153; x_wconf 87' lang='lat' dir='ltr'><strong>id</strong></span> <span class='ocrx_word' id='word_1_488' title='bbox 875 3106 960 3151; x_wconf 89' lang='lat' dir='ltr'><strong>est</strong></span> <span class='ocrx_word' id='word_1_489' title='bbox 990 3099 1284 3153; x_wconf 85' lang='lat' dir='ltr'><strong>severitate</strong></span> <span class='ocrx_word' id='word_1_490' title='bbox 1320 3101 1591 3156; x_wconf 68' lang='lat' dir='ltr'><strong>doctrinae</strong></span> <span class='ocrx_word' id='word_1_491' title='bbox 1620 3102 1897 3170; x_wconf 84' lang='lat' dir='ltr'><strong>rigidioris</strong></span> <span class='ocrx_word' id='word_1_492' title='bbox 1933 3108 2027 3158; x_wconf 90' lang='lat' dir='ltr'><strong>ad-</strong></span> 
     </span>
    </p>
   </div>
   <div class='ocr_carea' id='block_1_62' title="bbox 443 3190 2026 3266">
    <p class='ocr_par' dir='ltr' id='par_1_62' title="bbox 443 3190 2026 3266">
     <span class='ocr_line' id='line_1_62' title="bbox 443 3190 2026 3266; baseline 0.004 -22"><span class='ocrx_word' id='word_1_493' title='bbox 443 3192 672 3244; x_wconf 84' lang='lat' dir='ltr'><strong>monito.</strong></span> <span class='ocrx_word' id='word_1_494' title='bbox 701 3190 803 3258; x_wconf 87' lang='lat' dir='ltr'><strong>Qui</strong></span> <span class='ocrx_word' id='word_1_495' title='bbox 854 3207 984 3246; x_wconf 91' lang='lat' dir='ltr'><strong>vero</strong></span> <span class='ocrx_word' id='word_1_496' title='bbox 1008 3191 1190 3261; x_wconf 90' lang='lat' dir='ltr'><strong>justus</strong></span> <span class='ocrx_word' id='word_1_497' title='bbox 1225 3202 1327 3258; x_wconf 90' lang='lat' dir='ltr'><strong>est,</strong></span> <span class='ocrx_word' id='word_1_498' title='bbox 1364 3197 1493 3263; x_wconf 92' lang='lat' dir='ltr'><strong>quia</strong></span> <span class='ocrx_word' id='word_1_499' title='bbox 1520 3195 1703 3263; x_wconf 90' lang='lat' dir='ltr'><strong>justus</strong></span> <span class='ocrx_word' id='word_1_500' title='bbox 1733 3198 1879 3251; x_wconf 91' lang='lat' dir='ltr'><strong>sicut</strong></span> <span class='ocrx_word' id='word_1_501' title='bbox 1907 3197 2026 3266; x_wconf 87' lang='lat' dir='ltr'><strong>pal-</strong></span> 
     </span>
    </p>
   </div>
   <div class='ocr_carea' id='block_1_63' title="bbox 445 3282 2028 3349">
    <p class='ocr_par' dir='ltr' id='par_1_63' title="bbox 445 3282 2028 3349">
     <span class='ocr_line' id='line_1_63' title="bbox 445 3282 2028 3349; baseline 0.007 -16"><span class='ocrx_word' id='word_1_502' title='bbox 445 3298 529 3334; x_wconf 90' lang='lat' dir='ltr'><strong>ma</strong></span> <span class='ocrx_word' id='word_1_503' title='bbox 558 3282 804 3349; x_wconf 65' lang='lat' dir='ltr'><strong>ﬂoret“,</strong></span> <span class='ocrx_word' id='word_1_504' title='bbox 837 3283 890 3336; x_wconf 92' lang='lat' dir='ltr'><strong>in</strong></span> <span class='ocrx_word' id='word_1_505' title='bbox 936 3284 1037 3338; x_wconf 93' lang='lat' dir='ltr'><strong>hoc</strong></span> <span class='ocrx_word' id='word_1_506' title='bbox 1071 3285 1368 3340; x_wconf 86' lang='lat' dir='ltr'><strong>ascendere</strong></span> <span class='ocrx_word' id='word_1_507' title='bbox 1400 3286 1608 3341; x_wconf 87' lang='lat' dir='ltr'><strong>dicitur</strong></span> <span class='ocrx_word' id='word_1_508' title='bbox 1633 3287 1907 3344; x_wconf 89' lang='lat' dir='ltr'><strong>Christus.</strong></span> <span class='ocrx_word' id='word_1_509' title='bbox 1935 3289 2028 3345; x_wconf 92' lang='lat' dir='ltr'><strong>Sic</strong></span> 
     </span>
    </p>
   </div>
   <div class='ocr_carea' id='block_1_64' title="bbox 444 3375 2024 3453">
    <p class='ocr_par' dir='ltr' id='par_1_64' title="bbox 444 3375 2024 3453">
     <span class='ocr_line' id='line_1_64' title="bbox 444 3375 2024 3453; baseline 0.003 -22"><span class='ocrx_word' id='word_1_510' title='bbox 444 3391 576 3444; x_wconf 80' lang='lat' dir='ltr'><strong>ergo</strong></span> <span class='ocrx_word' id='word_1_511' title='bbox 619 3378 713 3446; x_wconf 90' lang='lat' dir='ltr'><strong>qui</strong></span> <span class='ocrx_word' id='word_1_512' title='bbox 762 3376 1084 3431; x_wconf 86' lang='lat' dir='ltr'><strong>verberibus</strong></span> <span class='ocrx_word' id='word_1_513' title='bbox 1133 3375 1359 3445; x_wconf 83' lang='lat' dir='ltr'><strong>indiget,</strong></span> <span class='ocrx_word' id='word_1_514' title='bbox 1399 3378 1514 3432; x_wconf 83' lang='lat' dir='ltr'><strong>exit</strong></span> <span class='ocrx_word' id='word_1_515' title='bbox 1558 3379 1627 3433; x_wconf 92' lang='lat' dir='ltr'><strong>ad</strong></span> <span class='ocrx_word' id='word_1_516' title='bbox 1674 3395 1799 3434; x_wconf 92' lang='lat' dir='ltr'><strong>eum</strong></span> <span class='ocrx_word' id='word_1_517' title='bbox 1834 3382 2024 3453; x_wconf 77' lang='lat' dir='ltr'><strong>virga;</strong></span> 
     </span>
    </p>
   </div>
   <div class='ocr_carea' id='block_1_65' title="bbox 445 3469 2025 3541">
    <p class='ocr_par' dir='ltr' id='par_1_65' title="bbox 445 3469 2025 3541">
     <span class='ocr_line' id='line_1_65' title="bbox 445 3469 2025 3541; baseline 0.006 -20"><span class='ocrx_word' id='word_1_518' title='bbox 445 3472 537 3540; x_wconf 89' lang='lat' dir='ltr'><strong>qui</strong></span> <span class='ocrx_word' id='word_1_519' title='bbox 570 3481 749 3524; x_wconf 85' lang='lat' dir='ltr'><strong>autem</strong></span> <span class='ocrx_word' id='word_1_520' title='bbox 785 3469 1005 3541; x_wconf 86' lang='lat' dir='ltr'><strong>proﬁcit</strong></span> <span class='ocrx_word' id='word_1_521' title='bbox 1039 3470 1102 3523; x_wconf 88' lang='lat' dir='ltr'><strong>ad</strong></span> <span class='ocrx_word' id='word_1_522' title='bbox 1130 3471 1424 3539; x_wconf 87' lang='lat' dir='ltr'><strong>justitiam,</strong></span> <span class='ocrx_word' id='word_1_523' title='bbox 1454 3475 1704 3527; x_wconf 90' lang='lat' dir='ltr'><strong>ascendit</strong></span> <span class='ocrx_word' id='word_1_524' title='bbox 1738 3475 1789 3528; x_wconf 91' lang='lat' dir='ltr'><strong>in</strong></span> <span class='ocrx_word' id='word_1_525' title='bbox 1815 3474 2025 3530; x_wconf 86' lang='lat' dir='ltr'><strong>ﬂorem.</strong></span> 
     </span>
    </p>
   </div>
   <div class='ocr_carea' id='block_1_66' title="bbox 443 3562 2025 3637">
    <p class='ocr_par' dir='ltr' id='par_1_66' title="bbox 443 3562 2025 3637">
     <span class='ocr_line' id='line_1_66' title="bbox 443 3562 2025 3637; baseline 0.003 -20"><span class='ocrx_word' id='word_1_526' title='bbox 443 3562 717 3617; x_wconf 81' lang='lat' dir='ltr'><strong>Ascendet</strong></span> <span class='ocrx_word' id='word_1_527' title='bbox 764 3572 947 3617; x_wconf 90' lang='lat' dir='ltr'><strong>autem</strong></span> <span class='ocrx_word' id='word_1_528' title='bbox 996 3577 1281 3633; x_wconf 90' lang='lat' dir='ltr'><strong>usquequo</strong></span> <span class='ocrx_word' id='word_1_529' title='bbox 1316 3564 1507 3619; x_wconf 80' lang='lat' dir='ltr'><strong>all‘erat</strong></span> <span class='ocrx_word' id='word_1_530' title='bbox 1539 3565 1747 3622; x_wconf 89' lang='lat' dir='ltr'><strong>fructus</strong></span> <span class='ocrx_word' id='word_1_531' title='bbox 1777 3568 2025 3637; x_wconf 80' lang='lat' dir='ltr'><strong>spiritus,</strong></span> 
     </span>
    </p>
   </div>
   <div class='ocr_carea' id='block_1_67' title="bbox 443 3655 2029 3729">
    <p class='ocr_par' dir='ltr' id='par_1_67' title="bbox 443 3655 2029 3729">
     <span class='ocr_line' id='line_1_67' title="bbox 443 3655 2029 3729; baseline 0.002 -18"><span class='ocrx_word' id='word_1_532' title='bbox 443 3657 536 3727; x_wconf 87' lang='lat' dir='ltr'><strong>qui</strong></span> <span class='ocrx_word' id='word_1_533' title='bbox 586 3664 712 3711; x_wconf 82' lang='lat' dir='ltr'><strong>sunt</strong></span> <span class='ocrx_word' id='word_1_534' title='bbox 748 3655 1013 3720; x_wconf 89' lang='lat' dir='ltr'><strong>charitas,</strong></span> <span class='ocrx_word' id='word_1_535' title='bbox 1060 3657 1340 3728; x_wconf 83' lang='lat' dir='ltr'><strong>gaudium,</strong></span> <span class='ocrx_word' id='word_1_536' title='bbox 1396 3673 1526 3727; x_wconf 81' lang='lat' dir='ltr'><strong>pax,</strong></span> <span class='ocrx_word' id='word_1_537' title='bbox 1578 3660 1840 3729; x_wconf 87' lang='lat' dir='ltr'><strong>patientia</strong></span> <span class='ocrx_word' id='word_1_538' title='bbox 1863 3659 1932 3728; x_wconf 75' lang='lat'><strong>&quot;,</strong></span> <span class='ocrx_word' id='word_1_539' title='bbox 1972 3668 2029 3714; x_wconf 92' lang='lat' dir='ltr'><strong>et</strong></span> 
     </span>
    </p>
   </div>
   <div class='ocr_carea' id='block_1_68' title="bbox 448 3746 2028 3819">
    <p class='ocr_par' dir='ltr' id='par_1_68' title="bbox 448 3746 2028 3819">
     <span class='ocr_line' id='line_1_68' title="bbox 448 3746 2028 3819; baseline 0.003 -19"><span class='ocrx_word' id='word_1_540' title='bbox 448 3746 668 3815; x_wconf 66' lang='lat' dir='ltr'><strong>reliquie</strong></span> <span class='ocrx_word' id='word_1_541' title='bbox 720 3747 950 3802; x_wconf 86' lang='lat' dir='ltr'><strong>virtutes</strong></span> <span class='ocrx_word' id='word_1_542' title='bbox 986 3749 1040 3803; x_wconf 91' lang='lat' dir='ltr'><strong>in</strong></span> <span class='ocrx_word' id='word_1_543' title='bbox 1090 3748 1314 3805; x_wconf 89' lang='lat' dir='ltr'><strong>Christo</strong></span> <span class='ocrx_word' id='word_1_544' title='bbox 1362 3749 1489 3805; x_wconf 90' lang='lat' dir='ltr'><strong>Jesu</strong></span> <span class='ocrx_word' id='word_1_545' title='bbox 1548 3750 1781 3806; x_wconf 92' lang='lat' dir='ltr'><strong>Domino</strong></span> <span class='ocrx_word' id='word_1_546' title='bbox 1816 3762 2028 3819; x_wconf 91' lang='lat' dir='ltr'><strong>nostro,</strong></span> 
     </span>
    </p>
   </div>
   <div class='ocr_carea' id='block_1_69' title="bbox 445 3839 2030 3913">
    <p class='ocr_par' dir='ltr' id='par_1_69' title="bbox 445 3839 2030 3913">
     <span class='ocr_line' id='line_1_69' title="bbox 445 3839 2030 3913; baseline 0.005 -22"><span class='ocrx_word' id='word_1_547' title='bbox 445 3839 531 3892; x_wconf 90' lang='lat' dir='ltr'><strong>cui</strong></span> <span class='ocrx_word' id='word_1_548' title='bbox 565 3849 649 3893; x_wconf 86' lang='lat' dir='ltr'><strong>est</strong></span> <span class='ocrx_word' id='word_1_549' title='bbox 692 3839 889 3905; x_wconf 90' lang='lat' dir='ltr'><strong>honor,</strong></span> <span class='ocrx_word' id='word_1_550' title='bbox 921 3849 976 3895; x_wconf 88' lang='lat' dir='ltr'><strong>et</strong></span> <span class='ocrx_word' id='word_1_551' title='bbox 1002 3841 1197 3911; x_wconf 88' lang='lat' dir='ltr'><strong>gloria,</strong></span> <span class='ocrx_word' id='word_1_552' title='bbox 1223 3851 1278 3897; x_wconf 92' lang='lat' dir='ltr'><strong>et</strong></span> <span class='ocrx_word' id='word_1_553' title='bbox 1305 3842 1592 3913; x_wconf 87' lang='lat' dir='ltr'><strong>imperium</strong></span> <span class='ocrx_word' id='word_1_554' title='bbox 1622 3843 1679 3897; x_wconf 94' lang='lat' dir='ltr'><strong>in</strong></span> <span class='ocrx_word' id='word_1_555' title='bbox 1712 3843 1905 3899; x_wconf 69' lang='lat' dir='ltr'><strong>saecula</strong></span> <span class='ocrx_word' id='word_1_556' title='bbox 1932 3858 2030 3898; x_wconf 83' lang='lat' dir='ltr'><strong>sae-</strong></span> 
     </span>
    </p>
   </div>
   <div class='ocr_carea' id='block_1_70' title="bbox 443 3929 947 3987">
    <p class='ocr_par' dir='ltr' id='par_1_70' title="bbox 443 3929 947 3987">
     <span class='ocr_line' id='line_1_70' title="bbox 443 3929 947 3987; baseline 0.004 -2"><span class='ocrx_word' id='word_1_557' title='bbox 443 3929 715 3985; x_wconf 90' lang='lat' dir='ltr'><strong>culorum.</strong></span> <span class='ocrx_word' id='word_1_558' title='bbox 750 3934 947 3987; x_wconf 81' lang='lat' dir='ltr'><strong>Amen.</strong></span> 
     </span>
    </p>
   </div>
   <div class='ocr_carea' id='block_1_71' title="bbox 1037 4024 1431 4082">
    <p class='ocr_par' dir='ltr' id='par_1_71' title="bbox 1037 4024 1431 4082">
     <span class='ocr_line' id='line_1_71' title="bbox 1037 4024 1431 4082; baseline 0.003 -2"><span class='ocrx_word' id='word_1_559' title='bbox 1037 4024 1322 4081; x_wconf 71' lang='lat' dir='ltr'><strong>HUMILIA</strong></span> <span class='ocrx_word' id='word_1_560' title='bbox 1359 4027 1431 4082; x_wconf 83' lang='lat' dir='ltr'><strong>X.</strong></span> 
     </span>
    </p>
   </div>
   <div class='ocr_carea' id='block_1_72' title="bbox 442 4132 2029 4204">
    <p class='ocr_par' dir='ltr' id='par_1_72' title="bbox 442 4132 2029 4204">
     <span class='ocr_line' id='line_1_72' title="bbox 442 4132 2029 4204; baseline 0.005 -16"><span class='ocrx_word' id='word_1_561' title='bbox 442 4132 523 4188; x_wconf 80' lang='lat' dir='ltr'><strong>De</strong></span> <span class='ocrx_word' id='word_1_562' title='bbox 559 4153 618 4189; x_wconf 81' lang='lat' dir='ltr'><strong>eo</strong></span> <span class='ocrx_word' id='word_1_563' title='bbox 646 4135 785 4202; x_wconf 83' lang='lat' dir='ltr'><strong>quod</strong></span> <span class='ocrx_word' id='word_1_564' title='bbox 817 4137 1067 4204; x_wconf 77' lang='lat' dir='ltr'><strong>scriptum</strong></span> <span class='ocrx_word' id='word_1_565' title='bbox 1095 4149 1167 4191; x_wconf 78' lang='lat' dir='ltr'><strong>est</strong></span> <span class='ocrx_word' id='word_1_566' title='bbox 1198 4140 1283 4195; x_wconf 68' lang='lat'><strong>5°:</strong></span> <span class='ocrx_word' id='word_1_567' title='bbox 1326 4158 1344 4191; x_wconf 84' lang='grc' dir='ltr'><strong>ι</strong></span> <span class='ocrx_word' id='word_1_568' title='bbox 1393 4137 1463 4192; x_wconf 80' lang='lat' dir='ltr'><strong>Et</strong></span> <span class='ocrx_word' id='word_1_569' title='bbox 1500 4139 1635 4195; x_wconf 72' lang='lat' dir='ltr'><strong>dixit</strong></span> <span class='ocrx_word' id='word_1_570' title='bbox 1664 4140 1921 4196; x_wconf 80' lang='lat' dir='ltr'><strong>Dominus</strong></span> <span class='ocrx_word' id='word_1_571' title='bbox 1960 4144 2029 4197; x_wconf 86' lang='lat' dir='ltr'><strong>ad</strong></span> 
     </span>
    </p>
   </div>
   <div class='ocr_carea' id='block_1_73' title="bbox 518 4205 2029 4288">
    <p class='ocr_par' dir='ltr' id='par_1_73' title="bbox 518 4205 2029 4288">
     <span class='ocr_line' id='line_1_73' title="bbox 518 4205 2029 4288; baseline 0.007 -30"><span class='ocrx_word' id='word_1_572' title='bbox 518 4207 706 4288; x_wconf 48' lang='lat' dir='ltr'><strong>Aaron.</strong></span> <span class='ocrx_word' id='word_1_573' title='bbox 734 4222 751 4259; x_wconf 91' lang='lat'><em>:</em></span> <span class='ocrx_word' id='word_1_574' title='bbox 782 4205 858 4258; x_wconf 88' lang='lat' dir='ltr'><strong>Tu</strong></span> <span class='ocrx_word' id='word_1_575' title='bbox 888 4216 942 4288; x_wconf 78' lang='lat' dir='ltr'><strong>et</strong></span> <span class='ocrx_word' id='word_1_576' title='bbox 979 4208 1082 4274; x_wconf 77' lang='lat' dir='ltr'><strong>lilii</strong></span> <span class='ocrx_word' id='word_1_577' title='bbox 1113 4210 1211 4272; x_wconf 81' lang='lat' dir='ltr'><strong>tui,</strong></span> <span class='ocrx_word' id='word_1_578' title='bbox 1242 4219 1288 4263; x_wconf 88' lang='lat' dir='ltr'><strong>et</strong></span> <span class='ocrx_word' id='word_1_579' title='bbox 1323 4211 1510 4264; x_wconf 75' lang='lat' dir='ltr'><strong>domus</strong></span> <span class='ocrx_word' id='word_1_580' title='bbox 1551 4213 1720 4282; x_wconf 78' lang='lat' dir='ltr'><strong>patris</strong></span> <span class='ocrx_word' id='word_1_581' title='bbox 1749 4214 1829 4267; x_wconf 80' lang='lat' dir='ltr'><strong>tui</strong></span> <span class='ocrx_word' id='word_1_582' title='bbox 1858 4224 2029 4268; x_wconf 83' lang='lat' dir='ltr'><strong>tecum</strong></span> 
     </span>
    </p>
   </div>
   <div class='ocr_carea' id='block_1_74' title="bbox 513 4286 1408 4346">
    <p class='ocr_par' dir='ltr' id='par_1_74' title="bbox 513 4286 1408 4346">
     <span class='ocr_line' id='line_1_74' title="bbox 513 4286 1408 4346; baseline 0.002 -16"><span class='ocrx_word' id='word_1_583' title='bbox 513 4286 734 4331; x_wconf 70' lang='lat' dir='ltr'><strong>omnem</strong></span> <span class='ocrx_word' id='word_1_584' title='bbox 763 4286 978 4346; x_wconf 83' lang='lat' dir='ltr'><strong>peccata</strong></span> <span class='ocrx_word' id='word_1_585' title='bbox 1014 4290 1341 4336; x_wconf 78' lang='lat' dir='ltr'><strong>sanctorum.</strong></span> <span class='ocrx_word' id='word_1_586' title='bbox 1387 4299 1408 4332; x_wconf 73' lang='grc' dir='ltr'><strong>ι</strong></span> 
     </span>
    </p>
   </div>
   <div class='ocr_carea' id='block_1_75' title="bbox 2139 3095 3713 3164">
    <p class='ocr_par' dir='ltr' id='par_1_75' title="bbox 2139 3095 3713 3164">
     <span class='ocr_line' id='line_1_75' title="bbox 2139 3095 3713 3164; baseline -0.004 -7"><span class='ocrx_word' id='word_1_587' title='bbox 2139 3112 2270 3157; x_wconf 90' lang='lat' dir='ltr'><strong>sunt</strong></span> <span class='ocrx_word' id='word_1_588' title='bbox 2312 3102 2500 3157; x_wconf 65' lang='lat' dir='ltr'><strong>Romae</strong></span> <span class='ocrx_word' id='word_1_589' title='bbox 2533 3100 2746 3156; x_wconf 90' lang='lat' dir='ltr'><strong>dilectis</strong></span> <span class='ocrx_word' id='word_1_590' title='bbox 2780 3102 2899 3164; x_wconf 90' lang='lat' dir='ltr'><strong>Dei,</strong></span> <span class='ocrx_word' id='word_1_591' title='bbox 2930 3100 3138 3157; x_wconf 88' lang='lat' dir='ltr'><strong>vocatis</strong></span> <span class='ocrx_word' id='word_1_592' title='bbox 3177 3097 3403 3154; x_wconf 90' lang='lat' dir='ltr'><strong>sanctis.</strong></span> <span class='ocrx_word' id='word_1_593' title='bbox 3426 3115 3457 3149; x_wconf 37' lang='grc' dir='ltr'>γι</span> <span class='ocrx_word' id='word_1_594' title='bbox 3497 3095 3564 3150; x_wconf 90' lang='lat' dir='ltr'><strong>Et</strong></span> <span class='ocrx_word' id='word_1_595' title='bbox 3609 3097 3713 3151; x_wconf 79' lang='lat' dir='ltr'><strong>ito-</strong></span> 
     </span>
    </p>
   </div>
   <div class='ocr_carea' id='block_1_76' title="bbox 2129 3185 3711 3265">
    <p class='ocr_par' dir='ltr' id='par_1_76' title="bbox 2129 3185 3711 3265">
     <span class='ocr_line' id='line_1_76' title="bbox 2129 3185 3711 3265; baseline -0.003 -18"><span class='ocrx_word' id='word_1_596' title='bbox 2129 3211 2248 3248; x_wconf 88' lang='lat' dir='ltr'><strong>rum</strong></span> <span class='ocrx_word' id='word_1_597' title='bbox 2279 3194 2418 3249; x_wconf 90' lang='lat' dir='ltr'><strong>idem</strong></span> <span class='ocrx_word' id='word_1_598' title='bbox 2449 3195 2738 3265; x_wconf 85' lang='lat' dir='ltr'><strong>Apostolus</strong></span> <span class='ocrx_word' id='word_1_599' title='bbox 2762 3197 2828 3249; x_wconf 92' lang='lat' dir='ltr'><strong>ad</strong></span> <span class='ocrx_word' id='word_1_600' title='bbox 2847 3193 3162 3250; x_wconf 90' lang='lat' dir='ltr'><strong>Corinthios</strong></span> <span class='ocrx_word' id='word_1_601' title='bbox 3179 3190 3448 3254; x_wconf 86' lang='lat' dir='ltr'><strong>scribens,</strong></span> <span class='ocrx_word' id='word_1_602' title='bbox 3478 3185 3671 3243; x_wconf 75' lang='lat' dir='ltr'><strong>dicit&quot;</strong></span> <span class='ocrx_word' id='word_1_603' title='bbox 3694 3210 3711 3243; x_wconf 85' lang='lat'><strong>;</strong></span> 
     </span>
    </p>
   </div>
   <div class='ocr_carea' id='block_1_77' title="bbox 2135 3284 3715 3357">
    <p class='ocr_par' dir='ltr' id='par_1_77' title="bbox 2135 3284 3715 3357">
     <span class='ocr_line' id='line_1_77' title="bbox 2135 3284 3715 3357; baseline -0.003 -17"><span class='ocrx_word' id='word_1_604' title='bbox 2135 3306 2155 3340; x_wconf 79' lang='grc' dir='ltr'><strong>ι</strong></span> <span class='ocrx_word' id='word_1_605' title='bbox 2187 3288 2391 3344; x_wconf 83' lang='lat' dir='ltr'><strong>Paulus</strong></span> <span class='ocrx_word' id='word_1_606' title='bbox 2416 3297 2645 3342; x_wconf 87' lang='lat' dir='ltr'><strong>vocatus</strong></span> <span class='ocrx_word' id='word_1_607' title='bbox 2707 3285 2990 3357; x_wconf 90' lang='lat' dir='ltr'><strong>apostolus</strong></span> <span class='ocrx_word' id='word_1_608' title='bbox 3018 3284 3147 3341; x_wconf 76' lang='lat' dir='ltr'><strong>Jesu</strong></span> <span class='ocrx_word' id='word_1_609' title='bbox 3183 3285 3418 3349; x_wconf 89' lang='lat' dir='ltr'><strong>Christi;</strong></span> <span class='ocrx_word' id='word_1_610' title='bbox 3455 3301 3477 3336; x_wconf 72' lang='grc' dir='ltr'><strong>ι</strong></span> <span class='ocrx_word' id='word_1_611' title='bbox 3508 3293 3561 3337; x_wconf 90' lang='lat' dir='ltr'><strong>et</strong></span> <span class='ocrx_word' id='word_1_612' title='bbox 3591 3287 3715 3350; x_wconf 81' lang='lat' dir='ltr'><strong>post</strong></span> 
     </span>
    </p>
   </div>
   <div class='ocr_carea' id='block_1_78' title="bbox 2129 3373 3714 3451">
    <p class='ocr_par' dir='ltr' id='par_1_78' title="bbox 2129 3373 3714 3451">
     <span class='ocr_line' id='line_1_78' title="bbox 2129 3373 3714 3451; baseline -0.007 -16"><span class='ocrx_word' id='word_1_613' title='bbox 2129 3396 2297 3451; x_wconf 85' lang='lat' dir='ltr'><strong>pauca</strong></span> <span class='ocrx_word' id='word_1_614' title='bbox 2331 3398 2348 3437; x_wconf 87' lang='lat'><strong>:</strong></span> <span class='ocrx_word' id='word_1_615' title='bbox 2388 3400 2406 3434; x_wconf 85' lang='grc' dir='ltr'><strong>ι</strong></span> <span class='ocrx_word' id='word_1_616' title='bbox 2432 3380 2691 3436; x_wconf 63' lang='lat' dir='ltr'><strong>Ecclesiae</strong></span> <span class='ocrx_word' id='word_1_617' title='bbox 2732 3379 2821 3434; x_wconf 93' lang='lat' dir='ltr'><strong>Dei</strong></span> <span class='ocrx_word' id='word_1_618' title='bbox 2854 3395 2975 3449; x_wconf 71' lang='lat' dir='ltr'><strong>quae</strong></span> <span class='ocrx_word' id='word_1_619' title='bbox 3027 3391 3114 3435; x_wconf 90' lang='lat' dir='ltr'><strong>est</strong></span> <span class='ocrx_word' id='word_1_620' title='bbox 3156 3375 3433 3440; x_wconf 85' lang='lat' dir='ltr'><strong>Corinthi,</strong></span> <span class='ocrx_word' id='word_1_621' title='bbox 3465 3373 3714 3429; x_wconf 81' lang='lat' dir='ltr'><strong>sanctiﬁ—</strong></span> 
     </span>
    </p>
   </div>
   <div class='ocr_carea' id='block_1_79' title="bbox 2127 3468 3713 3539">
    <p class='ocr_par' dir='ltr' id='par_1_79' title="bbox 2127 3468 3713 3539">
     <span class='ocr_line' id='line_1_79' title="bbox 2127 3468 3713 3539; baseline -0.008 -10"><span class='ocrx_word' id='word_1_622' title='bbox 2127 3475 2269 3529; x_wconf 87' lang='lat' dir='ltr'><strong>catis</strong></span> <span class='ocrx_word' id='word_1_623' title='bbox 2301 3475 2355 3530; x_wconf 90' lang='lat' dir='ltr'><strong>in</strong></span> <span class='ocrx_word' id='word_1_624' title='bbox 2390 3475 2612 3531; x_wconf 90' lang='lat' dir='ltr'><strong>Christo</strong></span> <span class='ocrx_word' id='word_1_625' title='bbox 2652 3473 2805 3539; x_wconf 80' lang='lat' dir='ltr'><strong>Jesu,</strong></span> <span class='ocrx_word' id='word_1_626' title='bbox 2837 3473 3047 3529; x_wconf 87' lang='lat' dir='ltr'><strong>vocatis</strong></span> <span class='ocrx_word' id='word_1_627' title='bbox 3093 3470 3321 3526; x_wconf 88' lang='lat' dir='ltr'><strong>sanctis.</strong></span> <span class='ocrx_word' id='word_1_628' title='bbox 3348 3488 3366 3521; x_wconf 77' lang='grc' dir='ltr'><strong>ι</strong></span> <span class='ocrx_word' id='word_1_629' title='bbox 3405 3468 3542 3521; x_wconf 86' lang='lat' dir='ltr'><strong>Istos</strong></span> <span class='ocrx_word' id='word_1_630' title='bbox 3582 3481 3713 3535; x_wconf 85' lang='lat' dir='ltr'><strong>ergo</strong></span> 
     </span>
    </p>
   </div>
   <div class='ocr_carea' id='block_1_80' title="bbox 2128 3558 3711 3637">
    <p class='ocr_par' dir='ltr' id='par_1_80' title="bbox 2128 3558 3711 3637">
     <span class='ocr_line' id='line_1_80' title="bbox 2128 3558 3711 3637; baseline -0.008 -16"><span class='ocrx_word' id='word_1_631' title='bbox 2128 3583 2268 3637; x_wconf 90' lang='lat' dir='ltr'><strong>quos</strong></span> <span class='ocrx_word' id='word_1_632' title='bbox 2298 3566 2672 3622; x_wconf 88' lang='lat' dir='ltr'><strong>sanctiﬁcatos</strong></span> <span class='ocrx_word' id='word_1_633' title='bbox 2699 3574 2753 3620; x_wconf 91' lang='lat' dir='ltr'><strong>et</strong></span> <span class='ocrx_word' id='word_1_634' title='bbox 2784 3573 3006 3620; x_wconf 89' lang='lat' dir='ltr'><strong>sanctos</strong></span> <span class='ocrx_word' id='word_1_635' title='bbox 3046 3561 3310 3632; x_wconf 84' lang='lat' dir='ltr'><strong>appellat,</strong></span> <span class='ocrx_word' id='word_1_636' title='bbox 3342 3558 3468 3613; x_wconf 91' lang='lat' dir='ltr'><strong>audi</strong></span> <span class='ocrx_word' id='word_1_637' title='bbox 3501 3568 3711 3627; x_wconf 85' lang='lat' dir='ltr'><strong>quanta</strong></span> 
     </span>
    </p>
   </div>
   <div class='ocr_carea' id='block_1_81' title="bbox 2132 3650 3711 3731">
    <p class='ocr_par' dir='ltr' id='par_1_81' title="bbox 2132 3650 3711 3731">
     <span class='ocr_line' id='line_1_81' title="bbox 2132 3650 3711 3731; baseline -0.009 -16"><span class='ocrx_word' id='word_1_638' title='bbox 2132 3664 2184 3715; x_wconf 92' lang='lat' dir='ltr'><strong>in</strong></span> <span class='ocrx_word' id='word_1_639' title='bbox 2213 3661 2294 3715; x_wconf 89' lang='lat' dir='ltr'><strong>eis</strong></span> <span class='ocrx_word' id='word_1_640' title='bbox 2325 3671 2547 3730; x_wconf 87' lang='lat' dir='ltr'><strong>peccata</strong></span> <span class='ocrx_word' id='word_1_641' title='bbox 2597 3660 2992 3731; x_wconf 86' lang='lat' dir='ltr'><strong>reprehendat.</strong></span> <span class='ocrx_word' id='word_1_642' title='bbox 3047 3656 3139 3709; x_wconf 86' lang='lat' dir='ltr'><strong>Ait</strong></span> <span class='ocrx_word' id='word_1_643' title='bbox 3171 3654 3317 3708; x_wconf 89' lang='lat' dir='ltr'><strong>enim</strong></span> <span class='ocrx_word' id='word_1_644' title='bbox 3350 3652 3402 3706; x_wconf 91' lang='lat' dir='ltr'><strong>in</strong></span> <span class='ocrx_word' id='word_1_645' title='bbox 3428 3650 3711 3719; x_wconf 86' lang='lat' dir='ltr'><strong>sequenti-</strong></span> 
     </span>
    </p>
   </div>
   <div class='ocr_carea' id='block_1_82' title="bbox 2131 3744 3714 3809">
    <p class='ocr_par' dir='ltr' id='par_1_82' title="bbox 2131 3744 3714 3809">
     <span class='ocr_line' id='line_1_82' title="bbox 2131 3744 3714 3809; baseline -0.008 -1"><span class='ocrx_word' id='word_1_646' title='bbox 2131 3753 2294 3808; x_wconf 79' lang='lat' dir='ltr'><strong>bus&quot;</strong></span> <span class='ocrx_word' id='word_1_647' title='bbox 2321 3771 2334 3807; x_wconf 89' lang='lat'><strong>:</strong></span> <span class='ocrx_word' id='word_1_648' title='bbox 2365 3771 2384 3805; x_wconf 86' lang='grc' dir='ltr'><strong>ι</strong></span> <span class='ocrx_word' id='word_1_649' title='bbox 2406 3753 2542 3808; x_wconf 91' lang='lat' dir='ltr'><strong>Cum</strong></span> <span class='ocrx_word' id='word_1_650' title='bbox 2592 3754 2740 3809; x_wconf 91' lang='lat' dir='ltr'><strong>enim</strong></span> <span class='ocrx_word' id='word_1_651' title='bbox 2791 3753 2901 3807; x_wconf 90' lang='lat' dir='ltr'><strong>sint</strong></span> <span class='ocrx_word' id='word_1_652' title='bbox 2938 3751 3082 3805; x_wconf 91' lang='lat' dir='ltr'><strong>inter</strong></span> <span class='ocrx_word' id='word_1_653' title='bbox 3109 3763 3204 3803; x_wconf 90' lang='lat' dir='ltr'><strong>vos</strong></span> <span class='ocrx_word' id='word_1_654' title='bbox 3235 3744 3612 3802; x_wconf 64' lang='lat' dir='ltr'><strong>aaniulationes</strong></span> <span class='ocrx_word' id='word_1_655' title='bbox 3656 3752 3714 3796; x_wconf 90' lang='lat' dir='ltr'><strong>et</strong></span> 
     </span>
    </p>
   </div>
   <div class='ocr_carea' id='block_1_83' title="bbox 2131 3836 3711 3916">
    <p class='ocr_par' dir='ltr' id='par_1_83' title="bbox 2131 3836 3711 3916">
     <span class='ocr_line' id='line_1_83' title="bbox 2131 3836 3711 3916; baseline -0.009 -13"><span class='ocrx_word' id='word_1_656' title='bbox 2131 3848 2532 3916; x_wconf 90' lang='lat' dir='ltr'><strong>contentiones,</strong></span> <span class='ocrx_word' id='word_1_657' title='bbox 2580 3862 2759 3903; x_wconf 90' lang='lat' dir='ltr'><strong>nonne</strong></span> <span class='ocrx_word' id='word_1_658' title='bbox 2809 3845 3062 3903; x_wconf 90' lang='lat' dir='ltr'><strong>carnales</strong></span> <span class='ocrx_word' id='word_1_659' title='bbox 3106 3843 3262 3906; x_wconf 89' lang='lat' dir='ltr'><strong>estis,</strong></span> <span class='ocrx_word' id='word_1_660' title='bbox 3312 3849 3368 3893; x_wconf 92' lang='lat' dir='ltr'><strong>et</strong></span> <span class='ocrx_word' id='word_1_661' title='bbox 3408 3836 3711 3893; x_wconf 85' lang='lat' dir='ltr'><strong>secundum</strong></span> 
     </span>
    </p>
   </div>
   <div class='ocr_carea' id='block_1_84' title="bbox 2130 3929 3712 3996">
    <p class='ocr_par' dir='ltr' id='par_1_84' title="bbox 2130 3929 3712 3996">
     <span class='ocr_line' id='line_1_84' title="bbox 2130 3929 3712 3996; baseline -0.008 -1"><span class='ocrx_word' id='word_1_662' title='bbox 2130 3941 2408 3996; x_wconf 88' lang='lat' dir='ltr'><strong>hominem</strong></span> <span class='ocrx_word' id='word_1_663' title='bbox 2454 3938 2785 3995; x_wconf 84' lang='lat' dir='ltr'><strong>ambulatis?</strong></span> <span class='ocrx_word' id='word_1_664' title='bbox 2816 3958 2835 3991; x_wconf 72' lang='grc' dir='ltr'><strong>ι</strong></span> <span class='ocrx_word' id='word_1_665' title='bbox 2873 3938 2940 3992; x_wconf 88' lang='grc' dir='ltr'>Ει</span> <span class='ocrx_word' id='word_1_666' title='bbox 2972 3938 3169 3991; x_wconf 92' lang='lat' dir='ltr'><strong>iterum</strong></span> <span class='ocrx_word' id='word_1_667' title='bbox 3193 3934 3279 3988; x_wconf 71' lang='lat'><strong>‘9:</strong></span> <span class='ocrx_word' id='word_1_668' title='bbox 3314 3951 3333 3984; x_wconf 83' lang='grc' dir='ltr'><strong>ι</strong></span> <span class='ocrx_word' id='word_1_669' title='bbox 3365 3929 3485 3985; x_wconf 85' lang='lat' dir='ltr'><strong>Jam</strong></span> <span class='ocrx_word' id='word_1_670' title='bbox 3514 3930 3712 3984; x_wconf 78' lang='lat' dir='ltr'><strong>divites</strong></span> 
     </span>
    </p>
   </div>
   <div class='ocr_carea' id='block_1_85' title="bbox 2134 4027 3711 4100">
    <p class='ocr_par' dir='ltr' id='par_1_85' title="bbox 2134 4027 3711 4100">
     <span class='ocr_line' id='line_1_85' title="bbox 2134 4027 3711 4100; baseline -0.008 -13"><span class='ocrx_word' id='word_1_671' title='bbox 2134 4032 2264 4088; x_wconf 87' lang='lat' dir='ltr'><strong>facti</strong></span> <span class='ocrx_word' id='word_1_672' title='bbox 2288 4034 2441 4097; x_wconf 88' lang='lat' dir='ltr'><strong>estis,</strong></span> <span class='ocrx_word' id='word_1_673' title='bbox 2473 4033 2592 4087; x_wconf 91' lang='lat' dir='ltr'><strong>sine</strong></span> <span class='ocrx_word' id='word_1_674' title='bbox 2624 4031 2778 4085; x_wconf 90' lang='lat' dir='ltr'><strong>nobis</strong></span> <span class='ocrx_word' id='word_1_675' title='bbox 2811 4028 3071 4100; x_wconf 82' lang='lat' dir='ltr'><strong>regnatis,</strong></span> <span class='ocrx_word' id='word_1_676' title='bbox 3103 4036 3158 4083; x_wconf 92' lang='lat' dir='ltr'><strong>et</strong></span> <span class='ocrx_word' id='word_1_677' title='bbox 3195 4027 3401 4081; x_wconf 88' lang='lat' dir='ltr'><strong>utinam</strong></span> <span class='ocrx_word' id='word_1_678' title='bbox 3453 4034 3711 4091; x_wconf 87' lang='lat' dir='ltr'><strong>regnare-</strong></span> 
     </span>
    </p>
   </div>
   <div class='ocr_carea' id='block_1_86' title="bbox 2138 4119 3709 4188">
    <p class='ocr_par' dir='ltr' id='par_1_86' title="bbox 2138 4119 3709 4188">
     <span class='ocr_line' id='line_1_86' title="bbox 2138 4119 3709 4188; baseline -0.01 -10"><span class='ocrx_word' id='word_1_679' title='bbox 2138 4126 2245 4179; x_wconf 87' lang='lat' dir='ltr'><strong>tisl</strong></span> <span class='ocrx_word' id='word_1_680' title='bbox 2280 4144 2299 4177; x_wconf 77' lang='grc'><strong>»</strong></span> <span class='ocrx_word' id='word_1_681' title='bbox 2338 4124 2406 4179; x_wconf 83' lang='grc' dir='ltr'>Ει</span> <span class='ocrx_word' id='word_1_682' title='bbox 2441 4123 2700 4178; x_wconf 60' lang='lat' dir='ltr'><strong>iterum“o</strong></span> <span class='ocrx_word' id='word_1_683' title='bbox 2730 4141 2743 4177; x_wconf 88' lang='lat'><strong>:</strong></span> <span class='ocrx_word' id='word_1_684' title='bbox 2779 4120 3100 4188; x_wconf 72' lang='lat' dir='ltr'><strong>cTanqnam</strong></span> <span class='ocrx_word' id='word_1_685' title='bbox 3126 4126 3304 4172; x_wconf 89' lang='lat' dir='ltr'><strong>autem</strong></span> <span class='ocrx_word' id='word_1_686' title='bbox 3343 4130 3449 4168; x_wconf 90' lang='lat' dir='ltr'><strong>non</strong></span> <span class='ocrx_word' id='word_1_687' title='bbox 3480 4119 3709 4165; x_wconf 84' lang='lat' dir='ltr'><strong>venturo</strong></span> 
     </span>
    </p>
   </div>
   <div class='ocr_carea' id='block_1_87' title="bbox 2136 4204 3707 4281">
    <p class='ocr_par' dir='ltr' id='par_1_87' title="bbox 2136 4204 3707 4281">
     <span class='ocr_line' id='line_1_87' title="bbox 2136 4204 3707 4281; baseline -0.01 -8"><span class='ocrx_word' id='word_1_688' title='bbox 2136 4232 2223 4273; x_wconf 91' lang='lat' dir='ltr'><strong>me</strong></span> <span class='ocrx_word' id='word_1_689' title='bbox 2256 4218 2325 4272; x_wconf 91' lang='lat' dir='ltr'><strong>ad</strong></span> <span class='ocrx_word' id='word_1_690' title='bbox 2357 4230 2454 4271; x_wconf 90' lang='lat' dir='ltr'><strong>vos</strong></span> <span class='ocrx_word' id='word_1_691' title='bbox 2504 4214 2672 4269; x_wconf 82' lang='lat' dir='ltr'><strong>inﬂati</strong></span> <span class='ocrx_word' id='word_1_692' title='bbox 2714 4221 2842 4268; x_wconf 90' lang='lat' dir='ltr'><strong>sunt</strong></span> <span class='ocrx_word' id='word_1_693' title='bbox 2870 4211 3113 4281; x_wconf 87' lang='lat' dir='ltr'><strong>quidam.</strong></span> <span class='ocrx_word' id='word_1_694' title='bbox 3147 4228 3167 4260; x_wconf 69' lang='grc' dir='ltr'><strong>ι</strong></span> <span class='ocrx_word' id='word_1_695' title='bbox 3200 4207 3446 4277; x_wconf 89' lang='lat' dir='ltr'><strong>Etpaulo</strong></span> <span class='ocrx_word' id='word_1_696' title='bbox 3476 4204 3656 4275; x_wconf 74' lang='lat' dir='ltr'><strong>post“</strong></span> <span class='ocrx_word' id='word_1_697' title='bbox 3691 4220 3707 4258; x_wconf 88' lang='lat'><strong>:</strong></span> 
     </span>
    </p>
   </div>
   <div class='ocr_carea' id='block_1_88' title="bbox 2142 4295 3709 4367">
    <p class='ocr_par' dir='ltr' id='par_1_88' title="bbox 2142 4295 3709 4367">
     <span class='ocr_line' id='line_1_88' title="bbox 2142 4295 3709 4367; baseline -0.01 -2"><span class='ocrx_word' id='word_1_698' title='bbox 2142 4331 2161 4365; x_wconf 82' lang='grc' dir='ltr'><strong>ι</strong></span> <span class='ocrx_word' id='word_1_699' title='bbox 2187 4310 2425 4367; x_wconf 90' lang='lat' dir='ltr'><strong>Omnino</strong></span> <span class='ocrx_word' id='word_1_700' title='bbox 2461 4307 2679 4361; x_wconf 89' lang='lat' dir='ltr'><strong>auditur</strong></span> <span class='ocrx_word' id='word_1_701' title='bbox 2710 4306 2856 4360; x_wconf 87' lang='lat' dir='ltr'><strong>inter</strong></span> <span class='ocrx_word' id='word_1_702' title='bbox 2890 4318 2985 4359; x_wconf 89' lang='lat' dir='ltr'><strong>vos</strong></span> <span class='ocrx_word' id='word_1_703' title='bbox 3014 4300 3326 4363; x_wconf 88' lang='lat' dir='ltr'><strong>fornicatio,</strong></span> <span class='ocrx_word' id='word_1_704' title='bbox 3358 4309 3414 4353; x_wconf 91' lang='lat' dir='ltr'><strong>et</strong></span> <span class='ocrx_word' id='word_1_705' title='bbox 3446 4299 3569 4352; x_wconf 89' lang='lat' dir='ltr'><strong>talis</strong></span> <span class='ocrx_word' id='word_1_706' title='bbox 3593 4295 3709 4350; x_wconf 86' lang='lat' dir='ltr'><strong>for-</strong></span> 
     </span>
    </p>
   </div>
   <div class='ocr_carea' id='block_1_89' title="bbox 519 4380 3710 4470">
    <p class='ocr_par' dir='ltr' id='par_1_89' title="bbox 519 4380 3710 4470">
     <span class='ocr_line' id='line_1_89' title="bbox 519 4380 3710 4470; baseline -0.001 -25"><span class='ocrx_word' id='word_1_707' title='bbox 519 4393 572 4449; x_wconf 86' lang='grc'><strong>1.</strong></span> <span class='ocrx_word' id='word_1_708' title='bbox 613 4393 711 4460; x_wconf 89' lang='lat' dir='ltr'><strong>Qui</strong></span> <span class='ocrx_word' id='word_1_709' title='bbox 750 4391 1003 4447; x_wconf 82' lang='lat' dir='ltr'><strong>meliores</strong></span> <span class='ocrx_word' id='word_1_710' title='bbox 1023 4401 1171 4457; x_wconf 90' lang='lat' dir='ltr'><strong>sunt,</strong></span> <span class='ocrx_word' id='word_1_711' title='bbox 1210 4392 1530 4450; x_wconf 88' lang='lat' dir='ltr'><strong>inferiorum</strong></span> <span class='ocrx_word' id='word_1_712' title='bbox 1566 4411 1787 4468; x_wconf 91' lang='lat' dir='ltr'><strong>semper</strong></span> <span class='ocrx_word' id='word_1_713' title='bbox 1836 4399 2026 4467; x_wconf 90' lang='lat' dir='ltr'><strong>culpas</strong></span> <span class='ocrx_word' id='word_1_714' title='bbox 2058 4380 2104 4435; x_wconf 81' lang='grc' dir='ltr'><strong>Ῑ)</strong></span> <span class='ocrx_word' id='word_1_715' title='bbox 2134 4401 2361 4468; x_wconf 90' lang='lat' dir='ltr'><strong>nicatio,</strong></span> <span class='ocrx_word' id='word_1_716' title='bbox 2402 4398 2584 4470; x_wconf 91' lang='lat' dir='ltr'><strong>qualis</strong></span> <span class='ocrx_word' id='word_1_717' title='bbox 2620 4413 2721 4452; x_wconf 90' lang='lat' dir='ltr'><strong>nec</strong></span> <span class='ocrx_word' id='word_1_718' title='bbox 2756 4398 2899 4452; x_wconf 91' lang='lat' dir='ltr'><strong>inter</strong></span> <span class='ocrx_word' id='word_1_719' title='bbox 2928 4405 3139 4465; x_wconf 84' lang='lat' dir='ltr'><strong>gentes.</strong></span> <span class='ocrx_word' id='word_1_720' title='bbox 3173 4412 3192 4445; x_wconf 74' lang='grc' dir='ltr'><strong>ι</strong></span> <span class='ocrx_word' id='word_1_721' title='bbox 3235 4393 3288 4446; x_wconf 84' lang='grc' dir='ltr'><strong>1η</strong></span> <span class='ocrx_word' id='word_1_722' title='bbox 3324 4388 3710 4461; x_wconf 81' lang='lat' dir='ltr'><strong>consequenti-</strong></span> 
     </span>
    </p>
   </div>
   <div class='ocr_carea' id='block_1_90' title="bbox 444 4484 2023 4558">
    <p class='ocr_par' dir='ltr' id='par_1_90' title="bbox 444 4484 2023 4558">
     <span class='ocr_line' id='line_1_90' title="bbox 444 4484 2023 4558; baseline 0.004 -20"><span class='ocrx_word' id='word_1_723' title='bbox 444 4491 501 4538; x_wconf 90' lang='lat' dir='ltr'><strong>et</strong></span> <span class='ocrx_word' id='word_1_724' title='bbox 519 4496 737 4550; x_wconf 85' lang='lat' dir='ltr'><strong>peccata</strong></span> <span class='ocrx_word' id='word_1_725' title='bbox 754 4486 1083 4555; x_wconf 87' lang='lat' dir='ltr'><strong>suscipiunt.</strong></span> <span class='ocrx_word' id='word_1_726' title='bbox 1106 4484 1198 4540; x_wconf 89' lang='lat' dir='ltr'><strong>Sic</strong></span> <span class='ocrx_word' id='word_1_727' title='bbox 1228 4486 1373 4542; x_wconf 92' lang='lat' dir='ltr'><strong>enim</strong></span> <span class='ocrx_word' id='word_1_728' title='bbox 1392 4497 1447 4542; x_wconf 90' lang='lat' dir='ltr'><strong>et</strong></span> <span class='ocrx_word' id='word_1_729' title='bbox 1478 4490 1769 4558; x_wconf 80' lang='lat' dir='ltr'><strong>Apostolus</strong></span> <span class='ocrx_word' id='word_1_730' title='bbox 1800 4491 1932 4545; x_wconf 90' lang='lat' dir='ltr'><strong>dicit</strong></span> <span class='ocrx_word' id='word_1_731' title='bbox 1953 4492 2023 4545; x_wconf 82' lang='lat'><strong>&quot;:</strong></span> 
     </span>
    </p>
   </div>
   <div class='ocr_carea' id='block_1_91' title="bbox 452 4574 2025 4645">
    <p class='ocr_par' dir='ltr' id='par_1_91' title="bbox 452 4574 2025 4645">
     <span class='ocr_line' id='line_1_91' title="bbox 452 4574 2025 4645; baseline 0.006 -17"><span class='ocrx_word' id='word_1_732' title='bbox 452 4592 474 4628; x_wconf 79' lang='grc' dir='ltr'><strong>ι</strong></span> <span class='ocrx_word' id='word_1_733' title='bbox 496 4574 607 4629; x_wconf 79' lang='lat' dir='ltr'><strong>Vos</strong></span> <span class='ocrx_word' id='word_1_734' title='bbox 635 4577 724 4645; x_wconf 92' lang='lat' dir='ltr'><strong>qui</strong></span> <span class='ocrx_word' id='word_1_735' title='bbox 753 4577 1027 4631; x_wconf 90' lang='lat' dir='ltr'><strong>ﬁrmiores</strong></span> <span class='ocrx_word' id='word_1_736' title='bbox 1053 4577 1207 4642; x_wconf 90' lang='lat' dir='ltr'><strong>estis,</strong></span> <span class='ocrx_word' id='word_1_737' title='bbox 1245 4577 1644 4635; x_wconf 84' lang='lat' dir='ltr'><strong>imbecillitates</strong></span> <span class='ocrx_word' id='word_1_738' title='bbox 1682 4582 2025 4637; x_wconf 88' lang='lat' dir='ltr'><strong>inﬁrmorum</strong></span> 
     </span>
    </p>
   </div>
   <div class='ocr_carea' id='block_1_92' title="bbox 446 4667 2028 4746">
    <p class='ocr_par' dir='ltr' id='par_1_92' title="bbox 446 4667 2028 4746">
     <span class='ocr_line' id='line_1_92' title="bbox 446 4667 2028 4746; baseline 0.007 -25"><span class='ocrx_word' id='word_1_739' title='bbox 446 4669 733 4722; x_wconf 87' lang='lat' dir='ltr'><strong>sustinete.</strong></span> <span class='ocrx_word' id='word_1_740' title='bbox 762 4687 780 4720; x_wconf 77' lang='grc' dir='ltr'><strong>ι</strong></span> <span class='ocrx_word' id='word_1_741' title='bbox 814 4667 1054 4723; x_wconf 89' lang='lat' dir='ltr'><strong>Israelita</strong></span> <span class='ocrx_word' id='word_1_742' title='bbox 1107 4669 1153 4725; x_wconf 91' lang='lat' dir='ltr'><strong>si</strong></span> <span class='ocrx_word' id='word_1_743' title='bbox 1203 4679 1415 4740; x_wconf 88' lang='lat' dir='ltr'><strong>peccet,</strong></span> <span class='ocrx_word' id='word_1_744' title='bbox 1464 4672 1516 4726; x_wconf 87' lang='lat' dir='ltr'><strong>id</strong></span> <span class='ocrx_word' id='word_1_745' title='bbox 1568 4683 1653 4729; x_wconf 87' lang='lat' dir='ltr'><strong>est</strong></span> <span class='ocrx_word' id='word_1_746' title='bbox 1688 4674 1880 4741; x_wconf 89' lang='lat' dir='ltr'><strong>laicus,</strong></span> <span class='ocrx_word' id='word_1_747' title='bbox 1914 4676 2028 4746; x_wconf 89' lang='lat' dir='ltr'><strong>ipse</strong></span> 
     </span>
    </p>
   </div>
   <div class='ocr_carea' id='block_1_93' title="bbox 446 4760 2028 4836">
    <p class='ocr_par' dir='ltr' id='par_1_93' title="bbox 446 4760 2028 4836">
     <span class='ocr_line' id='line_1_93' title="bbox 446 4760 2028 4836; baseline 0.004 -21"><span class='ocrx_word' id='word_1_748' title='bbox 446 4773 606 4815; x_wconf 84' lang='lat' dir='ltr'><strong>suum</strong></span> <span class='ocrx_word' id='word_1_749' title='bbox 655 4775 761 4815; x_wconf 89' lang='lat' dir='ltr'><strong>non</strong></span> <span class='ocrx_word' id='word_1_750' title='bbox 812 4769 992 4830; x_wconf 89' lang='lat' dir='ltr'><strong>potest</strong></span> <span class='ocrx_word' id='word_1_751' title='bbox 1034 4760 1249 4816; x_wconf 82' lang='lat' dir='ltr'><strong>auferre</strong></span> <span class='ocrx_word' id='word_1_752' title='bbox 1285 4771 1603 4832; x_wconf 86' lang='lat' dir='ltr'><strong>peccatum;</strong></span> <span class='ocrx_word' id='word_1_753' title='bbox 1651 4767 1748 4821; x_wconf 87' lang='lat' dir='ltr'><strong>sed</strong></span> <span class='ocrx_word' id='word_1_754' title='bbox 1797 4767 2028 4836; x_wconf 91' lang='lat' dir='ltr'><strong>requirit</strong></span> 
     </span>
    </p>
   </div>
   <div class='ocr_carea' id='block_1_94' title="bbox 446 4850 2025 4923">
    <p class='ocr_par' dir='ltr' id='par_1_94' title="bbox 446 4850 2025 4923">
     <span class='ocr_line' id='line_1_94' title="bbox 446 4850 2025 4923; baseline 0.004 -18"><span class='ocrx_word' id='word_1_755' title='bbox 446 4850 692 4919; x_wconf 76' lang='lat' dir='ltr'><strong>levitam,</strong></span> <span class='ocrx_word' id='word_1_756' title='bbox 749 4851 956 4922; x_wconf 83' lang='lat' dir='ltr'><strong>indiget</strong></span> <span class='ocrx_word' id='word_1_757' title='bbox 1006 4852 1315 4917; x_wconf 89' lang='lat' dir='ltr'><strong>sacerdote,</strong></span> <span class='ocrx_word' id='word_1_758' title='bbox 1361 4852 1470 4907; x_wconf 91' lang='lat' dir='ltr'><strong>imo</strong></span> <span class='ocrx_word' id='word_1_759' title='bbox 1518 4855 1699 4923; x_wconf 88' lang='lat' dir='ltr'><strong>potius</strong></span> <span class='ocrx_word' id='word_1_760' title='bbox 1739 4865 1794 4910; x_wconf 90' lang='lat' dir='ltr'><strong>et</strong></span> <span class='ocrx_word' id='word_1_761' title='bbox 1842 4857 2025 4912; x_wconf 88' lang='lat' dir='ltr'><strong>adhuc</strong></span> 
     </span>
    </p>
   </div>
   <div class='ocr_carea' id='block_1_95' title="bbox 443 4940 2027 5023">
    <p class='ocr_par' dir='ltr' id='par_1_95' title="bbox 443 4940 2027 5023">
     <span class='ocr_line' id='line_1_95' title="bbox 443 4940 2027 5023; baseline 0.008 -29"><span class='ocrx_word' id='word_1_762' title='bbox 443 4940 640 4998; x_wconf 92' lang='lat' dir='ltr'><strong>horum</strong></span> <span class='ocrx_word' id='word_1_763' title='bbox 691 4943 894 5013; x_wconf 86' lang='lat' dir='ltr'><strong>aliquid</strong></span> <span class='ocrx_word' id='word_1_764' title='bbox 929 4945 1271 5000; x_wconf 87' lang='lat' dir='ltr'><strong>eminentius</strong></span> <span class='ocrx_word' id='word_1_765' title='bbox 1304 4947 1503 5015; x_wconf 64' lang='lat' dir='ltr'><strong>quaerit</strong></span> <span class='ocrx_word' id='word_1_766' title='bbox 1539 4965 1552 5000; x_wconf 90' lang='lat'><strong>:</strong></span> <span class='ocrx_word' id='word_1_767' title='bbox 1586 4948 1844 5017; x_wconf 87' lang='lat' dir='ltr'><strong>pontiﬁce</strong></span> <span class='ocrx_word' id='word_1_768' title='bbox 1892 4965 2027 5023; x_wconf 86' lang='lat' dir='ltr'><strong>opus</strong></span> 
     </span>
    </p>
   </div>
   <div class='ocr_carea' id='block_1_96' title="bbox 448 5038 2026 5113">
    <p class='ocr_par' dir='ltr' id='par_1_96' title="bbox 448 5038 2026 5113">
     <span class='ocr_line' id='line_1_96' title="bbox 448 5038 2026 5113; baseline 0.006 -23"><span class='ocrx_word' id='word_1_769' title='bbox 448 5044 552 5100; x_wconf 78' lang='lat' dir='ltr'><strong>est,</strong></span> <span class='ocrx_word' id='word_1_770' title='bbox 588 5046 647 5089; x_wconf 94' lang='lat' dir='ltr'><strong>ut</strong></span> <span class='ocrx_word' id='word_1_771' title='bbox 687 5045 1035 5105; x_wconf 88' lang='lat' dir='ltr'><strong>peccatorum</strong></span> <span class='ocrx_word' id='word_1_772' title='bbox 1087 5038 1468 5094; x_wconf 89' lang='lat' dir='ltr'><strong>remissionem</strong></span> <span class='ocrx_word' id='word_1_773' title='bbox 1524 5041 1695 5110; x_wconf 84' lang='lat' dir='ltr'><strong>possit</strong></span> <span class='ocrx_word' id='word_1_774' title='bbox 1752 5042 2026 5113; x_wconf 87' lang='lat' dir='ltr'><strong>accipere.</strong></span> 
     </span>
    </p>
   </div>
   <div class='ocr_carea' id='block_1_97' title="bbox 450 5125 2029 5207">
    <p class='ocr_par' dir='ltr' id='par_1_97' title="bbox 450 5125 2029 5207">
     <span class='ocr_line' id='line_1_97' title="bbox 450 5125 2029 5207; baseline 0.006 -25"><span class='ocrx_word' id='word_1_775' title='bbox 450 5125 719 5183; x_wconf 89' lang='lat' dir='ltr'><strong>Sacerdos</strong></span> <span class='ocrx_word' id='word_1_776' title='bbox 775 5139 955 5184; x_wconf 88' lang='lat' dir='ltr'><strong>autem</strong></span> <span class='ocrx_word' id='word_1_777' title='bbox 1007 5131 1051 5186; x_wconf 93' lang='lat' dir='ltr'><strong>si</strong></span> <span class='ocrx_word' id='word_1_778' title='bbox 1096 5130 1402 5202; x_wconf 88' lang='lat' dir='ltr'><strong>delinquat,</strong></span> <span class='ocrx_word' id='word_1_779' title='bbox 1459 5144 1552 5187; x_wconf 89' lang='lat' dir='ltr'><strong>aut</strong></span> <span class='ocrx_word' id='word_1_780' title='bbox 1601 5133 1865 5201; x_wconf 81' lang='lat' dir='ltr'><strong>pontifex,</strong></span> <span class='ocrx_word' id='word_1_781' title='bbox 1912 5136 2029 5207; x_wconf 89' lang='lat' dir='ltr'><strong>ipse</strong></span> 
     </span>
    </p>
   </div>
   <div class='ocr_carea' id='block_1_98' title="bbox 451 5226 2029 5298">
    <p class='ocr_par' dir='ltr' id='par_1_98' title="bbox 451 5226 2029 5298">
     <span class='ocr_line' id='line_1_98' title="bbox 451 5226 2029 5298; baseline 0.006 -23"><span class='ocrx_word' id='word_1_782' title='bbox 451 5235 607 5275; x_wconf 88' lang='lat' dir='ltr'><strong>suum</strong></span> <span class='ocrx_word' id='word_1_783' title='bbox 649 5231 827 5292; x_wconf 88' lang='lat' dir='ltr'><strong>potest</strong></span> <span class='ocrx_word' id='word_1_784' title='bbox 857 5238 1092 5294; x_wconf 82' lang='lat' dir='ltr'><strong>purgare</strong></span> <span class='ocrx_word' id='word_1_785' title='bbox 1126 5233 1408 5294; x_wconf 88' lang='lat' dir='ltr'><strong>peccatum</strong></span> <span class='ocrx_word' id='word_1_786' title='bbox 1432 5240 1448 5293; x_wconf 91' lang='lat'><strong>;</strong></span> <span class='ocrx_word' id='word_1_787' title='bbox 1475 5226 1521 5280; x_wconf 90' lang='lat' dir='ltr'><strong>si</strong></span> <span class='ocrx_word' id='word_1_788' title='bbox 1556 5235 1734 5281; x_wconf 90' lang='lat' dir='ltr'><strong>tamen</strong></span> <span class='ocrx_word' id='word_1_789' title='bbox 1763 5242 1869 5282; x_wconf 92' lang='lat' dir='ltr'><strong>nou</strong></span> <span class='ocrx_word' id='word_1_790' title='bbox 1901 5244 2029 5298; x_wconf 93' lang='lat' dir='ltr'><strong>pec-</strong></span> 
     </span>
    </p>
   </div>
   <div class='ocr_carea' id='block_1_99' title="bbox 523 5361 1125 5429">
    <p class='ocr_par' dir='ltr' id='par_1_99' title="bbox 523 5361 1125 5429">
     <span class='ocr_line' id='line_1_99' title="bbox 523 5361 1125 5429; baseline 0.005 -12"><span class='ocrx_word' id='word_1_791' title='bbox 523 5361 569 5395; x_wconf 73' lang='lat'>“</span> <span class='ocrx_word' id='word_1_792' title='bbox 594 5363 608 5417; x_wconf 92' lang='grc' dir='ltr'><strong>Ι</strong></span> <span class='ocrx_word' id='word_1_793' title='bbox 633 5361 789 5420; x_wconf 82' lang='lat' dir='ltr'><strong>Joan.</strong></span> <span class='ocrx_word' id='word_1_794' title='bbox 820 5379 882 5429; x_wconf 86' lang='lat' dir='ltr'><strong>ll,</strong></span> <span class='ocrx_word' id='word_1_795' title='bbox 909 5364 996 5428; x_wconf 80' lang='grc'><strong>15.</strong></span> <span class='ocrx_word' id='word_1_796' title='bbox 1038 5365 1125 5420; x_wconf 70' lang='grc'><strong>14.</strong></span> 
     </span>
    </p>
   </div>
   <div class='ocr_carea' id='block_1_100' title="bbox 450 5432 1000 5519">
    <p class='ocr_par' dir='ltr' id='par_1_100' title="bbox 450 5432 1000 5519">
     <span class='ocr_line' id='line_1_100' title="bbox 450 5432 1000 5519; baseline 0.005 -33"><span class='ocrx_word' id='word_1_797' title='bbox 450 5432 796 5519; x_wconf 46' lang='lat' dir='ltr'><strong>5&quot;”_Eze&#39;t;b_.</strong></span> <span class='ocrx_word' id='word_1_798' title='bbox 828 5451 908 5519; x_wconf 48' lang='grc' dir='ltr'><strong>ιδ,</strong></span> <span class='ocrx_word' id='word_1_799' title='bbox 945 5436 1000 5489; x_wconf 80' lang='grc'><strong>6.</strong></span> 
     </span>
    </p>
   </div>
   <div class='ocr_carea' id='block_1_101' title="bbox 452 5520 622 5570">
    <p class='ocr_par' dir='ltr' id='par_1_101' title="bbox 452 5520 622 5570">
     <span class='ocr_line' id='line_1_101' title="bbox 452 5520 622 5570; baseline -0.006 -10"><span class='ocrx_word' id='word_1_800' title='bbox 452 5520 535 5570; x_wconf 87' lang='grc' dir='ltr'>ιιι,</span> <span class='ocrx_word' id='word_1_801' title='bbox 567 5521 622 5559; x_wconf 81' lang='grc' dir='ltr'><strong>ο,</strong></span> 
     </span>
    </p>
   </div>
   <div class='ocr_carea' id='block_1_102' title="bbox 1130 5435 1684 5503">
    <p class='ocr_par' dir='ltr' id='par_1_102' title="bbox 1130 5435 1684 5503">
     <span class='ocr_line' id='line_1_102' title="bbox 1130 5435 1684 5503; baseline 0.007 -15"><span class='ocrx_word' id='word_1_802' title='bbox 1130 5436 1179 5468; x_wconf 70' lang='grc'><strong>⁸⁸</strong></span> <span class='ocrx_word' id='word_1_803' title='bbox 1211 5435 1372 5494; x_wconf 86' lang='lat' dir='ltr'><strong>Prov.</strong></span> <span class='ocrx_word' id='word_1_804' title='bbox 1407 5454 1565 5503; x_wconf 80' lang='lat' dir='ltr'><strong>mn,</strong></span> <span class='ocrx_word' id='word_1_805' title='bbox 1599 5436 1684 5492; x_wconf 87' lang='lat' dir='ltr'><strong>l7.</strong></span> 
     </span>
    </p>
   </div>
   <div class='ocr_carea' id='block_1_103' title="bbox 1204 5361 2035 5479">
    <p class='ocr_par' dir='ltr' id='par_1_103' title="bbox 1204 5365 2004 5479">
     <span class='ocr_line' id='line_1_103' title="bbox 1204 5365 2004 5436; baseline 0.003 -15"><span class='ocrx_word' id='word_1_806' title='bbox 1204 5365 1248 5397; x_wconf 73' lang='grc'><strong>⁸⁷</strong></span> <span class='ocrx_word' id='word_1_807' title='bbox 1279 5367 1381 5422; x_wconf 90' lang='lat' dir='ltr'><strong>lsa.</strong></span> <span class='ocrx_word' id='word_1_808' title='bbox 1414 5382 1490 5428; x_wconf 73' lang='grc' dir='ltr'><strong>χι,</strong></span> <span class='ocrx_word' id='word_1_809' title='bbox 1522 5367 1581 5422; x_wconf 75' lang='grc'><strong>1.</strong></span> <span class='ocrx_word' id='word_1_810' title='bbox 1650 5367 1696 5399; x_wconf 67' lang='grc'><strong>⁸⁸</strong></span> <span class='ocrx_word' id='word_1_811' title='bbox 1720 5367 1863 5422; x_wconf 86' lang='lat' dir='ltr'><strong>Psal.</strong></span> <span class='ocrx_word' id='word_1_812' title='bbox 1892 5384 2004 5436; x_wconf 72' lang='grc' dir='ltr'><strong>χοι,</strong></span> 
     </span>
     <span class='ocr_line' id='line_1_104' title="bbox 1211 5435 1981 5479; baseline 0 0"><span class='ocrx_word' id='word_1_813' title='bbox 1211 5435 1367 5479; x_wconf 61' lang='lat' dir='ltr'><strong>prnv,</strong></span> <span class='ocrx_word' id='word_1_814' title='bbox 1408 5454 1563 5479; x_wconf 67' lang='grc' dir='ltr'>ιτιιι-</span> <span class='ocrx_word' id='word_1_815' title='bbox 1599 5436 1664 5479; x_wconf 76' lang='grc'><strong>17</strong></span> <span class='ocrx_word' id='word_1_816' title='bbox 1765 5440 1810 5470; x_wconf 76' lang='grc'><strong>⁵⁵</strong></span> <span class='ocrx_word' id='word_1_817' title='bbox 1849 5439 1981 5479; x_wconf 70' lang='lat' dir='ltr'><strong>Hum</strong></span> 
     </span>
    </p>
   </div>
   <div class='ocr_carea' id='block_1_104' title="bbox 2132 5361 3181 5479">
    <p class='ocr_par' dir='ltr' id='par_1_104' title="bbox 2132 5361 3181 5479">
     <span class='ocr_line' id='line_1_105' title="bbox 2205 5361 3181 5437; baseline -0.013 -7"><span class='ocrx_word' id='word_1_818' title='bbox 2205 5369 2250 5403; x_wconf 74' lang='grc'>⁸⁰</span> <span class='ocrx_word' id='word_1_819' title='bbox 2284 5371 2403 5428; x_wconf 88' lang='lat' dir='ltr'><strong>Gal.</strong></span> <span class='ocrx_word' id='word_1_820' title='bbox 2438 5387 2489 5437; x_wconf 85' lang='lat' dir='ltr'><strong>v,</strong></span> <span class='ocrx_word' id='word_1_821' title='bbox 2513 5370 2605 5424; x_wconf 72' lang='lat'><strong>22.</strong></span> <span class='ocrx_word' id='word_1_822' title='bbox 2680 5369 2726 5402; x_wconf 82' lang='lat'><strong>&#39;°</strong></span> <span class='ocrx_word' id='word_1_823' title='bbox 2751 5368 2914 5423; x_wconf 70' lang='lat' dir='ltr'><strong>Num.</strong></span> <span class='ocrx_word' id='word_1_824' title='bbox 2945 5379 3102 5429; x_wconf 78' lang='lat' dir='ltr'><strong>xvm,</strong></span> <span class='ocrx_word' id='word_1_825' title='bbox 3127 5361 3181 5417; x_wconf 81' lang='grc'><strong>1.</strong></span> 
     </span>
     <span class='ocr_line' id='line_1_106' title="bbox 2132 5435 3181 5479; baseline 0 0"><span class='ocrx_word' id='word_1_826' title='bbox 2132 5457 2134 5463; x_wconf 60' lang='grc' dir='ltr'><em>ν</em></span> <span class='ocrx_word' id='word_1_827' title='bbox 2189 5441 2256 5479; x_wconf 75' lang='lat' dir='ltr'><strong>0n</strong></span> <span class='ocrx_word' id='word_1_828' title='bbox 2375 5442 2421 5474; x_wconf 71' lang='lat' dir='ltr'><strong>ac</strong></span> <span class='ocrx_word' id='word_1_829' title='bbox 2452 5442 2583 5479; x_wconf 71' lang='grc' dir='ltr'><strong>κη...</strong></span> <span class='ocrx_word' id='word_1_830' title='bbox 2648 5457 2663 5479; x_wconf 87' lang='grc' dir='ltr'><strong>ι</strong></span> <span class='ocrx_word' id='word_1_831' title='bbox 2720 5440 2770 5479; x_wconf 27' lang='grc'><strong>7-</strong></span> <span class='ocrx_word' id='word_1_832' title='bbox 2870 5438 2915 5468; x_wconf 75' lang='grc' dir='ltr'><strong>δτ</strong></span> <span class='ocrx_word' id='word_1_833' title='bbox 2948 5435 2963 5479; x_wconf 93' lang='lat' dir='ltr'><strong>l</strong></span> <span class='ocrx_word' id='word_1_834' title='bbox 2996 5437 3119 5479; x_wconf 72' lang='lat' dir='ltr'><strong>tim-</strong></span> <span class='ocrx_word' id='word_1_835' title='bbox 3152 5449 3181 5479; x_wconf 82' lang='grc' dir='ltr'>ι,</span> 
     </span>
    </p>
   </div>
   <div class='ocr_carea' id='block_1_105' title="bbox 696 5439 2366 5579">
    <p class='ocr_par' dir='ltr' id='par_1_105' title="bbox 696 5439 2366 5579">
     <span class='ocr_line' id='line_1_107' title="bbox 696 5439 2277 5503; baseline 0.006 -17"><span class='ocrx_word' id='word_1_836' title='bbox 696 5439 796 5488; x_wconf 79' lang='lat' dir='ltr'><strong>:rb.</strong></span> <span class='ocrx_word' id='word_1_837' title='bbox 832 5451 908 5502; x_wconf 73' lang='lat' dir='ltr'><strong>tv,</strong></span> <span class='ocrx_word' id='word_1_838' title='bbox 945 5439 1000 5489; x_wconf 81' lang='lat'><strong>6.</strong></span> <span class='ocrx_word' id='word_1_839' title='bbox 1130 5439 1179 5468; x_wconf 80' lang='lat'>”</span> <span class='ocrx_word' id='word_1_840' title='bbox 1211 5439 1372 5494; x_wconf 86' lang='lat' dir='ltr'><strong>Prov.</strong></span> <span class='ocrx_word' id='word_1_841' title='bbox 1407 5454 1565 5503; x_wconf 81' lang='lat' dir='ltr'><strong>xvm,</strong></span> <span class='ocrx_word' id='word_1_842' title='bbox 1599 5439 1684 5492; x_wconf 87' lang='lat' dir='ltr'><strong>l7.</strong></span> <span class='ocrx_word' id='word_1_843' title='bbox 1765 5440 1810 5470; x_wconf 83' lang='grc'><strong>⁵⁸</strong></span> <span class='ocrx_word' id='word_1_844' title='bbox 1844 5439 2005 5494; x_wconf 72' lang='lat' dir='ltr'><strong>Boni.</strong></span> <span class='ocrx_word' id='word_1_845' title='bbox 2043 5456 2156 5502; x_wconf 80' lang='lat' dir='ltr'><strong>xw,</strong></span> <span class='ocrx_word' id='word_1_846' title='bbox 2189 5441 2277 5495; x_wconf 75' lang='lat'><strong>9.0.</strong></span> 
     </span>
     <span class='ocr_line' id='line_1_108' title="bbox 696 5506 2366 5579; baseline 0.007 -21"><span class='ocrx_word' id='word_1_847' title='bbox 696 5506 741 5537; x_wconf 76' lang='grc'><strong>⁵³</strong></span> <span class='ocrx_word' id='word_1_848' title='bbox 776 5506 794 5559; x_wconf 93' lang='lat' dir='ltr'><strong>l</strong></span> <span class='ocrx_word' id='word_1_849' title='bbox 824 5507 949 5562; x_wconf 82' lang='lat' dir='ltr'><strong>Cor.</strong></span> <span class='ocrx_word' id='word_1_850' title='bbox 980 5521 1052 5573; x_wconf 76' lang='grc' dir='ltr'>ιν,</span> <span class='ocrx_word' id='word_1_851' title='bbox 1083 5507 1138 5564; x_wconf 91' lang='grc'><strong>8.</strong></span> <span class='ocrx_word' id='word_1_852' title='bbox 1214 5507 1258 5540; x_wconf 73' lang='grc' dir='ltr'><strong>⁸ο</strong></span> <span class='ocrx_word' id='word_1_853' title='bbox 1280 5508 1405 5564; x_wconf 82' lang='lat' dir='ltr'><strong>ibid.</strong></span> <span class='ocrx_word' id='word_1_854' title='bbox 1440 5509 1531 5565; x_wconf 81' lang='grc'><strong>18.</strong></span> <span class='ocrx_word' id='word_1_855' title='bbox 1606 5507 1688 5564; x_wconf 82' lang='grc' dir='ltr'><strong>⁶¹ι</strong></span> <span class='ocrx_word' id='word_1_856' title='bbox 1713 5510 1838 5566; x_wconf 79' lang='lat' dir='ltr'><strong>Cor.</strong></span> <span class='ocrx_word' id='word_1_857' title='bbox 1872 5526 1923 5579; x_wconf 90' lang='lat' dir='ltr'><strong>v,</strong></span> <span class='ocrx_word' id='word_1_858' title='bbox 1956 5511 2007 5565; x_wconf 90' lang='grc'><strong>1.</strong></span> <span class='ocrx_word' id='word_1_859' title='bbox 2080 5512 2123 5543; x_wconf 76' lang='grc'><strong>⁸³</strong></span> <span class='ocrx_word' id='word_1_860' title='bbox 2154 5513 2285 5570; x_wconf 88' lang='lat' dir='ltr'><strong>ibid.</strong></span> <span class='ocrx_word' id='word_1_861' title='bbox 2310 5513 2366 5569; x_wconf 68' lang='grc' dir='ltr'><strong>Ξ.</strong></span> 
     </span>
    </p>
   </div>
   <div class='ocr_carea' id='block_1_106' title="bbox 2134 4484 3709 4558">
    <p class='ocr_par' dir='ltr' id='par_1_106' title="bbox 2134 4484 3709 4558">
     <span class='ocr_line' id='line_1_109' title="bbox 2134 4484 3709 4558; baseline -0.011 -7"><span class='ocrx_word' id='word_1_862' title='bbox 2134 4497 2234 4551; x_wconf 89' lang='lat' dir='ltr'><strong>bus</strong></span> <span class='ocrx_word' id='word_1_863' title='bbox 2260 4508 2392 4549; x_wconf 89' lang='lat' dir='ltr'><strong>vero</strong></span> <span class='ocrx_word' id='word_1_864' title='bbox 2415 4492 2501 4545; x_wconf 65' lang='grc' dir='ltr'><strong>δίε</strong></span> <span class='ocrx_word' id='word_1_865' title='bbox 2533 4508 2553 4542; x_wconf 80' lang='grc' dir='ltr'><strong>ι</strong></span> <span class='ocrx_word' id='word_1_866' title='bbox 2587 4490 2655 4545; x_wconf 85' lang='grc' dir='ltr'>Ει</span> <span class='ocrx_word' id='word_1_867' title='bbox 2688 4504 2808 4556; x_wconf 91' lang='lat' dir='ltr'><strong>vos,</strong></span> <span class='ocrx_word' id='word_1_868' title='bbox 2842 4488 3037 4558; x_wconf 89' lang='lat' dir='ltr'><strong>inquit,</strong></span> <span class='ocrx_word' id='word_1_869' title='bbox 3063 4484 3236 4540; x_wconf 83' lang='lat' dir='ltr'><strong>inﬂati</strong></span> <span class='ocrx_word' id='word_1_870' title='bbox 3290 4485 3444 4547; x_wconf 90' lang='lat' dir='ltr'><strong>estis,</strong></span> <span class='ocrx_word' id='word_1_871' title='bbox 3502 4491 3558 4536; x_wconf 92' lang='lat' dir='ltr'><strong>et</strong></span> <span class='ocrx_word' id='word_1_872' title='bbox 3603 4495 3709 4534; x_wconf 88' lang='lat' dir='ltr'><strong>non</strong></span> 
     </span>
    </p>
   </div>
   <div class='ocr_carea' id='block_1_107' title="bbox 2133 4574 3707 4660">
    <p class='ocr_par' dir='ltr' id='par_1_107' title="bbox 2133 4574 3707 4660">
     <span class='ocr_line' id='line_1_110' title="bbox 2133 4574 3707 4660; baseline -0.013 -14"><span class='ocrx_word' id='word_1_873' title='bbox 2133 4588 2318 4660; x_wconf 89' lang='lat' dir='ltr'><strong>potius</strong></span> <span class='ocrx_word' id='word_1_874' title='bbox 2347 4587 2556 4642; x_wconf 89' lang='lat' dir='ltr'><strong>luctum</strong></span> <span class='ocrx_word' id='word_1_875' title='bbox 2591 4582 2887 4638; x_wconf 87' lang='lat' dir='ltr'><strong>habuistis.</strong></span> <span class='ocrx_word' id='word_1_876' title='bbox 2920 4599 2941 4632; x_wconf 72' lang='grc' dir='ltr'><strong>ι</strong></span> <span class='ocrx_word' id='word_1_877' title='bbox 2981 4579 3037 4633; x_wconf 91' lang='lat' dir='ltr'><strong>lu</strong></span> <span class='ocrx_word' id='word_1_878' title='bbox 3092 4594 3200 4649; x_wconf 91' lang='lat' dir='ltr'><strong>quo</strong></span> <span class='ocrx_word' id='word_1_879' title='bbox 3261 4579 3449 4646; x_wconf 86' lang='lat' dir='ltr'><strong>utique</strong></span> <span class='ocrx_word' id='word_1_880' title='bbox 3505 4574 3707 4629; x_wconf 87' lang='lat' dir='ltr'><strong>nullum</strong></span> 
     </span>
    </p>
   </div>
   <div class='ocr_carea' id='block_1_108' title="bbox 2136 4667 3711 4751">
    <p class='ocr_par' dir='ltr' id='par_1_108' title="bbox 2136 4667 3711 4751">
     <span class='ocr_line' id='line_1_111' title="bbox 2136 4667 3711 4751; baseline -0.011 -14"><span class='ocrx_word' id='word_1_881' title='bbox 2136 4682 2357 4751; x_wconf 84' lang='lat' dir='ltr'><strong>reliquit</strong></span> <span class='ocrx_word' id='word_1_882' title='bbox 2400 4680 2725 4744; x_wconf 91' lang='lat' dir='ltr'><strong>immunem,</strong></span> <span class='ocrx_word' id='word_1_883' title='bbox 2777 4675 2903 4729; x_wconf 91' lang='lat' dir='ltr'><strong>dum</strong></span> <span class='ocrx_word' id='word_1_884' title='bbox 2953 4673 3081 4727; x_wconf 90' lang='lat' dir='ltr'><strong>aliis</strong></span> <span class='ocrx_word' id='word_1_885' title='bbox 3123 4668 3529 4733; x_wconf 81' lang='lat' dir='ltr'><strong>fornicationis,</strong></span> <span class='ocrx_word' id='word_1_886' title='bbox 3587 4667 3711 4721; x_wconf 82' lang='lat' dir='ltr'><strong>aliis</strong></span> 
     </span>
    </p>
   </div>
   <div class='ocr_carea' id='block_1_109' title="bbox 2135 4759 3713 4840">
    <p class='ocr_par' dir='ltr' id='par_1_109' title="bbox 2135 4759 3713 4840">
     <span class='ocr_line' id='line_1_112' title="bbox 2135 4759 3713 4840; baseline -0.012 -9"><span class='ocrx_word' id='word_1_887' title='bbox 2135 4773 2433 4831; x_wconf 84' lang='lat' dir='ltr'><strong>inflationis</strong></span> <span class='ocrx_word' id='word_1_888' title='bbox 2468 4781 2523 4827; x_wconf 91' lang='lat' dir='ltr'><strong>et</strong></span> <span class='ocrx_word' id='word_1_889' title='bbox 2574 4768 2845 4840; x_wconf 72' lang='lat' dir='ltr'><strong>superbia:</strong></span> <span class='ocrx_word' id='word_1_890' title='bbox 2873 4767 3079 4820; x_wconf 91' lang='lat' dir='ltr'><strong>crimen</strong></span> <span class='ocrx_word' id='word_1_891' title='bbox 3128 4762 3374 4817; x_wconf 88' lang='lat' dir='ltr'><strong>ascribit.</strong></span> <span class='ocrx_word' id='word_1_892' title='bbox 3418 4759 3583 4814; x_wconf 89' lang='lat' dir='ltr'><strong>Notat</strong></span> <span class='ocrx_word' id='word_1_893' title='bbox 3614 4773 3713 4813; x_wconf 88' lang='lat' dir='ltr'><strong>eos</strong></span> 
     </span>
    </p>
   </div>
   <div class='ocr_carea' id='block_1_110' title="bbox 2133 4850 3706 4934">
    <p class='ocr_par' dir='ltr' id='par_1_110' title="bbox 2133 4850 3706 4934">
     <span class='ocr_line' id='line_1_113' title="bbox 2133 4850 3706 4934; baseline -0.013 -10"><span class='ocrx_word' id='word_1_894' title='bbox 2133 4879 2188 4924; x_wconf 91' lang='lat' dir='ltr'><strong>et</strong></span> <span class='ocrx_word' id='word_1_895' title='bbox 2217 4869 2271 4922; x_wconf 91' lang='lat' dir='ltr'><strong>in</strong></span> <span class='ocrx_word' id='word_1_896' title='bbox 2308 4864 2763 4934; x_wconf 88' lang='lat' dir='ltr'><strong>consequentibus</strong></span> <span class='ocrx_word' id='word_1_897' title='bbox 2791 4859 2953 4914; x_wconf 87' lang='lat' dir='ltr'><strong>etiam</strong></span> <span class='ocrx_word' id='word_1_898' title='bbox 2986 4859 3052 4913; x_wconf 90' lang='lat' dir='ltr'><strong>de</strong></span> <span class='ocrx_word' id='word_1_899' title='bbox 3083 4855 3327 4924; x_wconf 89' lang='lat' dir='ltr'><strong>judiciis,</strong></span> <span class='ocrx_word' id='word_1_900' title='bbox 3358 4863 3416 4908; x_wconf 91' lang='lat' dir='ltr'><strong>et</strong></span> <span class='ocrx_word' id='word_1_901' title='bbox 3443 4853 3578 4907; x_wconf 88' lang='lat' dir='ltr'><strong>dicit</strong></span> <span class='ocrx_word' id='word_1_902' title='bbox 3615 4850 3706 4904; x_wconf 78' lang='lat' dir='ltr'><strong>&quot;z</strong></span> 
     </span>
    </p>
   </div>
   <div class='ocr_carea' id='block_1_111' title="bbox 2139 4944 3710 5029">
    <p class='ocr_par' dir='ltr' id='par_1_111' title="bbox 2139 4944 3710 5029">
     <span class='ocr_line' id='line_1_114' title="bbox 2139 4944 3710 5029; baseline -0.012 -15"><span class='ocrx_word' id='word_1_903' title='bbox 2139 4981 2158 5014; x_wconf 80' lang='grc' dir='ltr'><strong>ι</strong></span> <span class='ocrx_word' id='word_1_904' title='bbox 2181 4959 2300 5017; x_wconf 79' lang='lat' dir='ltr'><strong>Jam</strong></span> <span class='ocrx_word' id='word_1_905' title='bbox 2345 4959 2567 5029; x_wconf 92' lang='lat' dir='ltr'><strong>quidem</strong></span> <span class='ocrx_word' id='word_1_906' title='bbox 2600 4954 2824 5011; x_wconf 90' lang='lat' dir='ltr'><strong>omnino</strong></span> <span class='ocrx_word' id='word_1_907' title='bbox 2852 4953 3107 5009; x_wconf 89' lang='lat' dir='ltr'><strong>delictum</strong></span> <span class='ocrx_word' id='word_1_908' title='bbox 3150 4958 3234 5005; x_wconf 91' lang='lat' dir='ltr'><strong>est</strong></span> <span class='ocrx_word' id='word_1_909' title='bbox 3278 4948 3332 5001; x_wconf 91' lang='lat' dir='ltr'><strong>in</strong></span> <span class='ocrx_word' id='word_1_910' title='bbox 3363 4944 3552 5014; x_wconf 89' lang='lat' dir='ltr'><strong>vobis;</strong></span> <span class='ocrx_word' id='word_1_911' title='bbox 3582 4944 3710 5015; x_wconf 87' lang='lat' dir='ltr'><strong>quia</strong></span> 
     </span>
    </p>
   </div>
   <div class='ocr_carea' id='block_1_112' title="bbox 2127 5040 3711 5120">
    <p class='ocr_par' dir='ltr' id='par_1_112' title="bbox 2127 5040 3711 5120">
     <span class='ocr_line' id='line_1_115' title="bbox 2127 5040 3711 5120; baseline -0.009 -18"><span class='ocrx_word' id='word_1_912' title='bbox 2127 5047 2333 5120; x_wconf 90' lang='lat' dir='ltr'><strong>judicia</strong></span> <span class='ocrx_word' id='word_1_913' title='bbox 2364 5046 2581 5102; x_wconf 90' lang='lat' dir='ltr'><strong>habetis</strong></span> <span class='ocrx_word' id='word_1_914' title='bbox 2619 5045 2764 5100; x_wconf 89' lang='lat' dir='ltr'><strong>inter</strong></span> <span class='ocrx_word' id='word_1_915' title='bbox 2790 5058 2909 5099; x_wconf 82' lang='lat' dir='ltr'><strong>vos.</strong></span> <span class='ocrx_word' id='word_1_916' title='bbox 2937 5061 2957 5095; x_wconf 71' lang='grc' dir='ltr'><strong>ι</strong></span> <span class='ocrx_word' id='word_1_917' title='bbox 2989 5040 3182 5110; x_wconf 82' lang='lat' dir='ltr'><strong>Arguit</strong></span> <span class='ocrx_word' id='word_1_918' title='bbox 3209 5052 3307 5093; x_wconf 91' lang='lat' dir='ltr'><strong>eos</strong></span> <span class='ocrx_word' id='word_1_919' title='bbox 3331 5050 3467 5106; x_wconf 90' lang='lat' dir='ltr'><strong>quos</strong></span> <span class='ocrx_word' id='word_1_920' title='bbox 3490 5042 3711 5090; x_wconf 79' lang='lat' dir='ltr'><strong>sanctos</strong></span> 
     </span>
    </p>
   </div>
   <div class='ocr_carea' id='block_1_113' title="bbox 2135 5128 3711 5209">
    <p class='ocr_par' dir='ltr' id='par_1_113' title="bbox 2135 5128 3711 5209">
     <span class='ocr_line' id='line_1_116' title="bbox 2135 5128 3711 5209; baseline -0.011 -13"><span class='ocrx_word' id='word_1_921' title='bbox 2135 5142 2372 5205; x_wconf 76' lang='lat' dir='ltr'><strong>dixerat,</strong></span> <span class='ocrx_word' id='word_1_922' title='bbox 2402 5149 2457 5195; x_wconf 91' lang='lat' dir='ltr'><strong>et</strong></span> <span class='ocrx_word' id='word_1_923' title='bbox 2478 5155 2575 5209; x_wconf 88' lang='lat' dir='ltr'><strong>pro</strong></span> <span class='ocrx_word' id='word_1_924' title='bbox 2603 5152 2670 5195; x_wconf 90' lang='lat' dir='ltr'><strong>eo</strong></span> <span class='ocrx_word' id='word_1_925' title='bbox 2697 5136 2845 5208; x_wconf 91' lang='lat' dir='ltr'><strong>quod</strong></span> <span class='ocrx_word' id='word_1_926' title='bbox 2871 5135 3031 5190; x_wconf 89' lang='lat' dir='ltr'><strong>idolis</strong></span> <span class='ocrx_word' id='word_1_927' title='bbox 3059 5132 3338 5188; x_wconf 89' lang='lat' dir='ltr'><strong>immolata</strong></span> <span class='ocrx_word' id='word_1_928' title='bbox 3359 5128 3711 5193; x_wconf 88' lang='lat' dir='ltr'><strong>manducent,</strong></span> 
     </span>
    </p>
   </div>
   <div class='ocr_carea' id='block_1_114' title="bbox 2134 5216 3705 5303">
    <p class='ocr_par' dir='ltr' id='par_1_114' title="bbox 2134 5216 3705 5303">
     <span class='ocr_line' id='line_1_117' title="bbox 2134 5216 3705 5303; baseline -0.011 -15"><span class='ocrx_word' id='word_1_929' title='bbox 2134 5246 2190 5288; x_wconf 90' lang='lat' dir='ltr'><strong>et</strong></span> <span class='ocrx_word' id='word_1_930' title='bbox 2237 5233 2393 5303; x_wconf 84' lang='lat' dir='ltr'><strong>quasi</strong></span> <span class='ocrx_word' id='word_1_931' title='bbox 2443 5231 2775 5287; x_wconf 89' lang='lat' dir='ltr'><strong>sententiam</strong></span> <span class='ocrx_word' id='word_1_932' title='bbox 2825 5228 2970 5283; x_wconf 90' lang='lat' dir='ltr'><strong>inter</strong></span> <span class='ocrx_word' id='word_1_933' title='bbox 3001 5240 3095 5281; x_wconf 88' lang='lat' dir='ltr'><strong>eos</strong></span> <span class='ocrx_word' id='word_1_934' title='bbox 3128 5222 3416 5295; x_wconf 87' lang='lat' dir='ltr'><strong>proferens</strong></span> <span class='ocrx_word' id='word_1_935' title='bbox 3442 5220 3581 5276; x_wconf 90' lang='lat' dir='ltr'><strong>dicit</strong></span> <span class='ocrx_word' id='word_1_936' title='bbox 3610 5216 3658 5250; x_wconf 76' lang='lat'><strong>“</strong></span> <span class='ocrx_word' id='word_1_937' title='bbox 3691 5230 3705 5266; x_wconf 92' lang='lat'><strong>:</strong></span> 
     </span>
    </p>
   </div>
   <div class='ocr_carea' id='block_1_115' title="bbox 3259 5357 3706 5421">
    <p class='ocr_par' dir='ltr' id='par_1_115' title="bbox 3259 5357 3706 5421">
     <span class='ocr_line' id='line_1_118' title="bbox 3259 5357 3706 5421; baseline -0.013 -6"><span class='ocrx_word' id='word_1_938' title='bbox 3259 5362 3302 5394; x_wconf 84' lang='grc'><strong>⁵¹</strong></span> <span class='ocrx_word' id='word_1_939' title='bbox 3337 5360 3496 5415; x_wconf 78' lang='lat' dir='ltr'><strong>Rom.</strong></span> <span class='ocrx_word' id='word_1_940' title='bbox 3527 5373 3619 5421; x_wconf 87' lang='lat' dir='ltr'><strong>xv,</strong></span> <span class='ocrx_word' id='word_1_941' title='bbox 3653 5357 3706 5410; x_wconf 84' lang='grc'><strong>1.</strong></span> 
     </span>
    </p>
   </div>
   <div class='ocr_carea' id='block_1_116' title="bbox 2870 5429 3719 5498">
    <p class='ocr_par' dir='ltr' id='par_1_116' title="bbox 2870 5429 3719 5498">
     <span class='ocr_line' id='line_1_119' title="bbox 2870 5429 3719 5498; baseline -0.007 -8"><span class='ocrx_word' id='word_1_942' title='bbox 2870 5438 2915 5468; x_wconf 78' lang='grc'>⁸⁷</span> <span class='ocrx_word' id='word_1_943' title='bbox 2945 5435 2963 5489; x_wconf 92' lang='lat' dir='ltr'><strong>l</strong></span> <span class='ocrx_word' id='word_1_944' title='bbox 2996 5437 3119 5488; x_wconf 83' lang='lat' dir='ltr'><strong>Cor.</strong></span> <span class='ocrx_word' id='word_1_945' title='bbox 3151 5437 3221 5498; x_wconf 84' lang='lat' dir='ltr'><strong>t,l</strong></span> <span class='ocrx_word' id='word_1_946' title='bbox 3257 5443 3307 5488; x_wconf 90' lang='lat' dir='ltr'><strong>et</strong></span> <span class='ocrx_word' id='word_1_947' title='bbox 3338 5432 3394 5485; x_wconf 75' lang='grc'><strong>2.</strong></span> <span class='ocrx_word' id='word_1_948' title='bbox 3470 5431 3516 5463; x_wconf 80' lang='grc'><strong><em>⁸⁵</em></strong></span> <span class='ocrx_word' id='word_1_949' title='bbox 3542 5430 3558 5483; x_wconf 84' lang='grc' dir='ltr'><strong>ι</strong></span> <span class='ocrx_word' id='word_1_950' title='bbox 3584 5429 3719 5484; x_wconf 67' lang='lat' dir='ltr'><strong>Cor.</strong></span> 
     </span>
    </p>
   </div>
   <div class='ocr_carea' id='block_1_117' title="bbox 2375 5440 3494 5571">
    <p class='ocr_par' dir='ltr' id='par_1_117' title="bbox 2375 5440 3494 5571">
     <span class='ocr_line' id='line_1_120' title="bbox 2375 5440 3490 5504; baseline -0.009 -10"><span class='ocrx_word' id='word_1_951' title='bbox 2375 5442 2421 5474; x_wconf 77' lang='grc'>⁸⁸</span> <span class='ocrx_word' id='word_1_952' title='bbox 2450 5442 2606 5494; x_wconf 77' lang='lat' dir='ltr'><strong>lium.</strong></span> <span class='ocrx_word' id='word_1_953' title='bbox 2648 5457 2688 5504; x_wconf 88' lang='grc' dir='ltr'>ι,</span> <span class='ocrx_word' id='word_1_954' title='bbox 2720 5440 2773 5494; x_wconf 88' lang='grc'><strong>7.</strong></span> <span class='ocrx_word' id='word_1_955' title='bbox 2870 5440 2915 5468; x_wconf 78' lang='grc'><strong>⁵⁷</strong></span> <span class='ocrx_word' id='word_1_956' title='bbox 2945 5440 2963 5489; x_wconf 89' lang='grc' dir='ltr'><strong>Ι</strong></span> <span class='ocrx_word' id='word_1_957' title='bbox 2996 5440 3119 5488; x_wconf 85' lang='lat' dir='ltr'><strong>Cor.</strong></span> <span class='ocrx_word' id='word_1_958' title='bbox 3151 5440 3221 5498; x_wconf 84' lang='lat' dir='ltr'><strong>t,l</strong></span> <span class='ocrx_word' id='word_1_959' title='bbox 3257 5443 3307 5488; x_wconf 92' lang='lat' dir='ltr'><strong>el</strong></span> <span class='ocrx_word' id='word_1_960' title='bbox 3338 5440 3394 5485; x_wconf 74' lang='lat'><strong>2.</strong></span> <span class='ocrx_word' id='word_1_961' title='bbox 3470 5440 3490 5463; x_wconf 86' lang='lat'><strong>&#39;</strong></span> 
     </span>
     <span class='ocr_line' id='line_1_121' title="bbox 2445 5502 3494 5571; baseline -0.009 -4"><span class='ocrx_word' id='word_1_962' title='bbox 2445 5512 2538 5566; x_wconf 78' lang='grc'><strong>⁸³1</strong></span> <span class='ocrx_word' id='word_1_963' title='bbox 2570 5513 2694 5568; x_wconf 80' lang='lat' dir='ltr'><strong>Cor.</strong></span> <span class='ocrx_word' id='word_1_964' title='bbox 2729 5526 2805 5571; x_wconf 71' lang='grc' dir='ltr'><strong>γι,</strong></span> <span class='ocrx_word' id='word_1_965' title='bbox 2838 5509 2892 5563; x_wconf 83' lang='grc'><strong>’1.</strong></span> <span class='ocrx_word' id='word_1_966' title='bbox 2971 5508 3017 5538; x_wconf 71' lang='grc'><strong>⁸³⁸</strong></span> <span class='ocrx_word' id='word_1_967' title='bbox 3046 5508 3065 5561; x_wconf 84' lang='grc'><strong>1</strong></span> <span class='ocrx_word' id='word_1_968' title='bbox 3097 5505 3224 5560; x_wconf 81' lang='lat' dir='ltr'><strong>Cor.</strong></span> <span class='ocrx_word' id='word_1_969' title='bbox 3262 5517 3376 5571; x_wconf 85' lang='lat' dir='ltr'><strong>vut,</strong></span> <span class='ocrx_word' id='word_1_970' title='bbox 3407 5502 3494 5558; x_wconf 71' lang='lat'><strong>12.</strong></span> 
     </span>
    </p>
   </div>
   <div class='ocr_carea' id='block_1_118' title="bbox 2445 5509 2892 5578">
    <p class='ocr_par' dir='ltr' id='par_1_118' title="bbox 2445 5509 2892 5578">
     <span class='ocr_line' id='line_1_122' title="bbox 2445 5509 2892 5578; baseline -0.009 -12"><span class='ocrx_word' id='word_1_971' title='bbox 2445 5512 2538 5566; x_wconf 79' lang='grc'><strong>⁸³1</strong></span> <span class='ocrx_word' id='word_1_972' title='bbox 2570 5513 2694 5568; x_wconf 80' lang='lat' dir='ltr'><strong>Cor.</strong></span> <span class='ocrx_word' id='word_1_973' title='bbox 2729 5526 2805 5578; x_wconf 71' lang='grc' dir='ltr'><strong>γι,</strong></span> <span class='ocrx_word' id='word_1_974' title='bbox 2838 5509 2892 5563; x_wconf 88' lang='lat' dir='ltr'><strong>&#39;l.</strong></span> 
     </span>
    </p>
   </div>
   <div class='ocr_carea' id='block_1_119' title="bbox 525 5669 3233 5745">
    <p class='ocr_par' dir='ltr' id='par_1_119' title="bbox 525 5669 3233 5745">
     <span class='ocr_line' id='line_1_123' title="bbox 525 5669 3233 5745; baseline -0.002 -18"><span class='ocrx_word' id='word_1_975' title='bbox 525 5671 604 5744; x_wconf 80' lang='lat'><strong>(5)</strong></span> <span class='ocrx_word' id='word_1_976' title='bbox 638 5669 741 5726; x_wconf 75' lang='lat' dir='ltr'><strong>Per</strong></span> <span class='ocrx_word' id='word_1_977' title='bbox 792 5673 1161 5732; x_wconf 74' lang='lat' dir='ltr'><strong>substantiam.</strong></span> <span class='ocrx_word' id='word_1_978' title='bbox 1200 5674 1565 5735; x_wconf 85' lang='lat' dir='ltr'><strong>Substantiam</strong></span> <span class='ocrx_word' id='word_1_979' title='bbox 1613 5693 1765 5735; x_wconf 87' lang='lat' dir='ltr'><strong>more</strong></span> <span class='ocrx_word' id='word_1_980' title='bbox 1813 5678 2001 5737; x_wconf 74' lang='lat' dir='ltr'><strong>Cnet-0</strong></span> <span class='ocrx_word' id='word_1_981' title='bbox 2035 5688 2189 5743; x_wconf 82' lang='lat' dir='ltr'><strong>vocat</strong></span> <span class='ocrx_word' id='word_1_982' title='bbox 2220 5673 2647 5740; x_wconf 84' lang='lat' dir='ltr'><strong>subsistentiam,</strong></span> <span class='ocrx_word' id='word_1_983' title='bbox 2683 5673 2736 5729; x_wconf 94' lang='lat' dir='ltr'><strong>id</strong></span> <span class='ocrx_word' id='word_1_984' title='bbox 2764 5679 2845 5728; x_wconf 86' lang='lat' dir='ltr'><strong>cst</strong></span> <span class='ocrx_word' id='word_1_985' title='bbox 2874 5671 3233 5745; x_wconf 68' lang='lat' dir='ltr'><strong>hypostasim.</strong></span> 
     </span>
    </p>
   </div>
  </div>
