4074 6156
465 220 573 276 657

1677 212 1746 268 IN
1777 213 2110 272 NUMEROS
2145 215 2428 273 HOMILIA
2468 215 2537 273 Χ.
2625 232 2631 238 '

3631 209 3733 265 638

471 361 495 395 ι
527 340 622 398 Sic
658 348 843 396 autem
900 348 1194 410 peccantes
1220 337 1364 392 inter
1389 335 1615 403 fratres,
1651 348 1707 394 et
1741 341 2050 409 percutien-
2080 347 2128 402 Α
2154 341 2301 396 dium
2337 352 2514 413 gerat,
2567 354 2692 396 cum
2731 336 3068 408 peccaverit,
3098 333 3276 390 nescit
3315 330 3522 403 peccati
3557 332 3731 401 pteni-

470 443 555 489 tes
602 433 1000 488 conscientiam
1046 444 1235 485 earum
1296 429 1595 497 inﬁrmam,
1658 431 1714 485 in
1771 431 2052 487 Christum

468 526 730 596 peccatis.
786 543 806 577 ι
859 522 968 578 Sed
1027 531 1082 576 et
1147 522 1215 576 de
1264 535 1331 576 eo
1392 520 1754 578 nihilominus
1807 522 2054 578 confutat

470 630 592 678 eos,
627 615 771 684 quod
811 628 917 668 non
954 613 1129 668 solum
1174 612 1580 667 immolatitium
1613 612 1692 685 (6)
1725 613 1931 681 cibum,
1951 614 2055 670 sed

468 720 527 763 et
581 707 807 762 calicem
846 706 1240 761 daemoniorum
1294 715 1649 775 praesumant,
1700 716 1756 762 et
1809 706 2051 762 dicit“:

476 814 494 844 ι
520 794 642 851 Non
663 799 893 867 potestis
923 796 1146 852 calicem
1195 794 1413 852 Domini
1463 794 1677 865 bibere,
1727 806 1784 852 et
1826 798 2054 853 calicem

470 889 874 945 d:etnoniorum
908 906 920 943 :
958 903 1064 943 non
1123 888 1353 959 potestis
1402 902 1608 943 mensa
1642 888 1856 944 Domini
1887 891 2057 959 parti—

471 982 625 1050 cipes
664 995 807 1045 esse,
851 990 906 1035 et
953 993 1155 1034 mensae
1206 978 1620 1034 daemoniorum.
1656 998 1676 1032 ›
1722 980 1861 1048 lpsis
1888 983 2055 1037 etiam

475 1074 609 1129 illud
640 1075 774 1128 dicit
803 1074 849 1105 “
880 1090 895 1127 ε
937 1092 956 1125 ι
988 1072 1143 1141 Quod
1175 1075 1631 1130 convenientibus
1681 1074 1838 1131 vobis
1863 1074 1918 1129 in
1952 1076 2054 1132 Ec-

472 1169 664 1233 clesia,
695 1166 854 1221 audio
874 1166 1174 1222 schismata
1191 1181 1367 1222 esseJ
1389 1167 1453 1222 Et
1484 1168 1683 1222 iterum
1701 1166 1745 1199 ⁸⁷
1771 1183 1786 1220 :
1822 1186 1842 1220 ι
1872 1165 2054 1222 Unus-

473 1264 710 1332 quisque
762 1260 907 1316 enim
953 1274 1107 1315 suam
1160 1273 1374 1314 ctenam
1413 1261 1702 1329 praesumit
1732 1260 1800 1314 ad
1834 1262 2059 1316 mandu-

474 1356 709 1411 candum
737 1362 826 1407 :et
847 1351 987 1407 alius
1015 1351 1234 1420 quidem
1266 1351 1476 1415 esurit,
1499 1352 1641 1406 alius
1668 1361 1852 1405 autem
1869 1352 2058 1407 ebrius
2090 1425 2094 1430 _

473 1458 581 1504 est.
613 1467 631 1499 ι
668 1447 729 1502 Ει
761 1462 858 1517 pro
892 1445 960 1500 iis
989 1444 1210 1500 delictis
1247 1445 1382 1501 dicit
1404 1444 1450 1477 ⁸⁸
1484 1462 1500 1498 :
1533 1464 1552 1497 ι
1578 1444 1878 1516 Propterea
1915 1449 2062 1500 inter

477 1559 579 1598 vos
632 1541 787 1597 multi
849 1542 1079 1607 infirmi,
1144 1551 1203 1597 et
1247 1542 1404 1612 tegri,
1455 1549 1511 1596 et
1555 1540 1840 1595 dormiunt
1880 1540 2057 1596 multi.

474 1634 631 1704 Quod
669 1636 714 1689 si
749 1650 848 1689 nos
888 1635 1035 1704 ipsos
1067 1634 1512 1705 dijudicaremus,
1546 1648 1652 1688 non
1687 1634 1875 1702 utique
1896 1632 2057 1702 302

2167 434 2412 489 tudinem
2443 446 2655 503 gerere,
2686 431 2860 486 nescit
2901 426 3084 485 delicti
3131 425 3435 481 remedium
3463 439 3729 494 quzerere.

2156 526 2260 593 Qui
2298 540 2404 581 non
2452 533 2589 581 sunt
2636 523 2837 590 sancti,
2866 522 2918 576 in
2966 519 3214 593 peccatis
3241 518 3359 574 suis
3390 517 3731 578 moriuntur:

2156 619 2249 688 qui
2282 618 2458 675 sancti
2507 625 2656 681 sunt,
2689 632 2786 687 pro
2810 616 3051 686 peccatis
3078 612 3481 682 pmnitudinem
3515 621 3731 679 gerunt,

2156 711 2383 769 vulnera
2431 724 2531 764 sua
2582 709 2849 770 sentiunt,
2882 705 3196 771 intelligunt
3224 703 3429 772 lapsus,
3454 703 3734 773 requirunt

2155 804 2519 867 sacerdotem,
2577 799 2865 854 sanitatem
2919 797 3245 864 deposcunt,
3298 792 3757 863 purificationem

2157 909 2256 964 per
2290 891 2600 964 pontificem
2655 896 2928 961 quzerunt.
2965 886 3172 941 Idcirco
3221 901 3354 956 ergo
3385 896 3546 941 caute
3578 893 3633 940 et
3660 883 3737 939 si-

2159 987 2491 1057 gniﬁcanter
2518 998 2700 1039 sermo
2726 982 2861 1051 legis
2883 979 3155 1049 designat,
3197 977 3329 1047 quia
3363 976 3650 1047 pontiﬁces
3679 982 3737 1031 et

2159 1078 2496 1141 sacerdotes,
2554 1091 2660 1130 non
2722 1084 3214 1143 quorumcunque,
3261 1070 3357 1124 sed
3413 1080 3732 1123 sanctorum

2163 1167 2539 1223 tantummodo
2566 1172 2785 1219 sumant
2816 1170 3074 1231 peccata;
3101 1166 3328 1213 sanctus
3361 1157 3507 1211 enim
3541 1155 3736 1226 estqui

2161 1269 2445 1329 peccatum
2482 1271 2638 1312 suum
2664 1268 2760 1323 per
2791 1250 3104 1322 pontiﬁcem
3131 1256 3313 1303 curat.

2228 1349 2284 1405 2.
2328 1348 2434 1404 Sed
2484 1350 2770 1401 redeamus
2797 1343 2862 1399 ad
2899 1343 3213 1411 pontificem
3257 1351 3524 1405 nostrmn,
3557 1336 3737 1407 ponti-

2162 1442 2319 1497 ﬁcem
2355 1456 2605 1510 magnum
2652 1439 2740 1510 qui
2777 1436 3082 1506 penetravit
3127 1434 3317 1499 cwlos,
3344 1432 3525 1487 Jesum
3558 1428 3740 1484 Domi-

2159 1545 2290 1584 num
2320 1541 2597 1593 nostrum;
2631 1536 2689 1581 et
2716 1527 2998 1581 videamus
3023 1526 3294 1594 quomodo
3325 1524 3437 1592 ipse
3465 1537 3584 1575 cum
3615 1517 3742 1572 ﬁliis

2164 1619 2298 1684 suis,
2331 1618 2590 1688 apostolis
2623 1617 2833 1673 scilicet
2857 1626 2911 1670 et
2937 1616 3289 1686 martyribus,
3318 1612 3483 1668 sumit
3517 1618 3741 1681 peccata

468 1698 864 1796 indicarem“...
895 1698 924 1779 ι’
972 1698 1137 1782 post-
1160 1728 1277 1783 [me
1328 1737 1511 1782 autem
1560 1742 1670 1782 ηοη
1699 1698 1813 1795 Ῑςιιίι
1861 1698 2057 1781 agn};
2095 1698 2136 1752 Β
2166 1719 2498 1765 sanctorum.
2535 1709 2603 1762 Et
2629 1709 2849 1777 quidem
2882 1710 3026 1778 quod
3060 1708 3321 1762 Dominus
3355 1714 3545 1760 noster
3576 1700 3735 1757 Jesus

484 1822 718 1877 moralia
755 1821 857 1892 (7),
889 1819 984 1875 sed
1028 1819 1152 1874 ﬁdei
1186 1821 1238 1874 in
1270 1820 1350 1876 eis
1378 1822 1586 1876 crimen
1619 1830 1942 1890 exaggerat.
1970 1822 2063 1874 Ait

475 1914 623 1968 enim
644 1911 690 1945 ⁶⁹
717 1931 730 1967 :
771 1929 790 1963 ι
812 1911 1097 1979 Quomodo
1138 1911 1326 1966 dicunt
1364 1910 1510 1966 inter
1543 1926 1639 1966 vos
1667 1912 1888 1981 quidam
1914 1911 2059 1982 quod

479 2006 813 2062 resurrectio
853 2017 1193 2061 mortuorum
1247 2020 1357 2060 non
1417 2006 1570 2061 sit?»
1627 2005 1693 2061 Et
1747 2005 1947 2060 iterum
1969 2004 2059 2061 7°:

483 2116 502 2149 ι
528 2099 586 2152 Si
614 2105 794 2153 autem
828 2097 1082 2152 Christus
1116 2112 1222 2150 non
1266 2098 1592 2162 resurrexit,
1629 2111 1768 2150 vana
1804 2105 1888 2152 est
1928 2096 2062 2151 ﬁdes

478 2199 686 2242 vestra.
714 2189 906 2252 Adhuc
927 2188 1071 2243 enim
1102 2187 1235 2241 estis
1268 2187 1320 2241 in
1351 2188 1594 2256 peccatis
1624 2188 1840 2243 vestris.
1871 2206 1890 2239 ι
1916 2187 2061 2242 Lon-

482 2300 607 2357 gum
643 2298 806 2353 porro
838 2290 943 2347 est,
987 2296 1089 2336 nec
1129 2281 1382 2349 praesnti
1430 2281 1769 2336 conveniens
1806 2280 2058 2350 tempori,

480 2385 539 2429 ut
585 2374 811 2445 plurima
869 2373 936 2429 de
991 2372 1058 2427 iis
1103 2371 1414 2427 testimonia
1463 2372 1831 2442 proferamus,
1865 2374 2062 2443 quibus

478 2469 740 2539 probetur
761 2466 908 2536 quod
935 2465 969 2519 ii
1003 2465 1092 2534 qui
1127 2465 1303 2520 sa’ncti
1341 2465 1617 2529 dicuntur,
1655 2480 1761 2520 non
1798 2466 2063 2521 continue

480 2561 648 2615 etiam
692 2558 811 2612 sine
842 2567 1066 2627 peccato
1096 2571 1219 2611 esse
1245 2555 1652 2625 intelligantur;
1680 2558 1776 2610 sed
1804 2555 1921 2611 haec
1944 2555 2064 2625 opi-

440 2711 452 2721 κ
481 2658 680 2705 nentur
719 2650 793 2716 illi
825 2650 915 2720 qui
951 2650 1250 2717 Scripturis
1281 2648 1478 2703 divinis
1522 2661 1630 2700 non
1682 2646 1932 2711 sollicite,
1963 2662 2064 2701 nec

480 2743 770 2810 diligenter
816 2742 1145 2797 intendunt:
1180 2741 1234 2795 in
1281 2741 1478 2810 quibus
1522 2739 1704 2793 multa:
1735 2754 1857 2794 esse
1908 2738 2064 2795 diffe-

479 2833 674 2886 rentiae
705 2842 1021 2886 sanctorum
1051 2832 1339 2895 docentur,
1377 2829 1518 2884 sicut
1548 2846 1577 2883 a
1600 2829 1757 2884 nobis
1785 2838 1838 2883 et
1863 2830 1917 2883 in
1941 2829 2064 2884 aliis

482 2925 812 2979 tractatibus
840 2923 1055 2992 plenius
1089 2923 1297 2978 dictuut
1328 2930 1433 2975 est.
1467 2920 1578 2976 Sed
1614 2931 1671 2976 et
1710 2936 1854 2975 nunc
1882 2934 2063 2989 quan-

484 3026 599 3072 tum
627 3016 777 3071 locus
801 3017 1049 3084 requirit,
1083 3017 1350 3070 dicemus.
1377 3013 1562 3070 Sancti
1593 3014 1848 3068 dicuntur
1873 3015 2063 3069 iidem-
2087 3054 2130 3112 ρ

484 3125 592 3178 que
618 3120 674 3163 et
699 3119 1017 3179 peccatores
1044 3107 1122 3161 illi
1145 3108 1236 3176 qui
1259 3121 1320 3163 se
1348 3114 1611 3160 voverunt
1640 3105 1857 3174 quidem
1879 3104 1989 3158 Deo
2006 3115 2059 3158 et

485 3210 970 3272 sequestraveruut
1018 3217 1048 3255 a
1085 3199 1231 3269 vulgi
1271 3201 1683 3253 conversatione
1712 3198 1876 3251 vitam
1905 3212 2059 3252 suam

485 3297 551 3351 ad
587 3298 688 3349 hoc
724 3302 798 3362 ut
824 3293 1070 3357 Domino
1098 3294 1364 3349 serviant.
1397 3289 1714 3359 Hujusmodi
1742 3304 1872 3358 ergo
1899 3291 2063 3345 homo

486 3389 783 3444 secundum
817 3388 944 3455 hoc,
978 3388 1120 3455 quod
1158 3401 1216 3441 se
1265 3384 1480 3440 caeteris
1522 3383 1738 3438 actibus
1782 3383 2066 3438 circumci-

486 3482 563 3535 sis
591 3480 818 3533 Domino
851 3478 1202 3548 mancipavit,
1238 3488 1466 3532 sanctus
1493 3475 1713 3530 dicitur.
1746 3474 1930 3531 Potest
1963 3491 2064 3529 au-

489 3583 595 3627 tem
631 3574 766 3637 ﬁeri,
800 3582 856 3625 ut
886 3573 937 3625 in
968 3571 1070 3626 hoc
1103 3572 1219 3640 ipso
1245 3572 1388 3640 quod
1417 3571 1645 3625 Domino
1668 3570 1927 3637 deservit,
1957 3584 2063 3623 non

489 3667 565 3720 ita
609 3665 793 3719 omnia
834 3673 989 3735 gerat
1024 3673 1083 3718 ut
1121 3663 1238 3735 geri
1267 3664 1549 3734 competit,
1584 3665 1679 3720 sed
1713 3664 1990 3733 delinquat
2011 3665 2063 3717 in

489 3756 785 3821 nonnullis,
818 3766 874 3812 et
914 3766 1122 3827 peccet.
1177 3754 1332 3812 Sicut
1361 3760 1506 3813 enim
1557 3758 1602 3813 is
1634 3757 1728 3828 qui
1758 3765 2067 3826 sequeStrat

489 3865 572 3917 se,
599 3860 656 3905 et
701 3859 949 3922 Sogregat
978 3850 1045 3905 ab
1071 3849 1323 3906 omnibus
1347 3849 1581 3918 actibus,
1616 3860 1675 3903 ut
1698 3849 2065 3919 disciplinam,

492 3942 642 3999 verbi
676 3943 873 4013 gratia,
916 3944 1201 3998 medicina:
1251 3952 1345 3997 attt
1371 3942 1731 4013 philosophia:
1764 3956 2067 4008 consequa-

491 4044 601 4100 tur,
630 4051 734 4088 non
763 4036 948 4103 utique
976 4036 1234 4090 continuo
1266 4044 1324 4089 ut
1345 4052 1405 4092 se
1431 4035 1739 4107 hujusmodi
1786 4033 2069 4088 tradiderit

491 4125 815 4194 disciplinis,
852 4127 925 4180 ita
954 4125 1230 4195 perfectus
1276 4127 1404 4192 erit,
1429 4135 1489 4180 ut
1516 4141 1624 4181 non
1675 4125 1990 4179 inveniatur
2015 4125 2067 4178 in

493 4215 680 4284 aliquo
728 4229 1007 4285 peccare:
1040 4217 1148 4271 imo
1204 4216 1387 4285 potius
1441 4215 1673 4284 plurima
1711 4214 2070 4285 delinquendo

492 4307 583 4362 vix
616 4306 681 4360 ad
708 4307 1094 4377 perfectionem
1142 4306 1440 4376 aliquando
1468 4306 1780 4376 perveniet;
1807 4316 1863 4361 et
1888 4316 2068 4361 tamen

2163 1799 2412 1856 Christus
2455 1802 2669 1854 venerit
2703 1810 2762 1854 ut
2811 1800 3032 1855 tolleret
3089 1808 3377 1868 peccatum
3430 1795 3640 1861 mundi,
3679 1802 3737 1848 et

2163 1902 2341 1946 morte
2391 1907 2488 1946 sua
2551 1901 2773 1960 peccata
2836 1902 3020 1946 nostra
3077 1890 3359 1955 deleverit,
3415 1888 3594 1941 nullus
3644 1885 3741 1955 qui

2162 1985 2384 2040 Christo
2410 1984 2600 2051 credit,
2634 1984 2872 2054 ignorat.
2899 1983 3184 2050 Quomodo
3209 1991 3390 2035 autem
3422 1991 3478 2034 et
3504 1966 3600 2033 ﬁlii
3625 1978 3744 2048 ejus

2162 2077 2664 2157 auferant’peccata
2697 2084 3035 2141 sanctorum,
3056 2075 3107 2128 id
3132 2082 3216 2127 est
3243 2070 3471 2141 apostoli
3500 2080 3555 2124 et
3591 2083 3741 2123 mar-

2164 2178 2335 2241 tyres,
2367 2172 2413 2225 si
2458 2169 2783 2240 poterimus,
2819 2182 2887 2222 ex
2928 2165 3236 2234 Scripturis
3272 2164 3471 2219 divinis
3511 2164 3743 2233 probare

2167 2264 2525 2320 tentabimus.
2558 2261 2700 2316 Audi
2751 2261 2926 2331 primo
2980 2259 3208 2313 Paulum
3250 2258 3524 2312 dicentem
3553 2275 3568 2308 :
3602 2273 3620 2305 ι
3655 2253 3747 2310 Li-

2161 2357 2356 2413 benter
2401 2357 2574 2421 enim,
2604 2354 2783 2424 inquit
2803 2354 2872 2419 “,
2903 2351 3232 2422 expendam,
3259 2361 3314 2404 et
3340 2350 3622 2419 expendar
3649 2363 3747 2417 pro

2162 2449 2450 2504 animabus
2471 2446 2706 2511 vestris;
2738 2464 2757 2498 ι
2787 2444 2915 2500 etin
2941 2443 3047 2499 alio
3073 2443 3192 2497 loco
3221 2460 3234 2495 :
3268 2461 3287 2493 ι
3319 2441 3428 2509 Ego
3463 2440 3606 2494 enim
3632 2439 3746 2507 jam

2161 2540 2438 2608 immolor,
2462 2540 2638 2608 inquit
2654 2538 2721 2602 ⁷³,
2743 2545 2799 2592 et
2819 2548 3028 2605 tempus
3055 2533 3463 2604 regressionis,»
3491 2531 3608 2585 sive
3628 2544 3748 2585 «re-

2164 2632 2449 2687 solutionis
2480 2645 2611 2684 meae
2645 2630 2834 2685 instat.
2854 2649 2873 2682 ι
2907 2629 3012 2682 Pro
3034 2628 3102 2681 iis
3146 2641 3278 2695 ergo
3308 2623 3505 2694 quibus
3532 2622 3743 2677 scribe-

2161 2726 2280 2790 bat,
2308 2723 2542 2793 expendi
2571 2738 2631 2777 se
2661 2734 2716 2778 et
2757 2721 3019 2776 immolari
3055 2718 3186 2773 dicit
3215 2715 3530 2784 Apostolus.
3558 2712 3747 2769 Hostia

2164 2825 2347 2871 autem
2384 2832 2504 2869 cum
2530 2813 2866 2879 immolatur,
2897 2812 2968 2865 ad
3001 2811 3105 2865 hoc
3131 2807 3441 2862 immolatur
3469 2817 3528 2858 ut
3560 2819 3748 2858 eorum

2164 2922 2265 2979 pro
2298 2909 2495 2977 quibus
2514 2906 2815 2976 jugulatur,
2847 2912 3069 2973 peccata
3096 2906 3417 2970 purgentur.
3445 2896 3520 2950 De
3548 2903 3751 2964 marty-

2167 3005 2319 3059 ribus
2362 3014 2541 3057 autem
2573 3001 2766 3056 scribit
2802 2998 3039 3053 Joannes
3085 2993 3364 3066 apostolus
3402 2994 3454 3044 in
3481 2986 3752 3060 Apocaly-

2165 3097 2331 3167 psi",
2358 3094 2482 3165 quia
2513 3095 2708 3148 anima:
2755 3106 2941 3147 eorum
2975 3089 3073 3160 qui
3111 3086 3345 3158 jugulati
3373 3094 3500 3139 sunt
3532 3092 3754 3152 propter

2167 3206 2360 3245 nomen
2391 3189 2601 3244 Domini
2622 3187 2770 3252 Jesu,
2803 3187 3070 3241 assistunt
3096 3183 3256 3236 altari
3282 3199 3296 3247 ;
3328 3180 3419 3250 qui
3454 3187 3634 3232 autem
3656 3189 3751 3229 as-

2165 3283 2309 3337 sistit
2338 3281 2495 3334 altari
2522 3319 2539 3346 ,
2576 3279 2883 3334 ostenditur
2906 3274 3060 3343 fungi
3090 3272 3392 3329 sacerdotis
3416 3267 3617 3324 ofﬁcio.
3645 3266 3751 3321 Sa-

2165 3373 2401 3429 cerdotis
2414 3381 2597 3426 autent
2615 3369 2848 3425 ofﬁcium
2868 3378 2972 3431 est,
2987 3382 3087 3437 pro
3103 3364 3281 3435 populi
3303 3362 3610 3431 supplicare
3622 3373 3754 3431 peo-

2165 3467 2322 3521 catis.
2351 3463 2503 3519 Unde
2520 3478 2621 3533 ego
2644 3476 2857 3527 vereor,
2884 3474 2951 3514 ne
2976 3458 3118 3514 forte
3141 3471 3206 3510 ex
3226 3470 3331 3525 quo
3352 3465 3622 3522 martyres
3642 3466 3750 3505 non;

2167 3557 2325 3622 ﬁunt,
2354 3554 2616 3610 ethostize
2637 3562 2952 3608 sanctorum
2978 3565 3082 3604 non
3110 3545 3414 3601 offeruntur
3437 3557 3533 3612 pro
3558 3556 3749 3610 pecca-

2168 3650 2240 3705 tis
2262 3648 2490 3714 nostris,
2510 3656 2858 3716 peccatorum
2890 3651 3200 3696 nostrorum
3233 3635 3608 3691 remissionem
3642 3648 3750 3686 non

2167 3756 2490 3798 mereamur.
2511 3739 2576 3793 Et
2594 3739 2714 3792 ideo
2741 3750 2952 3798 vereor,
2974 3748 3040 3787 ne
3057 3729 3502 3802 permanantibus
3524 3728 3576 3782 in
3596 3726 3755 3780 nobis

2168 3834 2404 3904 peccatis
2435 3832 2661 3897 nostris,
2688 3827 2899 3883 accidat
2920 3825 3075 3880 nobis
3101 3823 3231 3876 illud
3263 3822 3408 3891 quod
3448 3822 3514 3873 de
3547 3826 3751 3874 semet-

2171 3928 2302 3998 ipsis
2335 3927 2521 3981 dicunt
2546 3922 2739 3988 Judaei,
2775 3920 2901 3990 quia
2933 3932 3042 3972 non
3075 3917 3339 3971 habentes
3361 3914 3549 3975 altare,
3578 3925 3754 3979 neque

2173 4021 2451 4089 templum,
2482 4032 2661 4087 neque
2684 4012 3078 4077 sacerdotium,
3098 4020 3155 4065 et
3176 4010 3248 4064 ob
3271 4008 3376 4061 hoc
3410 4021 3509 4060 nec
3544 4000 3753 4059 ltoStias

2175 4120 2488 4187 offerentes,
2521 4125 2769 4190 peccata,
2808 4112 3008 4183 inquit,
3042 4119 3228 4166 nostra
3262 4113 3488 4161 manent
3541 4102 3596 4158 in
3649 4115 3745 4156 no-

2174 4215 2293 4277 his;
2341 4224 2397 4267 et
2453 4213 2578 4266 ideo
2634 4208 2798 4264 venia
2837 4206 2988 4261 nulla
3025 4200 3402 4272 subsequitur.
3434 4196 3501 4251 Et
3533 4204 3748 4255 contra,

2175 4320 2274 4358 nos
2320 4303 2506 4358 dicere
2555 4300 2839 4362 debemus,
2886 4296 3013 4365 quia
3054 4293 3246 4348 hostiae
3299 4297 3603 4357 martyrum
3643 4298 3752 4337 nou

494 4399 679 4452 statim
713 4407 771 4451 ut
793 4412 852 4452 se
878 4398 947 4452 ad
986 4395 1296 4466 huiusmodi
1327 4396 1553 4451 scholas
1578 4399 1823 4461 tradidit,
1860 4408 2069 4456 certum
2106 4397 2149 4455 ι)
2177 4394 2480 4449 offeruntur
2510 4406 2607 4460 pro
2652 4388 2830 4453 nobis,
2866 4388 3072 4441 idcirco
3108 4389 3330 4437 manent
3361 4379 3413 4433 in
3445 4377 3602 4430 nobis
3635 4388 3756 4444 pec-

495 4498 580 4543 est
629 4504 751 4542 eum
803 4489 889 4543 vel
939 4492 1082 4544 inter
1132 4489 1403 4554 medicos,
1435 4488 1518 4543 vel
1551 4489 1694 4543 inter
1722 4488 2070 4558 philosophos

494 4577 810 4643 numerari;
853 4579 925 4632 ita
955 4588 1010 4634 et
1042 4580 1107 4634 de
1157 4581 1365 4635 sanctis
1397 4580 1777 4650 accipiendum
1812 4582 2069 4650 estquod

494 4670 681 4725 statim
703 4671 924 4741 quidem
948 4681 1007 4726 ut
1031 4673 1306 4741 mancipat
1332 4686 1393 4727 se
1426 4673 1550 4743 quis
1585 4672 1783 4727 studiis
1810 4673 2072 4728 sanctita-

495 4764 593 4829 tis,
629 4768 926 4819 secundum
953 4765 1054 4821 hoc
1076 4766 1219 4834 quod
1258 4767 1561 4837 proposuit,
1594 4776 1817 4822 sanctus
1838 4765 2073 4835 appelle-

499 4866 605 4911 tur.
653 4856 961 4913 Secundum
1005 4858 1108 4912 hoc
1144 4873 1275 4914 vero
1307 4858 1453 4928 quod
1486 4872 1710 4914 necesse
1744 4869 1829 4914 est
1856 4874 1982 4913 eum
2016 4859 2068 4912 iu

496 4949 681 5005 multis
717 4950 1059 5019 delinquere,
1112 4951 1286 5006 donec
1330 4964 1429 5004 usu
1460 4958 1516 5004 et
1545 4949 1826 5022 disciplina
1860 4966 1926 5005 ac
1951 4950 2074 5004 dili-

498 5047 681 5115 gentia
740 5046 1091 5102 abseindatur
1138 5047 1206 5102 ab
1257 5060 1325 5100 eo
1383 5047 1722 5101 consuetudo
1786 5042 2071 5114 peccandi,

420 5196 423 5199 _
497 5137 664 5192 etiam
712 5147 984 5207 peccator,
1043 5145 1100 5191 ιιι
1155 5155 1318 5210 supra
1360 5141 1639 5205 diximus,
1683 5135 2072 5207 appellabitur.

500 5227 611 5297 Ego
633 5237 817 5282 autem
847 5237 904 5283 et
953 5228 1183 5298 amplius
1205 5231 1346 5284 addo
1374 5229 1602 5300 aliquid,
1633 5227 1776 5298 quod
1808 5225 1913 5280 nisi
1944 5239 2073 5279 sauc

500 5330 650 5373 ctum
680 5321 1014 5390 propositqu
1045 5319 1242 5389 aliquis
1275 5321 1497 5385 habeat,
1522 5329 1577 5373 et
1611 5317 1917 5373 sanctitatis
1957 5323 2077 5369 stu-

2178 4497 2297 4541 cata
2323 4497 2505 4540 nostra
2528 4501 2544 4550 ;
2572 4498 2677 4537 non
2703 4481 2849 4535 enim
2875 4493 3151 4532 meremur
3177 4471 3607 4545 persecutionem
3642 4466 3754 4538 pati

2177 4590 2398 4650 propter
2442 4576 2745 4638 Christum,
2777 4586 2879 4626 nec
2923 4569 3061 4624 mori
3116 4575 3339 4638 prepter
3393 4576 3589 4617 nomen
3628 4558 3753 4613 Filii

2182 4672 2300 4727 Dei.
2329 4669 2399 4724 Et
2433 4669 2558 4723 ideo
2603 4666 2769 4721 etiam
2804 4662 3075 4726 diabolus,
3112 4658 3296 4715 sciens
3321 4671 3417 4727 per
3446 4653 3754 4725 passionem

2179 4765 2431 4837 martyrii
2477 4760 2861 4817 remissionem
2900 4754 3019 4811 ﬁeri
3059 4762 3439 4824 peccatorum,
3471 4763 3579 4804 non
3635 4745 3756 4800 vult

2178 4857 2336 4911 nobis
2391 4853 2643 4923 publicas
2691 4848 2977 4920 gentiliqu
3034 4845 3444 4915 persecutiones
3498 4849 3754 4896 mottcre:

2179 4950 2282 5004 scit
2309 4949 2479 5013 enim,
2510 4947 2636 5017 quia
2683 4945 2730 4999 si
2772 4945 2838 4996 ad
2875 4955 3030 5010 reges
3051 4951 3105 4994 et
3133 4939 3388 5009 praesides
3420 4935 3754 4991 adducamur

2183 5055 2403 5115 propter
2447 5057 2647 5098 nomen
2677 5037 2904 5103 Christi,
2936 5038 3006 5092 ad
3057 5033 3428 5090 testimonium
3458 5026 3657 5084 Iudaeis
3700 5036 3757 5080 et

2183 5135 2460 5204 gentibus,
2514 5131 2769 5202 gaudium
2826 5127 2984 5183 nobis
3035 5135 3090 5181 et
3143 5123 3440 5180 exsultatio
3484 5120 3576 5186 sit,
3628 5116 3756 5187 quia

2185 5242 2400 5281 merces
2456 5236 2641 5282 nostra
2682 5222 2849 5278 multa
2903 5218 2958 5273 iu
3008 5218 3163 5272 ctelis
3192 5226 3295 5272 est.
3333 5213 3456 5268 lla‘c
3489 5226 3594 5265 non
3628 5206 3758 5263 facit

2187 5320 2467 5387 inimicus,
2497 5321 2578 5373 vel
2608 5319 2750 5388 quod
2783 5319 2896 5389 ipse
2926 5315 3109 5387 gloria:
3138 5310 3362 5373 invidet,
3391 5305 3472 5359 vel
3506 5302 3758 5357 fortassis

570 5413 616 5484 ἐξ
641 5411 817 5484 [εον.
848 5429 904 5477 x,
925 5412 997 5467 ‘20
1019 5422 1074 5468 et
1103 5410 1205 5484 2f.
1243 5411 1316 5484 ξ
1343 5411 1362 5465 ι
1386 5409 1516 5465 Cor.
1545 5425 1620 5484 xi,
1654 5411 1742 5484 1}.
1820 5410 1863 5443 ⁸⁷
1889 5407 2019 5462 ibid.
2056 5409 2065 5461 ε

2247 5414 2292 5446 ⁸⁸
2314 5413 2449 5470 ibid.
2488 5413 2559 5469 50
2584 5422 2637 5469 et
2660 5412 2750 5466 51.
2849 5408 2892 5441 ⁶⁹
2918 5406 2942 5462 Ι
2967 5408 3097 5462 Cor.
3116 5420 3206 5473 xv,
3238 5403 3323 5458 12.
3415 5398 3463 5430 ⁷ο
3493 5396 3628 5453 ibid.
3658 5395 3754 5484 ‘17.

502 5483 545 5515 ’ί
571 5483 617 5538 ll
644 5483 773 5540 Cor.
806 5499 904 5550 xu,
941 5486 1029 5541 15.
1098 5484 1146 5515 ⁷³
1167 5482 1213 5537 ιι
1242 5480 1385 5537 Tim.
1419 5497 1493 5549 tv,
1534 5482 1593 5536 6.
1665 5480 1887 5552 "Apoc.
1918 5492 1994 5532 γι.

579 5624 656 5696 (6)
685 5624 866 5696 Codex
921 5624 1273 5681 Belvaccnsis
1299 5663 1316 5686 ,
1356 5618 1818 5696 timmolatitiu‘m.
1846 5634 1869 5696 ι
1895 5616 2081 5696 Codex

510 5690 693 5752 Saneti
730 5695 1073 5764 Theoderici,
1128 5715 1146 5748 ι
1181 5691 1595 5751 immolationis.
1643 5710 1659 5743 ι
1707 5690 2082 5757 libroicensis,

2198 5636 2216 5671 ι
2241 5618 2307 5672 de
2339 5614 2652 5668 immolatis.
2691 5632 2709 5666 ι
2745 5611 2899 5666 Libh.
2932 5610 3084 5677 editi,
3125 5629 3143 5661 ι
3169 5603 3501 5677 immolati.)

2264 5688 2339 5759 (7)
2367 5686 2547 5743 Codex
2587 5683 2955 5751 Bclvaccnsls,
2989 5699 3010 5734 ι
3034 5676 3304 5736 mortalia.
3345 5690 3367 5721 ›
