4074 6156
443 193 551 250 (iw
1935 186 2009 244 ΟΕ

2112 185 2255 243 ENlS
3588 172 3687 226 αιυ

443 310 589 381 quod
650 309 739 365 ille
779 309 871 378 qui
903 308 1084 363 eumia
1138 308 1422 377 praevidet,
1453 307 1746 377 praenoscit
1784 319 1886 360 nos
1917 320 2021 358 non
2056 315 2100 371 Α
2131 297 2437 367 Evangeliis
2479 296 2614 352 dicit
2646 295 2732 349 ‘°:
2780 312 2801 346 ι
2839 291 2919 346 Tu
2969 298 3149 345 autem
3199 303 3322 343 cum
3362 301 3507 350 oras,
3552 287 3688 340 intra

444 416 570 456 esse
598 402 822 456 idoneos
856 401 922 455 ad
952 401 1274 469 martyrium
1310 401 1670 455 tolerandum.
1698 396 1814 453 Scit
1836 408 2016 453 tamen

446 493 707 547 Dominus
737 491 829 555 qui
864 498 990 545 sunt
1018 491 1160 559 ejus,
1188 501 1244 544 et
1276 490 1329 544 in
1361 492 1560 558 quibus
1590 505 1696 545 non
1741 500 2014 560 speratur,

446 586 611 640 habet
652 584 741 639 ille
767 584 1055 638 thesauros
1082 599 1211 638 suos
1247 598 1263 638 :
1295 603 1315 637 ι
1355 584 1469 639 Non
1496 584 1641 639 enim
1685 584 1824 639 sicut
1854 583 2018 639 homo

444 678 611 740 videt,
651 677 724 730 ita
771 684 824 731 et
863 676 1089 731 Deus".
1118 697 1136 729 ι
1174 677 1285 747 Ego
1321 693 1427 731 non
1464 676 1655 733 dubito
1694 687 1745 732 et
1802 678 1854 732 in
1912 679 2015 734 hoc

442 778 706 821 conventu
766 781 890 823 esse
936 768 1155 837 aliquos
1201 770 1302 838 ipsi
1358 769 1457 825 soli
1491 771 1761 841 cognitos,
1788 770 1881 839 qui
1909 770 2015 839 iam

444 859 585 926 apud
636 873 760 913 eum
818 869 1090 930 martyres
1137 863 1247 917 sint
1282 862 1596 918 testimonio
1646 863 2011 927 conscientiae,

441 952 641 1021 parati,
674 953 716 1005 si
750 953 869 1021 quis
892 966 1172 1026 exposcat,
1205 953 1481 1011 effundere
1501 956 1818 1026 sanguinem
1855 972 2014 1011 suum

444 1056 543 1110 pro
574 1044 791 1097 nomine
847 1044 1056 1098 Domini
1089 1045 1216 1101 Jesu
1249 1047 1483 1114 Christi;
1525 1063 1631 1103 non
1674 1049 1868 1104 dubito
1897 1063 2017 1104 esse

444 1135 656 1205 aliquos
712 1137 802 1205 qui
857 1137 1085 1192 tulerint
1128 1155 1345 1194 crucem
1397 1156 1573 1209 suam,
1631 1151 1686 1196 et
1721 1151 2018 1211 sequantur

440 1243 582 1283 eum.
635 1228 760 1283 Haec
814 1229 942 1284 licet
973 1244 1069 1298 per
1097 1246 1382 1286 excessum
1415 1236 1730 1301 quemdam,
1758 1249 2016 1290 necessa-

440 1322 524 1376 rio
561 1332 739 1377 tamen
798 1325 1055 1379 videntur
1102 1325 1269 1389 dicta,
1306 1336 1364 1379 ut
1399 1327 1824 1398 intelligeremus
1879 1344 2014 1399 quo-

447 1414 617 1469 modo
644 1431 742 1483 per
773 1416 1109 1485 pontiﬁcem,
1149 1417 1310 1489 303
1339 1428 1394 1474 et
1427 1420 1567 1475 ﬁlios
1595 1421 1871 1490 pontiﬁcis
1920 1422 2017 1477 ﬁat

444 1505 504 1559 in
539 1507 742 1560 sanctis
776 1507 1021 1561 remissio
1047 1519 1421 1576 peccatorum.

509 1639 564 1693 3.
606 1638 861 1708 Sequitur
890 1650 1009 1711 post
1034 1640 1187 1694 hate:
1229 1659 1247 1691 ι
1278 1639 1343 1694 Et
1372 1650 1451 1705 tu,
1495 1642 1671 1710 inquit
1713 1643 1780 1708 ⁷⁸,
1820 1652 1874 1698 et
1919 1644 2014 1699 ﬁlii

440 1730 518 1784 tui
554 1731 827 1799 accipietis
886 1739 1106 1800 peccata
1146 1732 1436 1786 sacerd0tii
1474 1734 1642 1788 vestri
1680 1753 1693 1788 :
1739 1745 1793 1789 et
1820 1735 2017 1792 fratres

441 1832 565 1878 tuos
586 1824 818 1877 tribuum
852 1822 1007 1887 Levi,
1040 1823 1249 1892 plebem
1283 1825 1453 1892 patris
1485 1826 1561 1880 tui
1598 1841 1811 1882 assume
1839 1829 1904 1882 ad
1938 1838 2011 1895 te,

441 1924 497 1967 et
520 1914 885 1984 adjungantur
919 1916 1036 1980 tibi,
1067 1927 1119 1971 et
1157 1918 1466 1973 ministrent
1495 1919 1590 1973 tibi
1625 1939 1637 1973 :
1672 1931 1726 1975 et
1747 1930 1798 1975 tu
1828 1931 1881 1976 et
1921 1924 2015 1977 ﬁlii

441 2007 517 2059 tui
552 2017 726 2059 tecum
757 2007 810 2060 in
835 2016 1123 2076 conspectu
1156 2010 1485 2065 tabernaculi
1511 2012 1804 2066 testimonii
1827 2014 2017 2070 obser-

383 2157 387 2163 v
439 2098 645 2151 vabunt
696 2100 975 2153 custodias
1043 2100 1164 2156 tuas
1220 2102 1570 2157 tabernaculi.
1628 2122 1647 2155 ι
1710 2102 2015 2159 Observare

439 2187 776 2257 diligentius,
802 2190 1152 2246 etintendere
1200 2193 1266 2246 iis
1307 2208 1430 2262 qua:
1456 2195 1659 2262 scripta
1689 2205 1848 2260 sunt,
1878 2211 2013 2250 con-

436 2277 588 2330 venit
617 2292 710 2332 eos
740 2279 1010 2347 praecipue
1052 2281 1143 2349 qui
1191 2282 1242 2335 in
1280 2283 1473 2337 ordine
1528 2285 1853 2339 sacerdmali
1896 2289 2011 2355 glo-

438 2368 686 2433 riantur;
727 2378 783 2423 ut
806 2371 981 2425 sciant
1003 2373 1129 2440 quid
1157 2383 1241 2427 est
1267 2376 1411 2444 quod
1432 2377 1512 2431 eis
1540 2376 1623 2431 lex
1666 2378 1847 2432 divina
1881 2396 2014 2449 pra:-

437 2459 578 2526 cepit
605 2458 1022 2515 observandum.
1051 2463 1151 2529 Tu,
1186 2464 1385 2534 inquit,
1418 2476 1472 2521 et
1499 2467 1592 2521 lilii
1627 2469 1701 2521 tui
1735 2477 1911 2524 tecum
1959 2475 2011 2524 in

436 2560 732 2621 conspectu
767 2556 1101 2610 tabernaculi
1133 2559 1418 2614 observate
1460 2561 1735 2616 custodias
1785 2572 2010 2629 vestras,

434 2650 490 2696 et
547 2644 743 2710 altare,
788 2657 845 2701 et
893 2650 1169 2705 custodias
1215 2651 1548 2708 tabernaculi
1601 2655 1701 2726 (8).
1759 2655 2011 2713 Mandata

435 2738 653 2804 quidem
716 2749 866 2794 certa
927 2750 1051 2795 sunt
1118 2752 1173 2797 et
1223 2747 1534 2811 evidentia,
1597 2758 1656 2803 ut
1717 2750 2013 2807 observare

436 2828 731 2884 debeamus
775 2833 1046 2887 custodias
1092 2834 1451 2903 tabernaculi,
1498 2847 1553 2891 et
1596 2838 1807 2906 altaris,
1834 2851 1889 2896 et
1921 2858 2011 2897 sa-

435 2923 660 2978 cerdotii
688 2939 702 2989 ;
726 2927 847 2992 quis
874 2940 1007 2980 sane
1031 2926 1102 2981 sit
1126 2929 1215 2997 qui
1243 2930 1513 2992 observet,
1540 2940 1593 2984 et
1614 2929 1777 2985 faciat
1795 2948 1857 2987 ea
1890 2950 2010 3003 quae

434 3015 809 3069 sacerdotibus
840 3020 1090 3071 mandata
1117 3029 1242 3074 sunt
1279 3039 1293 3088 ;
1342 3032 1398 3077 et
1441 3023 1566 3092 quis
1607 3027 1678 3080 sit
1703 3026 1796 3094 qui
1822 3036 2010 3081 utatur
2036 3039 2078 3095 (ζ,

435 3105 652 3174 quidem
692 3109 884 3161 ordine
910 3120 966 3163 et
995 3110 1199 3167 honore
1224 3115 1535 3180 sacerdOtii,
1574 3132 1740 3186 opera
1784 3134 1915 3173 vero
1957 3128 2011 3174 et

359 3255 374 3266 ο
435 3198 755 3268 mysterium
783 3203 1073 3257 sacerdotii
1106 3218 1210 3257 non
1235 3206 1506 3272 observet,
1542 3209 1631 3264 ille
1656 3211 1804 3266 solus
1846 3227 2008 3267 nosse

432 3299 628 3358 potest,
653 3291 743 3358 qui
774 3302 1050 3348 scrutatur
1074 3297 1236 3351 corda
1285 3309 1337 3352 et
1382 3316 1537 3356 renes
1566 3303 1632 3355 ⁷⁸.
1683 3302 2010 3359 Mandantur

432 3383 712 3436 observari
751 3400 853 3438 non
882 3385 1056 3439 solum
1110 3403 1172 3443 ea
1214 3406 1333 3459 quae
1371 3392 1502 3447 l‘oris
1557 3404 1703 3461 sunt,
1745 3415 1764 3446 ι
1805 3397 1908 3451 Sed
1956 3410 2011 3452 et

432 3487 519 3537 ea,
555 3474 730 3543 inquit
777 3476 844 3541 ⁷⁷,
889 3485 947 3531 ut
995 3490 1186 3535 curent
1226 3485 1539 3540 sacerdotes
1576 3487 1845 3556 prmcipne
1890 3504 2009 3558 quae

434 3569 578 3623 intra
622 3570 862 3626 velamen
908 3584 1070 3642 sunt;
1117 3595 1135 3627 ι
1190 3577 1338 3631 velut
1387 3579 1431 3634 si
1467 3579 1713 3635 diceret:
1760 3599 1890 3638 cura
1937 3584 2009 3638 sit

433 3663 847 3731 sacerdotibus,
915 3668 1186 3723 evidentia
1256 3686 1321 3726 ac
1397 3674 1686 3728 manifesta
1755 3678 2005 3731 mandata

433 3748 634 3805 άιγίιιίε
664 3751 796 3821 legis
830 3756 1070 3823 implere,
1097 3769 1148 3813 et
1175 3764 1428 3833 mysteria
1452 3763 1570 3832 ejus
1598 3766 1914 3820 abscondita
1951 3776 2007 3822 et

434 3840 609 3894 velata
676 3847 821 3900 οιιιιιί
889 3853 1220 3919 perspicacia
1294 3857 1562 3911 contueri.
1629 3857 1685 3912 Si
1750 3873 1878 3913 vero
1938 3859 2005 3913 ad

434 3932 709 3988 hominem
761 3937 891 3992 velis
946 3940 1152 3998 referre
1190 3945 1597 4001 tabernaculum
1664 3949 2003 4017 testimonii;

432 4027 690 4091 quoniam
755 4030 970 4098 quidem
1032 4050 1227 4105 corpus
1293 4039 1532 4094 hominis
1592 4042 2001 4096 tabernaculum

430 4117 632 4174 Paulus
662 4123 916 4190 appellat,
963 4126 1146 4182 dicens
1200 4129 1246 4161 ⁷⁸
1277 4148 1291 4185 :
1338 4150 1356 4182 ι
1392 4130 1491 4199 Qui
1524 4131 1668 4186 enim
1720 4149 1908 4189 sumus
1946 4136 2001 4189 in

433 4215 783 4273 tabernaculo
815 4218 940 4283 hoc,
967 4222 1233 4288 gemimus
1262 4225 1537 4293 aggravati
1565 4241 1579 4289 ;
1613 4226 1665 4279 iu
1705 4242 1813 4297 quo
1845 4229 2002 4281 nolu-

427 4318 552 4361 mus
573 4308 883 4376 exspoliari,
910 4313 1002 4365 sed
1034 4318 1384 4383 supervestiri
1412 4334 1427 4383 ;
1476 4337 1494 4370 θ
1542 4318 1588 4372 si
1634 4333 1766 4387 ergo
1791 4322 1857 4374 ad
1897 4320 1999 4375 ho—

2125 391 2180 444 in
2211 387 2517 451 cubiculum
2550 396 2723 450 tuum,
2754 393 2810 438 et
2847 381 3039 438 claude
3077 384 3277 434 ostium
3323 389 3495 444 tuum,
3520 387 3688 433 etora

2124 492 2335 553 patrem
2362 490 2512 535 tuum
2541 480 2594 534 in
2620 478 2964 534 abscondito.
3000 494 3019 528 ι
3055 476 3156 540 Qui
3201 488 3332 544 ergo
3367 472 3442 527 ita
3485 481 3606 527 orat
3632 479 3691 526 ut

2123 574 2256 639 dixi,
2287 571 2591 643 ingreditur
2620 571 2686 625 ad
2711 570 2886 625 altare
2917 568 3126 624 incensi
3157 567 3300 638 quod
3333 575 3415 619 est
3437 564 3688 619 interius.

2123 668 2260 724 Cum
2308 679 2487 723 autem
2525 666 2646 737 quis
2703 665 2849 721 clara
2888 678 3040 729 voce,
3085 670 3139 718 et
3176 660 3357 716 verbis
3388 675 3510 716 cum
3558 670 3691 713 sono

2125 763 2371 833 prolatis,
2423 762 2582 830 quasi
2637 769 2697 815 ut
2749 759 2984 815 aediﬁcet
3034 756 3342 819 audientes,
3381 753 3691 810 orationem

2122 854 2298 910 fundit
2325 857 2390 909 ad
2424 854 2614 918 Deum,
2642 853 2731 907 hic
2758 853 2954 922 spiritu
2988 860 3128 914 orat,
3159 858 3213 904 et
3237 847 3439 903 oﬁ‘erre
3468 847 3688 902 videtur

2123 946 2356 1002 hostiam
2390 947 2442 1000 in
2475 944 2633 1000 altari
2661 944 2805 1014 quod
2839 944 2977 999 foris
2998 951 3085 997 est
3114 944 3181 997 ad
3215 941 3690 1017 ltoloc-austomata

2122 1038 2305 1108 populi
2360 1038 2741 1093 constitutum.
2807 1036 3032 1106 Oportet
3082 1049 3213 1104 ergo
3268 1035 3584 1087 sacerdotes
3626 1046 3691 1086 ea

2124 1144 2320 1184 curare
2350 1129 2620 1199 praecipue
2663 1137 2719 1184 et
2766 1129 3063 1191 custodire,
3099 1142 3219 1196 quae
3257 1126 3399 1180 intra
3441 1124 3691 1178 velamen

2124 1220 2355 1275 interius
2384 1230 2765 1294 conteguntur,
2799 1232 2867 1272 ne
2888 1220 3016 1288 quid
3040 1218 3114 1272 ibi
3140 1216 3429 1288 pollutum,
3465 1230 3532 1271 ne
3560 1216 3689 1285 quid

2123 1312 2437 1366 inveniatur
2482 1312 2858 1379 immundum;
2890 1312 2993 1365 hoc
3034 1320 3118 1365 est
3156 1310 3471 1365 interiorem
3516 1310 3692 1364 homi-

2122 1419 2269 1465 nem.
2317 1412 2372 1458 et
2404 1405 2584 1459 cordis
2629 1415 2841 1459 secreta
2871 1420 3089 1468 curare,
3128 1414 3191 1459 ut
3227 1404 3304 1458 ibi
3344 1402 3692 1482 immaculata

2120 1505 2495 1565 permaneant.
2523 1495 2814 1552 Cherubim
2866 1506 2919 1551 et
2960 1497 3426 1567 propitiatorium,
3460 1496 3691 1551 scientia

2124 1585 2472 1656 intelligenda
2498 1598 2583 1642 est
2607 1587 2895 1644 Trinitatis
2921 1605 2947 1653 ς’
2972 1589 3345 1659 interpretatio
3375 1588 3519 1643 enim
3545 1586 3690 1642 Che-

2050 1684 2090 1739 B
2125 1678 2297 1732 rubim
2340 1678 2755 1744 multitudinem,
2808 1680 2863 1733 id
2905 1689 2989 1734 est
3029 1680 3403 1750 perfectionem
3455 1680 3693 1735 scientitz

2121 1769 2332 1823 iudicat
2357 1769 2435 1840 κθ)
2466 1786 2480 1822 :
2515 1779 2571 1823 et
2598 1783 2718 1839 quae
2762 1780 2847 1825 est
2896 1771 3001 1825 alia
3060 1772 3342 1841 perfectio,
3377 1771 3477 1826 nisi
3519 1786 3691 1841 agno-

2118 1858 2264 1912 visse
2294 1857 2507 1914 Patrem
2540 1871 2594 1915 et
2617 1860 2833 1926 Filium,
2861 1871 2917 1916 et
2948 1862 3210 1934 Spiritum
3236 1863 3528 1918 sanctum?
3564 1864 3695 1918 Haec

2117 1964 2249 2019 ergo
2278 1951 2518 2005 curanda
2547 1962 2673 2006 sunt
2709 1952 2779 2006 ita
2810 1967 2842 2006 a
2882 1954 3283 2018 sacerdotibus,
3332 1963 3390 2007 ut
3436 1956 3693 2009 inconta-

2119 2041 2328 2097 minata
2372 2052 2428 2097 et
2471 2044 2637 2098 illmsa
2670 2056 2977 2100 serventur.
3029 2046 3136 2101 Sed
3190 2056 3245 2101 et
3296 2062 3431 2101 urna
3478 2050 3691 2102 habens

2117 2134 2391 2190 crelestem
2421 2135 2600 2191 cibum
2629 2153 2859 2206 manum,
2895 2139 3183 2193 thesaurus
3214 2150 3401 2208 utique
3422 2150 3508 2195 est
3535 2140 3695 2197 verbi

2117 2227 2306 2281 divini.
2363 2228 2431 2282 Et
2468 2234 2604 2284 'arca
2653 2245 2840 2297 aurea,
2887 2233 2939 2286 in
2983 2246 3087 2300 qua
3122 2242 3250 2287 sunt
3279 2232 3472 2288 tabulae
3512 2242 3692 2287 testa-

2118 2318 2307 2383 tuenti,
2359 2329 2419 2372 ut
2470 2320 2688 2388 opinor,
2732 2335 2837 2374 non
2879 2321 3022 2374 aliud
3066 2338 3231 2391 quam
3291 2337 3447 2377 meus
3497 2333 3688 2379 nostra

2115 2420 2234 2460 csse
2262 2408 2593 2472 declaratur,
2623 2411 2674 2464 in
2708 2424 2813 2479 qua
2852 2410 3025 2482 legem
3068 2412 3160 2466 Dei
3198 2414 3460 2467 debemus
3488 2416 3689 2469 habere

2115 2500 2469 2570 descriptam.
2519 2502 2648 2557 Haec
2697 2514 2875 2559 autem
2929 2520 3085 2558 mens
3118 2520 3281 2560 aurea
3332 2507 3491 2562 debet
3536 2521 3683 2572 esse,

2117 2593 2219 2647 hoc
2249 2602 2333 2648 est
2364 2608 2494 2663 pura
2527 2604 2581 2649 et
2603 2596 2859 2664 pretiosa,
2896 2597 2948 2651 iu
2980 2613 3084 2667 qua
3115 2598 3289 2668 legem
3335 2598 3428 2653 Dei
3468 2600 3676 2652 descri-

2115 2692 2263 2753 ptam
2291 2698 2506 2753 semper
2536 2686 2855 2749 habeamus,
2897 2687 3038 2742 sicut
3084 2688 3378 2757 Apostolus
3424 2690 3554 2745 dicit
3582 2687 3629 2721 “
3663 2707 3683 2745 :

2121 2792 2141 2825 ι
2184 2774 2607 2853 Scriptatirrtou
2655 2790 2985 2847 atramento,
3035 2784 3130 2836 sed
3164 2783 3359 2852 spiritu
3401 2782 3494 2837 Dei
3530 2783 3684 2852 vivi;

2116 2883 2220 2923 non
2257 2869 2311 2923 in
2346 2870 2548 2926 tabulis
2592 2872 2842 2943 lapideis,
2877 2879 2973 2929 sed
3018 2875 3071 2929 in
3103 2877 3301 2931 tabulis
3335 2877 3520 2931 cordis
3553 2891 3680 2930 car-

2117 2962 2350 3017 nalibus.
2418 2982 2438 3017 ι
2493 2963 2605 3019 Hoc
2660 2973 2747 3020 est
2795 2967 2940 3020 enim
2985 2967 3126 3036 quod
3162 2977 3215 3022 et
3253 2970 3318 3022 de
3360 2968 3680 3038 quibusdam

2113 3055 2311 3109 dicitur
2346 3072 2365 3106 ι
2402 3056 2495 3124 qui
2529 3058 2821 3114 ostendunt
2848 3074 2983 3130 opus
3007 3060 3140 3131 legis
3173 3061 3438 3130 scriptum
3481 3061 3532 3114 in
3561 3076 3685 3115 cor-

2111 3150 2270 3204 dibus
2302 3149 2415 3204 suis
2443 3149 2512 3204 ”.
2549 3167 2569 3201 ι
2624 3150 2758 3217 Quis
2814 3162 2997 3207 autem
3050 3154 3269 3223 scripsit
3326 3156 3381 3209 in
3429 3156 3688 3213 cordibus

2110 3256 2320 3305 eorum,
2354 3241 2459 3296 nisi
2495 3241 2636 3298 Deus
2660 3243 2831 3313 digito
2890 3245 3039 3299 suo?
3080 3244 3278 3316 Legem
3308 3250 3496 3315 utique
3525 3259 3684 3302 natu-

2111 3336 2277 3388 ralem
2306 3351 2469 3403 quam
2500 3335 2649 3391 dedit
2678 3337 2818 3391 Deus
2847 3339 3087 3392 humano
3108 3339 3323 3408 generi,
3363 3348 3418 3394 et
3462 3341 3514 3393 in
3550 3355 3684 3394 cun-

2110 3438 2326 3482 ctorum
2357 3430 2631 3484 mentibus
2656 3429 2880 3499 scripsit
2906 3449 2919 3485 :
2948 3433 3088 3486 unde
3128 3442 3182 3486 et
3213 3432 3367 3486 initia
3390 3433 3678 3498 sumimus,

2110 3539 2174 3578 ac
2194 3526 2401 3578 semina
2436 3526 2682 3595 quaedam
2725 3527 2792 3579 ad
2828 3529 3276 3595 perscrutandam
3308 3528 3555 3597 capimus
3585 3542 3681 3583 ve-

2111 3616 2328 3669 ritatem
2362 3635 2374 3670 :
2407 3632 2529 3687 qua:
2554 3619 2763 3674 semina
2806 3620 2849 3674 si
2886 3621 3023 3674 bene
3065 3620 3407 3685 excolamus,
3443 3619 3680 3675 fructum

2109 3707 2235 3761 vita:
2284 3706 2512 3764 all‘erent
2570 3712 2623 3764 iu
2680 3711 2839 3768 nobis
2886 3711 2939 3765 in
2988 3711 3207 3766 Christo
3265 3709 3392 3766 Jesu
3451 3711 3680 3766 Dentin

2110 3804 2318 3866 nostro,
2350 3805 2435 3859 cui
2465 3816 2552 3860 est
2576 3806 2745 3877 gloria
2779 3816 2835 3861 et
2875 3807 3156 3877 imperium
3195 3809 3248 3863 in
3290 3810 3484 3865 szeeula
3511 3824 3681 3864 saecu-

2107 3892 2306 3948 lorum.
2333 3895 2527 3951 Amen.

2688 3988 2968 4045 HOMILIA
3010 3988 3100 4044 XI.

2552 4083 2629 4137 De
2647 4086 2899 4153 primitiis
2927 4084 3228 4154 o/ferendis.

2176 4214 2216 4270 Ι.
2262 4216 2536 4271 Primitias
2566 4220 2808 4272 omnium
2841 4217 3080 4288 frugum,
3121 4219 3469 4288 omniumque
3508 4233 3640 4291 pecu

2106 4311 2254 4376 dum,
2306 4312 2680 4367 sacerdotibus
2716 4313 2803 4367 lex
2847 4312 3066 4366 mandat
3117 4310 3301 4367 oﬂ‘crri
3361 4314 3455 4368 ⁸⁸ε
3511 4316 3588 4368 ita
3617 4324 3675 4366 ut

430 4402 631 4454 minem
678 4402 1081 4458 tabernaculum
1144 4407 1485 4475 referamus,
1542 4410 1799 4467 interiora
1854 4414 2001 4466 vela-

2112 4405 2284 4458 nmnis
2308 4405 2400 4474 qui
2427 4405 2668 4472 possidet
2690 4419 2900 4474 agrum,
2930 4403 3010 4456 vel
3032 4405 3268 4471 vineam,
3291 4406 3370 4459 vel
3393 4407 3674 4472 olivetum,

429 4493 614 4557 minis,
674 4492 762 4547 ubi
816 4495 1214 4551 inaccessibilia
1267 4512 1651 4570 conteguntur,
1704 4504 2000 4574 principale

428 4587 609 4639 cordis
631 4586 895 4652 dicemus,
919 4590 1061 4656 quod
1084 4590 1255 4644 solum
1279 4595 1519 4662 recipere
1543 4607 1713 4666 potest
1742 4600 1997 4670 mysteria

426 4678 698 4743 veritatis,
752 4689 805 4733 et
862 4696 1031 4748 capax
1077 4698 1197 4738 esse
1242 4700 1565 4742 arcanorum
1614 4691 1725 4745 Dei.
1776 4692 1983 4746 Altaria

427 4782 557 4823 vero
589 4770 714 4834 duo,
751 4771 802 4824 id
825 4782 907 4825 est
933 4773 1163 4830 interius
1181 4786 1233 4830 et
1251 4780 1511 4846 exterius,
1548 4784 1803 4851 quoniam
1826 4786 1999 4840 altare

424 4863 690 4917 orationis
727 4865 983 4919 iudicium
1034 4877 1136 4933 est,
1176 4868 1302 4925 illud
1338 4880 1468 4941 puto
1506 4874 1815 4944 signiﬁcare
1850 4880 1991 4947 quod

426 4955 562 5009 dicit
584 4955 874 5022 Apostolus
890 4957 936 4987 τ’
964 4975 978 5010 ;
1003 4976 1021 5009 ι
1049 4957 1231 5014 Orabo
1254 4961 1470 5029 spiritu,
1495 4965 1664 5019 orabo
1682 4976 1736 5020 et
1754 4978 1986 5024 mente.»

424 5048 559 5103 Cum
589 5049 732 5100 enim
767 5050 930 5104 corde
965 5066 1212 5114 oravero,
1249 5054 1314 5107 ad
1341 5055 1512 5111 altare
1541 5056 1773 5113 interius
1809 5060 1992 5133 ingre-

426 5140 566 5196 dior.
617 5139 683 5193 Et
731 5139 837 5196 hoc
889 5152 1020 5211 puto
1066 5157 1188 5199 esse
1230 5147 1371 5215 quod
1409 5149 1571 5202 etiam
1615 5148 1877 5207 Dominus
1934 5154 1988 5207 in

2106 4497 2187 4551 vel
2217 4497 2382 4549 etiam
2416 4496 2658 4559 hortum,
2694 4505 2746 4551 et
2772 4497 2816 4551 si
2856 4497 2982 4565 quid
3021 4507 3107 4552 est
3134 4499 3278 4566 quod
3302 4509 3592 4553 exercetur
3618 4500 3673 4552 iu

2107 4588 2293 4655 terris,
2327 4588 2421 4643 sed
2455 4599 2510 4643 et
2540 4588 2587 4644 si
2618 4589 2739 4658 quis
2780 4588 2990 4657 peculia
3031 4592 3410 4659 cujuscunque
3455 4594 3674 4660 pecoris

2103 4684 2327 4748 nutriat,
2363 4680 2559 4738 oii'erat
2584 4696 2652 4736 ex
2690 4684 2755 4737 iis
2784 4683 2895 4739 Deo
2918 4697 3081 4737 omne
3126 4682 3269 4750 quod
3294 4682 3525 4752 primum
3567 4694 3672 4749 est,

2101 4777 2156 4831 id
2196 4785 2278 4830 est
2308 4775 2374 4830 ad
2412 4775 2725 4831 sacerdotes
2750 4776 2981 4831 deferat.
3016 4772 3128 4829 Deo
3153 4778 3297 4829 enim
3323 4775 3511 4829 oti‘erri
3542 4777 3675 4830 dicit

2102 4872 2244 4939 quod
2279 4871 2654 4926 sacerdotibus
2679 4871 2856 4925 datur.
2889 4871 2956 4925 Et
2996 4872 3098 4925 hoc
3127 4879 3209 4925 est
3235 4876 3378 4940 quod
3408 4871 3673 4936 docemur

2101 4979 2168 5018 ex
2205 4962 2341 5033 lege,
2371 4964 2496 5033 quia
2523 4980 2681 5019 nemo
2708 4964 2851 5020 licite
2900 4978 3001 5019 nec
3031 4963 3271 5035 legitime
3317 4972 3506 5019 utatur
3553 4962 3668 5017 ιω-

2100 5061 2281 5116 t-tibus
2310 5075 2449 5130 quos
2476 5068 2620 5115 terra
2651 5061 2926 5131 produxit,
2979 5078 3080 5117 nec
3131 5060 3505 5117 animantibus
3550 5075 3673 5129 qua

2098 5152 2363 5224 pecudum
2383 5152 2839 5222 protulitpartus,
2861 5153 2967 5209 nisi
2999 5169 3066 5209 ex
3101 5154 3326 5225 singulis
3360 5153 3669 5225 quibusque

498 5306 771 5385 “iuReg.
801 5308 1007 5385 3H,}.
1082 5309 1503 5385 "AANumnxvttt,
1552 5315 1667 5371 1-5.
1742 5318 1789 5350 ⁷⁵
1822 5316 2009 5376 Rom.

2112 5360 2122 5385 ,
2157 5318 2245 5372 Q7.
2322 5317 2368 5349 ‘"
2397 5315 2556 5372 Num.
2579 5331 2734 5379 xvm,
2770 5314 2825 5367 7.
2901 5314 2945 5346 ⁷⁸
2974 5311 3014 5366 ιι
3042 5314 3169 5371 Cor.
3202 5329 3253 5378 ν,
3289 5313 3343 5366 4.
3419 5313 3465 5346 "’
3492 5312 3511 5366 l
3541 5311 3666 5367 Cor.

425 5393 538 5443 xxv,
565 5381 651 5434 15.
728 5380 774 5412 ⁸ο
797 5380 986 5436 Matth.
1025 5396 1098 5446 γι,
1120 5383 1172 5435 ϐ.
1246 5384 1291 5413 ⁸³
1330 5381 1373 5438 il
1400 5380 1527 5439 Cur.
1554 5402 1636 5450 Ill,
1665 5387 1720 5455 2,
1749 5388 1803 5443 5.
1878 5389 1924 5422 ⁸²
1954 5392 2009 5445 iii

2112 5380 2204 5454 'tt,
2242 5387 2328 5442 15.
2404 5386 2450 5420 ⁸⁸
2472 5386 2634 5440 Nam.
2666 5400 2781 5439 χιιι.

497 5476 572 5548 (8)
617 5476 897 5532 Observare
932 5478 1202 5533 custodias
1229 5492 1444 5547 vestras,
1481 5490 1529 5535 et
1560 5483 1750 5548 altare,
1803 5496 1849 5538 et
1892 5502 1991 5538 cu-

426 5547 628 5620 stodiat
662 5548 1009 5601 tabernaculi.
1040 5549 1378 5606 llaceiuhbb.
1404 5564 1559 5607 antea
1579 5547 1744 5610 editis
1764 5556 1991 5620 omissa,

428 5617 742 5684 Suppleutur
779 5635 808 5672 e
841 5633 970 5673 mss.

508 5685 587 5757 (9)
624 5686 901 5742 Cherubim
950 5688 1364 5759 multitudinem,
1404 5691 1457 5746 id
1498 5704 1575 5750 est
1615 5693 1985 5766 perfectionem

2101 5485 2331 5538 scientia:
2362 5483 2578 5537 indicat.
2603 5484 2644 5535 A
2679 5482 2859 5536 radice
2877 5490 2993 5542 :3".
3015 5482 3071 5535 lit
3090 5490 3168 5539 τι
3189 5479 3491 5535 multitudo.
3522 5476 3665 5535 Che-

2102 5556 2278 5607 rubim
2323 5568 2452 5623 ergo
2491 5552 2750 5621 explicari
2792 5562 2971 5621 potest
3012 5552 3150 5623 sicut
3184 5550 3465 5623 multitudo
3498 5566 3517 5604 :
3557 5566 3663 5623 quo

2105 5634 2264 5691 pacto
2296 5621 2474 5677 autem
2498 5624 2776 5676 multitudo
2804 5623 3036 5677 scientia:
3076 5621 3422 5688 interpretari
3464 5622 3663 5692 possit,

2102 5696 2278 5748 lateor
2306 5708 2391 5748 me
2419 5694 2669 5763 ignorare
