4074 6156
453 309 556 369 6H

1650 306 1720 362 IN
1754 305 2087 363 nummos
2121 260 2407 362 nonius
2439 304 2531 359 x1.

3605 312 3713 371 652

457 434 569 490 Deo
611 432 887 504 primitiae,
912 432 967 488 id
1018 440 1102 486 est
1132 429 1510 485 sacerdotibus
1538 427 1853 486 oﬁ‘erantur.
1884 428 2037 483 Hanc
2064 433 2114 490 Α
2140 428 2225 482 his
2245 443 2277 482 a
2308 444 2369 482 se
2401 427 2634 484 invicem
2658 426 2881 482 diﬁ'erre
2901 427 3345 485 distinctionibus
3366 428 3505 501 legis
3539 428 3715 500 ipsius

452 542 589 599 ergo
610 527 782 597 legem
818 526 1100 582 observari
1122 526 1286 580 etiam
1328 523 1491 596 304
1523 524 1826 580 secundum
1874 522 2031 576 litte-

458 635 601 686 ram,
631 619 775 674 sicut
800 628 858 674 et
885 617 993 672 alia
1020 618 1305 682 nonnulla,
1337 617 1705 673 necessarium
1737 625 1868 685 puto
1894 614 2032 686 (l0).

457 711 600 765 Sunt
624 712 767 765 enim
802 709 1084 778 aliquanta
1120 710 1256 780 legis
1283 711 1539 765 mandata
1562 723 1683 779 quae
1710 710 1874 764 etiam
1906 707 2036 763 novi

457 802 789 859 Testamenti
822 802 1070 873 discipuli
1102 802 1408 857 necessaria
1440 802 1821 857 observatione
1846 809 2031 855 custo-

457 897 635 952 diunt.
667 895 735 950 Et
764 896 811 950 si
835 896 1070 961 videtur,
1106 895 1257 965 prius
1297 895 1365 949 de
1413 895 1480 948 iis
1519 894 1652 964 ipsis
1681 909 1800 963 qua
1835 892 1890 947 in
1919 893 2034 963 lege

458 991 679 1059 quidem
703 990 936 1059 scripta,
960 991 1055 1043 sed
1078 997 1261 1043 tamen
1287 988 1339 1042 in
1367 987 1675 1055 Erangeliis
1690 988 2030 1042 observanda

458 1081 588 1147 sint,
611 1095 794 1136 sermo
824 1088 1110 1135 moveatur
1138 1096 1153 1132 :
1187 1087 1241 1133 et
1270 1093 1394 1133 cum
1425 1079 1540 1133 haec
1572 1080 1872 1148 patuerint,
1905 1091 2034 1136 tunc

457 1170 570 1240 jam
604 1171 737 1240 quid
769 1170 825 1225 in
876 1170 963 1224 his
1006 1170 1174 1224 etiam
1215 1168 1537 1240 spiritaliter
1578 1171 1766 1226 sentiri
1817 1164 2032 1238 debeat,

454 1264 821 1334 requiremus.
880 1262 1025 1318 Sunt
1072 1263 1216 1318 enim
1278 1264 1372 1332 qui
1428 1266 1505 1319 ita
1557 1265 1757 1331 dicant,
1811 1266 1934 1335 quia
1986 1267 2031 1321 si

456 1357 664 1427 aliquid
709 1357 934 1413 omnino
978 1355 1116 1430 (ll)
1165 1357 1565 1411 observandum
1604 1365 1688 1411 est
1738 1360 2034 1413 secundum

455 1450 696 1505 litteram
717 1491 733 1517 ,
765 1464 865 1505 cur
899 1464 1005 1503 non
1037 1457 1091 1503 et
1116 1456 1311 1503 cuncta
1344 1448 1671 1504 serventur?
1708 1447 1765 1502 Si
1807 1464 1939 1502 vero
1964 1449 2032 1503 ad

454 1543 755 1613 spiritalem
786 1541 1204 1611 intelligentiam
1237 1556 1356 1611 quae
1375 1541 1461 1594 lex
1488 1540 1731 1594 continet
1753 1540 2032 1595 referenda

451 1643 603 1699 sunt,
627 1632 760 1687 nihil
784 1633 1008 1687 omnino
1050 1633 1349 1688 secundum
1378 1631 1640 1699 litteram,
1680 1632 1773 1687 sed
1812 1632 2035 1701 spirita-

449 1724 582 1777 liter
610 1724 809 1778 debent
833 1723 1095 1776 universa
1129 1708 1390 1776 discerni.
1416 1720 1526 1776 Nos
1553 1731 1733 1776 autem
1755 1723 2032 1790 utriusque

2140 521 2464 576 testimoniis
2509 520 2902 591 approbentur,
2945 520 3264 590 diligentius
3310 520 3573 576 debemus
3620 524 3710 576 in-

2140 613 2360 668 tendere
2386 613 2452 667 iis
2480 627 2599 683 quae
2629 613 2931 668 recitantur
2957 614 3008 666 in
3037 611 3176 683 lege,
3213 611 3342 682 quia
3376 613 3550 667 sicubi
3573 614 3714 669 seri-

2136 703 2304 771 bitur,
2359 705 2513 760 verbi
2576 705 2791 774 gratia,
2848 704 2953 759 hoc
3011 720 3134 760 esse
3194 707 3548 772 mandatum,
3603 721 3709 759 nou

2136 797 2393 851 continuo
2417 796 2736 850 mandatum
2781 796 2866 850 lex
2903 797 3221 866 accipienda
3254 806 3335 852 est
3364 818 3379 856 :
3409 800 3495 854 vel
3536 799 3711 853 sicubi

2134 890 2396 958 scriptum
2441 897 2547 953 est,
2589 890 2709 944 istae
2761 898 2895 944 sunt
2939 889 3385 957 iustiﬁcationes,
3432 908 3537 946 non
3579 907 3711 946 con-

2137 983 2289 1035 tinuo
2329 981 2772 1052 iustiﬁcationes,
2818 992 2916 1036 aut
2969 983 3076 1047 lex,
3128 993 3221 1037 aut
3256 985 3567 1038 mandatum
3610 1000 3711 1052 pu-

2137 1077 2315 1130 tandae
2364 1084 2513 1129 sunt.
2567 1073 2834 1129 Similiter
2894 1084 3077 1130 autem
3127 1085 3183 1130 et
3227 1076 3398 1131 sicubi
3448 1076 3708 1145 scriptum

2134 1177 2217 1221 est
2247 1167 2647 1231 testimonium,
2675 1174 2767 1219 aut
2793 1164 3021 1233 judicia,
3053 1181 3159 1221 non
3185 1165 3412 1220 conl‘use
3443 1182 3611 1220 unum
3641 1183 3709 1220 ex

2133 1259 2372 1320 caeteris,
2408 1258 2499 1314 sed
2537 1258 2810 1312 diversum
2861 1257 2930 1311 ab
2970 1257 3094 1312 aliis
3130 1258 3553 1327 unumquodque
3580 1273 3707 1312 scn-

2137 1350 2377 1403 tiendum
2404 1359 2507 1403 est.
2540 1348 2597 1403 Si
2631 1363 2761 1416 ergo
2791 1348 3054 1416 scriptum
3090 1349 3322 1418 legimus
3361 1348 3429 1414 ⁸⁸,
3470 1348 3594 1418 quia
3625 1349 3709 1403 h-x

2135 1441 2383 1495 umbram
2415 1440 2614 1495 habeat
2654 1439 2964 1493 futurorum
2997 1442 3286 1507 bonorum,
3313 1455 3420 1493 non
3448 1441 3710 1494 continuo

2134 1537 2296 1587 etiam
2330 1535 2673 1601 mandatum,
2710 1534 2794 1590 vel
2819 1534 3044 1602 justitiae
3082 1533 3169 1586 vel
3200 1531 3428 1599 judicia,
3481 1531 3546 1586 de
3589 1533 3709 1600 qui-

2132 1626 2234 1681 bus
2263 1625 2366 1681 hoc
2398 1641 2502 1680 non
2545 1636 2630 1682 est
2677 1627 2966 1696 scriptum,
3006 1626 3213 1680 umbrae
3253 1639 3373 1679 esse
3423 1623 3710 1677 credenda:

2134 1727 2262 1771 sunt
2282 1717 2590 1772 futurorum
2617 1719 2904 1774 bonorum.
2924 1718 3185 1787 Denique,
3203 1727 3260 1770 ut
3277 1715 3513 1785 exempli
3530 1716 3706 1786 gratia

447 1814 770 1869 assertionis
812 1811 1156 1866 insolentiam
1197 1819 1588 1879 temperantes,
1632 1812 1808 1880 qualis
1843 1812 2028 1881 regula
2061 1786 2102 1840 Β
2134 1821 2297 1859 unum
2325 1821 2587 1875 ponamus
2630 1822 2694 1861 ex
2739 1807 2942 1871 multis,
2992 1786 3099 1861 non
3147 1814 3229 1861 est
3272 1807 3557 1875 scriptum,
3601 1806 3707 1861 hoc

447 1907 503 1960 in
545 1903 921 1974 hujuscemodi
963 1903 1096 1974 legis
1129 1902 1471 1957 sermonibus
1523 1902 1870 1957 observanda
1924 1906 2026 1973 sit,

446 2013 516 2052 ex
569 1998 864 2053 autoritate
925 1997 1235 2051 divinarum
1303 1993 1710 2063 Scripturarum
1781 1994 2029 2062 proferre

447 2090 801 2147 tentabimus.
822 2089 1092 2159 Scriptum
1106 2096 1189 2142 est
1206 2088 1256 2140 in
1272 2097 1467 2141 octavo
1484 2086 1702 2141 decimo
1729 2088 1935 2157 psalmo
1947 2089 2025 2145 ⁸⁶ε

449 2200 473 2234 e
512 2183 625 2239 Lex
653 2183 866 2239 Domini
896 2180 1413 2252 irreprehensibilis,
1439 2188 1768 2235 convertens
1791 2181 2023 2246 animas,

447 2276 820 2332 testimonium
884 2275 1097 2331 Domini
1152 2274 1333 2341 ﬁdele,
1378 2260 1702 2342 sapientiam
1762 2284 2027 2342 praestans

446 2369 710 2440 parvulis.
754 2369 1090 2437 Praeceptum
1142 2366 1354 2421 Domini
1403 2366 1667 2432 lucidum,
1703 2365 2017 2421 illuminans

444 2461 654 2516 oculos.
685 2458 872 2514 Timor
896 2458 1113 2515 Domini
1157 2470 1364 2523 castus,
1410 2473 1740 2528 permanens
1769 2459 1823 2514 in
1853 2474 2025 2514 saecu-

446 2552 560 2607 lum
616 2551 817 2607 saeculi.
896 2552 1131 2608 Iustitia:
1195 2550 1407 2607 Domini
1468 2561 1632 2605 rectae
1687 2550 2025 2608 lzetiﬁcantes

444 2646 633 2712 corda,
660 2645 868 2715 judicia
897 2645 1111 2701 Domini
1145 2660 1274 2702 vera
1294 2645 1590 2714 iustiﬁcata
1615 2647 1669 2699 in
1703 2646 2019 2715 semetipsa,

445 2740 829 2796 desiderabilia
880 2755 1047 2809 super
1089 2755 1284 2794 aurum
1330 2749 1388 2795 et
1434 2738 1671 2810 lapidem
1722 2740 2020 2808 pretiosum

444 2831 700 2896 multum,
737 2840 794 2886 et
833 2832 1074 2887 dulciora
1115 2848 1280 2902 super
1323 2831 1430 2887 mel
1476 2840 1534 2886 et
1578 2829 1781 2885 favum.
1831 2849 1852 2884 ι
1906 2831 2021 2886 Nisi

445 2938 579 2995 ergo
602 2933 787 2979 essent
815 2925 1023 2994 singula
1057 2925 1158 2980 ista
1208 2939 1240 2980 a
1280 2923 1590 2993 semetipsis
1618 2923 1853 2989 diversa,
1881 2940 2021 2978 nun-

447 3029 613 3084 quam
659 3015 849 3083 utique
903 3015 1151 3084 proprias
1189 3016 1484 3085 unicuique
1521 3014 1803 3084 Scriptura
1841 3015 2020 3069 divina

2131 1906 2215 1950 est
2274 1898 2586 1952 mandatum
2632 1899 2880 1967 paschm,
2930 1904 3059 1963 sed,
3114 1918 3135 1951 ι
3176 1900 3291 1965 hare
3334 1908 3419 1954 est
3465 1898 3549 1952 lex
3608 1915 3708 1967 pa-

2131 1991 2279 2045 scha:
2300 1991 2368 2045 ⁸⁸.
2394 2010 2413 2043 ι
2437 1991 2501 2045 Et
2519 1992 2639 2060 quia
2665 1990 2748 2045 lex
2771 1993 2959 2047 umbra
2981 2001 3064 2047 est
3091 1991 3392 2047 futurorum
3415 1992 3703 2058 bonorum,

2129 2082 2212 2137 lex
2242 2081 2361 2139 sine
2388 2085 2553 2138 dubio
2579 2083 2796 2152 paschae
2839 2085 3029 2138 umbra
3078 2093 3162 2139 est
3200 2083 3501 2138 futurorum
3543 2084 3709 2137 beno-

2131 2192 2273 2234 rum.
2307 2176 2441 2233 Cum
2473 2193 2603 2248 ergo
2632 2181 2790 2234 venio
2813 2180 2879 2232 ad
2910 2178 3088 2234 locum
3117 2179 3267 2233 illum
3291 2182 3382 2249 qui
3412 2181 3478 2235 de
3499 2184 3704 2251 pascha

2129 2270 2363 2338 scriptus
2390 2279 2493 2331 εει,
2534 2270 2587 2323 in
2619 2286 2757 2341 agno
2797 2269 2889 2325 illo
2934 2270 3204 2340 corporali
3247 2271 3359 2342 (1‘2)
3407 2272 3578 2327 debeo
3618 2274 3705 2328 in-

2130 2362 2371 2432 telligere
2397 2364 2644 2417 umbram
2689 2377 2813 2419 esse
2859 2363 3023 2418 futuri
3060 2363 3211 2428 boui,
3260 2373 3317 2418 et
3358 2365 3459 2420 hoc
3500 2367 3703 2421 sentire

2127 2451 2269 2518 quod
2307 2469 2326 2503 ι
2356 2452 2557 2522 pascha
2590 2462 2837 2509 nostrum
2873 2436 3297 2509 immoiatus'est
3327 2454 3576 2510 Christus
3597 2456 3697 2511 ⁸⁷.»

2130 2541 2306 2595 Simili
2341 2543 2501 2596 modo
2528 2542 2771 2598 invenies
2794 2543 2960 2597 etiam
2989 2544 3055 2597 de
3085 2546 3294 2615 azymis
3319 2556 3376 2601 et
3399 2547 3466 2600 de
3490 2547 3703 2601 caeteris

2128 2635 2391 2689 festorum
2426 2633 2638 2688 dierum
2675 2635 3042 2692 observantiis
3072 2638 3361 2706 scriptum.
3395 2636 3532 2704 Quia
3569 2655 3702 2710 ergo

2126 2727 2242 2783 haec
2272 2727 2454 2783 omnia
2485 2726 2586 2783 sub
2625 2726 2762 2798 legis
2802 2727 2961 2782 titulo
2998 2730 3313 2783 scribuntur
3353 2730 3407 2785 in
3454 2731 3571 2800 lege
3599 2748 3699 2787 ne-

2126 2821 2388 2886 cessaria,
2428 2822 2552 2889 quia
2595 2820 2679 2876 lex
2719 2836 2816 2891 per
2859 2829 3181 2890 praesentem
3225 2823 3473 2878 umbram
3515 2823 3699 2881 futura

2124 2915 2272 2970 bona
2309 2916 2577 2987 designat,
2628 2916 2910 2986 requirere
2964 2918 3136 2973 debeo
3173 2933 3292 2988 qua:
3346 2919 3461 2974 sint
3504 2934 3697 2992 azyma

2124 3009 2433 3066 futurorum
2487 3009 2796 3078 bonorum,
2847 3021 2903 3067 et
2947 3013 3166 3068 invenio
3225 3013 3499 3069 dicentem
3564 3016 3698 3072 mihi

445 3105 785 3162 differentias
802 3107 1108 3174 indidisset,
1130 3107 1346 3162 utaliud
1362 3106 2019 3177 delegeDominldiceret,
2050 3127 2092 3186 ο
2128 3101 2445 3173 Apostolum
2501 3102 2570 3168 ⁸⁸,
2604 3113 2667 3157 ιιι
2707 3103 2848 3158 diem
2889 3103 3086 3158 festum
3134 3119 3383 3174 agamus,
3437 3125 3456 3156 ι
3496 3122 3600 3161 non
3645 3109 3698 3162 in

446 3198 593 3259 aliud
627 3197 693 3251 de
721 3198 1001 3263 mandato,
1048 3198 1193 3253 aliud
1244 3198 1311 3253 de
1333 3197 1843 3266 justiﬁeationibus,
1878 3198 2024 3253 aliud

445 3287 782 3356 dejudiciis.
820 3288 920 3342 Est
940 3304 1094 3361 ergo,
1145 3300 1205 3344 ut
1246 3305 1315 3345 ex
1363 3289 1449 3345 his
1481 3288 1844 3355 ostendimus,
1875 3288 2023 3347 aliud

443 3381 556 3446 lex,
606 3382 751 3436 aliud
807 3391 1158 3451 praeceptum,
1217 3381 1362 3436 aliud
1414 3381 1826 3445 testimonium,
1870 3379 2021 3435 aliud

439 3470 781 3540 justiﬁeatio,
822 3474 969 3528 aliud
995 3472 1280 3542 judicium.
1314 3471 1421 3528 Sed
1445 3481 1501 3528 et
1529 3472 1585 3527 in
1612 3472 1727 3541 ipsa
1753 3470 1871 3541 lege
1903 3471 2021 3525 evi—

444 3565 667 3619 dentior
700 3565 902 3620 horum
931 3564 1241 3619 diﬁ'erentia
1278 3564 1608 3633 designatur,
1648 3562 1740 3618 ubi
1775 3562 2018 3617 dicitur:

424 3651 567 3712 'Hazc
595 3667 678 3713 est
705 3658 815 3722 lex,
849 3666 905 3712 et
932 3658 1208 3723 mandata,
1240 3664 1296 3711 et
1318 3654 1761 3724 iustiﬁcationes,
1795 3662 1851 3707 et
1878 3666 2020 3720 prae-

442 3759 623 3819 cepta,
675 3759 731 3805 et
785 3750 1117 3814 testimonia,
1170 3756 1226 3803 et
1284 3748 1513 3818 judicia,
1577 3760 1700 3817 qute
1762 3745 2020 3814 praecepit

442 3844 710 3900 Dominus
743 3842 938 3915 Moysi.
970 3843 1105 3896 tium
1140 3855 1271 3912 ergo
1311 3840 1429 3895 haec
1482 3840 1556 3893 ita
1602 3852 1661 3893 se
1710 3836 1932 3902 habere,
1964 3845 2020 3890 et

2123 3192 2393 3248 fermento
2426 3193 2620 3256 veteri,
2651 3208 2829 3262 neque
2863 3194 2918 3247 in
2965 3194 3235 3249 fermento
3280 3195 3499 3251 malitiae
3526 3208 3579 3251 et
3606 3213 3702 3251 ne.

2127 3284 2332 3355 quitiae,
2366 3284 2462 3339 sed
2483 3284 2535 3338 in
2568 3283 2776 3354 azymis
2796 3283 3128 3338 sinceritatis
3152 3293 3203 3338 et
3237 3283 3508 3340 veritatis.
3533 3304 3552 3336 ι
3590 3285 3699 3340 Sed

2126 3384 2183 3430 et
2209 3375 2275 3428 de
2305 3374 2723 3429 circumcisione
2750 3374 3012 3443 scriptum
3041 3382 3126 3427 est
3164 3396 3176 3429 :
3206 3373 3329 3429 Haec
3363 3383 3446 3429 est
3475 3376 3556 3428 lex
3590 3375 3702 3429 cir.

2126 3468 2498 3524 cumcisionis.
2549 3465 2688 3532 Quia
2732 3481 2863 3535 ergo
2911 3473 2967 3518 et
3011 3466 3362 3521 circumcisio
3419 3467 3520 3521 sub
3567 3468 3700 3536 legis

2127 3561 2284 3616 titulo
2308 3567 2586 3625 censetur,
2617 3557 2703 3612 lex
2738 3567 2919 3612 autem
2954 3556 3144 3612 umbra
3185 3566 3288 3624 est,
3339 3572 3528 3626 quaero
3564 3557 3698 3625 quid

2125 3645 2566 3702 circumcisionis
2579 3645 2769 3699 umbra
2783 3648 3048 3699 bonorum
3070 3645 3349 3700 contineat
3366 3644 3699 3711 futurorum,

2128 3755 2194 3795 ne
2221 3740 2358 3793 forte
2383 3740 2527 3793 dicat
2552 3738 2684 3791 mihi
2715 3737 2766 3790 in
2795 3738 2990 3791 umbra
3038 3737 3478 3792 circumcisionis
3520 3738 3700 3806 posito

2126 3831 2324 3889 Paulus
2346 3832 2392 3864 ⁸⁹
2425 3849 2438 3885 :
2475 3849 2492 3883 ι
2526 3829 2661 3897 Quia
2682 3830 2727 3884 si
2752 3828 3246 3895 circumeidamini,
3270 3828 3526 3886 Christus
3546 3831 3701 3886 vobis

512 4008 561 4041 ⁸⁵
595 4007 750 4062 Vers.
778 4007 928 4062 8-H.
1003 4006 1048 4039 ⁸⁸
1080 4005 1245 4060 Hebr.
1275 4019 1331 4070 x,
1362 4002 1449 4056 12.
1525 4001 1571 4034 ⁸⁸
1596 4001 1766 4056 Exod.
1795 4015 1894 4063 xu,
1921 3997 2011 4052 4'5.

2124 3991 2203 4048 τι.
2240 3991 2368 4047 Cor.
2405 4004 2465 4056 v,
2504 3989 2559 4043 7.
2632 3987 2681 4020 ⁸⁸
2716 3987 2847 4043 ibid.
2877 3986 2944 4059 ,8.
3022 3986 3066 4020 ”
3093 3985 3272 4043 Galat.
3294 4003 3349 4054 v,
3377 3987 3434 4043 2.

516 4150 627 4224 (lli)
669 4150 824 4205 Hanc
854 4167 975 4221 ergo
1011 4149 1171 4224 legem
1210 4147 1477 4224 observari
1523 4146 1687 4200 etiam
1712 4144 2007 4224 secundum

442 4216 685 4277 litierum
739 4224 873 4276 sicut
913 4216 963 4275 ct
1001 4220 1110 4273 alia
1145 4218 1421 4280 nonnulla,
1465 4216 1816 4271 necessarium
1859 4225 2005 4282 puto.

441 4292 741 4348 Cotelerius
772 4295 822 4344 iu
860 4292 955 4345 lib.
1000 4306 1040 4345 ιι
1085 4287 1310 4342 Constit.
1353 4296 1549 4355 apost.,
1589 4301 1708 4353 cap.
1759 4284 2012 4355 55,]th

441 4365 656 4419 erudite
697 4364 918 4417 adnotat
968 4376 1089 4429 pag.
1118 4359 1262 4413 248:
1301 4375 1320 4408 ι
1354 4354 1728 4429 Veterislfgis
1761 4354 2008 4429 decimae,

440 4432 692 4496 δεκάδαι,
750 4425 1252 4504 δευτεροδειξᾲδαιη
1282 4425 1690 4504 πτωχοδξξεάδαι
1751 4426 1831 4504 (_ut
1885 4439 2010 4504 cum

442 4491 776 4575 Hieronymo
819 4491 1012 4572 loquar
1050 4491 1457 4575 circa-initium
1492 4498 1585 4575 lib.
1633 4496 1822 4575 “an
1852 4491 2008 4575 .Eze-

444 4565 720 4649 ehielem'),
779 4565 1062 4649 primitiae,
1093 4572 1449 4649 portiones,
1483 4565 1782 4649 voluntaria
1834 4566 2007 4644 dona,

444 4637 1059 4710 miniSIe'ria,'victimae,
1089 4637 1317 4705 fi'uctus,
1367 4647 1514 4701 vota,
1556 4637 1852 4710 primitiva,
1900 4637 2012 4702 pri-

445 4708 1072 4786 mogenita,'omnesque
1095 4710 1401 4786 oblationes
1426 4724 1490 4763 ac
1512 4708 1800 4786 pensiones
1820 4719 2012 4786 "sacrae

444 4775 571 4841 duo"
591 4775 1096 4855 complectebantur
1135 4798 1149 4834 :
1197 4780 1453 4855 nimirum
1500 4775 1746 4855 naturale
1785 4775 2009 4855 aliquid,

443 4866 500 4912 et
526 4845 731 4926 aliquid
760 4856 902 4925 quod
924 4860 1125 4926 vocant
1154 4847 1570 4926 positivum._Ad
1601 4858 1856 4926 naturam
1897 4845 2012 4926 sive

443 4929 513 4981 ad
569 4914 792 4982 rectam'
832 4925 1096 4980 rationem
1147 4914 1436 4989 moresque
1480 4920 1648 4989 bonos
1707 4914 2012 4987 pertinebat

443 4999 618 5054 sacris
651 4998 992 5067 operantium
1008 5006 1076 5067 iet
1099 5002 1414 5067 paupertate
1442 4988 1763 5067 aﬁlictorum
1789 4993 2009 5067 sustenf

442 5069 578 5123 talio
618 5060 715 5137 per
753 5066 1016 5137 ejusmodi
1068 5060 1417 5137 collationes;
1472 5060 1711 5127 positum
1767 5070 1898 5137 vero
1955 5062 2011 5109 et

442 5127 846 5206 certis'regul'is
875 5152 905 5187 a
941 5133 1513 5206 Deodeterminatum
1555 5138 1676 5206 BIEI.
1717 5127 2006 5206 reliquum.

442 5210 621 5278 Atque
666 5198 1207 5278 posteriori‘quidem
1242 5216 1344 5278 per
1368 5215 1582 5278 n_o_vum_
1600 5198 2006 5278 Testamentum

442 5270 729 5346 abrogato,
763 5276 914 5348 prius
932 5270 1140 5348 obligat
1168 5275 1343 5348 etiam
1382 5270 1757 5348 Christianos:
1780 5270 1894 5348 _qui
1926 5272 2008 5348 te-

443 5335 673 5415 nentur,
709 5335 827 5402 sive
854 5346 1029 5400 dando
1049 5335 1300 5416 "decimas
1334 5353 1391 5416 et
1415 5341 1712 5416 primitias,
1747 5338 1862 5391 sive
1886 5335 2009 5416 .alio

441 5434 552 5490 quo
574 5410 833 5474 Ecclesia:
860 5418 1032 5490 visum
1058 5415 1222 5490 fuerit
1239 5414 1423 5490 modo,
1450 5410 1774 5490 clericorum
1797 5416 1859 5490 et
1885 5410 2007 5490 ino-

442 5476 568 5559 pum
593 5488 1011 5544 necessitatibus
1026 5485 1333 5559 subvenire.
1361 5481 1498 5559 lliuc
1523 5476 2009 5559 interdumfatres

443 5546 512 5615 de
533 5562 760 5616 decimis
796 5568 1058 5628 tanquam
1084 5555 1302 5628 abolitis
1343 5555 1635 5616 disserunt,
1684 5559 1743 5628 ut
1772 5546 2009 5628 Epipha-

445 5632 565 5684 nius
587 5633 786 5685 bmres.
817 5630 874 5692 8,
900 5616 1021 5698 cap.
1053 5629 1109 5690 6,
1139 5635 1197 5680 et
1230 5626 1661 5698 Chrysostomus
1688 5616 1887 5698 homil.‘
1911 5616 2004 5682 74,

444 5700 500 5755 in
524 5700 837 5755 Mattbieum
862 5689 886 5753 ἰ
926 5689 1194 5752 interdum
1221 5689 1602 5763 non'sublatas
1637 5689 1805 5763 fuisse
1827 5689 2003 5763 aiunt,

447 5783 505 5825 ut
532 5772 650 5829 fuse
675 5771 938 5841 Origenes
967 5767 1153 5824 homil.
1182 5767 1268 5831 lt,
1306 5760 1361 5820 in
1393 5762 1683 5830 Numeros,
1712 5759 1805 5815 ubi
1827 5758 2011 5838 consi-j

2114 4137 2318 4193 militer
2344 4133 2592 4201 διαταγεῖ
2619 4130 2843 4186 adhibet
2876 4127 3245 4201 testimonium
3280 4127 3480 4201 Matth.
3502 4143 3557 4193 γ,
3599 4128 3695 4196 2i,

2115 4219 2172 4263 et
2198 4208 2376 4262 obiter
2398 4198 2820 4273 Chrysostomus
2843 4201 3088 4253 oratione
3102 4198 3161 4273 5,
3173 4201 3426 4273 adversus
3448 4198 3697 4273 Judazgf,

2117 4289 2282 4347 atque
2322 4268 2990 4347 pseutloftlhrysostomus
3028 4268 3330 4347 ad__Mattli.
3388 4284 3556 4347 xxiii,
3603 4269 3696 4347 g5.

2119 4340 2390 4403 Praeterea
2418 4345 2485 4399 ad
2513 4340 2753 4397 der-imas
2776 4341 2885 4395 Deo
2925 4340 3280 4407 ecclesiisque
3304 4340 3696 4408 persolvendas

2116 4419 2380 4473 habemus
2425 4413 2841 4468 exhortationes
2881 4410 2982 4465 SS.
3025 4409 3323 4472 Ambrosii,
3381 4410 3695 4478 Augustini,

2123 4498 2178 4544 et
2206 4488 2458 4540 aliorum.
2501 4482 2696 4535 Domos
2736 4490 2880 4543 tunc,
2925 4481 3100 4550 inquit
3142 4489 3347 4550 martyr
3390 4478 3695 4550 Cyprianus

2125 4560 2178 4612 in
2212 4557 2317 4611 line
2345 4564 2606 4609 tractatus
2643 4551 2715 4605 De
2745 4551 2949 4605 unitate
2979 4548 3249 4612 Ecclesiae,
3284 4548 3331 4602 et
3381 4548 3576 4616 fundos
3610 4565 3696 4603 re-

2117 4628 2425 4682 nundnbant
2452 4665 2467 4690 ,
2515 4633 2562 4676 et
2610 4627 2886 4675 thesauros
2939 4622 3043 4675 sibi
3096 4622 3154 4673 in
3194 4618 3320 4673 caelo
3366 4626 3693 4687 reponentes,

2114 4696 2479 4751 distribuenda
2518 4693 2576 4746 in
2621 4708 2750 4745 usus
2808 4691 3158 4760 indigentium
3216 4690 3382 4757 pretia
3438 4691 3693 4760 apostolis

2114 4769 2425 4838 oﬂ‘erebont.
2456 4765 2523 4817 At
2560 4778 2696 4838 nunc
2738 4762 2811 4838 de.
2851 4759 3173 4838 patrimonio
3210 4775 3302 4813 nec
3334 4759 3565 4838 decimas
3589 4759 3693 4812 da-

2113 4829 2228 4892 ni'us
2254 4852 2275 4901 ;
2302 4846 2350 4888 et
2377 4851 2493 4888 cum
2534 4834 2752 4887 vendere
2780 4830 2966 4900 jnbeat
3017 4831 3298 4894 Dominus,
3335 4829 3556 4901 emimus
3595 4845 3694 4895 po-

2113 4910 2218 4962 tius
2254 4898 2312 4960 ἐι
2348 4921 2623 4973 augemus.
2669 4902 2736 4955 Et
2783 4898 2849 4955 B.
2901 4901 3263 4973 Hieronymus
3303 4898 3694 4973 atl_Maluchite

2118 4961 2241 5047 cap.
2274 4992 2333 5030 ιιι
2357 4995 2370 5029 :
2404 4961 2557 5039 Quod
2579 4974 2642 5026 de
2664 4972 2878 5047 decimis
2906 4961 3256 5047 primitiisque
3285 4969 3687 5047 diximus,_qu_te

2113 5037 2239 5101 olim
2290 5037 2560 5100 dabantur
2590 5061 2621 5096 a
2656 5042 2849 5110 populo
2888 5037 3248 5096 sacerdotibus
3291 5057 3354 5092 ac
3389 5037 3605 5101 Levitis,
3633 5038 3692 5092 in

2113 5119 2366 5173 Ecclesia:
2385 5130 2588 5185 quoque
2609 5112 2818 5182 populis
2841 5113 3136 5185 intelligite,
3158 5112 3347 5185 quibus
3367 5122 3690 5185 prleceptum

2110 5201 2204 5253 est,
2238 5204 2339 5242 non
2370 5181 2539 5239 solum
2568 5181 2800 5237 decimas
2829 5189 2957 5235 dare
2981 5192 3029 5235 et
3052 5182 3334 5253 primitias,
3367 5181 3457 5233 sed
3483 5190 3533 5232 et
3569 5195 3690 5253 ven:-

2110 5248 2232 5313 dere
2261 5258 2436 5312 omnia
2461 5271 2579 5324 qua:
2604 5257 2817 5318 habent,
2849 5266 2901 5324 et_
2925 5248 3059 5324 dare
3084 5252 3425 5324 pauperibus,
3463 5259 3512 5324 et
3537 5248 3686 5318 sequi

2109 5329 2396 5383 Dominum
2455 5318 2806 5380 Salvatorem.
2869 5322 3021 5389 Quod
3075 5318 3119 5375 si
3181 5330 3354 5391 facere
3405 5318 3688 5391 nolumus,

2109 5399 2295 5453 saltem
2334 5397 2651 5450 Judatorum
2695 5397 2967 5448 imitemur
2996 5389 3239 5456 exordia,
3272 5402 3329 5444 ut
3366 5389 3689 5456 pauperibus

2112 5482 2314 5535 partem
2367 5471 2549 5521 demus
2599 5480 2662 5517 ea;
2710 5475 2840 5535 toto,
2884 5474 2931 5517 et
2978 5464 3339 5517 sacerdotibus
3390 5476 3452 5514 ac
3492 5457 3688 5512 Levitis

2116 5533 2367 5593 honorem
2401 5537 2634 5589 debitum
2659 5533 2981 5609 deferamus.
3028 5552 3048 5586 ι
3132 5604 3144 5609 _
3338 5599 3355 5609 _
3385 5599 3415 5609 __
3444 5600 3454 5609 ,

2180 5612 2292 5678 (ll)
2334 5609 2538 5663 Omnes
2561 5599 2736 5660 codd.
2768 5621 2899 5661 mss.
2939 5622 2960 5655 ι
3000 5604 3242 5659 omnino.
3284 5620 3304 5655 ι
3338 5599 3495 5655 Libb.
3532 5599 3690 5664 editi,

2116 5699 2134 5734 ί
2177 5679 2519 5822 {gradu
2554 5748 2770 5807 Belvac.
2815 5764 2835 5800 ι
2874 5746 2930 5802 in
2965 5719 3068 5805 ove
3097 5743 3191 5802 illa
3222 5738 3516 5812 corporali.
3554 5753 3576 5789 ι
