  <div class='ocr_page' id='page_1' title='image "/cluster/home/n/w/nwhite01/storage/ocr_20150623/12/mdp.39015028786690/331.png"; bbox 0 0 4074 6156; ppageno 0'>
   <div class='ocr_carea' id='block_1_1' title="bbox 513 305 625 365">
    <p class='ocr_par' dir='ltr' id='par_1_1' title="bbox 513 305 625 365">
     <span class='ocr_line' id='line_1_1' title="bbox 513 305 625 365; baseline 0.045 -4"><span class='ocrx_word' id='word_1_1' title='bbox 513 305 625 365; x_wconf 75' lang='grc'><strong>645</strong></span> 
     </span>
    </p>
   </div>
   <div class='ocr_carea' id='block_1_2' title="bbox 1976 286 2300 345">
    <p class='ocr_par' dir='ltr' id='par_1_2' title="bbox 1976 286 2300 345">
     <span class='ocr_line' id='line_1_2' title="bbox 1976 286 2300 345; baseline -0.006 0"><span class='ocrx_word' id='word_1_2' title='bbox 1976 286 2300 345; x_wconf 76' lang='lat' dir='ltr'><strong>ORIGENIS</strong></span> 
     </span>
    </p>
   </div>
   <div class='ocr_carea' id='block_1_3' title="bbox 3670 280 3783 338">
    <p class='ocr_par' dir='ltr' id='par_1_3' title="bbox 3670 280 3783 338">
     <span class='ocr_line' id='line_1_3' title="bbox 3670 280 3783 338; baseline 0 0"><span class='ocrx_word' id='word_1_3' title='bbox 3670 280 3783 338; x_wconf 61' lang='lat'><strong>65$</strong></span> 
     </span>
    </p>
   </div>
   <div class='ocr_carea' id='block_1_4' title="bbox 512 398 3780 496">
    <p class='ocr_par' dir='ltr' id='par_1_4' title="bbox 512 398 3780 496">
     <span class='ocr_line' id='line_1_4' title="bbox 512 398 3780 496; baseline -0.009 -12"><span class='ocrx_word' id='word_1_4' title='bbox 512 427 650 484; x_wconf 83' lang='lat' dir='ltr'><strong>nihil</strong></span> <span class='ocrx_word' id='word_1_5' title='bbox 693 421 934 496; x_wconf 89' lang='lat' dir='ltr'><strong>proderit</strong></span> <span class='ocrx_word' id='word_1_6' title='bbox 968 437 983 482; x_wconf 85' lang='lat'><strong>;</strong></span> <span class='ocrx_word' id='word_1_7' title='bbox 1017 439 1037 473; x_wconf 74' lang='grc' dir='ltr'><strong>ι</strong></span> <span class='ocrx_word' id='word_1_8' title='bbox 1079 426 1134 473; x_wconf 93' lang='lat' dir='ltr'><strong>et</strong></span> <span class='ocrx_word' id='word_1_9' title='bbox 1161 414 1293 470; x_wconf 88' lang='lat' dir='ltr'><strong>illud</strong></span> <span class='ocrx_word' id='word_1_10' title='bbox 1324 410 1420 469; x_wconf 72' lang='grc' dir='ltr'><strong>’σε</strong></span> <span class='ocrx_word' id='word_1_11' title='bbox 1455 432 1473 465; x_wconf 76' lang='grc' dir='ltr'><strong>ι</strong></span> <span class='ocrx_word' id='word_1_12' title='bbox 1510 412 1626 469; x_wconf 82' lang='lat' dir='ltr'><strong>Non</strong></span> <span class='ocrx_word' id='word_1_13' title='bbox 1676 415 1820 471; x_wconf 92' lang='lat' dir='ltr'><strong>enim</strong></span> <span class='ocrx_word' id='word_1_14' title='bbox 1873 429 1996 485; x_wconf 80' lang='lat' dir='ltr'><strong>quae</strong></span> <span class='ocrx_word' id='word_1_15' title='bbox 2034 414 2088 468; x_wconf 93' lang='lat' dir='ltr'><strong>in</strong></span> <span class='ocrx_word' id='word_1_16' title='bbox 2123 418 2163 472; x_wconf 80' lang='grc' dir='ltr'><strong>Α</strong></span> <span class='ocrx_word' id='word_1_17' title='bbox 2195 410 2321 464; x_wconf 92' lang='lat' dir='ltr'><strong>dum</strong></span> <span class='ocrx_word' id='word_1_18' title='bbox 2342 406 2578 463; x_wconf 89' lang='lat' dir='ltr'><strong>litteram</strong></span> <span class='ocrx_word' id='word_1_19' title='bbox 2624 403 2694 460; x_wconf 90' lang='lat' dir='ltr'><strong>ab</strong></span> <span class='ocrx_word' id='word_1_20' title='bbox 2737 401 3011 474; x_wconf 77' lang='lat' dir='ltr'><strong>Evangelii</strong></span> <span class='ocrx_word' id='word_1_21' title='bbox 3056 399 3338 470; x_wconf 82' lang='lat' dir='ltr'><strong>discipulis</strong></span> <span class='ocrx_word' id='word_1_22' title='bbox 3379 398 3780 463; x_wconf 77' lang='lat' dir='ltr'><strong>observentur;</strong></span> 
     </span>
    </p>
   </div>
   <div class='ocr_carea' id='block_1_5' title="bbox 513 506 2094 574">
    <p class='ocr_par' dir='ltr' id='par_1_5' title="bbox 513 506 2094 574">
     <span class='ocr_line' id='line_1_5' title="bbox 513 506 2094 574; baseline -0.009 0"><span class='ocrx_word' id='word_1_23' title='bbox 513 517 803 574; x_wconf 89' lang='lat' dir='ltr'><strong>manifesto</strong></span> <span class='ocrx_word' id='word_1_24' title='bbox 839 514 890 566; x_wconf 90' lang='lat' dir='ltr'><strong>in</strong></span> <span class='ocrx_word' id='word_1_25' title='bbox 920 526 1087 566; x_wconf 90' lang='lat' dir='ltr'><strong>carne</strong></span> <span class='ocrx_word' id='word_1_26' title='bbox 1109 518 1194 564; x_wconf 89' lang='lat' dir='ltr'><strong>est</strong></span> <span class='ocrx_word' id='word_1_27' title='bbox 1218 507 1588 572; x_wconf 85' lang='lat' dir='ltr'><strong>circumcisio,</strong></span> <span class='ocrx_word' id='word_1_28' title='bbox 1620 507 1709 562; x_wconf 88' lang='lat' dir='ltr'><strong>illa</strong></span> <span class='ocrx_word' id='word_1_29' title='bbox 1742 506 2094 562; x_wconf 89' lang='lat' dir='ltr'><strong>circumcisio</strong></span> 
     </span>
    </p>
   </div>
   <div class='ocr_carea' id='block_1_6' title="bbox 511 601 2091 677">
    <p class='ocr_par' dir='ltr' id='par_1_6' title="bbox 511 601 2091 677">
     <span class='ocr_line' id='line_1_6' title="bbox 511 601 2091 677; baseline -0.008 -11"><span class='ocrx_word' id='word_1_30' title='bbox 511 621 614 676; x_wconf 84' lang='lat' dir='ltr'><strong>est,</strong></span> <span class='ocrx_word' id='word_1_31' title='bbox 651 621 828 677; x_wconf 85' lang='lat' dir='ltr'><strong>neque</strong></span> <span class='ocrx_word' id='word_1_32' title='bbox 865 604 954 674; x_wconf 88' lang='lat' dir='ltr'><strong>qui</strong></span> <span class='ocrx_word' id='word_1_33' title='bbox 990 604 1044 657; x_wconf 91' lang='lat' dir='ltr'><strong>in</strong></span> <span class='ocrx_word' id='word_1_34' title='bbox 1087 603 1377 658; x_wconf 89' lang='lat' dir='ltr'><strong>manifesto</strong></span> <span class='ocrx_word' id='word_1_35' title='bbox 1428 603 1482 657; x_wconf 91' lang='lat' dir='ltr'><strong>in</strong></span> <span class='ocrx_word' id='word_1_36' title='bbox 1526 617 1693 657; x_wconf 90' lang='lat' dir='ltr'><strong>carne</strong></span> <span class='ocrx_word' id='word_1_37' title='bbox 1721 601 1943 657; x_wconf 63' lang='lat' dir='ltr'><strong>.ludteus</strong></span> <span class='ocrx_word' id='word_1_38' title='bbox 1982 610 2091 664; x_wconf 85' lang='lat' dir='ltr'><strong>est,</strong></span> 
     </span>
    </p>
   </div>
   <div class='ocr_carea' id='block_1_7' title="bbox 508 696 2092 772">
    <p class='ocr_par' dir='ltr' id='par_1_7' title="bbox 508 696 2092 772">
     <span class='ocr_line' id='line_1_7' title="bbox 508 696 2092 772; baseline -0.004 -15"><span class='ocrx_word' id='word_1_39' title='bbox 508 704 605 758; x_wconf 90' lang='lat' dir='ltr'><strong>sed</strong></span> <span class='ocrx_word' id='word_1_40' title='bbox 651 701 744 772; x_wconf 89' lang='lat' dir='ltr'><strong>qui</strong></span> <span class='ocrx_word' id='word_1_41' title='bbox 773 702 828 755; x_wconf 92' lang='lat' dir='ltr'><strong>in</strong></span> <span class='ocrx_word' id='word_1_42' title='bbox 883 699 1101 755; x_wconf 90' lang='lat' dir='ltr'><strong>occulto</strong></span> <span class='ocrx_word' id='word_1_43' title='bbox 1164 698 1385 753; x_wconf 70' lang='lat' dir='ltr'><strong>Iudaeus</strong></span> <span class='ocrx_word' id='word_1_44' title='bbox 1445 707 1532 754; x_wconf 89' lang='lat' dir='ltr'><strong>est</strong></span> <span class='ocrx_word' id='word_1_45' title='bbox 1577 715 1591 752; x_wconf 86' lang='lat'><strong>:</strong></span> <span class='ocrx_word' id='word_1_46' title='bbox 1639 708 1696 753; x_wconf 91' lang='lat' dir='ltr'><strong>et</strong></span> <span class='ocrx_word' id='word_1_47' title='bbox 1739 696 2092 753; x_wconf 90' lang='lat' dir='ltr'><strong>circumcisio</strong></span> 
     </span>
    </p>
   </div>
   <div class='ocr_carea' id='block_1_8' title="bbox 507 790 2090 863">
    <p class='ocr_par' dir='ltr' id='par_1_8' title="bbox 507 790 2090 863">
     <span class='ocr_line' id='line_1_8' title="bbox 507 790 2090 863; baseline -0.005 -13"><span class='ocrx_word' id='word_1_48' title='bbox 507 794 689 851; x_wconf 85' lang='lat' dir='ltr'><strong>cordis</strong></span> <span class='ocrx_word' id='word_1_49' title='bbox 728 794 784 848; x_wconf 92' lang='lat' dir='ltr'><strong>in</strong></span> <span class='ocrx_word' id='word_1_50' title='bbox 826 793 1046 863; x_wconf 92' lang='lat' dir='ltr'><strong>spiritu,</strong></span> <span class='ocrx_word' id='word_1_51' title='bbox 1092 808 1200 847; x_wconf 91' lang='lat' dir='ltr'><strong>non</strong></span> <span class='ocrx_word' id='word_1_52' title='bbox 1252 793 1459 854; x_wconf 90' lang='lat' dir='ltr'><strong>littera.</strong></span> <span class='ocrx_word' id='word_1_53' title='bbox 1501 790 1660 860; x_wconf 78' lang='lat' dir='ltr'><strong>cuius</strong></span> <span class='ocrx_word' id='word_1_54' title='bbox 1707 790 1830 845; x_wconf 90' lang='lat' dir='ltr'><strong>laus</strong></span> <span class='ocrx_word' id='word_1_55' title='bbox 1863 805 1971 843; x_wconf 90' lang='lat' dir='ltr'><strong>non</strong></span> <span class='ocrx_word' id='word_1_56' title='bbox 2023 804 2090 844; x_wconf 80' lang='lat' dir='ltr'><strong>ex</strong></span> 
     </span>
    </p>
   </div>
   <div class='ocr_carea' id='block_1_9' title="bbox 507 883 2092 954">
    <p class='ocr_par' dir='ltr' id='par_1_9' title="bbox 507 883 2092 954">
     <span class='ocr_line' id='line_1_9' title="bbox 507 883 2092 954; baseline -0.003 -11"><span class='ocrx_word' id='word_1_57' title='bbox 507 886 846 952; x_wconf 85' lang='lat' dir='ltr'><strong>hominibus,</strong></span> <span class='ocrx_word' id='word_1_58' title='bbox 872 888 966 941; x_wconf 89' lang='lat' dir='ltr'><strong>sed</strong></span> <span class='ocrx_word' id='word_1_59' title='bbox 996 902 1064 941; x_wconf 80' lang='lat' dir='ltr'><strong>ex</strong></span> <span class='ocrx_word' id='word_1_60' title='bbox 1096 886 1207 940; x_wconf 89' lang='lat' dir='ltr'><strong>Deo</strong></span> <span class='ocrx_word' id='word_1_61' title='bbox 1234 894 1339 940; x_wconf 87' lang='lat' dir='ltr'><strong>est.</strong></span> <span class='ocrx_word' id='word_1_62' title='bbox 1372 905 1389 937; x_wconf 83' lang='grc' dir='ltr'><strong>ι</strong></span> <span class='ocrx_word' id='word_1_63' title='bbox 1423 884 1548 939; x_wconf 80' lang='lat' dir='ltr'><strong>ll:ec</strong></span> <span class='ocrx_word' id='word_1_64' title='bbox 1575 899 1708 954; x_wconf 87' lang='lat' dir='ltr'><strong>ergo</strong></span> <span class='ocrx_word' id='word_1_65' title='bbox 1734 883 1948 954; x_wconf 89' lang='lat' dir='ltr'><strong>singula</strong></span> <span class='ocrx_word' id='word_1_66' title='bbox 1971 899 2092 952; x_wconf 76' lang='lat' dir='ltr'><strong>quae.</strong></span> 
     </span>
    </p>
   </div>
   <div class='ocr_carea' id='block_1_10' title="bbox 507 977 2088 1049">
    <p class='ocr_par' dir='ltr' id='par_1_10' title="bbox 507 977 2088 1049">
     <span class='ocr_line' id='line_1_10' title="bbox 507 977 2088 1049; baseline -0.003 -13"><span class='ocrx_word' id='word_1_67' title='bbox 507 994 853 1049; x_wconf 82' lang='lat' dir='ltr'><strong>nequaquam</strong></span> <span class='ocrx_word' id='word_1_68' title='bbox 886 979 1108 1047; x_wconf 76' lang='lat' dir='ltr'><strong>penitus</strong></span> <span class='ocrx_word' id='word_1_69' title='bbox 1136 977 1432 1034; x_wconf 90' lang='lat' dir='ltr'><strong>secundum</strong></span> <span class='ocrx_word' id='word_1_70' title='bbox 1467 977 1709 1033; x_wconf 79' lang='lat' dir='ltr'><strong>litteram</strong></span> <span class='ocrx_word' id='word_1_71' title='bbox 1740 979 2088 1032; x_wconf 86' lang='lat' dir='ltr'><strong>observanda</strong></span> 
     </span>
    </p>
   </div>
   <div class='ocr_carea' id='block_1_11' title="bbox 505 1072 2085 1146">
    <p class='ocr_par' dir='ltr' id='par_1_11' title="bbox 505 1072 2085 1146">
     <span class='ocr_line' id='line_1_11' title="bbox 505 1072 2085 1146; baseline -0.004 -12"><span class='ocrx_word' id='word_1_72' title='bbox 505 1078 641 1135; x_wconf 84' lang='lat' dir='ltr'><strong>dicit</strong></span> <span class='ocrx_word' id='word_1_73' title='bbox 667 1074 981 1146; x_wconf 77' lang='lat' dir='ltr'><strong>Apostolus,</strong></span> <span class='ocrx_word' id='word_1_74' title='bbox 1007 1074 1251 1129; x_wconf 83' lang='lat' dir='ltr'><strong>invenies</strong></span> <span class='ocrx_word' id='word_1_75' title='bbox 1284 1075 1465 1127; x_wconf 90' lang='lat' dir='ltr'><strong>omnia</strong></span> <span class='ocrx_word' id='word_1_76' title='bbox 1514 1072 1632 1127; x_wconf 87' lang='lat' dir='ltr'><strong>fere</strong></span> <span class='ocrx_word' id='word_1_77' title='bbox 1670 1073 1814 1142; x_wconf 91' lang='lat' dir='ltr'><strong>apud</strong></span> <span class='ocrx_word' id='word_1_78' title='bbox 1865 1072 2085 1145; x_wconf 86' lang='lat' dir='ltr'><strong>Moysen</strong></span> 
     </span>
    </p>
   </div>
   <div class='ocr_carea' id='block_1_12' title="bbox 506 1166 2087 1242">
    <p class='ocr_par' dir='ltr' id='par_1_12' title="bbox 506 1166 2087 1242">
     <span class='ocr_line' id='line_1_12' title="bbox 506 1166 2087 1242; baseline -0.006 -12"><span class='ocrx_word' id='word_1_79' title='bbox 506 1174 607 1230; x_wconf 89' lang='lat' dir='ltr'><strong>sub</strong></span> <span class='ocrx_word' id='word_1_80' title='bbox 661 1171 799 1242; x_wconf 78' lang='lat' dir='ltr'><strong>legis</strong></span> <span class='ocrx_word' id='word_1_81' title='bbox 857 1168 1010 1224; x_wconf 82' lang='lat' dir='ltr'><strong>titulo</strong></span> <span class='ocrx_word' id='word_1_82' title='bbox 1053 1169 1349 1238; x_wconf 86' lang='lat' dir='ltr'><strong>designari.</strong></span> <span class='ocrx_word' id='word_1_83' title='bbox 1400 1166 1519 1221; x_wconf 83' lang='lat' dir='ltr'><strong>Jam</strong></span> <span class='ocrx_word' id='word_1_84' title='bbox 1567 1182 1696 1221; x_wconf 86' lang='lat' dir='ltr'><strong>vero</strong></span> <span class='ocrx_word' id='word_1_85' title='bbox 1756 1167 1809 1221; x_wconf 92' lang='lat' dir='ltr'><strong>in</strong></span> <span class='ocrx_word' id='word_1_86' title='bbox 1877 1182 1942 1221; x_wconf 90' lang='lat' dir='ltr'><strong>eo</strong></span> <span class='ocrx_word' id='word_1_87' title='bbox 1995 1167 2087 1222; x_wconf 93' lang='lat' dir='ltr'><strong>ubi</strong></span> 
     </span>
    </p>
   </div>
   <div class='ocr_carea' id='block_1_13' title="bbox 429 1257 2086 1330">
    <p class='ocr_par' dir='ltr' id='par_1_13' title="bbox 429 1257 2086 1330">
     <span class='ocr_line' id='line_1_13' title="bbox 429 1257 2086 1330; baseline -0.007 -7"><span class='ocrx_word' id='word_1_88' title='bbox 429 1276 437 1283; x_wconf 83' lang='lat'><strong><em>‘</em></strong></span> <span class='ocrx_word' id='word_1_89' title='bbox 506 1268 637 1322; x_wconf 84' lang='lat' dir='ltr'><strong>dicit</strong></span> <span class='ocrx_word' id='word_1_90' title='bbox 689 1266 758 1330; x_wconf 74' lang='grc' dir='ltr'><strong>θί,</strong></span> <span class='ocrx_word' id='word_1_91' title='bbox 804 1282 824 1315; x_wconf 90' lang='grc'><strong><em>‹</em></strong></span> <span class='ocrx_word' id='word_1_92' title='bbox 855 1262 970 1317; x_wconf 89' lang='lat' dir='ltr'><strong>Non</strong></span> <span class='ocrx_word' id='word_1_93' title='bbox 1019 1261 1256 1325; x_wconf 86' lang='lat' dir='ltr'><strong>occides,</strong></span> <span class='ocrx_word' id='word_1_94' title='bbox 1324 1275 1428 1313; x_wconf 90' lang='lat' dir='ltr'><strong>non</strong></span> <span class='ocrx_word' id='word_1_95' title='bbox 1480 1257 1811 1313; x_wconf 69' lang='lat' dir='ltr'><strong>adulterinum</strong></span> <span class='ocrx_word' id='word_1_96' title='bbox 1869 1259 2039 1314; x_wconf 80' lang='lat' dir='ltr'><strong>facies</strong></span> <span class='ocrx_word' id='word_1_97' title='bbox 2070 1299 2086 1325; x_wconf 93' lang='lat'><strong>,</strong></span> 
     </span>
    </p>
   </div>
   <div class='ocr_carea' id='block_1_14' title="bbox 508 1350 2083 1421">
    <p class='ocr_par' dir='ltr' id='par_1_14' title="bbox 508 1350 2083 1421">
     <span class='ocr_line' id='line_1_14' title="bbox 508 1350 2083 1421; baseline -0.004 -9"><span class='ocrx_word' id='word_1_98' title='bbox 508 1374 615 1412; x_wconf 91' lang='lat' dir='ltr'><strong>non</strong></span> <span class='ocrx_word' id='word_1_99' title='bbox 675 1356 971 1419; x_wconf 88' lang='lat' dir='ltr'><strong>furaberis,</strong></span> <span class='ocrx_word' id='word_1_100' title='bbox 1011 1373 1029 1406; x_wconf 81' lang='grc' dir='ltr'><strong>ι</strong></span> <span class='ocrx_word' id='word_1_101' title='bbox 1083 1362 1138 1407; x_wconf 90' lang='lat' dir='ltr'><strong>et</strong></span> <span class='ocrx_word' id='word_1_102' title='bbox 1182 1352 1388 1421; x_wconf 90' lang='lat' dir='ltr'><strong>reliqua</strong></span> <span class='ocrx_word' id='word_1_103' title='bbox 1450 1350 1796 1418; x_wconf 90' lang='lat' dir='ltr'><strong>hujusmodi,</strong></span> <span class='ocrx_word' id='word_1_104' title='bbox 1844 1367 1949 1405; x_wconf 91' lang='lat' dir='ltr'><strong>non</strong></span> <span class='ocrx_word' id='word_1_105' title='bbox 1998 1354 2083 1406; x_wconf 84' lang='lat' dir='ltr'><strong>in-</strong></span> 
     </span>
    </p>
   </div>
   <div class='ocr_carea' id='block_1_15' title="bbox 506 1442 2083 1516">
    <p class='ocr_par' dir='ltr' id='par_1_15' title="bbox 506 1442 2083 1516">
     <span class='ocr_line' id='line_1_15' title="bbox 506 1442 2083 1516; baseline -0.003 -14"><span class='ocrx_word' id='word_1_106' title='bbox 506 1450 726 1512; x_wconf 79' lang='lat' dir='ltr'><strong>venies,</strong></span> <span class='ocrx_word' id='word_1_107' title='bbox 772 1447 1031 1516; x_wconf 90' lang='lat' dir='ltr'><strong>quoniam</strong></span> <span class='ocrx_word' id='word_1_108' title='bbox 1078 1445 1215 1516; x_wconf 84' lang='lat' dir='ltr'><strong>legis</strong></span> <span class='ocrx_word' id='word_1_109' title='bbox 1265 1444 1317 1497; x_wconf 92' lang='lat' dir='ltr'><strong>in</strong></span> <span class='ocrx_word' id='word_1_110' title='bbox 1365 1442 1431 1497; x_wconf 92' lang='lat' dir='ltr'><strong>iis</strong></span> <span class='ocrx_word' id='word_1_111' title='bbox 1470 1443 1689 1496; x_wconf 89' lang='lat' dir='ltr'><strong>titulum</strong></span> <span class='ocrx_word' id='word_1_112' title='bbox 1732 1443 2083 1512; x_wconf 58' lang='lat' dir='ltr'><strong>praemiserit,</strong></span> 
     </span>
    </p>
   </div>
   <div class='ocr_carea' id='block_1_16' title="bbox 507 1535 2086 1610">
    <p class='ocr_par' dir='ltr' id='par_1_16' title="bbox 507 1535 2086 1610">
     <span class='ocr_line' id='line_1_16' title="bbox 507 1535 2086 1610; baseline -0.003 -14"><span class='ocrx_word' id='word_1_113' title='bbox 507 1542 601 1596; x_wconf 88' lang='lat' dir='ltr'><strong>sed</strong></span> <span class='ocrx_word' id='word_1_114' title='bbox 664 1541 839 1610; x_wconf 82' lang='lat' dir='ltr'><strong>magis</strong></span> <span class='ocrx_word' id='word_1_115' title='bbox 895 1539 1009 1592; x_wconf 57' lang='lat' dir='ltr'><strong>haec</strong></span> <span class='ocrx_word' id='word_1_116' title='bbox 1059 1536 1317 1590; x_wconf 87' lang='lat' dir='ltr'><strong>mandata</strong></span> <span class='ocrx_word' id='word_1_117' title='bbox 1363 1535 1642 1598; x_wconf 87' lang='lat' dir='ltr'><strong>videntur,</strong></span> <span class='ocrx_word' id='word_1_118' title='bbox 1698 1545 1754 1590; x_wconf 93' lang='lat' dir='ltr'><strong>et</strong></span> <span class='ocrx_word' id='word_1_119' title='bbox 1809 1536 1931 1591; x_wconf 88' lang='lat' dir='ltr'><strong>ideo</strong></span> <span class='ocrx_word' id='word_1_120' title='bbox 1978 1551 2086 1591; x_wconf 91' lang='lat' dir='ltr'><strong>non</strong></span> 
     </span>
    </p>
   </div>
   <div class='ocr_carea' id='block_1_17' title="bbox 505 1625 2083 1698">
    <p class='ocr_par' dir='ltr' id='par_1_17' title="bbox 505 1625 2083 1698">
     <span class='ocr_line' id='line_1_17' title="bbox 505 1625 2083 1698; baseline -0.001 -14"><span class='ocrx_word' id='word_1_121' title='bbox 505 1632 822 1685; x_wconf 75' lang='lat' dir='ltr'><strong>exinanitur</strong></span> <span class='ocrx_word' id='word_1_122' title='bbox 884 1628 1024 1698; x_wconf 90' lang='lat' dir='ltr'><strong>apud</strong></span> <span class='ocrx_word' id='word_1_123' title='bbox 1096 1625 1389 1693; x_wconf 83' lang='lat' dir='ltr'><strong>discipulos</strong></span> <span class='ocrx_word' id='word_1_124' title='bbox 1458 1626 1740 1697; x_wconf 85' lang='lat' dir='ltr'><strong>Evangelii</strong></span> <span class='ocrx_word' id='word_1_125' title='bbox 1818 1627 2083 1696; x_wconf 84' lang='lat' dir='ltr'><strong>scriptura</strong></span> 
     </span>
    </p>
   </div>
   <div class='ocr_carea' id='block_1_18' title="bbox 507 1719 2085 1791">
    <p class='ocr_par' dir='ltr' id='par_1_18' title="bbox 507 1719 2085 1791">
     <span class='ocr_line' id='line_1_18' title="bbox 507 1719 2085 1791; baseline -0.004 -12"><span class='ocrx_word' id='word_1_126' title='bbox 507 1725 635 1786; x_wconf 86' lang='lat' dir='ltr'><strong>ista,</strong></span> <span class='ocrx_word' id='word_1_127' title='bbox 665 1724 757 1779; x_wconf 90' lang='lat' dir='ltr'><strong>sed</strong></span> <span class='ocrx_word' id='word_1_128' title='bbox 786 1722 1147 1791; x_wconf 89' lang='lat' dir='ltr'><strong>adimpletur:</strong></span> <span class='ocrx_word' id='word_1_129' title='bbox 1176 1720 1324 1788; x_wconf 86' lang='lat' dir='ltr'><strong>quia,</strong></span> <span class='ocrx_word' id='word_1_130' title='bbox 1355 1728 1414 1773; x_wconf 85' lang='lat' dir='ltr'><strong>ut</strong></span> <span class='ocrx_word' id='word_1_131' title='bbox 1437 1719 1571 1786; x_wconf 72' lang='lat' dir='ltr'><strong>dixi,</strong></span> <span class='ocrx_word' id='word_1_132' title='bbox 1601 1734 1706 1773; x_wconf 91' lang='lat' dir='ltr'><strong>non</strong></span> <span class='ocrx_word' id='word_1_133' title='bbox 1745 1720 2085 1784; x_wconf 84' lang='lat' dir='ltr'><strong>mandatum,</strong></span> 
     </span>
    </p>
   </div>
   <div class='ocr_carea' id='block_1_19' title="bbox 2198 491 3777 571">
    <p class='ocr_par' dir='ltr' id='par_1_19' title="bbox 2198 491 3777 571">
     <span class='ocr_line' id='line_1_19' title="bbox 2198 491 3777 571; baseline -0.005 -18"><span class='ocrx_word' id='word_1_134' title='bbox 2198 500 2443 571; x_wconf 82' lang='lat' dir='ltr'><strong>quaedam</strong></span> <span class='ocrx_word' id='word_1_135' title='bbox 2477 512 2610 555; x_wconf 86' lang='lat' dir='ltr'><strong>vero</strong></span> <span class='ocrx_word' id='word_1_136' title='bbox 2636 499 2945 554; x_wconf 89' lang='lat' dir='ltr'><strong>omnimode</strong></span> <span class='ocrx_word' id='word_1_137' title='bbox 2970 507 3032 552; x_wconf 93' lang='lat' dir='ltr'><strong>ut</strong></span> <span class='ocrx_word' id='word_1_138' title='bbox 3052 496 3253 565; x_wconf 89' lang='lat' dir='ltr'><strong>scripta</strong></span> <span class='ocrx_word' id='word_1_139' title='bbox 3288 501 3414 547; x_wconf 90' lang='lat' dir='ltr'><strong>sunt</strong></span> <span class='ocrx_word' id='word_1_140' title='bbox 3442 491 3777 555; x_wconf 87' lang='lat' dir='ltr'><strong>obtinenda;</strong></span> 
     </span>
    </p>
   </div>
   <div class='ocr_carea' id='block_1_20' title="bbox 2195 584 3784 659">
    <p class='ocr_par' dir='ltr' id='par_1_20' title="bbox 2195 584 3784 659">
     <span class='ocr_line' id='line_1_20' title="bbox 2195 584 3784 659; baseline -0.004 -15"><span class='ocrx_word' id='word_1_141' title='bbox 2195 592 2297 644; x_wconf 90' lang='lat' dir='ltr'><strong>alia</strong></span> <span class='ocrx_word' id='word_1_142' title='bbox 2321 601 2501 648; x_wconf 90' lang='lat' dir='ltr'><strong>autem</strong></span> <span class='ocrx_word' id='word_1_143' title='bbox 2532 593 2735 647; x_wconf 88' lang='lat' dir='ltr'><strong>habere</strong></span> <span class='ocrx_word' id='word_1_144' title='bbox 2765 589 2980 659; x_wconf 90' lang='lat' dir='ltr'><strong>quidem</strong></span> <span class='ocrx_word' id='word_1_145' title='bbox 3011 588 3310 643; x_wconf 90' lang='lat' dir='ltr'><strong>secundum</strong></span> <span class='ocrx_word' id='word_1_146' title='bbox 3354 586 3593 639; x_wconf 85' lang='lat' dir='ltr'><strong>litteram</strong></span> <span class='ocrx_word' id='word_1_147' title='bbox 3634 584 3784 638; x_wconf 85' lang='lat' dir='ltr'><strong>veri-</strong></span> 
     </span>
    </p>
   </div>
   <div class='ocr_carea' id='block_1_21' title="bbox 2198 676 3783 754">
    <p class='ocr_par' dir='ltr' id='par_1_21' title="bbox 2198 676 3783 754">
     <span class='ocr_line' id='line_1_21' title="bbox 2198 676 3783 754; baseline -0.004 -17"><span class='ocrx_word' id='word_1_148' title='bbox 2198 692 2360 738; x_wconf 87' lang='lat' dir='ltr'><strong>tatem</strong></span> <span class='ocrx_word' id='word_1_149' title='bbox 2412 683 2519 749; x_wconf 90' lang='lat' dir='ltr'><strong>sui,</strong></span> <span class='ocrx_word' id='word_1_150' title='bbox 2573 683 2816 754; x_wconf 87' lang='lat' dir='ltr'><strong>recipere</strong></span> <span class='ocrx_word' id='word_1_151' title='bbox 2865 691 3047 734; x_wconf 90' lang='lat' dir='ltr'><strong>tamen</strong></span> <span class='ocrx_word' id='word_1_152' title='bbox 3091 678 3296 734; x_wconf 86' lang='lat' dir='ltr'><strong>utiliter</strong></span> <span class='ocrx_word' id='word_1_153' title='bbox 3353 686 3410 733; x_wconf 90' lang='lat' dir='ltr'><strong>et</strong></span> <span class='ocrx_word' id='word_1_154' title='bbox 3462 676 3783 732; x_wconf 85' lang='lat' dir='ltr'><strong>necessario</strong></span> 
     </span>
    </p>
   </div>
   <div class='ocr_carea' id='block_1_22' title="bbox 2194 775 3010 846">
    <p class='ocr_par' dir='ltr' id='par_1_22' title="bbox 2194 775 3010 846">
     <span class='ocr_line' id='line_1_22' title="bbox 2194 775 3010 846; baseline -0.007 -14"><span class='ocrx_word' id='word_1_155' title='bbox 2194 778 2359 832; x_wconf 90' lang='lat' dir='ltr'><strong>etiam</strong></span> <span class='ocrx_word' id='word_1_156' title='bbox 2391 775 2738 846; x_wconf 87' lang='lat' dir='ltr'><strong>allegoricum</strong></span> <span class='ocrx_word' id='word_1_157' title='bbox 2769 777 3010 829; x_wconf 82' lang='lat' dir='ltr'><strong>sensum.</strong></span> 
     </span>
    </p>
   </div>
   <div class='ocr_carea' id='block_1_23' title="bbox 2264 857 3785 936">
    <p class='ocr_par' dir='ltr' id='par_1_23' title="bbox 2264 857 3785 936">
     <span class='ocr_line' id='line_1_23' title="bbox 2264 857 3785 936; baseline -0.008 -14"><span class='ocrx_word' id='word_1_158' title='bbox 2264 869 2319 922; x_wconf 77' lang='grc'><strong>2.</strong></span> <span class='ocrx_word' id='word_1_159' title='bbox 2362 868 2481 922; x_wconf 88' lang='lat' dir='ltr'><strong>Erit</strong></span> <span class='ocrx_word' id='word_1_160' title='bbox 2515 881 2645 936; x_wconf 86' lang='lat' dir='ltr'><strong>ergo</strong></span> <span class='ocrx_word' id='word_1_161' title='bbox 2669 865 2780 934; x_wconf 82' lang='lat' dir='ltr'><strong>jam</strong></span> <span class='ocrx_word' id='word_1_162' title='bbox 2832 863 3091 932; x_wconf 90' lang='lat' dir='ltr'><strong>sapientis</strong></span> <span class='ocrx_word' id='word_1_163' title='bbox 3137 860 3328 917; x_wconf 60' lang='lat' dir='ltr'><strong>scribae</strong></span> <span class='ocrx_word' id='word_1_164' title='bbox 3373 869 3428 915; x_wconf 91' lang='lat' dir='ltr'><strong>et</strong></span> <span class='ocrx_word' id='word_1_165' title='bbox 3478 857 3660 912; x_wconf 90' lang='lat' dir='ltr'><strong>edocti</strong></span> <span class='ocrx_word' id='word_1_166' title='bbox 3711 857 3785 910; x_wconf 86' lang='lat' dir='ltr'><strong>de</strong></span> 
     </span>
    </p>
   </div>
   <div class='ocr_carea' id='block_1_24' title="bbox 2196 951 3780 1032">
    <p class='ocr_par' dir='ltr' id='par_1_24' title="bbox 2196 951 3780 1032">
     <span class='ocr_line' id='line_1_24' title="bbox 2196 951 3780 1032; baseline -0.009 -16"><span class='ocrx_word' id='word_1_167' title='bbox 2196 976 2361 1032; x_wconf 84' lang='lat' dir='ltr'><strong>regno</strong></span> <span class='ocrx_word' id='word_1_168' title='bbox 2395 962 2510 1024; x_wconf 86' lang='lat' dir='ltr'><strong>Dei,</strong></span> <span class='ocrx_word' id='word_1_169' title='bbox 2544 960 2634 1029; x_wconf 91' lang='lat' dir='ltr'><strong>qui</strong></span> <span class='ocrx_word' id='word_1_170' title='bbox 2667 959 2809 1013; x_wconf 86' lang='lat' dir='ltr'><strong>sciat</strong></span> <span class='ocrx_word' id='word_1_171' title='bbox 2838 958 2906 1013; x_wconf 91' lang='lat' dir='ltr'><strong>de</strong></span> <span class='ocrx_word' id='word_1_172' title='bbox 2932 955 3197 1011; x_wconf 88' lang='lat' dir='ltr'><strong>thesauris</strong></span> <span class='ocrx_word' id='word_1_173' title='bbox 3238 953 3321 1008; x_wconf 91' lang='lat' dir='ltr'><strong>his</strong></span> <span class='ocrx_word' id='word_1_174' title='bbox 3361 951 3613 1022; x_wconf 89' lang='lat' dir='ltr'><strong>proferre</strong></span> <span class='ocrx_word' id='word_1_175' title='bbox 3638 965 3780 1003; x_wconf 83' lang='lat' dir='ltr'><strong>nova</strong></span> 
     </span>
    </p>
   </div>
   <div class='ocr_carea' id='block_1_25' title="bbox 2193 1031 3784 1121">
    <p class='ocr_par' dir='ltr' id='par_1_25' title="bbox 2193 1031 3784 1121">
     <span class='ocr_line' id='line_1_25' title="bbox 2193 1031 3784 1121; baseline -0.008 -12"><span class='ocrx_word' id='word_1_176' title='bbox 2193 1065 2249 1109; x_wconf 89' lang='lat' dir='ltr'><strong>et</strong></span> <span class='ocrx_word' id='word_1_177' title='bbox 2272 1031 2478 1121; x_wconf 78' lang='lat' dir='ltr'><strong>vetera,</strong></span> <span class='ocrx_word' id='word_1_178' title='bbox 2502 1053 2641 1108; x_wconf 89' lang='lat' dir='ltr'><strong>scire</strong></span> <span class='ocrx_word' id='word_1_179' title='bbox 2672 1050 2944 1120; x_wconf 92' lang='lat' dir='ltr'><strong>quomodo</strong></span> <span class='ocrx_word' id='word_1_180' title='bbox 2968 1049 3020 1103; x_wconf 91' lang='lat' dir='ltr'><strong>in</strong></span> <span class='ocrx_word' id='word_1_181' title='bbox 3060 1062 3166 1101; x_wconf 94' lang='lat' dir='ltr'><strong>uno</strong></span> <span class='ocrx_word' id='word_1_182' title='bbox 3199 1060 3409 1115; x_wconf 89' lang='lat' dir='ltr'><strong>quoque</strong></span> <span class='ocrx_word' id='word_1_183' title='bbox 3458 1031 3580 1098; x_wconf 84' lang='lat' dir='ltr'><strong>loco</strong></span> <span class='ocrx_word' id='word_1_184' title='bbox 3627 1041 3784 1098; x_wconf 84' lang='lat' dir='ltr'><strong>Scri-</strong></span> 
     </span>
    </p>
   </div>
   <div class='ocr_carea' id='block_1_26' title="bbox 2197 1137 3784 1216">
    <p class='ocr_par' dir='ltr' id='par_1_26' title="bbox 2197 1137 3784 1216">
     <span class='ocr_line' id='line_1_26' title="bbox 2197 1137 3784 1216; baseline -0.006 -18"><span class='ocrx_word' id='word_1_185' title='bbox 2197 1156 2392 1216; x_wconf 75' lang='lat' dir='ltr'><strong>pturae,</strong></span> <span class='ocrx_word' id='word_1_186' title='bbox 2419 1154 2514 1200; x_wconf 90' lang='lat' dir='ltr'><strong>aut</strong></span> <span class='ocrx_word' id='word_1_187' title='bbox 2545 1143 2767 1213; x_wconf 89' lang='lat' dir='ltr'><strong>abjiciat</strong></span> <span class='ocrx_word' id='word_1_188' title='bbox 2790 1142 3006 1213; x_wconf 91' lang='lat' dir='ltr'><strong>penitus</strong></span> <span class='ocrx_word' id='word_1_189' title='bbox 3042 1140 3380 1195; x_wconf 88' lang='lat' dir='ltr'><strong>occidentem</strong></span> <span class='ocrx_word' id='word_1_190' title='bbox 3423 1137 3689 1202; x_wconf 88' lang='lat' dir='ltr'><strong>litteram,</strong></span> <span class='ocrx_word' id='word_1_191' title='bbox 3721 1143 3784 1189; x_wconf 88' lang='lat' dir='ltr'><strong>et</strong></span> 
     </span>
    </p>
   </div>
   <div class='ocr_carea' id='block_1_27' title="bbox 2193 1229 3783 1310">
    <p class='ocr_par' dir='ltr' id='par_1_27' title="bbox 2193 1229 3783 1310">
     <span class='ocr_line' id='line_1_27' title="bbox 2193 1229 3783 1310; baseline -0.008 -17"><span class='ocrx_word' id='word_1_192' title='bbox 2193 1239 2442 1310; x_wconf 89' lang='lat' dir='ltr'><strong>spiritum</strong></span> <span class='ocrx_word' id='word_1_193' title='bbox 2481 1238 2844 1293; x_wconf 86' lang='lat' dir='ltr'><strong>viviﬁcantem</strong></span> <span class='ocrx_word' id='word_1_194' title='bbox 2875 1233 3148 1303; x_wconf 87' lang='lat' dir='ltr'><strong>requirat,</strong></span> <span class='ocrx_word' id='word_1_195' title='bbox 3195 1239 3292 1285; x_wconf 88' lang='lat' dir='ltr'><strong>aut</strong></span> <span class='ocrx_word' id='word_1_196' title='bbox 3337 1229 3630 1285; x_wconf 90' lang='lat' dir='ltr'><strong>conﬁrmet</strong></span> <span class='ocrx_word' id='word_1_197' title='bbox 3654 1242 3783 1281; x_wconf 90' lang='lat' dir='ltr'><strong>om-</strong></span> 
     </span>
    </p>
   </div>
   <div class='ocr_carea' id='block_1_28' title="bbox 2191 1327 3779 1399">
    <p class='ocr_par' dir='ltr' id='par_1_28' title="bbox 2191 1327 3779 1399">
     <span class='ocr_line' id='line_1_28' title="bbox 2191 1327 3779 1399; baseline -0.006 -10"><span class='ocrx_word' id='word_1_198' title='bbox 2191 1335 2427 1399; x_wconf 88' lang='lat' dir='ltr'><strong>nimode,</strong></span> <span class='ocrx_word' id='word_1_199' title='bbox 2472 1343 2528 1390; x_wconf 89' lang='lat' dir='ltr'><strong>et</strong></span> <span class='ocrx_word' id='word_1_200' title='bbox 2572 1333 2761 1389; x_wconf 93' lang='lat' dir='ltr'><strong>utilem</strong></span> <span class='ocrx_word' id='word_1_201' title='bbox 2796 1347 2862 1386; x_wconf 90' lang='lat' dir='ltr'><strong>ac</strong></span> <span class='ocrx_word' id='word_1_202' title='bbox 2910 1331 3272 1386; x_wconf 86' lang='lat' dir='ltr'><strong>necessariam</strong></span> <span class='ocrx_word' id='word_1_203' title='bbox 3324 1328 3518 1398; x_wconf 90' lang='lat' dir='ltr'><strong>probet</strong></span> <span class='ocrx_word' id='word_1_204' title='bbox 3574 1327 3779 1381; x_wconf 70' lang='lat' dir='ltr'><strong>litterae</strong></span> 
     </span>
    </p>
   </div>
   <div class='ocr_carea' id='block_1_29' title="bbox 2191 1420 3781 1495">
    <p class='ocr_par' dir='ltr' id='par_1_29' title="bbox 2191 1420 3781 1495">
     <span class='ocr_line' id='line_1_29' title="bbox 2191 1420 3781 1495; baseline -0.006 -14"><span class='ocrx_word' id='word_1_205' title='bbox 2191 1427 2493 1482; x_wconf 87' lang='lat' dir='ltr'><strong>doctrinam</strong></span> <span class='ocrx_word' id='word_1_206' title='bbox 2525 1445 2539 1495; x_wconf 91' lang='lat'><strong>;</strong></span> <span class='ocrx_word' id='word_1_207' title='bbox 2568 1436 2662 1480; x_wconf 93' lang='lat' dir='ltr'><strong>aut</strong></span> <span class='ocrx_word' id='word_1_208' title='bbox 2697 1432 2951 1479; x_wconf 90' lang='lat' dir='ltr'><strong>manente</strong></span> <span class='ocrx_word' id='word_1_209' title='bbox 2972 1424 3222 1488; x_wconf 85' lang='lat' dir='ltr'><strong>historia,</strong></span> <span class='ocrx_word' id='word_1_210' title='bbox 3257 1429 3560 1491; x_wconf 87' lang='lat' dir='ltr'><strong>opportune</strong></span> <span class='ocrx_word' id='word_1_211' title='bbox 3589 1427 3643 1473; x_wconf 91' lang='lat' dir='ltr'><strong>et</strong></span> <span class='ocrx_word' id='word_1_212' title='bbox 3676 1420 3781 1473; x_wconf 87' lang='lat' dir='ltr'><strong>de-</strong></span> 
     </span>
    </p>
   </div>
   <div class='ocr_carea' id='block_1_30' title="bbox 2191 1511 3782 1586">
    <p class='ocr_par' dir='ltr' id='par_1_30' title="bbox 2191 1511 3782 1586">
     <span class='ocr_line' id='line_1_30' title="bbox 2191 1511 3782 1586; baseline -0.006 -13"><span class='ocrx_word' id='word_1_213' title='bbox 2191 1530 2383 1573; x_wconf 88' lang='lat' dir='ltr'><strong>center</strong></span> <span class='ocrx_word' id='word_1_214' title='bbox 2417 1519 2728 1574; x_wconf 90' lang='lat' dir='ltr'><strong>introducat</strong></span> <span class='ocrx_word' id='word_1_215' title='bbox 2753 1520 2915 1575; x_wconf 90' lang='lat' dir='ltr'><strong>etiam</strong></span> <span class='ocrx_word' id='word_1_216' title='bbox 2952 1515 3240 1586; x_wconf 86' lang='lat' dir='ltr'><strong>mysticum</strong></span> <span class='ocrx_word' id='word_1_217' title='bbox 3267 1528 3507 1569; x_wconf 89' lang='lat' dir='ltr'><strong>sensum.</strong></span> <span class='ocrx_word' id='word_1_218' title='bbox 3542 1511 3697 1566; x_wconf 88' lang='lat' dir='ltr'><strong>Sicut</strong></span> <span class='ocrx_word' id='word_1_219' title='bbox 3722 1518 3782 1563; x_wconf 92' lang='lat' dir='ltr'><strong>et</strong></span> 
     </span>
    </p>
   </div>
   <div class='ocr_carea' id='block_1_31' title="bbox 2190 1602 3778 1681">
    <p class='ocr_par' dir='ltr' id='par_1_31' title="bbox 2190 1602 3778 1681">
     <span class='ocr_line' id='line_1_31' title="bbox 2190 1602 3778 1681; baseline -0.006 -16"><span class='ocrx_word' id='word_1_220' title='bbox 2190 1611 2244 1665; x_wconf 90' lang='lat' dir='ltr'><strong>in</strong></span> <span class='ocrx_word' id='word_1_221' title='bbox 2277 1612 2380 1665; x_wconf 90' lang='lat' dir='ltr'><strong>hoc</strong></span> <span class='ocrx_word' id='word_1_222' title='bbox 2407 1625 2659 1666; x_wconf 89' lang='lat' dir='ltr'><strong>sermone</strong></span> <span class='ocrx_word' id='word_1_223' title='bbox 2693 1626 2854 1681; x_wconf 89' lang='lat' dir='ltr'><strong>quem</strong></span> <span class='ocrx_word' id='word_1_224' title='bbox 2898 1609 3158 1664; x_wconf 90' lang='lat' dir='ltr'><strong>habemus</strong></span> <span class='ocrx_word' id='word_1_225' title='bbox 3214 1606 3267 1660; x_wconf 91' lang='lat' dir='ltr'><strong>in</strong></span> <span class='ocrx_word' id='word_1_226' title='bbox 3317 1605 3572 1658; x_wconf 90' lang='lat' dir='ltr'><strong>manibus</strong></span> <span class='ocrx_word' id='word_1_227' title='bbox 3621 1602 3778 1656; x_wconf 89' lang='lat' dir='ltr'><strong>arbi-</strong></span> 
     </span>
    </p>
   </div>
   <div class='ocr_carea' id='block_1_32' title="bbox 2193 1694 3776 1770">
    <p class='ocr_par' dir='ltr' id='par_1_32' title="bbox 2193 1694 3776 1770">
     <span class='ocr_line' id='line_1_32' title="bbox 2193 1694 3776 1770; baseline -0.004 -14"><span class='ocrx_word' id='word_1_228' title='bbox 2193 1713 2305 1757; x_wconf 90' lang='lat' dir='ltr'><strong>tror</strong></span> <span class='ocrx_word' id='word_1_229' title='bbox 2331 1704 2651 1770; x_wconf 84' lang='lat' dir='ltr'><strong>convenire;</strong></span> <span class='ocrx_word' id='word_1_230' title='bbox 2702 1705 2861 1758; x_wconf 89' lang='lat' dir='ltr'><strong>decet</strong></span> <span class='ocrx_word' id='word_1_231' title='bbox 2900 1694 3046 1756; x_wconf 86' lang='lat' dir='ltr'><strong>enim</strong></span> <span class='ocrx_word' id='word_1_232' title='bbox 3078 1710 3134 1754; x_wconf 92' lang='lat' dir='ltr'><strong>et</strong></span> <span class='ocrx_word' id='word_1_233' title='bbox 3177 1699 3309 1754; x_wconf 90' lang='lat' dir='ltr'><strong>utile</strong></span> <span class='ocrx_word' id='word_1_234' title='bbox 3335 1706 3418 1753; x_wconf 88' lang='lat' dir='ltr'><strong>est</strong></span> <span class='ocrx_word' id='word_1_235' title='bbox 3465 1698 3631 1753; x_wconf 89' lang='lat' dir='ltr'><strong>etiam</strong></span> <span class='ocrx_word' id='word_1_236' title='bbox 3676 1712 3776 1752; x_wconf 86' lang='lat' dir='ltr'><strong>sa-</strong></span> 
     </span>
    </p>
   </div>
   <div class='ocr_carea' id='block_1_33' title="bbox 514 1767 2083 1877">
    <p class='ocr_par' dir='ltr' id='par_1_33' title="bbox 514 1767 2083 1877">
     <span class='ocr_line' id='line_1_33' title="bbox 514 1767 2083 1791; baseline -0.004 -12"><span class='ocrx_word' id='word_1_237' title='bbox 665 1767 757 1779; x_wconf 62' lang='lat' dir='ltr'><strong>w.</strong></span> <span class='ocrx_word' id='word_1_238' title='bbox 786 1767 1101 1791; x_wconf 53' lang='grc' dir='ltr'><strong>...ηπ-Γπ.--</strong></span> <span class='ocrx_word' id='word_1_239' title='bbox 1133 1767 1147 1773; x_wconf 88' lang='grc'><strong><em>-</em></strong></span> <span class='ocrx_word' id='word_1_240' title='bbox 1179 1767 1324 1788; x_wconf 61' lang='lat'><strong>,_...,</strong></span> <span class='ocrx_word' id='word_1_241' title='bbox 1360 1767 1414 1773; x_wconf 86' lang='lat'><strong>_-</strong></span> <span class='ocrx_word' id='word_1_242' title='bbox 1604 1767 1706 1773; x_wconf 67' lang='grc' dir='ltr'><strong>η---</strong></span> 
     </span>
     <span class='ocr_line' id='line_1_34' title="bbox 514 1808 2083 1877; baseline -0.005 -6"><span class='ocrx_word' id='word_1_243' title='bbox 514 1819 608 1872; x_wconf 88' lang='lat' dir='ltr'><strong>sed</strong></span> <span class='ocrx_word' id='word_1_244' title='bbox 636 1818 717 1871; x_wconf 64' lang='lat' dir='ltr'><strong>lex</strong></span> <span class='ocrx_word' id='word_1_245' title='bbox 748 1815 950 1870; x_wconf 89' lang='lat' dir='ltr'><strong>habere</strong></span> <span class='ocrx_word' id='word_1_246' title='bbox 969 1811 1428 1865; x_wconf 90' lang='lat' dir='ltr'><strong>diciturumbram</strong></span> <span class='ocrx_word' id='word_1_247' title='bbox 1455 1808 1760 1865; x_wconf 92' lang='lat' dir='ltr'><strong>futurorum</strong></span> <span class='ocrx_word' id='word_1_248' title='bbox 1794 1811 2083 1877; x_wconf 90' lang='lat' dir='ltr'><strong>bonorum;</strong></span> 
     </span>
    </p>
   </div>
   <div class='ocr_carea' id='block_1_34' title="bbox 2188 1767 3781 1877">
    <p class='ocr_par' dir='ltr' id='par_1_34' title="bbox 2191 1767 3781 1863">
     <span class='ocr_line' id='line_1_35' title="bbox 2191 1767 3781 1863; baseline -0.003 -17"><span class='ocrx_word' id='word_1_249' title='bbox 2191 1794 2506 1847; x_wconf 90' lang='lat' dir='ltr'><strong>cerdotibus</strong></span> <span class='ocrx_word' id='word_1_250' title='bbox 2540 1767 2818 1863; x_wconf 78' lang='lat' dir='ltr'><strong>Evangelii</strong></span> <span class='ocrx_word' id='word_1_251' title='bbox 2855 1790 3039 1846; x_wconf 82' lang='lat' dir='ltr'><strong>oﬁ‘erri</strong></span> <span class='ocrx_word' id='word_1_252' title='bbox 3081 1790 3367 1859; x_wconf 89' lang='lat' dir='ltr'><strong>primitias.</strong></span> <span class='ocrx_word' id='word_1_253' title='bbox 3412 1789 3488 1843; x_wconf 86' lang='lat' dir='ltr'><strong>lla</strong></span> <span class='ocrx_word' id='word_1_254' title='bbox 3528 1788 3675 1842; x_wconf 90' lang='lat' dir='ltr'><strong>enim</strong></span> <span class='ocrx_word' id='word_1_255' title='bbox 3720 1798 3781 1842; x_wconf 88' lang='lat' dir='ltr'><strong>et</strong></span> 
     </span>
    </p>
   </div>
   <div class='ocr_carea' id='block_1_35' title="bbox 505 1902 2086 1965">
    <p class='ocr_par' dir='ltr' id='par_1_35' title="bbox 505 1902 2086 1965">
     <span class='ocr_line' id='line_1_36' title="bbox 505 1902 2086 1965; baseline -0.004 -1"><span class='ocrx_word' id='word_1_256' title='bbox 505 1919 563 1965; x_wconf 89' lang='lat' dir='ltr'><strong>et</strong></span> <span class='ocrx_word' id='word_1_257' title='bbox 600 1908 719 1961; x_wconf 91' lang='lat' dir='ltr'><strong>ideo</strong></span> <span class='ocrx_word' id='word_1_258' title='bbox 769 1907 882 1961; x_wconf 71' lang='lat' dir='ltr'><strong>haec</strong></span> <span class='ocrx_word' id='word_1_259' title='bbox 928 1905 1084 1960; x_wconf 90' lang='lat' dir='ltr'><strong>nobis</strong></span> <span class='ocrx_word' id='word_1_260' title='bbox 1112 1902 1411 1957; x_wconf 90' lang='lat' dir='ltr'><strong>secundum</strong></span> <span class='ocrx_word' id='word_1_261' title='bbox 1450 1902 1693 1957; x_wconf 88' lang='lat' dir='ltr'><strong>litteram</strong></span> <span class='ocrx_word' id='word_1_262' title='bbox 1729 1904 2086 1958; x_wconf 88' lang='lat' dir='ltr'><strong>custodienda</strong></span> 
     </span>
    </p>
   </div>
   <div class='ocr_carea' id='block_1_36' title="bbox 505 1994 2088 2063">
    <p class='ocr_par' dir='ltr' id='par_1_36' title="bbox 505 1994 2088 2063">
     <span class='ocr_line' id='line_1_37' title="bbox 505 1994 2088 2063; baseline -0.005 -5"><span class='ocrx_word' id='word_1_263' title='bbox 505 2013 653 2059; x_wconf 89' lang='lat' dir='ltr'><strong>sunt.</strong></span> <span class='ocrx_word' id='word_1_264' title='bbox 699 2001 832 2055; x_wconf 90' lang='lat' dir='ltr'><strong>Item</strong></span> <span class='ocrx_word' id='word_1_265' title='bbox 865 1997 1031 2052; x_wconf 88' lang='lat' dir='ltr'><strong>alibi:</strong></span> <span class='ocrx_word' id='word_1_266' title='bbox 1076 2014 1095 2046; x_wconf 74' lang='grc' dir='ltr'><strong>ε</strong></span> <span class='ocrx_word' id='word_1_267' title='bbox 1130 1994 1315 2059; x_wconf 81' lang='lat' dir='ltr'><strong>Juste,</strong></span> <span class='ocrx_word' id='word_1_268' title='bbox 1366 1995 1541 2063; x_wconf 84' lang='lat' dir='ltr'><strong>inquit</strong></span> <span class='ocrx_word' id='word_1_269' title='bbox 1583 1996 1656 2056; x_wconf 65' lang='lat'><strong>9’,</strong></span> <span class='ocrx_word' id='word_1_270' title='bbox 1695 2006 1907 2051; x_wconf 89' lang='lat' dir='ltr'><strong>sectare</strong></span> <span class='ocrx_word' id='word_1_271' title='bbox 1946 2000 2088 2063; x_wconf 91' lang='lat' dir='ltr'><strong>quod</strong></span> 
     </span>
    </p>
   </div>
   <div class='ocr_carea' id='block_1_37' title="bbox 501 2086 2088 2166">
    <p class='ocr_par' dir='ltr' id='par_1_37' title="bbox 501 2086 2088 2166">
     <span class='ocr_line' id='line_1_38' title="bbox 501 2086 2088 2166; baseline -0.004 -18"><span class='ocrx_word' id='word_1_272' title='bbox 501 2097 706 2166; x_wconf 81' lang='lat' dir='ltr'><strong>justum</strong></span> <span class='ocrx_word' id='word_1_273' title='bbox 739 2100 841 2148; x_wconf 88' lang='lat' dir='ltr'><strong>est.</strong></span> <span class='ocrx_word' id='word_1_274' title='bbox 874 2109 891 2141; x_wconf 83' lang='grc' dir='ltr'><strong>ι</strong></span> <span class='ocrx_word' id='word_1_275' title='bbox 936 2087 1073 2155; x_wconf 85' lang='lat' dir='ltr'><strong>Quid</strong></span> <span class='ocrx_word' id='word_1_276' title='bbox 1108 2101 1242 2154; x_wconf 87' lang='lat' dir='ltr'><strong>opus</strong></span> <span class='ocrx_word' id='word_1_277' title='bbox 1265 2096 1350 2140; x_wconf 87' lang='lat' dir='ltr'><strong>est</strong></span> <span class='ocrx_word' id='word_1_278' title='bbox 1391 2087 1442 2140; x_wconf 92' lang='lat' dir='ltr'><strong>in</strong></span> <span class='ocrx_word' id='word_1_279' title='bbox 1481 2087 1567 2140; x_wconf 88' lang='lat' dir='ltr'><strong>his</strong></span> <span class='ocrx_word' id='word_1_280' title='bbox 1593 2086 1906 2156; x_wconf 76' lang='lat' dir='ltr'><strong>allegoriam</strong></span> <span class='ocrx_word' id='word_1_281' title='bbox 1927 2089 2088 2161; x_wconf 82' lang='lat'><strong>305</strong></span> 
     </span>
    </p>
   </div>
   <div class='ocr_carea' id='block_1_38' title="bbox 503 2178 2089 2258">
    <p class='ocr_par' dir='ltr' id='par_1_38' title="bbox 503 2178 2089 2258">
     <span class='ocr_line' id='line_1_39' title="bbox 503 2178 2089 2258; baseline -0.003 -18"><span class='ocrx_word' id='word_1_282' title='bbox 503 2200 771 2258; x_wconf 76' lang='lat' dir='ltr'><strong>quaerere,</strong></span> <span class='ocrx_word' id='word_1_283' title='bbox 819 2197 941 2237; x_wconf 90' lang='lat' dir='ltr'><strong>cum</strong></span> <span class='ocrx_word' id='word_1_284' title='bbox 993 2179 1223 2234; x_wconf 80' lang='lat' dir='ltr'><strong>:edificet</strong></span> <span class='ocrx_word' id='word_1_285' title='bbox 1271 2179 1435 2233; x_wconf 90' lang='lat' dir='ltr'><strong>etiam</strong></span> <span class='ocrx_word' id='word_1_286' title='bbox 1479 2178 1700 2233; x_wconf 87' lang='lat' dir='ltr'><strong>littera?</strong></span> <span class='ocrx_word' id='word_1_287' title='bbox 1741 2178 2089 2237; x_wconf 88' lang='lat' dir='ltr'><strong>Ostendimus</strong></span> 
     </span>
    </p>
   </div>
   <div class='ocr_carea' id='block_1_39' title="bbox 505 2269 2086 2349">
    <p class='ocr_par' dir='ltr' id='par_1_39' title="bbox 505 2269 2086 2349">
     <span class='ocr_line' id='line_1_40' title="bbox 505 2269 2086 2349; baseline -0.001 -19"><span class='ocrx_word' id='word_1_288' title='bbox 505 2294 637 2349; x_wconf 84' lang='lat' dir='ltr'><strong>ergo</strong></span> <span class='ocrx_word' id='word_1_289' title='bbox 675 2290 792 2330; x_wconf 89' lang='lat' dir='ltr'><strong>esse</strong></span> <span class='ocrx_word' id='word_1_290' title='bbox 824 2273 1071 2342; x_wconf 61' lang='lat' dir='ltr'><strong>quaedam</strong></span> <span class='ocrx_word' id='word_1_291' title='bbox 1107 2285 1225 2339; x_wconf 70' lang='lat' dir='ltr'><strong>qum</strong></span> <span class='ocrx_word' id='word_1_292' title='bbox 1262 2269 1489 2324; x_wconf 91' lang='lat' dir='ltr'><strong>omnino</strong></span> <span class='ocrx_word' id='word_1_293' title='bbox 1519 2286 1623 2324; x_wconf 84' lang='lat' dir='ltr'><strong>non</strong></span> <span class='ocrx_word' id='word_1_294' title='bbox 1660 2283 1783 2326; x_wconf 91' lang='lat' dir='ltr'><strong>sunt</strong></span> <span class='ocrx_word' id='word_1_295' title='bbox 1821 2277 2086 2328; x_wconf 89' lang='lat' dir='ltr'><strong>servanda</strong></span> 
     </span>
    </p>
   </div>
   <div class='ocr_carea' id='block_1_40' title="bbox 502 2359 2087 2434">
    <p class='ocr_par' dir='ltr' id='par_1_40' title="bbox 502 2359 2087 2434">
     <span class='ocr_line' id='line_1_41' title="bbox 502 2359 2087 2434; baseline -0.003 -10"><span class='ocrx_word' id='word_1_296' title='bbox 502 2369 799 2425; x_wconf 90' lang='lat' dir='ltr'><strong>secundum</strong></span> <span class='ocrx_word' id='word_1_297' title='bbox 835 2362 1068 2416; x_wconf 87' lang='lat' dir='ltr'><strong>litteram</strong></span> <span class='ocrx_word' id='word_1_298' title='bbox 1107 2359 1261 2430; x_wconf 80' lang='lat' dir='ltr'><strong>legis,</strong></span> <span class='ocrx_word' id='word_1_299' title='bbox 1295 2367 1351 2413; x_wconf 92' lang='lat' dir='ltr'><strong>et</strong></span> <span class='ocrx_word' id='word_1_300' title='bbox 1380 2375 1502 2415; x_wconf 90' lang='lat' dir='ltr'><strong>esse</strong></span> <span class='ocrx_word' id='word_1_301' title='bbox 1524 2364 1775 2430; x_wconf 74' lang='lat' dir='ltr'><strong>quaedam</strong></span> <span class='ocrx_word' id='word_1_302' title='bbox 1804 2380 1925 2434; x_wconf 72' lang='lat' dir='ltr'><strong>qua:</strong></span> <span class='ocrx_word' id='word_1_303' title='bbox 1958 2365 2087 2419; x_wconf 83' lang='lat' dir='ltr'><strong>alle-</strong></span> 
     </span>
    </p>
   </div>
   <div class='ocr_carea' id='block_1_41' title="bbox 500 2453 2087 2531">
    <p class='ocr_par' dir='ltr' id='par_1_41' title="bbox 500 2453 2087 2531">
     <span class='ocr_line' id='line_1_42' title="bbox 500 2453 2087 2531; baseline -0.002 -16"><span class='ocrx_word' id='word_1_304' title='bbox 500 2461 649 2531; x_wconf 88' lang='lat' dir='ltr'><strong>goria</strong></span> <span class='ocrx_word' id='word_1_305' title='bbox 678 2458 892 2528; x_wconf 88' lang='lat' dir='ltr'><strong>penitus</strong></span> <span class='ocrx_word' id='word_1_306' title='bbox 925 2456 1211 2509; x_wconf 91' lang='lat' dir='ltr'><strong>immutare</strong></span> <span class='ocrx_word' id='word_1_307' title='bbox 1268 2469 1377 2507; x_wconf 91' lang='lat' dir='ltr'><strong>non</strong></span> <span class='ocrx_word' id='word_1_308' title='bbox 1421 2453 1603 2519; x_wconf 83' lang='lat' dir='ltr'><strong>debet,</strong></span> <span class='ocrx_word' id='word_1_309' title='bbox 1653 2456 1747 2511; x_wconf 88' lang='lat' dir='ltr'><strong>sed</strong></span> <span class='ocrx_word' id='word_1_310' title='bbox 1778 2457 2087 2512; x_wconf 91' lang='lat' dir='ltr'><strong>omnimode</strong></span> 
     </span>
    </p>
   </div>
   <div class='ocr_carea' id='block_1_42' title="bbox 501 2547 2080 2618">
    <p class='ocr_par' dir='ltr' id='par_1_42' title="bbox 501 2547 2080 2618">
     <span class='ocr_line' id='line_1_43' title="bbox 501 2547 2080 2618; baseline -0.004 -10"><span class='ocrx_word' id='word_1_311' title='bbox 501 2554 576 2608; x_wconf 90' lang='lat' dir='ltr'><strong>ita</strong></span> <span class='ocrx_word' id='word_1_312' title='bbox 610 2560 664 2605; x_wconf 89' lang='lat' dir='ltr'><strong>ut</strong></span> <span class='ocrx_word' id='word_1_313' title='bbox 693 2550 990 2618; x_wconf 65' lang='lat' dir='ltr'><strong>Scriptura:</strong></span> <span class='ocrx_word' id='word_1_314' title='bbox 1018 2548 1083 2602; x_wconf 91' lang='lat' dir='ltr'><strong>de</strong></span> <span class='ocrx_word' id='word_1_315' title='bbox 1110 2547 1179 2600; x_wconf 88' lang='lat' dir='ltr'><strong>iis</strong></span> <span class='ocrx_word' id='word_1_316' title='bbox 1212 2550 1494 2601; x_wconf 89' lang='lat' dir='ltr'><strong>continent</strong></span> <span class='ocrx_word' id='word_1_317' title='bbox 1532 2547 1870 2601; x_wconf 87' lang='lat' dir='ltr'><strong>observanda</strong></span> <span class='ocrx_word' id='word_1_318' title='bbox 1892 2558 2030 2603; x_wconf 84' lang='lat' dir='ltr'><strong>sunt</strong></span> <span class='ocrx_word' id='word_1_319' title='bbox 2065 2565 2080 2602; x_wconf 94' lang='lat'><strong>:</strong></span> 
     </span>
    </p>
   </div>
   <div class='ocr_carea' id='block_1_43' title="bbox 502 2634 2086 2708">
    <p class='ocr_par' dir='ltr' id='par_1_43' title="bbox 502 2634 2086 2708">
     <span class='ocr_line' id='line_1_44' title="bbox 502 2634 2086 2708; baseline -0.003 -11"><span class='ocrx_word' id='word_1_320' title='bbox 502 2657 646 2697; x_wconf 90' lang='lat' dir='ltr'><strong>nunc</strong></span> <span class='ocrx_word' id='word_1_321' title='bbox 677 2640 893 2708; x_wconf 71' lang='lat' dir='ltr'><strong>requiro</strong></span> <span class='ocrx_word' id='word_1_322' title='bbox 915 2639 958 2693; x_wconf 87' lang='lat' dir='ltr'><strong>si</strong></span> <span class='ocrx_word' id='word_1_323' title='bbox 988 2634 1313 2705; x_wconf 89' lang='lat' dir='ltr'><strong>suntaliqua</strong></span> <span class='ocrx_word' id='word_1_324' title='bbox 1351 2651 1471 2705; x_wconf 84' lang='lat' dir='ltr'><strong>quae</strong></span> <span class='ocrx_word' id='word_1_325' title='bbox 1499 2645 1555 2690; x_wconf 91' lang='lat' dir='ltr'><strong>et</strong></span> <span class='ocrx_word' id='word_1_326' title='bbox 1603 2638 1896 2691; x_wconf 89' lang='lat' dir='ltr'><strong>secundum</strong></span> <span class='ocrx_word' id='word_1_327' title='bbox 1936 2638 2086 2694; x_wconf 87' lang='lat' dir='ltr'><strong>litte-</strong></span> 
     </span>
    </p>
   </div>
   <div class='ocr_carea' id='block_1_44' title="bbox 500 2724 2101 2799">
    <p class='ocr_par' dir='ltr' id='par_1_44' title="bbox 500 2724 2101 2799">
     <span class='ocr_line' id='line_1_45' title="bbox 500 2724 2101 2799; baseline -0.004 -13"><span class='ocrx_word' id='word_1_328' title='bbox 500 2745 618 2786; x_wconf 88' lang='lat' dir='ltr'><strong>ram</strong></span> <span class='ocrx_word' id='word_1_329' title='bbox 656 2729 872 2799; x_wconf 90' lang='lat' dir='ltr'><strong>quidem</strong></span> <span class='ocrx_word' id='word_1_330' title='bbox 907 2735 1052 2781; x_wconf 87' lang='lat' dir='ltr'><strong>stare</strong></span> <span class='ocrx_word' id='word_1_331' title='bbox 1082 2724 1307 2792; x_wconf 89' lang='lat' dir='ltr'><strong>possint,</strong></span> <span class='ocrx_word' id='word_1_332' title='bbox 1344 2724 1656 2778; x_wconf 88' lang='lat' dir='ltr'><strong>necessario</strong></span> <span class='ocrx_word' id='word_1_333' title='bbox 1684 2731 1864 2778; x_wconf 90' lang='lat' dir='ltr'><strong>tamen</strong></span> <span class='ocrx_word' id='word_1_334' title='bbox 1910 2725 1963 2778; x_wconf 92' lang='lat' dir='ltr'><strong>in</strong></span> <span class='ocrx_word' id='word_1_335' title='bbox 2006 2725 2101 2781; x_wconf 81' lang='lat' dir='ltr'><strong>eis-</strong></span> 
     </span>
    </p>
   </div>
   <div class='ocr_carea' id='block_1_45' title="bbox 499 2816 2085 2890">
    <p class='ocr_par' dir='ltr' id='par_1_45' title="bbox 499 2816 2085 2890">
     <span class='ocr_line' id='line_1_46' title="bbox 499 2816 2085 2890; baseline -0.002 -14"><span class='ocrx_word' id='word_1_336' title='bbox 499 2832 669 2876; x_wconf 80' lang='lat' dir='ltr'><strong>etiam</strong></span> <span class='ocrx_word' id='word_1_337' title='bbox 706 2820 1016 2890; x_wconf 82' lang='lat' dir='ltr'><strong>allegoriam</strong></span> <span class='ocrx_word' id='word_1_338' title='bbox 1052 2818 1458 2886; x_wconf 83' lang='lat' dir='ltr'><strong>requirendam.</strong></span> <span class='ocrx_word' id='word_1_339' title='bbox 1491 2816 1556 2870; x_wconf 89' lang='lat' dir='ltr'><strong>Et</strong></span> <span class='ocrx_word' id='word_1_340' title='bbox 1580 2816 1704 2870; x_wconf 88' lang='lat' dir='ltr'><strong>vide</strong></span> <span class='ocrx_word' id='word_1_341' title='bbox 1728 2816 1770 2870; x_wconf 93' lang='lat' dir='ltr'><strong>si</strong></span> <span class='ocrx_word' id='word_1_342' title='bbox 1797 2830 2085 2885; x_wconf 86' lang='lat' dir='ltr'><strong>possumus</strong></span> 
     </span>
    </p>
   </div>
   <div class='ocr_carea' id='block_1_46' title="bbox 501 2908 2081 2981">
    <p class='ocr_par' dir='ltr' id='par_1_46' title="bbox 501 2908 2081 2981">
     <span class='ocr_line' id='line_1_47' title="bbox 501 2908 2081 2981; baseline 0 -13"><span class='ocrx_word' id='word_1_343' title='bbox 501 2915 618 2969; x_wconf 74' lang='lat' dir='ltr'><strong>lucc</strong></span> <span class='ocrx_word' id='word_1_344' title='bbox 670 2912 963 2981; x_wconf 79' lang='lat' dir='ltr'><strong>apostolica</strong></span> <span class='ocrx_word' id='word_1_345' title='bbox 1022 2919 1076 2963; x_wconf 92' lang='lat' dir='ltr'><strong>et</strong></span> <span class='ocrx_word' id='word_1_346' title='bbox 1124 2908 1433 2979; x_wconf 84' lang='lat' dir='ltr'><strong>evangelica</strong></span> <span class='ocrx_word' id='word_1_347' title='bbox 1480 2908 1798 2962; x_wconf 89' lang='lat' dir='ltr'><strong>auctoritate</strong></span> <span class='ocrx_word' id='word_1_348' title='bbox 1848 2913 2081 2967; x_wconf 91' lang='lat' dir='ltr'><strong>munire.</strong></span> 
     </span>
    </p>
   </div>
   <div class='ocr_carea' id='block_1_47' title="bbox 502 2999 2086 3076">
    <p class='ocr_par' dir='ltr' id='par_1_47' title="bbox 502 2999 2086 3076">
     <span class='ocr_line' id='line_1_48' title="bbox 502 2999 2086 3076; baseline 0.001 -17"><span class='ocrx_word' id='word_1_349' title='bbox 502 3005 775 3073; x_wconf 84' lang='lat' dir='ltr'><strong>Scriptum</strong></span> <span class='ocrx_word' id='word_1_350' title='bbox 807 3013 894 3057; x_wconf 84' lang='lat' dir='ltr'><strong>est</strong></span> <span class='ocrx_word' id='word_1_351' title='bbox 937 3004 990 3055; x_wconf 94' lang='lat' dir='ltr'><strong>iu</strong></span> <span class='ocrx_word' id='word_1_352' title='bbox 1042 3002 1156 3071; x_wconf 83' lang='lat' dir='ltr'><strong>lege</strong></span> <span class='ocrx_word' id='word_1_353' title='bbox 1188 3001 1282 3054; x_wconf 79' lang='lat'><strong>”:</strong></span> <span class='ocrx_word' id='word_1_354' title='bbox 1324 3018 1342 3051; x_wconf 74' lang='grc' dir='ltr'><strong>ι</strong></span> <span class='ocrx_word' id='word_1_355' title='bbox 1392 2999 1618 3072; x_wconf 85' lang='lat' dir='ltr'><strong>Propter</strong></span> <span class='ocrx_word' id='word_1_356' title='bbox 1663 3005 1768 3060; x_wconf 93' lang='lat' dir='ltr'><strong>hoc</strong></span> <span class='ocrx_word' id='word_1_357' title='bbox 1820 3005 2086 3076; x_wconf 91' lang='lat' dir='ltr'><strong>relinquet</strong></span> 
     </span>
    </p>
   </div>
   <div class='ocr_carea' id='block_1_48' title="bbox 2192 1882 3776 1955">
    <p class='ocr_par' dir='ltr' id='par_1_48' title="bbox 2192 1882 3776 1955">
     <span class='ocr_line' id='line_1_49' title="bbox 2192 1882 3776 1955; baseline -0.003 -16"><span class='ocrx_word' id='word_1_358' title='bbox 2192 1885 2454 1940; x_wconf 89' lang='lat' dir='ltr'><strong>Dominus</strong></span> <span class='ocrx_word' id='word_1_359' title='bbox 2480 1886 2768 1955; x_wconf 88' lang='lat' dir='ltr'><strong>disposuit,</strong></span> <span class='ocrx_word' id='word_1_360' title='bbox 2816 1894 2876 1940; x_wconf 94' lang='lat' dir='ltr'><strong>ut</strong></span> <span class='ocrx_word' id='word_1_361' title='bbox 2905 1884 2998 1954; x_wconf 91' lang='lat' dir='ltr'><strong>qui</strong></span> <span class='ocrx_word' id='word_1_362' title='bbox 3034 1882 3375 1953; x_wconf 82' lang='lat' dir='ltr'><strong>Evangelium</strong></span> <span class='ocrx_word' id='word_1_363' title='bbox 3419 1884 3776 1948; x_wconf 90' lang='lat' dir='ltr'><strong>annuntiant,</strong></span> 
     </span>
    </p>
   </div>
   <div class='ocr_carea' id='block_1_49' title="bbox 2188 1975 3777 2046">
    <p class='ocr_par' dir='ltr' id='par_1_49' title="bbox 2188 1975 3777 2046">
     <span class='ocr_line' id='line_1_50' title="bbox 2188 1975 3777 2046; baseline -0.001 -14"><span class='ocrx_word' id='word_1_364' title='bbox 2188 1977 2257 2032; x_wconf 90' lang='lat' dir='ltr'><strong>de</strong></span> <span class='ocrx_word' id='word_1_365' title='bbox 2281 1976 2574 2046; x_wconf 75' lang='lat' dir='ltr'><strong>Evangelia</strong></span> <span class='ocrx_word' id='word_1_366' title='bbox 2615 1978 2819 2041; x_wconf 88' lang='lat' dir='ltr'><strong>vivant,</strong></span> <span class='ocrx_word' id='word_1_367' title='bbox 2871 1986 2925 2031; x_wconf 90' lang='lat' dir='ltr'><strong>et</strong></span> <span class='ocrx_word' id='word_1_368' title='bbox 2964 1977 3057 2046; x_wconf 89' lang='lat' dir='ltr'><strong>qui</strong></span> <span class='ocrx_word' id='word_1_369' title='bbox 3109 1975 3269 2029; x_wconf 89' lang='lat' dir='ltr'><strong>altari</strong></span> <span class='ocrx_word' id='word_1_370' title='bbox 3308 1975 3646 2039; x_wconf 88' lang='lat' dir='ltr'><strong>deserviunt,</strong></span> <span class='ocrx_word' id='word_1_371' title='bbox 3702 1976 3777 2031; x_wconf 87' lang='lat' dir='ltr'><strong>de</strong></span> 
     </span>
    </p>
   </div>
   <div class='ocr_carea' id='block_1_50' title="bbox 2190 2068 3775 2138">
    <p class='ocr_par' dir='ltr' id='par_1_50' title="bbox 2190 2068 3775 2138">
     <span class='ocr_line' id='line_1_51' title="bbox 2190 2068 3775 2138; baseline 0.001 -16"><span class='ocrx_word' id='word_1_372' title='bbox 2190 2069 2346 2123; x_wconf 90' lang='lat' dir='ltr'><strong>altari</strong></span> <span class='ocrx_word' id='word_1_373' title='bbox 2378 2070 2701 2138; x_wconf 88' lang='lat' dir='ltr'><strong>participent</strong></span> <span class='ocrx_word' id='word_1_374' title='bbox 2721 2069 2789 2124; x_wconf 67' lang='grc' dir='ltr'><strong>θ’.</strong></span> <span class='ocrx_word' id='word_1_375' title='bbox 2823 2069 2892 2123; x_wconf 83' lang='grc' dir='ltr'>Ει</span> <span class='ocrx_word' id='word_1_376' title='bbox 2922 2069 3067 2123; x_wconf 90' lang='lat' dir='ltr'><strong>sicut</strong></span> <span class='ocrx_word' id='word_1_377' title='bbox 3095 2068 3201 2121; x_wconf 93' lang='lat' dir='ltr'><strong>hoc</strong></span> <span class='ocrx_word' id='word_1_378' title='bbox 3230 2068 3448 2137; x_wconf 88' lang='lat' dir='ltr'><strong>dignum</strong></span> <span class='ocrx_word' id='word_1_379' title='bbox 3489 2077 3544 2122; x_wconf 90' lang='lat' dir='ltr'><strong>et</strong></span> <span class='ocrx_word' id='word_1_380' title='bbox 3571 2068 3775 2124; x_wconf 85' lang='lat' dir='ltr'><strong>decens</strong></span> 
     </span>
    </p>
   </div>
   <div class='ocr_carea' id='block_1_51' title="bbox 2196 2160 3776 2231">
    <p class='ocr_par' dir='ltr' id='par_1_51' title="bbox 2196 2160 3776 2231">
     <span class='ocr_line' id='line_1_52' title="bbox 2196 2160 3776 2231; baseline -0.002 -14"><span class='ocrx_word' id='word_1_381' title='bbox 2196 2171 2303 2227; x_wconf 91' lang='lat' dir='ltr'><strong>est,</strong></span> <span class='ocrx_word' id='word_1_382' title='bbox 2339 2163 2418 2217; x_wconf 91' lang='lat' dir='ltr'><strong>sic</strong></span> <span class='ocrx_word' id='word_1_383' title='bbox 2449 2162 2754 2217; x_wconf 86' lang='lat' dir='ltr'><strong>econtrario</strong></span> <span class='ocrx_word' id='word_1_384' title='bbox 2799 2172 2855 2217; x_wconf 92' lang='lat' dir='ltr'><strong>et</strong></span> <span class='ocrx_word' id='word_1_385' title='bbox 2890 2162 3145 2216; x_wconf 86' lang='lat' dir='ltr'><strong>indecens</strong></span> <span class='ocrx_word' id='word_1_386' title='bbox 3193 2168 3249 2214; x_wconf 90' lang='lat' dir='ltr'><strong>et</strong></span> <span class='ocrx_word' id='word_1_387' title='bbox 3280 2160 3553 2231; x_wconf 85' lang='lat' dir='ltr'><strong>indignum</strong></span> <span class='ocrx_word' id='word_1_388' title='bbox 3581 2160 3776 2215; x_wconf 76' lang='lat' dir='ltr'><strong>existi-</strong></span> 
     </span>
    </p>
   </div>
   <div class='ocr_carea' id='block_1_52' title="bbox 2200 2253 3767 2325">
    <p class='ocr_par' dir='ltr' id='par_1_52' title="bbox 2200 2253 3767 2325">
     <span class='ocr_line' id='line_1_53' title="bbox 2200 2253 3767 2325; baseline 0 -17"><span class='ocrx_word' id='word_1_389' title='bbox 2200 2270 2290 2309; x_wconf 93' lang='lat' dir='ltr'><strong>mo</strong></span> <span class='ocrx_word' id='word_1_390' title='bbox 2319 2264 2373 2309; x_wconf 90' lang='lat' dir='ltr'><strong>et</strong></span> <span class='ocrx_word' id='word_1_391' title='bbox 2397 2257 2638 2325; x_wconf 83' lang='lat' dir='ltr'><strong>impium,</strong></span> <span class='ocrx_word' id='word_1_392' title='bbox 2686 2264 2744 2309; x_wconf 93' lang='lat' dir='ltr'><strong>ut</strong></span> <span class='ocrx_word' id='word_1_393' title='bbox 2768 2256 2813 2309; x_wconf 91' lang='lat' dir='ltr'><strong>is</strong></span> <span class='ocrx_word' id='word_1_394' title='bbox 2841 2255 2929 2324; x_wconf 91' lang='lat' dir='ltr'><strong>qui</strong></span> <span class='ocrx_word' id='word_1_395' title='bbox 2967 2253 3133 2309; x_wconf 89' lang='lat' dir='ltr'><strong>Deum</strong></span> <span class='ocrx_word' id='word_1_396' title='bbox 3162 2254 3306 2316; x_wconf 91' lang='lat' dir='ltr'><strong>colit,</strong></span> <span class='ocrx_word' id='word_1_397' title='bbox 3365 2263 3421 2308; x_wconf 89' lang='lat' dir='ltr'><strong>et</strong></span> <span class='ocrx_word' id='word_1_398' title='bbox 3468 2254 3767 2323; x_wconf 76' lang='lat' dir='ltr'><strong>ingreditur</strong></span> 
     </span>
    </p>
   </div>
   <div class='ocr_carea' id='block_1_53' title="bbox 2190 2346 3775 2417">
    <p class='ocr_par' dir='ltr' id='par_1_53' title="bbox 2190 2346 3775 2417">
     <span class='ocr_line' id='line_1_54' title="bbox 2190 2346 3775 2417; baseline 0.001 -15"><span class='ocrx_word' id='word_1_399' title='bbox 2190 2348 2493 2402; x_wconf 88' lang='lat' dir='ltr'><strong>Ecclesiam</strong></span> <span class='ocrx_word' id='word_1_400' title='bbox 2546 2348 2665 2413; x_wconf 92' lang='lat' dir='ltr'><strong>Dei,</strong></span> <span class='ocrx_word' id='word_1_401' title='bbox 2711 2348 2804 2417; x_wconf 92' lang='lat' dir='ltr'><strong>qui</strong></span> <span class='ocrx_word' id='word_1_402' title='bbox 2864 2347 2971 2402; x_wconf 89' lang='lat' dir='ltr'><strong>scit</strong></span> <span class='ocrx_word' id='word_1_403' title='bbox 3024 2347 3336 2401; x_wconf 88' lang='lat' dir='ltr'><strong>sacerdotes</strong></span> <span class='ocrx_word' id='word_1_404' title='bbox 3386 2354 3439 2400; x_wconf 90' lang='lat' dir='ltr'><strong>et</strong></span> <span class='ocrx_word' id='word_1_405' title='bbox 3485 2346 3775 2403; x_wconf 84' lang='lat' dir='ltr'><strong>ministros</strong></span> 
     </span>
    </p>
   </div>
   <div class='ocr_carea' id='block_1_54' title="bbox 2195 2438 3774 2504">
    <p class='ocr_par' dir='ltr' id='par_1_54' title="bbox 2195 2438 3774 2504">
     <span class='ocr_line' id='line_1_55' title="bbox 2195 2438 3774 2504; baseline -0.001 -10"><span class='ocrx_word' id='word_1_406' title='bbox 2195 2441 2455 2495; x_wconf 80' lang='lat' dir='ltr'><strong>assistere</strong></span> <span class='ocrx_word' id='word_1_407' title='bbox 2484 2440 2667 2504; x_wconf 89' lang='lat' dir='ltr'><strong>altari,</strong></span> <span class='ocrx_word' id='word_1_408' title='bbox 2728 2447 2784 2494; x_wconf 91' lang='lat' dir='ltr'><strong>et</strong></span> <span class='ocrx_word' id='word_1_409' title='bbox 2826 2448 2919 2493; x_wconf 88' lang='lat' dir='ltr'><strong>aut</strong></span> <span class='ocrx_word' id='word_1_410' title='bbox 2968 2439 3135 2494; x_wconf 86' lang='lat' dir='ltr'><strong>verbo</strong></span> <span class='ocrx_word' id='word_1_411' title='bbox 3187 2438 3283 2493; x_wconf 92' lang='lat' dir='ltr'><strong>Dei</strong></span> <span class='ocrx_word' id='word_1_412' title='bbox 3325 2448 3418 2492; x_wconf 89' lang='lat' dir='ltr'><strong>aut</strong></span> <span class='ocrx_word' id='word_1_413' title='bbox 3457 2438 3774 2494; x_wconf 91' lang='lat' dir='ltr'><strong>ministerio</strong></span> 
     </span>
    </p>
   </div>
   <div class='ocr_carea' id='block_1_55' title="bbox 2189 2529 3775 2598">
    <p class='ocr_par' dir='ltr' id='par_1_55' title="bbox 2189 2529 3775 2598">
     <span class='ocr_line' id='line_1_56' title="bbox 2189 2529 3775 2598; baseline -0.001 -13"><span class='ocrx_word' id='word_1_414' title='bbox 2189 2531 2448 2586; x_wconf 75' lang='lat' dir='ltr'><strong>Ecclesite</strong></span> <span class='ocrx_word' id='word_1_415' title='bbox 2494 2531 2792 2597; x_wconf 88' lang='lat' dir='ltr'><strong>deservire,</strong></span> <span class='ocrx_word' id='word_1_416' title='bbox 2845 2531 2912 2584; x_wconf 92' lang='lat' dir='ltr'><strong>de</strong></span> <span class='ocrx_word' id='word_1_417' title='bbox 2962 2529 3224 2584; x_wconf 88' lang='lat' dir='ltr'><strong>fructibus</strong></span> <span class='ocrx_word' id='word_1_418' title='bbox 3268 2539 3427 2585; x_wconf 75' lang='lat' dir='ltr'><strong>terrae</strong></span> <span class='ocrx_word' id='word_1_419' title='bbox 3483 2544 3623 2598; x_wconf 88' lang='lat' dir='ltr'><strong>quos</strong></span> <span class='ocrx_word' id='word_1_420' title='bbox 3675 2530 3775 2584; x_wconf 72' lang='lat' dir='ltr'><strong>dat</strong></span> 
     </span>
    </p>
   </div>
   <div class='ocr_carea' id='block_1_56' title="bbox 2186 2618 3771 2688">
    <p class='ocr_par' dir='ltr' id='par_1_56' title="bbox 2186 2618 3771 2688">
     <span class='ocr_line' id='line_1_57' title="bbox 2186 2618 3771 2688; baseline 0 -15"><span class='ocrx_word' id='word_1_421' title='bbox 2186 2620 2331 2675; x_wconf 85' lang='lat' dir='ltr'><strong>Deus</strong></span> <span class='ocrx_word' id='word_1_422' title='bbox 2365 2621 2528 2676; x_wconf 89' lang='lat' dir='ltr'><strong>solem</strong></span> <span class='ocrx_word' id='word_1_423' title='bbox 2557 2635 2712 2674; x_wconf 90' lang='lat' dir='ltr'><strong>suum</strong></span> <span class='ocrx_word' id='word_1_424' title='bbox 2741 2618 3109 2687; x_wconf 89' lang='lat' dir='ltr'><strong>producendo,</strong></span> <span class='ocrx_word' id='word_1_425' title='bbox 3139 2628 3194 2674; x_wconf 91' lang='lat' dir='ltr'><strong>et</strong></span> <span class='ocrx_word' id='word_1_426' title='bbox 3227 2619 3437 2688; x_wconf 88' lang='lat' dir='ltr'><strong>pluvias</strong></span> <span class='ocrx_word' id='word_1_427' title='bbox 3483 2634 3612 2673; x_wconf 87' lang='lat' dir='ltr'><strong>suas</strong></span> <span class='ocrx_word' id='word_1_428' title='bbox 3662 2619 3771 2673; x_wconf 87' lang='lat' dir='ltr'><strong>mi-</strong></span> 
     </span>
    </p>
   </div>
   <div class='ocr_carea' id='block_1_57' title="bbox 2186 2705 3772 2778">
    <p class='ocr_par' dir='ltr' id='par_1_57' title="bbox 2186 2705 3772 2778">
     <span class='ocr_line' id='line_1_58' title="bbox 2186 2705 3772 2778; baseline -0.001 -12"><span class='ocrx_word' id='word_1_429' title='bbox 2186 2712 2494 2774; x_wconf 89' lang='lat' dir='ltr'><strong>nistrando,</strong></span> <span class='ocrx_word' id='word_1_430' title='bbox 2526 2725 2630 2764; x_wconf 91' lang='lat' dir='ltr'><strong>non</strong></span> <span class='ocrx_word' id='word_1_431' title='bbox 2672 2709 2868 2764; x_wconf 86' lang='lat' dir='ltr'><strong>oﬁ‘erat</strong></span> <span class='ocrx_word' id='word_1_432' title='bbox 2907 2705 3173 2778; x_wconf 90' lang='lat' dir='ltr'><strong>primltias</strong></span> <span class='ocrx_word' id='word_1_433' title='bbox 3222 2709 3613 2764; x_wconf 86' lang='lat' dir='ltr'><strong>sacerdotibus.</strong></span> <span class='ocrx_word' id='word_1_434' title='bbox 3648 2708 3772 2764; x_wconf 80' lang='lat' dir='ltr'><strong>Non</strong></span> 
     </span>
    </p>
   </div>
   <div class='ocr_carea' id='block_1_58' title="bbox 2188 2800 3768 2871">
    <p class='ocr_par' dir='ltr' id='par_1_58' title="bbox 2188 2800 3768 2871">
     <span class='ocr_line' id='line_1_59' title="bbox 2188 2800 3768 2871; baseline -0.002 -15"><span class='ocrx_word' id='word_1_435' title='bbox 2188 2803 2324 2856; x_wconf 89' lang='lat' dir='ltr'><strong>mihi</strong></span> <span class='ocrx_word' id='word_1_436' title='bbox 2355 2802 2570 2856; x_wconf 89' lang='lat' dir='ltr'><strong>videtur</strong></span> <span class='ocrx_word' id='word_1_437' title='bbox 2612 2800 2921 2871; x_wconf 90' lang='lat' dir='ltr'><strong>hujusmodi</strong></span> <span class='ocrx_word' id='word_1_438' title='bbox 2977 2801 3157 2855; x_wconf 89' lang='lat' dir='ltr'><strong>anima</strong></span> <span class='ocrx_word' id='word_1_439' title='bbox 3207 2801 3408 2855; x_wconf 88' lang='lat' dir='ltr'><strong>habere</strong></span> <span class='ocrx_word' id='word_1_440' title='bbox 3442 2800 3768 2855; x_wconf 85' lang='lat' dir='ltr'><strong>memoriam</strong></span> 
     </span>
    </p>
   </div>
   <div class='ocr_carea' id='block_1_59' title="bbox 2188 2891 3772 2963">
    <p class='ocr_par' dir='ltr' id='par_1_59' title="bbox 2188 2891 3772 2963">
     <span class='ocr_line' id='line_1_60' title="bbox 2188 2891 3772 2963; baseline -0.004 -13"><span class='ocrx_word' id='word_1_441' title='bbox 2188 2894 2306 2959; x_wconf 87' lang='lat' dir='ltr'><strong>Dei,</strong></span> <span class='ocrx_word' id='word_1_442' title='bbox 2343 2909 2443 2949; x_wconf 90' lang='lat' dir='ltr'><strong>nec</strong></span> <span class='ocrx_word' id='word_1_443' title='bbox 2471 2894 2732 2963; x_wconf 90' lang='lat' dir='ltr'><strong>cogitare,</strong></span> <span class='ocrx_word' id='word_1_444' title='bbox 2770 2908 2871 2947; x_wconf 90' lang='lat' dir='ltr'><strong>nec</strong></span> <span class='ocrx_word' id='word_1_445' title='bbox 2910 2894 3137 2947; x_wconf 88' lang='lat' dir='ltr'><strong>credere</strong></span> <span class='ocrx_word' id='word_1_446' title='bbox 3188 2892 3313 2962; x_wconf 90' lang='lat' dir='ltr'><strong>quia</strong></span> <span class='ocrx_word' id='word_1_447' title='bbox 3372 2892 3512 2945; x_wconf 92' lang='lat' dir='ltr'><strong>Deus</strong></span> <span class='ocrx_word' id='word_1_448' title='bbox 3552 2891 3772 2946; x_wconf 89' lang='lat' dir='ltr'><strong>dederit</strong></span> 
     </span>
    </p>
   </div>
   <div class='ocr_carea' id='block_1_60' title="bbox 2187 2982 3771 3055">
    <p class='ocr_par' dir='ltr' id='par_1_60' title="bbox 2187 2982 3771 3055">
     <span class='ocr_line' id='line_1_61' title="bbox 2187 2982 3771 3055; baseline -0.003 -14"><span class='ocrx_word' id='word_1_449' title='bbox 2187 2986 2394 3041; x_wconf 91' lang='lat' dir='ltr'><strong>fructus</strong></span> <span class='ocrx_word' id='word_1_450' title='bbox 2425 3000 2563 3055; x_wconf 89' lang='lat' dir='ltr'><strong>quos</strong></span> <span class='ocrx_word' id='word_1_451' title='bbox 2593 2984 2755 3053; x_wconf 88' lang='lat' dir='ltr'><strong>cepit,</strong></span> <span class='ocrx_word' id='word_1_452' title='bbox 2781 2998 2916 3053; x_wconf 90' lang='lat' dir='ltr'><strong>quos</strong></span> <span class='ocrx_word' id='word_1_453' title='bbox 2945 2984 3015 3037; x_wconf 90' lang='lat' dir='ltr'><strong>ita</strong></span> <span class='ocrx_word' id='word_1_454' title='bbox 3045 2984 3287 3038; x_wconf 90' lang='lat' dir='ltr'><strong>recondit</strong></span> <span class='ocrx_word' id='word_1_455' title='bbox 3344 2982 3496 3051; x_wconf 90' lang='lat' dir='ltr'><strong>quasi</strong></span> <span class='ocrx_word' id='word_1_456' title='bbox 3554 2982 3771 3037; x_wconf 86' lang='lat' dir='ltr'><strong>alienos</strong></span> 
     </span>
    </p>
   </div>
   <div class='ocr_carea' id='block_1_61' title="bbox 499 3073 2083 3179">
    <p class='ocr_par' dir='ltr' id='par_1_61' title="bbox 499 3073 2079 3162">
     <span class='ocr_line' id='line_1_62' title="bbox 499 3073 2079 3162; baseline 0.001 -12"><span class='ocrx_word' id='word_1_457' title='bbox 499 3096 668 3150; x_wconf 83' lang='lat' dir='ltr'><strong>homo</strong></span> <span class='ocrx_word' id='word_1_458' title='bbox 692 3102 897 3162; x_wconf 89' lang='lat' dir='ltr'><strong>patrem</strong></span> <span class='ocrx_word' id='word_1_459' title='bbox 928 3102 982 3146; x_wconf 92' lang='lat' dir='ltr'><strong>et</strong></span> <span class='ocrx_word' id='word_1_460' title='bbox 1015 3099 1266 3152; x_wconf 86' lang='lat' dir='ltr'><strong>matrem,</strong></span> <span class='ocrx_word' id='word_1_461' title='bbox 1300 3099 1355 3143; x_wconf 91' lang='lat' dir='ltr'><strong>et</strong></span> <span class='ocrx_word' id='word_1_462' title='bbox 1400 3093 1695 3149; x_wconf 65' lang='lat' dir='ltr'><strong>adhaerebit</strong></span> <span class='ocrx_word' id='word_1_463' title='bbox 1739 3098 1894 3150; x_wconf 78' lang='lat' dir='ltr'><strong>uxori</strong></span> <span class='ocrx_word' id='word_1_464' title='bbox 1949 3073 2079 3159; x_wconf 69' lang='lat' dir='ltr'><strong>suae,</strong></span> 
     </span>
    </p>
   </div>
   <div class='ocr_carea' id='block_1_62' title="bbox 2188 3073 3769 3179">
    <p class='ocr_par' dir='ltr' id='par_1_62' title="bbox 2190 3073 3769 3137">
     <span class='ocr_line' id='line_1_63' title="bbox 2190 3073 3769 3137; baseline -0.004 -4"><span class='ocrx_word' id='word_1_465' title='bbox 2190 3094 2219 3133; x_wconf 90' lang='lat' dir='ltr'><strong>a</strong></span> <span class='ocrx_word' id='word_1_466' title='bbox 2258 3079 2385 3134; x_wconf 92' lang='lat' dir='ltr'><strong>Deo.</strong></span> <span class='ocrx_word' id='word_1_467' title='bbox 2418 3077 2475 3132; x_wconf 89' lang='lat' dir='ltr'><strong>Si</strong></span> <span class='ocrx_word' id='word_1_468' title='bbox 2509 3077 2652 3131; x_wconf 90' lang='lat' dir='ltr'><strong>enim</strong></span> <span class='ocrx_word' id='word_1_469' title='bbox 2699 3091 2728 3130; x_wconf 93' lang='lat' dir='ltr'><strong>a</strong></span> <span class='ocrx_word' id='word_1_470' title='bbox 2776 3076 2882 3129; x_wconf 93' lang='lat' dir='ltr'><strong>Deo</strong></span> <span class='ocrx_word' id='word_1_471' title='bbox 2927 3073 3029 3130; x_wconf 87' lang='lat' dir='ltr'><strong>sibi</strong></span> <span class='ocrx_word' id='word_1_472' title='bbox 3084 3076 3238 3130; x_wconf 89' lang='lat' dir='ltr'><strong>datos</strong></span> <span class='ocrx_word' id='word_1_473' title='bbox 3282 3075 3548 3137; x_wconf 88' lang='lat' dir='ltr'><strong>crederet,</strong></span> <span class='ocrx_word' id='word_1_474' title='bbox 3597 3075 3769 3129; x_wconf 88' lang='lat' dir='ltr'><strong>sciret</strong></span> 
     </span>
    </p>
   </div>
   <div class='ocr_carea' id='block_1_63' title="bbox 501 3184 2083 3260">
    <p class='ocr_par' dir='ltr' id='par_1_63' title="bbox 501 3184 2083 3260">
     <span class='ocr_line' id='line_1_64' title="bbox 501 3184 2083 3260; baseline 0.004 -22"><span class='ocrx_word' id='word_1_475' title='bbox 501 3195 556 3238; x_wconf 89' lang='lat' dir='ltr'><strong>et</strong></span> <span class='ocrx_word' id='word_1_476' title='bbox 579 3194 739 3238; x_wconf 90' lang='lat' dir='ltr'><strong>erunt</strong></span> <span class='ocrx_word' id='word_1_477' title='bbox 770 3187 875 3236; x_wconf 90' lang='lat' dir='ltr'><strong>duo</strong></span> <span class='ocrx_word' id='word_1_478' title='bbox 906 3184 958 3237; x_wconf 92' lang='lat' dir='ltr'><strong>in</strong></span> <span class='ocrx_word' id='word_1_479' title='bbox 995 3197 1159 3237; x_wconf 81' lang='lat' dir='ltr'><strong>carne</strong></span> <span class='ocrx_word' id='word_1_480' title='bbox 1201 3197 1328 3234; x_wconf 87' lang='lat' dir='ltr'><strong>una.</strong></span> <span class='ocrx_word' id='word_1_481' title='bbox 1370 3203 1389 3236; x_wconf 78' lang='grc' dir='ltr'><strong>ι</strong></span> <span class='ocrx_word' id='word_1_482' title='bbox 1446 3184 1567 3241; x_wconf 64' lang='lat' dir='ltr'><strong>lla‘c</strong></span> <span class='ocrx_word' id='word_1_483' title='bbox 1606 3188 1747 3257; x_wconf 90' lang='lat' dir='ltr'><strong>quod</strong></span> <span class='ocrx_word' id='word_1_484' title='bbox 1792 3189 2083 3260; x_wconf 76' lang='lat' dir='ltr'><strong>allegorica</strong></span> 
     </span>
    </p>
   </div>
   <div class='ocr_carea' id='block_1_64' title="bbox 503 3274 2084 3348">
    <p class='ocr_par' dir='ltr' id='par_1_64' title="bbox 503 3274 2084 3348">
     <span class='ocr_line' id='line_1_65' title="bbox 503 3274 2084 3348; baseline 0.003 -16"><span class='ocrx_word' id='word_1_485' title='bbox 503 3275 759 3348; x_wconf 86' lang='lat' dir='ltr'><strong>mysteria</strong></span> <span class='ocrx_word' id='word_1_486' title='bbox 819 3275 1158 3342; x_wconf 82' lang='lat' dir='ltr'><strong>contineant,</strong></span> <span class='ocrx_word' id='word_1_487' title='bbox 1194 3274 1418 3341; x_wconf 84' lang='lat' dir='ltr'><strong>Paulus,</strong></span> <span class='ocrx_word' id='word_1_488' title='bbox 1451 3291 1571 3330; x_wconf 90' lang='lat' dir='ltr'><strong>cum</strong></span> <span class='ocrx_word' id='word_1_489' title='bbox 1607 3278 1659 3332; x_wconf 89' lang='lat' dir='ltr'><strong>in</strong></span> <span class='ocrx_word' id='word_1_490' title='bbox 1704 3280 1942 3347; x_wconf 78' lang='lat' dir='ltr'><strong>Epistola</strong></span> <span class='ocrx_word' id='word_1_491' title='bbox 1989 3298 2084 3336; x_wconf 88' lang='lat' dir='ltr'><strong>sua</strong></span> 
     </span>
    </p>
   </div>
   <div class='ocr_carea' id='block_1_65' title="bbox 501 3366 2087 3438">
    <p class='ocr_par' dir='ltr' id='par_1_65' title="bbox 501 3366 2087 3438">
     <span class='ocr_line' id='line_1_66' title="bbox 501 3366 2087 3438; baseline 0.002 -14"><span class='ocrx_word' id='word_1_492' title='bbox 501 3369 608 3424; x_wconf 86' lang='lat' dir='ltr'><strong>hoc</strong></span> <span class='ocrx_word' id='word_1_493' title='bbox 662 3367 834 3436; x_wconf 88' lang='lat' dir='ltr'><strong>ipsum</strong></span> <span class='ocrx_word' id='word_1_494' title='bbox 889 3366 1159 3434; x_wconf 88' lang='lat' dir='ltr'><strong>posuisset</strong></span> <span class='ocrx_word' id='word_1_495' title='bbox 1218 3368 1564 3437; x_wconf 85' lang='lat' dir='ltr'><strong>exemplum,</strong></span> <span class='ocrx_word' id='word_1_496' title='bbox 1629 3372 1946 3438; x_wconf 86' lang='lat' dir='ltr'><strong>pronuntiat</strong></span> <span class='ocrx_word' id='word_1_497' title='bbox 2002 3373 2087 3427; x_wconf 92' lang='lat' dir='ltr'><strong>di-</strong></span> 
     </span>
    </p>
   </div>
   <div class='ocr_carea' id='block_1_66' title="bbox 502 3458 2083 3532">
    <p class='ocr_par' dir='ltr' id='par_1_66' title="bbox 502 3458 2083 3532">
     <span class='ocr_line' id='line_1_67' title="bbox 502 3458 2083 3532; baseline 0.003 -18"><span class='ocrx_word' id='word_1_498' title='bbox 502 3474 629 3514; x_wconf 88' lang='lat' dir='ltr'><strong>cens</strong></span> <span class='ocrx_word' id='word_1_499' title='bbox 662 3459 710 3491; x_wconf 75' lang='lat'><strong>”</strong></span> <span class='ocrx_word' id='word_1_500' title='bbox 745 3477 759 3513; x_wconf 91' lang='lat'>:</span> <span class='ocrx_word' id='word_1_501' title='bbox 803 3477 822 3511; x_wconf 73' lang='grc' dir='ltr'><strong>ι</strong></span> <span class='ocrx_word' id='word_1_502' title='bbox 865 3458 1174 3532; x_wconf 84' lang='lat' dir='ltr'><strong>Mysterium</strong></span> <span class='ocrx_word' id='word_1_503' title='bbox 1206 3463 1308 3515; x_wconf 89' lang='lat' dir='ltr'><strong>hoc</strong></span> <span class='ocrx_word' id='word_1_504' title='bbox 1337 3475 1594 3530; x_wconf 86' lang='lat' dir='ltr'><strong>maguum</strong></span> <span class='ocrx_word' id='word_1_505' title='bbox 1628 3470 1730 3526; x_wconf 89' lang='lat' dir='ltr'><strong>est,</strong></span> <span class='ocrx_word' id='word_1_506' title='bbox 1761 3477 1863 3532; x_wconf 84' lang='lat' dir='ltr'><strong>ego</strong></span> <span class='ocrx_word' id='word_1_507' title='bbox 1904 3473 2083 3519; x_wconf 88' lang='lat' dir='ltr'><strong>autem</strong></span> 
     </span>
    </p>
   </div>
   <div class='ocr_carea' id='block_1_67' title="bbox 503 3549 2084 3624">
    <p class='ocr_par' dir='ltr' id='par_1_67' title="bbox 503 3549 2084 3624">
     <span class='ocr_line' id='line_1_68' title="bbox 503 3549 2084 3624; baseline 0.003 -18"><span class='ocrx_word' id='word_1_508' title='bbox 503 3552 624 3606; x_wconf 92' lang='lat' dir='ltr'><strong>dico</strong></span> <span class='ocrx_word' id='word_1_509' title='bbox 656 3552 707 3605; x_wconf 89' lang='lat' dir='ltr'><strong>in</strong></span> <span class='ocrx_word' id='word_1_510' title='bbox 730 3552 970 3616; x_wconf 87' lang='lat' dir='ltr'><strong>Christo,</strong></span> <span class='ocrx_word' id='word_1_511' title='bbox 1005 3562 1059 3607; x_wconf 86' lang='lat' dir='ltr'><strong>et</strong></span> <span class='ocrx_word' id='word_1_512' title='bbox 1083 3554 1135 3608; x_wconf 92' lang='lat' dir='ltr'><strong>in</strong></span> <span class='ocrx_word' id='word_1_513' title='bbox 1164 3554 1427 3609; x_wconf 85' lang='lat' dir='ltr'><strong>Ecclesia.</strong></span> <span class='ocrx_word' id='word_1_514' title='bbox 1470 3570 1488 3603; x_wconf 80' lang='grc' dir='ltr'><strong>ι</strong></span> <span class='ocrx_word' id='word_1_515' title='bbox 1516 3549 1667 3617; x_wconf 86' lang='lat' dir='ltr'><strong>Quod</strong></span> <span class='ocrx_word' id='word_1_516' title='bbox 1703 3564 1881 3607; x_wconf 90' lang='lat' dir='ltr'><strong>autem</strong></span> <span class='ocrx_word' id='word_1_517' title='bbox 1921 3570 2084 3624; x_wconf 91' lang='lat' dir='ltr'><strong>opor-</strong></span> 
     </span>
    </p>
   </div>
   <div class='ocr_carea' id='block_1_68' title="bbox 504 3645 2084 3718">
    <p class='ocr_par' dir='ltr' id='par_1_68' title="bbox 504 3645 2084 3718">
     <span class='ocr_line' id='line_1_69' title="bbox 504 3645 2084 3718; baseline 0.003 -20"><span class='ocrx_word' id='word_1_518' title='bbox 504 3655 617 3699; x_wconf 88' lang='lat' dir='ltr'><strong>teat</strong></span> <span class='ocrx_word' id='word_1_519' title='bbox 653 3648 753 3702; x_wconf 83' lang='lat' dir='ltr'><strong>IIOC</strong></span> <span class='ocrx_word' id='word_1_520' title='bbox 782 3648 944 3702; x_wconf 86' lang='lat' dir='ltr'><strong>etiam</strong></span> <span class='ocrx_word' id='word_1_521' title='bbox 989 3648 1283 3703; x_wconf 86' lang='lat' dir='ltr'><strong>secundum</strong></span> <span class='ocrx_word' id='word_1_522' title='bbox 1336 3645 1569 3699; x_wconf 83' lang='lat' dir='ltr'><strong>litteram</strong></span> <span class='ocrx_word' id='word_1_523' title='bbox 1624 3648 1914 3714; x_wconf 89' lang='lat' dir='ltr'><strong>custodiri,</strong></span> <span class='ocrx_word' id='word_1_524' title='bbox 1969 3649 2084 3718; x_wconf 81' lang='lat' dir='ltr'><strong>ipse</strong></span> 
     </span>
    </p>
   </div>
   <div class='ocr_carea' id='block_1_69' title="bbox 503 3737 2081 3810">
    <p class='ocr_par' dir='ltr' id='par_1_69' title="bbox 503 3737 2081 3810">
     <span class='ocr_line' id='line_1_70' title="bbox 503 3737 2081 3810; baseline 0.005 -22"><span class='ocrx_word' id='word_1_525' title='bbox 503 3737 759 3792; x_wconf 90' lang='lat' dir='ltr'><strong>Dominus</strong></span> <span class='ocrx_word' id='word_1_526' title='bbox 789 3748 841 3792; x_wconf 84' lang='lat' dir='ltr'><strong>et</strong></span> <span class='ocrx_word' id='word_1_527' title='bbox 890 3737 1140 3793; x_wconf 76' lang='lat' dir='ltr'><strong>Salvator</strong></span> <span class='ocrx_word' id='word_1_528' title='bbox 1175 3740 1354 3803; x_wconf 88' lang='lat' dir='ltr'><strong>docet,</strong></span> <span class='ocrx_word' id='word_1_529' title='bbox 1408 3740 1601 3795; x_wconf 89' lang='lat' dir='ltr'><strong>dicens</strong></span> <span class='ocrx_word' id='word_1_530' title='bbox 1620 3740 1667 3774; x_wconf 82' lang='lat'><strong>&quot;</strong></span> <span class='ocrx_word' id='word_1_531' title='bbox 1702 3757 1718 3794; x_wconf 85' lang='lat'><strong>:</strong></span> <span class='ocrx_word' id='word_1_532' title='bbox 1754 3759 1773 3792; x_wconf 73' lang='grc' dir='ltr'><strong>ι</strong></span> <span class='ocrx_word' id='word_1_533' title='bbox 1812 3739 2081 3810; x_wconf 87' lang='lat' dir='ltr'><strong>Scriptum</strong></span> 
     </span>
    </p>
   </div>
   <div class='ocr_carea' id='block_1_70' title="bbox 502 3822 2081 3902">
    <p class='ocr_par' dir='ltr' id='par_1_70' title="bbox 502 3822 2081 3902">
     <span class='ocr_line' id='line_1_71' title="bbox 502 3822 2081 3902; baseline 0.002 -20"><span class='ocrx_word' id='word_1_534' title='bbox 502 3836 605 3891; x_wconf 90' lang='lat' dir='ltr'><strong>est,</strong></span> <span class='ocrx_word' id='word_1_535' title='bbox 631 3829 856 3897; x_wconf 88' lang='lat' dir='ltr'><strong>Propter</strong></span> <span class='ocrx_word' id='word_1_536' title='bbox 884 3831 988 3884; x_wconf 91' lang='lat' dir='ltr'><strong>hoc</strong></span> <span class='ocrx_word' id='word_1_537' title='bbox 1020 3831 1290 3900; x_wconf 79' lang='lat' dir='ltr'><strong>relinquet</strong></span> <span class='ocrx_word' id='word_1_538' title='bbox 1317 3833 1480 3887; x_wconf 86' lang='lat' dir='ltr'><strong>homo</strong></span> <span class='ocrx_word' id='word_1_539' title='bbox 1506 3841 1711 3902; x_wconf 88' lang='lat' dir='ltr'><strong>patrem</strong></span> <span class='ocrx_word' id='word_1_540' title='bbox 1742 3841 1794 3887; x_wconf 89' lang='lat' dir='ltr'><strong>et</strong></span> <span class='ocrx_word' id='word_1_541' title='bbox 1829 3822 2081 3900; x_wconf 84' lang='lat' dir='ltr'><strong>matrem,</strong></span> 
     </span>
    </p>
   </div>
   <div class='ocr_carea' id='block_1_71' title="bbox 501 3921 2081 3992">
    <p class='ocr_par' dir='ltr' id='par_1_71' title="bbox 501 3921 2081 3992">
     <span class='ocr_line' id='line_1_72' title="bbox 501 3921 2081 3992; baseline 0.002 -17"><span class='ocrx_word' id='word_1_542' title='bbox 501 3932 556 3975; x_wconf 89' lang='lat' dir='ltr'><strong>et</strong></span> <span class='ocrx_word' id='word_1_543' title='bbox 586 3921 880 3977; x_wconf 66' lang='lat' dir='ltr'><strong>adhaerebit</strong></span> <span class='ocrx_word' id='word_1_544' title='bbox 908 3924 1059 3977; x_wconf 82' lang='lat' dir='ltr'><strong>uxori</strong></span> <span class='ocrx_word' id='word_1_545' title='bbox 1089 3940 1219 3992; x_wconf 70' lang='lat' dir='ltr'><strong>suae,</strong></span> <span class='ocrx_word' id='word_1_546' title='bbox 1248 3938 1302 3983; x_wconf 91' lang='lat' dir='ltr'><strong>et</strong></span> <span class='ocrx_word' id='word_1_547' title='bbox 1331 3935 1492 3983; x_wconf 90' lang='lat' dir='ltr'><strong>erunt</strong></span> <span class='ocrx_word' id='word_1_548' title='bbox 1536 3927 1641 3979; x_wconf 93' lang='lat' dir='ltr'><strong>dno</strong></span> <span class='ocrx_word' id='word_1_549' title='bbox 1674 3926 1727 3979; x_wconf 92' lang='lat' dir='ltr'><strong>in</strong></span> <span class='ocrx_word' id='word_1_550' title='bbox 1767 3940 1931 3980; x_wconf 87' lang='lat' dir='ltr'><strong>carne</strong></span> <span class='ocrx_word' id='word_1_551' title='bbox 1955 3941 2081 3979; x_wconf 89' lang='lat' dir='ltr'><strong>una.</strong></span> 
     </span>
    </p>
   </div>
   <div class='ocr_carea' id='block_1_72' title="bbox 500 4010 2078 4086">
    <p class='ocr_par' dir='ltr' id='par_1_72' title="bbox 500 4010 2078 4086">
     <span class='ocr_line' id='line_1_73' title="bbox 500 4010 2078 4086; baseline 0.002 -21"><span class='ocrx_word' id='word_1_552' title='bbox 500 4010 658 4080; x_wconf 74' lang='lat' dir='ltr'><strong>Quod</strong></span> <span class='ocrx_word' id='word_1_553' title='bbox 710 4027 837 4079; x_wconf 83' lang='lat' dir='ltr'><strong>ergo</strong></span> <span class='ocrx_word' id='word_1_554' title='bbox 888 4014 1030 4068; x_wconf 84' lang='lat' dir='ltr'><strong>Deus</strong></span> <span class='ocrx_word' id='word_1_555' title='bbox 1071 4015 1375 4083; x_wconf 84' lang='lat' dir='ltr'><strong>conjunxit,</strong></span> <span class='ocrx_word' id='word_1_556' title='bbox 1435 4019 1593 4071; x_wconf 90' lang='lat' dir='ltr'><strong>homo</strong></span> <span class='ocrx_word' id='word_1_557' title='bbox 1634 4032 1740 4071; x_wconf 90' lang='lat' dir='ltr'><strong>non</strong></span> <span class='ocrx_word' id='word_1_558' title='bbox 1783 4026 2019 4086; x_wconf 86' lang='lat' dir='ltr'><strong>separet.</strong></span> <span class='ocrx_word' id='word_1_559' title='bbox 2061 4037 2078 4068; x_wconf 81' lang='grc' dir='ltr'><strong>ι</strong></span> 
     </span>
    </p>
   </div>
   <div class='ocr_carea' id='block_1_73' title="bbox 488 4104 2085 4174">
    <p class='ocr_par' dir='ltr' id='par_1_73' title="bbox 488 4104 2085 4174">
     <span class='ocr_line' id='line_1_74' title="bbox 488 4104 2085 4174; baseline 0.003 -16"><span class='ocrx_word' id='word_1_560' title='bbox 488 4105 569 4158; x_wconf 81' lang='grc' dir='ltr'>Ει</span> <span class='ocrx_word' id='word_1_561' title='bbox 600 4104 836 4159; x_wconf 89' lang='lat' dir='ltr'><strong>ostendit</strong></span> <span class='ocrx_word' id='word_1_562' title='bbox 870 4105 1053 4174; x_wconf 89' lang='lat' dir='ltr'><strong>utique</strong></span> <span class='ocrx_word' id='word_1_563' title='bbox 1081 4108 1415 4161; x_wconf 88' lang='lat' dir='ltr'><strong>observanda</strong></span> <span class='ocrx_word' id='word_1_564' title='bbox 1468 4124 1589 4163; x_wconf 89' lang='lat' dir='ltr'><strong>esse</strong></span> <span class='ocrx_word' id='word_1_565' title='bbox 1627 4109 1742 4163; x_wconf 83' lang='lat' dir='ltr'><strong>lnec</strong></span> <span class='ocrx_word' id='word_1_566' title='bbox 1784 4111 1946 4163; x_wconf 91' lang='lat' dir='ltr'><strong>etiam</strong></span> <span class='ocrx_word' id='word_1_567' title='bbox 1997 4124 2085 4163; x_wconf 88' lang='lat' dir='ltr'><strong>se-</strong></span> 
     </span>
    </p>
   </div>
   <div class='ocr_carea' id='block_1_74' title="bbox 501 4194 2084 4267">
    <p class='ocr_par' dir='ltr' id='par_1_74' title="bbox 501 4194 2084 4267">
     <span class='ocr_line' id='line_1_75' title="bbox 501 4194 2084 4267; baseline 0.001 -18"><span class='ocrx_word' id='word_1_568' title='bbox 501 4196 736 4250; x_wconf 91' lang='lat' dir='ltr'><strong>cundum</strong></span> <span class='ocrx_word' id='word_1_569' title='bbox 762 4195 1019 4258; x_wconf 90' lang='lat' dir='ltr'><strong>litteram,</strong></span> <span class='ocrx_word' id='word_1_570' title='bbox 1059 4212 1179 4250; x_wconf 89' lang='lat' dir='ltr'><strong>cum</strong></span> <span class='ocrx_word' id='word_1_571' title='bbox 1229 4199 1413 4267; x_wconf 85' lang='lat' dir='ltr'><strong>adjicit</strong></span> <span class='ocrx_word' id='word_1_572' title='bbox 1448 4194 1516 4252; x_wconf 73' lang='grc' dir='ltr'><strong>τ’(</strong></span> <span class='ocrx_word' id='word_1_573' title='bbox 1565 4197 1716 4265; x_wconf 86' lang='lat' dir='ltr'><strong>Quod</strong></span> <span class='ocrx_word' id='word_1_574' title='bbox 1764 4213 1894 4267; x_wconf 84' lang='lat' dir='ltr'><strong>ergo</strong></span> <span class='ocrx_word' id='word_1_575' title='bbox 1945 4197 2084 4251; x_wconf 91' lang='lat' dir='ltr'><strong>Deus</strong></span> 
     </span>
    </p>
   </div>
   <div class='ocr_carea' id='block_1_75' title="bbox 500 4287 2084 4360">
    <p class='ocr_par' dir='ltr' id='par_1_75' title="bbox 500 4287 2084 4360">
     <span class='ocr_line' id='line_1_76' title="bbox 500 4287 2084 4360; baseline 0 -18"><span class='ocrx_word' id='word_1_576' title='bbox 500 4287 800 4355; x_wconf 79' lang='lat' dir='ltr'><strong>c0njunxit,</strong></span> <span class='ocrx_word' id='word_1_577' title='bbox 856 4287 1018 4342; x_wconf 91' lang='lat' dir='ltr'><strong>homo</strong></span> <span class='ocrx_word' id='word_1_578' title='bbox 1070 4304 1173 4343; x_wconf 92' lang='lat' dir='ltr'><strong>non</strong></span> <span class='ocrx_word' id='word_1_579' title='bbox 1232 4300 1462 4360; x_wconf 83' lang='lat' dir='ltr'><strong>separet.</strong></span> <span class='ocrx_word' id='word_1_580' title='bbox 1521 4310 1539 4341; x_wconf 74' lang='grc' dir='ltr'><strong>ι</strong></span> <span class='ocrx_word' id='word_1_581' title='bbox 1606 4289 1712 4346; x_wconf 89' lang='lat' dir='ltr'><strong>Sed</strong></span> <span class='ocrx_word' id='word_1_582' title='bbox 1766 4299 1822 4345; x_wconf 92' lang='lat' dir='ltr'><strong>et</strong></span> <span class='ocrx_word' id='word_1_583' title='bbox 1868 4290 1921 4344; x_wconf 90' lang='lat' dir='ltr'><strong>in</strong></span> <span class='ocrx_word' id='word_1_584' title='bbox 1962 4290 2084 4343; x_wconf 88' lang='lat' dir='ltr'><strong>aliis</strong></span> 
     </span>
    </p>
   </div>
   <div class='ocr_carea' id='block_1_76' title="bbox 501 4378 2081 4450">
    <p class='ocr_par' dir='ltr' id='par_1_76' title="bbox 501 4378 2081 4450">
     <span class='ocr_line' id='line_1_77' title="bbox 501 4378 2081 4450; baseline 0.002 -19"><span class='ocrx_word' id='word_1_585' title='bbox 501 4379 786 4447; x_wconf 79' lang='lat' dir='ltr'><strong>Apostolus</strong></span> <span class='ocrx_word' id='word_1_586' title='bbox 820 4378 910 4432; x_wconf 87' lang='lat' dir='ltr'><strong>ubi</strong></span> <span class='ocrx_word' id='word_1_587' title='bbox 944 4379 1074 4434; x_wconf 91' lang='lat' dir='ltr'><strong>dicit</strong></span> <span class='ocrx_word' id='word_1_588' title='bbox 1103 4381 1174 4444; x_wconf 71' lang='grc'><strong>’⁸,</strong></span> <span class='ocrx_word' id='word_1_589' title='bbox 1210 4399 1230 4431; x_wconf 74' lang='grc' dir='ltr'><strong>ι</strong></span> <span class='ocrx_word' id='word_1_590' title='bbox 1276 4381 1401 4450; x_wconf 89' lang='lat' dir='ltr'><strong>quia</strong></span> <span class='ocrx_word' id='word_1_591' title='bbox 1438 4380 1713 4435; x_wconf 88' lang='lat' dir='ltr'><strong>Abraham</strong></span> <span class='ocrx_word' id='word_1_592' title='bbox 1754 4381 1892 4435; x_wconf 93' lang='lat' dir='ltr'><strong>duos</strong></span> <span class='ocrx_word' id='word_1_593' title='bbox 1942 4379 2081 4434; x_wconf 86' lang='lat' dir='ltr'><strong>ﬁlios</strong></span> 
     </span>
    </p>
   </div>
   <div class='ocr_carea' id='block_1_77' title="bbox 502 4455 2406 4541">
    <p class='ocr_par' dir='ltr' id='par_1_77' title="bbox 502 4455 2406 4541">
     <span class='ocr_line' id='line_1_78' title="bbox 502 4455 2406 4541; baseline 0.002 -19"><span class='ocrx_word' id='word_1_594' title='bbox 502 4470 706 4533; x_wconf 86' lang='lat' dir='ltr'><strong>habuit,</strong></span> <span class='ocrx_word' id='word_1_595' title='bbox 744 4485 906 4523; x_wconf 92' lang='lat' dir='ltr'><strong>unum</strong></span> <span class='ocrx_word' id='word_1_596' title='bbox 936 4471 1002 4523; x_wconf 87' lang='lat' dir='ltr'><strong>de</strong></span> <span class='ocrx_word' id='word_1_597' title='bbox 1032 4473 1243 4537; x_wconf 85' lang='lat' dir='ltr'><strong>ancilla,</strong></span> <span class='ocrx_word' id='word_1_598' title='bbox 1280 4484 1336 4528; x_wconf 89' lang='lat' dir='ltr'><strong>et</strong></span> <span class='ocrx_word' id='word_1_599' title='bbox 1360 4489 1523 4527; x_wconf 91' lang='lat' dir='ltr'><strong>unum</strong></span> <span class='ocrx_word' id='word_1_600' title='bbox 1557 4473 1625 4527; x_wconf 85' lang='lat' dir='ltr'><strong>de</strong></span> <span class='ocrx_word' id='word_1_601' title='bbox 1659 4472 1853 4536; x_wconf 85' lang='lat' dir='ltr'><strong>libera,</strong></span> <span class='ocrx_word' id='word_1_602' title='bbox 1888 4492 1907 4525; x_wconf 78' lang='grc' dir='ltr'><strong>ι</strong></span> <span class='ocrx_word' id='word_1_603' title='bbox 1954 4471 2075 4541; x_wconf 91' lang='lat' dir='ltr'><strong>quis</strong></span> <span class='ocrx_word' id='word_1_604' title='bbox 2111 4471 2155 4525; x_wconf 88' lang='grc' dir='ltr'><strong>ῐ)</strong></span> <span class='ocrx_word' id='word_1_605' title='bbox 2180 4455 2334 4526; x_wconf 76' lang='grc' dir='ltr'><strong>Ρυ¹⁰³</strong></span> <span class='ocrx_word' id='word_1_606' title='bbox 2389 4470 2406 4509; x_wconf 71' lang='grc' dir='ltr'>ε</span> 
     </span>
    </p>
   </div>
   <div class='ocr_carea' id='block_1_78' title="bbox 501 4561 2077 4622">
    <p class='ocr_par' dir='ltr' id='par_1_78' title="bbox 501 4561 2077 4622">
     <span class='ocr_line' id='line_1_79' title="bbox 501 4561 2077 4622; baseline 0.003 -9"><span class='ocrx_word' id='word_1_607' title='bbox 501 4561 707 4614; x_wconf 88' lang='lat' dir='ltr'><strong>dubitat</strong></span> <span class='ocrx_word' id='word_1_608' title='bbox 736 4561 847 4615; x_wconf 55' lang='lat' dir='ltr'><strong>hac</strong></span> <span class='ocrx_word' id='word_1_609' title='bbox 873 4566 1170 4619; x_wconf 88' lang='lat' dir='ltr'><strong>secundum</strong></span> <span class='ocrx_word' id='word_1_610' title='bbox 1212 4566 1447 4621; x_wconf 87' lang='lat' dir='ltr'><strong>litteram</strong></span> <span class='ocrx_word' id='word_1_611' title='bbox 1480 4574 1629 4622; x_wconf 89' lang='lat' dir='ltr'><strong>stare</strong></span> <span class='ocrx_word' id='word_1_612' title='bbox 1670 4565 1906 4620; x_wconf 88' lang='lat' dir='ltr'><strong>debere?</strong></span> <span class='ocrx_word' id='word_1_613' title='bbox 1946 4565 2077 4619; x_wconf 88' lang='lat' dir='ltr'><strong>Cer-</strong></span> 
     </span>
    </p>
   </div>
   <div class='ocr_carea' id='block_1_79' title="bbox 506 4656 2073 4726">
    <p class='ocr_par' dir='ltr' id='par_1_79' title="bbox 506 4656 2073 4726">
     <span class='ocr_line' id='line_1_80' title="bbox 506 4656 2073 4726; baseline 0.003 -21"><span class='ocrx_word' id='word_1_614' title='bbox 506 4663 613 4706; x_wconf 82' lang='lat' dir='ltr'><strong>tutn</strong></span> <span class='ocrx_word' id='word_1_615' title='bbox 638 4666 723 4707; x_wconf 87' lang='lat' dir='ltr'><strong>est</strong></span> <span class='ocrx_word' id='word_1_616' title='bbox 754 4656 921 4719; x_wconf 83' lang='lat' dir='ltr'><strong>enim,</strong></span> <span class='ocrx_word' id='word_1_617' title='bbox 952 4659 1075 4726; x_wconf 72' lang='lat' dir='ltr'><strong>quia</strong></span> <span class='ocrx_word' id='word_1_618' title='bbox 1105 4670 1158 4714; x_wconf 87' lang='lat' dir='ltr'><strong>et</strong></span> <span class='ocrx_word' id='word_1_619' title='bbox 1188 4660 1337 4715; x_wconf 84' lang='lat' dir='ltr'><strong>Isaac</strong></span> <span class='ocrx_word' id='word_1_620' title='bbox 1373 4661 1438 4715; x_wconf 89' lang='lat' dir='ltr'><strong>de</strong></span> <span class='ocrx_word' id='word_1_621' title='bbox 1473 4656 1635 4723; x_wconf 78' lang='lat' dir='ltr'><strong>Sara,</strong></span> <span class='ocrx_word' id='word_1_622' title='bbox 1681 4667 1735 4712; x_wconf 92' lang='lat' dir='ltr'><strong>et</strong></span> <span class='ocrx_word' id='word_1_623' title='bbox 1775 4657 1966 4712; x_wconf 86' lang='lat' dir='ltr'><strong>Ismael</strong></span> <span class='ocrx_word' id='word_1_624' title='bbox 2006 4656 2073 4710; x_wconf 93' lang='lat' dir='ltr'><strong>de</strong></span> 
     </span>
    </p>
   </div>
   <div class='ocr_carea' id='block_1_80' title="bbox 500 4745 2072 4818">
    <p class='ocr_par' dir='ltr' id='par_1_80' title="bbox 500 4745 2072 4818">
     <span class='ocr_line' id='line_1_81' title="bbox 500 4745 2072 4818; baseline 0.001 -19"><span class='ocrx_word' id='word_1_625' title='bbox 500 4746 644 4816; x_wconf 84' lang='lat' dir='ltr'><strong>Agar</strong></span> <span class='ocrx_word' id='word_1_626' title='bbox 674 4746 763 4800; x_wconf 84' lang='lat' dir='ltr'><strong>lilii</strong></span> <span class='ocrx_word' id='word_1_627' title='bbox 795 4745 995 4804; x_wconf 82' lang='lat' dir='ltr'><strong>fuerint</strong></span> <span class='ocrx_word' id='word_1_628' title='bbox 1024 4751 1273 4807; x_wconf 67' lang='lat' dir='ltr'><strong>Abrahae.</strong></span> <span class='ocrx_word' id='word_1_629' title='bbox 1299 4751 1465 4805; x_wconf 78' lang='lat' dir='ltr'><strong>Addit</strong></span> <span class='ocrx_word' id='word_1_630' title='bbox 1497 4760 1675 4805; x_wconf 91' lang='lat' dir='ltr'><strong>tamen</strong></span> <span class='ocrx_word' id='word_1_631' title='bbox 1721 4750 1787 4804; x_wconf 90' lang='lat' dir='ltr'><strong>iis</strong></span> <span class='ocrx_word' id='word_1_632' title='bbox 1829 4753 2072 4818; x_wconf 83' lang='lat' dir='ltr'><strong>Aposto-</strong></span> 
     </span>
    </p>
   </div>
   <div class='ocr_carea' id='block_1_81' title="bbox 499 4835 2066 4911">
    <p class='ocr_par' dir='ltr' id='par_1_81' title="bbox 499 4835 2066 4911">
     <span class='ocr_line' id='line_1_82' title="bbox 499 4835 2066 4911; baseline 0.002 -22"><span class='ocrx_word' id='word_1_633' title='bbox 499 4835 603 4901; x_wconf 91' lang='lat' dir='ltr'><strong>lus,</strong></span> <span class='ocrx_word' id='word_1_634' title='bbox 642 4848 697 4892; x_wconf 89' lang='lat' dir='ltr'><strong>et</strong></span> <span class='ocrx_word' id='word_1_635' title='bbox 741 4839 874 4895; x_wconf 88' lang='lat' dir='ltr'><strong>dicit</strong></span> <span class='ocrx_word' id='word_1_636' title='bbox 903 4842 948 4873; x_wconf 76' lang='grc'><strong>⁸⁷</strong></span> <span class='ocrx_word' id='word_1_637' title='bbox 984 4859 999 4896; x_wconf 88' lang='lat'><strong>:</strong></span> <span class='ocrx_word' id='word_1_638' title='bbox 1034 4861 1054 4894; x_wconf 72' lang='grc' dir='ltr'><strong>ι</strong></span> <span class='ocrx_word' id='word_1_639' title='bbox 1091 4843 1218 4901; x_wconf 61' lang='lat' dir='ltr'><strong>llaec</strong></span> <span class='ocrx_word' id='word_1_640' title='bbox 1270 4854 1449 4899; x_wconf 89' lang='lat' dir='ltr'><strong>autem</strong></span> <span class='ocrx_word' id='word_1_641' title='bbox 1506 4849 1633 4896; x_wconf 87' lang='lat' dir='ltr'><strong>sunt</strong></span> <span class='ocrx_word' id='word_1_642' title='bbox 1692 4840 2006 4911; x_wconf 85' lang='lat' dir='ltr'><strong>allegorica,</strong></span> <span class='ocrx_word' id='word_1_643' title='bbox 2046 4857 2066 4890; x_wconf 77' lang='grc' dir='ltr'><strong>ι</strong></span> 
     </span>
    </p>
   </div>
   <div class='ocr_carea' id='block_1_82' title="bbox 498 4933 2070 5002">
    <p class='ocr_par' dir='ltr' id='par_1_82' title="bbox 498 4933 2070 5002">
     <span class='ocr_line' id='line_1_83' title="bbox 498 4933 2070 5002; baseline 0.002 -20"><span class='ocrx_word' id='word_1_644' title='bbox 498 4945 618 4999; x_wconf 65' lang='lat' dir='ltr'><strong>quae</strong></span> <span class='ocrx_word' id='word_1_645' title='bbox 643 4933 694 4985; x_wconf 91' lang='lat' dir='ltr'><strong>in</strong></span> <span class='ocrx_word' id='word_1_646' title='bbox 729 4935 835 4990; x_wconf 90' lang='lat' dir='ltr'><strong>duo</strong></span> <span class='ocrx_word' id='word_1_647' title='bbox 869 4945 1185 4992; x_wconf 88' lang='lat' dir='ltr'><strong>testamenta</strong></span> <span class='ocrx_word' id='word_1_648' title='bbox 1231 4935 1524 4998; x_wconf 88' lang='lat' dir='ltr'><strong>convertit,</strong></span> <span class='ocrx_word' id='word_1_649' title='bbox 1566 4943 1624 4987; x_wconf 88' lang='lat' dir='ltr'><strong>et</strong></span> <span class='ocrx_word' id='word_1_650' title='bbox 1657 4933 1810 4988; x_wconf 87' lang='lat' dir='ltr'><strong>Sarae</strong></span> <span class='ocrx_word' id='word_1_651' title='bbox 1852 4933 2070 5002; x_wconf 90' lang='lat' dir='ltr'><strong>quidem</strong></span> 
     </span>
    </p>
   </div>
   <div class='ocr_carea' id='block_1_83' title="bbox 500 5022 2072 5097">
    <p class='ocr_par' dir='ltr' id='par_1_83' title="bbox 500 5022 2072 5097">
     <span class='ocr_line' id='line_1_84' title="bbox 500 5022 2072 5097; baseline 0.002 -22"><span class='ocrx_word' id='word_1_652' title='bbox 500 5022 736 5076; x_wconf 84' lang='lat' dir='ltr'><strong>sobolem</strong></span> <span class='ocrx_word' id='word_1_653' title='bbox 770 5033 1025 5095; x_wconf 89' lang='lat' dir='ltr'><strong>tanquam</strong></span> <span class='ocrx_word' id='word_1_654' title='bbox 1071 5028 1124 5082; x_wconf 91' lang='lat' dir='ltr'><strong>in</strong></span> <span class='ocrx_word' id='word_1_655' title='bbox 1154 5025 1464 5083; x_wconf 91' lang='lat' dir='ltr'><strong>libertatem</strong></span> <span class='ocrx_word' id='word_1_656' title='bbox 1493 5025 1765 5097; x_wconf 74' lang='lat' dir='ltr'><strong>gignentia</strong></span> <span class='ocrx_word' id='word_1_657' title='bbox 1797 5025 1920 5079; x_wconf 88' lang='lat' dir='ltr'><strong>novi</strong></span> <span class='ocrx_word' id='word_1_658' title='bbox 1958 5022 2072 5078; x_wconf 90' lang='lat' dir='ltr'><strong>Te-</strong></span> 
     </span>
    </p>
   </div>
   <div class='ocr_carea' id='block_1_84' title="bbox 500 5113 2076 5186">
    <p class='ocr_par' dir='ltr' id='par_1_84' title="bbox 500 5113 2076 5186">
     <span class='ocr_line' id='line_1_85' title="bbox 500 5113 2076 5186; baseline 0.003 -21"><span class='ocrx_word' id='word_1_659' title='bbox 500 5114 753 5168; x_wconf 89' lang='lat' dir='ltr'><strong>stamenti</strong></span> <span class='ocrx_word' id='word_1_660' title='bbox 780 5113 983 5171; x_wconf 89' lang='lat' dir='ltr'><strong>liberos</strong></span> <span class='ocrx_word' id='word_1_661' title='bbox 1011 5117 1178 5182; x_wconf 90' lang='lat' dir='ltr'><strong>dicit;</strong></span> <span class='ocrx_word' id='word_1_662' title='bbox 1211 5118 1357 5186; x_wconf 80' lang='lat' dir='ltr'><strong>Agar</strong></span> <span class='ocrx_word' id='word_1_663' title='bbox 1373 5125 1552 5172; x_wconf 92' lang='lat' dir='ltr'><strong>autem</strong></span> <span class='ocrx_word' id='word_1_664' title='bbox 1586 5124 1844 5184; x_wconf 89' lang='lat' dir='ltr'><strong>tanquam</strong></span> <span class='ocrx_word' id='word_1_665' title='bbox 1878 5113 1930 5167; x_wconf 91' lang='lat' dir='ltr'><strong>in</strong></span> <span class='ocrx_word' id='word_1_666' title='bbox 1960 5128 2076 5169; x_wconf 89' lang='lat' dir='ltr'><strong>ser—</strong></span> 
     </span>
    </p>
   </div>
   <div class='ocr_carea' id='block_1_85' title="bbox 501 5206 2078 5277">
    <p class='ocr_par' dir='ltr' id='par_1_85' title="bbox 501 5206 2078 5277">
     <span class='ocr_line' id='line_1_86' title="bbox 501 5206 2078 5277; baseline 0.004 -21"><span class='ocrx_word' id='word_1_667' title='bbox 501 5206 719 5260; x_wconf 86' lang='lat' dir='ltr'><strong>vitutem</strong></span> <span class='ocrx_word' id='word_1_668' title='bbox 765 5208 1073 5277; x_wconf 88' lang='lat' dir='ltr'><strong>generantis</strong></span> <span class='ocrx_word' id='word_1_669' title='bbox 1118 5220 1349 5265; x_wconf 74' lang='lat' dir='ltr'><strong>terrenae</strong></span> <span class='ocrx_word' id='word_1_670' title='bbox 1411 5207 1709 5264; x_wconf 85' lang='lat' dir='ltr'><strong>Jerusalem</strong></span> <span class='ocrx_word' id='word_1_671' title='bbox 1780 5206 1919 5263; x_wconf 89' lang='lat' dir='ltr'><strong>ﬁlios</strong></span> <span class='ocrx_word' id='word_1_672' title='bbox 1980 5222 2078 5263; x_wconf 88' lang='lat' dir='ltr'><strong>no-</strong></span> 
     </span>
    </p>
   </div>
   <div class='ocr_carea' id='block_1_86' title="bbox 503 5296 2076 5370">
    <p class='ocr_par' dir='ltr' id='par_1_86' title="bbox 503 5296 2076 5370">
     <span class='ocr_line' id='line_1_87' title="bbox 503 5296 2076 5370; baseline 0.002 -20"><span class='ocrx_word' id='word_1_673' title='bbox 503 5298 741 5352; x_wconf 87' lang='lat' dir='ltr'><strong>minavit.</strong></span> <span class='ocrx_word' id='word_1_674' title='bbox 776 5299 1144 5367; x_wconf 88' lang='lat' dir='ltr'><strong>Ostendimus,</strong></span> <span class='ocrx_word' id='word_1_675' title='bbox 1183 5309 1242 5355; x_wconf 93' lang='lat' dir='ltr'><strong>ut</strong></span> <span class='ocrx_word' id='word_1_676' title='bbox 1270 5300 1484 5370; x_wconf 91' lang='lat' dir='ltr'><strong>opinor,</strong></span> <span class='ocrx_word' id='word_1_677' title='bbox 1545 5298 1868 5353; x_wconf 88' lang='lat' dir='ltr'><strong>auctoritate</strong></span> <span class='ocrx_word' id='word_1_678' title='bbox 1916 5296 2076 5353; x_wconf 87' lang='lat' dir='ltr'><strong>Scri-</strong></span> 
     </span>
    </p>
   </div>
   <div class='ocr_carea' id='block_1_87' title="bbox 501 5389 2074 5463">
    <p class='ocr_par' dir='ltr' id='par_1_87' title="bbox 501 5389 2074 5463">
     <span class='ocr_line' id='line_1_88' title="bbox 501 5389 2074 5463; baseline 0.003 -24"><span class='ocrx_word' id='word_1_679' title='bbox 501 5398 667 5453; x_wconf 70' lang='lat' dir='ltr'><strong>murae</strong></span> <span class='ocrx_word' id='word_1_680' title='bbox 688 5390 902 5455; x_wconf 73' lang='lat' dir='ltr'><strong>divinze,</strong></span> <span class='ocrx_word' id='word_1_681' title='bbox 933 5393 1091 5447; x_wconf 80' lang='lat' dir='ltr'><strong>exiis</strong></span> <span class='ocrx_word' id='word_1_682' title='bbox 1118 5408 1239 5463; x_wconf 82' lang='lat' dir='ltr'><strong>quae</strong></span> <span class='ocrx_word' id='word_1_683' title='bbox 1273 5393 1327 5447; x_wconf 90' lang='lat' dir='ltr'><strong>in</strong></span> <span class='ocrx_word' id='word_1_684' title='bbox 1373 5392 1491 5463; x_wconf 82' lang='lat' dir='ltr'><strong>lege</strong></span> <span class='ocrx_word' id='word_1_685' title='bbox 1532 5390 1733 5459; x_wconf 90' lang='lat' dir='ltr'><strong>scripta</strong></span> <span class='ocrx_word' id='word_1_686' title='bbox 1780 5398 1927 5455; x_wconf 89' lang='lat' dir='ltr'><strong>sunt,</strong></span> <span class='ocrx_word' id='word_1_687' title='bbox 1973 5389 2074 5443; x_wconf 88' lang='lat' dir='ltr'><strong>ali-</strong></span> 
     </span>
    </p>
   </div>
   <div class='ocr_carea' id='block_1_88' title="bbox 501 5486 2070 5558">
    <p class='ocr_par' dir='ltr' id='par_1_88' title="bbox 501 5486 2070 5558">
     <span class='ocr_line' id='line_1_89' title="bbox 501 5486 2070 5558; baseline 0.001 -24"><span class='ocrx_word' id='word_1_688' title='bbox 501 5498 602 5551; x_wconf 87' lang='lat' dir='ltr'><strong>qua</strong></span> <span class='ocrx_word' id='word_1_689' title='bbox 638 5487 849 5552; x_wconf 83' lang='lat' dir='ltr'><strong>penitus</strong></span> <span class='ocrx_word' id='word_1_690' title='bbox 873 5487 1186 5558; x_wconf 81' lang='lat' dir='ltr'><strong>refugienda</strong></span> <span class='ocrx_word' id='word_1_691' title='bbox 1216 5503 1337 5543; x_wconf 86' lang='lat' dir='ltr'><strong>esse</strong></span> <span class='ocrx_word' id='word_1_692' title='bbox 1370 5496 1424 5542; x_wconf 90' lang='lat' dir='ltr'><strong>et</strong></span> <span class='ocrx_word' id='word_1_693' title='bbox 1452 5486 1715 5550; x_wconf 88' lang='lat' dir='ltr'><strong>cavenda,</strong></span> <span class='ocrx_word' id='word_1_694' title='bbox 1769 5498 1835 5539; x_wconf 89' lang='lat' dir='ltr'><strong>ne</strong></span> <span class='ocrx_word' id='word_1_695' title='bbox 1874 5495 2070 5537; x_wconf 87' lang='lat' dir='ltr'><strong>secun—</strong></span> 
     </span>
    </p>
   </div>
   <div class='ocr_carea' id='block_1_89' title="bbox 571 5623 1698 5689">
    <p class='ocr_par' dir='ltr' id='par_1_89' title="bbox 571 5623 1698 5689">
     <span class='ocr_line' id='line_1_90' title="bbox 571 5623 1698 5689; baseline 0.001 -12"><span class='ocrx_word' id='word_1_696' title='bbox 571 5626 617 5657; x_wconf 81' lang='grc'>⁹⁶</span> <span class='ocrx_word' id='word_1_697' title='bbox 650 5623 803 5678; x_wconf 78' lang='lat' dir='ltr'><strong>Rom.</strong></span> <span class='ocrx_word' id='word_1_698' title='bbox 829 5641 890 5689; x_wconf 91' lang='grc' dir='ltr'><strong>ιι,</strong></span> <span class='ocrx_word' id='word_1_699' title='bbox 924 5626 1018 5687; x_wconf 71' lang='grc'><strong>28,</strong></span> <span class='ocrx_word' id='word_1_700' title='bbox 1045 5626 1137 5680; x_wconf 78' lang='lat'><strong>‘29.</strong></span> <span class='ocrx_word' id='word_1_701' title='bbox 1212 5627 1257 5658; x_wconf 76' lang='grc'>⁹¹</span> <span class='ocrx_word' id='word_1_702' title='bbox 1294 5626 1451 5682; x_wconf 75' lang='lat' dir='ltr'><strong>llom.</strong></span> <span class='ocrx_word' id='word_1_703' title='bbox 1488 5640 1607 5684; x_wconf 84' lang='grc' dir='ltr'>χιιι,</span> <span class='ocrx_word' id='word_1_704' title='bbox 1641 5623 1698 5678; x_wconf 88' lang='lat'><strong>9.</strong></span> 
     </span>
    </p>
   </div>
   <div class='ocr_carea' id='block_1_90' title="bbox 501 5692 1843 5760">
    <p class='ocr_par' dir='ltr' id='par_1_90' title="bbox 501 5692 1843 5760">
     <span class='ocr_line' id='line_1_91' title="bbox 501 5692 1843 5760; baseline 0.001 -12"><span class='ocrx_word' id='word_1_705' title='bbox 501 5711 612 5760; x_wconf 82' lang='grc' dir='ltr'>χιχ,</span> <span class='ocrx_word' id='word_1_706' title='bbox 649 5695 683 5747; x_wconf 84' lang='grc'><strong>5</strong></span> <span class='ocrx_word' id='word_1_707' title='bbox 714 5705 768 5749; x_wconf 92' lang='lat' dir='ltr'><strong>et</strong></span> <span class='ocrx_word' id='word_1_708' title='bbox 801 5699 852 5749; x_wconf 78' lang='lat' dir='ltr'><strong>ti.</strong></span> <span class='ocrx_word' id='word_1_709' title='bbox 945 5698 991 5729; x_wconf 79' lang='lat'><strong>’°</strong></span> <span class='ocrx_word' id='word_1_710' title='bbox 1019 5696 1139 5753; x_wconf 86' lang='lat' dir='ltr'><strong>Gal.</strong></span> <span class='ocrx_word' id='word_1_711' title='bbox 1196 5714 1271 5754; x_wconf 86' lang='lat' dir='ltr'><strong>tv.</strong></span> <span class='ocrx_word' id='word_1_712' title='bbox 1313 5696 1405 5750; x_wconf 69' lang='grc'><strong>22.</strong></span> <span class='ocrx_word' id='word_1_713' title='bbox 1512 5697 1556 5729; x_wconf 66' lang='grc'><strong>⁸⁷</strong></span> <span class='ocrx_word' id='word_1_714' title='bbox 1593 5695 1724 5749; x_wconf 89' lang='lat' dir='ltr'><strong>ibid.</strong></span> <span class='ocrx_word' id='word_1_715' title='bbox 1752 5692 1843 5750; x_wconf 69' lang='lat' dir='ltr'><strong>2i.</strong></span> 
     </span>
    </p>
   </div>
   <div class='ocr_carea' id='block_1_91' title="bbox 499 5766 1334 5824">
    <p class='ocr_par' dir='ltr' id='par_1_91' title="bbox 499 5766 1334 5824">
     <span class='ocr_line' id='line_1_92' title="bbox 499 5766 1334 5824; baseline 0.002 -4"><span class='ocrx_word' id='word_1_716' title='bbox 499 5767 587 5821; x_wconf 72' lang='lat'><strong>‘21.</strong></span> <span class='ocrx_word' id='word_1_717' title='bbox 665 5766 685 5796; x_wconf 85' lang='grc'><em>³</em></span> <span class='ocrx_word' id='word_1_718' title='bbox 713 5767 841 5821; x_wconf 87' lang='lat' dir='ltr'><strong>ibid.</strong></span> <span class='ocrx_word' id='word_1_719' title='bbox 872 5766 962 5821; x_wconf 71' lang='lat' dir='ltr'><strong>9J2.</strong></span> <span class='ocrx_word' id='word_1_720' title='bbox 1042 5770 1060 5798; x_wconf 70' lang='grc'>⁸</span> <span class='ocrx_word' id='word_1_721' title='bbox 1089 5769 1218 5824; x_wconf 77' lang='lat' dir='ltr'><strong>ibid.</strong></span> <span class='ocrx_word' id='word_1_722' title='bbox 1245 5768 1334 5822; x_wconf 75' lang='lat'><strong>‘27.</strong></span> 
     </span>
    </p>
   </div>
   <div class='ocr_carea' id='block_1_92' title="bbox 1798 5614 2948 5766">
    <p class='ocr_par' dir='ltr' id='par_1_92' title="bbox 1798 5614 2948 5766">
     <span class='ocr_line' id='line_1_93' title="bbox 1798 5614 2948 5682; baseline -0.023 -4"><span class='ocrx_word' id='word_1_723' title='bbox 1798 5623 1843 5656; x_wconf 73' lang='grc'><strong>⁸³</strong></span> <span class='ocrx_word' id='word_1_724' title='bbox 1872 5619 1893 5676; x_wconf 91' lang='lat' dir='ltr'><strong>l</strong></span> <span class='ocrx_word' id='word_1_725' title='bbox 1922 5620 2063 5676; x_wconf 86' lang='lat' dir='ltr'><strong>Tim.</strong></span> <span class='ocrx_word' id='word_1_726' title='bbox 2095 5631 2174 5682; x_wconf 69' lang='grc' dir='ltr'>γι,</span> <span class='ocrx_word' id='word_1_727' title='bbox 2207 5614 2297 5669; x_wconf 83' lang='lat' dir='ltr'><strong>ll.</strong></span> <span class='ocrx_word' id='word_1_728' title='bbox 2400 5614 2448 5643; x_wconf 83' lang='lat'><strong>&quot;</strong></span> <span class='ocrx_word' id='word_1_729' title='bbox 2466 5614 2603 5663; x_wconf 82' lang='lat' dir='ltr'><strong>Gen.</strong></span> <span class='ocrx_word' id='word_1_730' title='bbox 2634 5620 2693 5672; x_wconf 87' lang='grc' dir='ltr'><strong>ιι,</strong></span> <span class='ocrx_word' id='word_1_731' title='bbox 2721 5614 2813 5656; x_wconf 69' lang='grc'><strong>24.</strong></span> <span class='ocrx_word' id='word_1_732' title='bbox 2906 5614 2948 5633; x_wconf 74' lang='grc' dir='ltr'><strong>ν·</strong></span> 
     </span>
     <span class='ocr_line' id='line_1_94' title="bbox 1798 5670 2948 5766; baseline -0.023 -16"><span class='ocrx_word' id='word_1_733' title='bbox 1798 5695 1843 5750; x_wconf 76' lang='grc' dir='ltr'><strong>ί.</strong></span> <span class='ocrx_word' id='word_1_734' title='bbox 1949 5689 2037 5746; x_wconf 74' lang='lat' dir='ltr'><strong>“l</strong></span> <span class='ocrx_word' id='word_1_735' title='bbox 2065 5688 2198 5766; x_wconf 68' lang='lat' dir='ltr'><strong>Cor.</strong></span> <span class='ocrx_word' id='word_1_736' title='bbox 2221 5701 2298 5741; x_wconf 82' lang='grc' dir='ltr'><strong>ιχ.</strong></span> <span class='ocrx_word' id='word_1_737' title='bbox 2373 5681 2420 5714; x_wconf 79' lang='grc'><strong>⁸⁸</strong></span> <span class='ocrx_word' id='word_1_738' title='bbox 2454 5676 2652 5734; x_wconf 84' lang='lat' dir='ltr'><strong>Matth.</strong></span> <span class='ocrx_word' id='word_1_739' title='bbox 2677 5688 2829 5740; x_wconf 89' lang='grc' dir='ltr'>χχιιι,</span> <span class='ocrx_word' id='word_1_740' title='bbox 2856 5670 2948 5725; x_wconf 76' lang='lat'><strong>23.</strong></span> 
     </span>
    </p>
   </div>
   <div class='ocr_carea' id='block_1_93' title="bbox 2191 3166 3771 3238">
    <p class='ocr_par' dir='ltr' id='par_1_93' title="bbox 2191 3166 3771 3238">
     <span class='ocr_line' id='line_1_95' title="bbox 2191 3166 3771 3238; baseline -0.003 -13"><span class='ocrx_word' id='word_1_741' title='bbox 2191 3171 2377 3238; x_wconf 91' lang='lat' dir='ltr'><strong>utique</strong></span> <span class='ocrx_word' id='word_1_742' title='bbox 2432 3168 2770 3223; x_wconf 90' lang='lat' dir='ltr'><strong>numerando</strong></span> <span class='ocrx_word' id='word_1_743' title='bbox 2804 3167 3116 3221; x_wconf 82' lang='lat' dir='ltr'><strong>sacerdotes</strong></span> <span class='ocrx_word' id='word_1_744' title='bbox 3162 3167 3429 3221; x_wconf 89' lang='lat' dir='ltr'><strong>honorare</strong></span> <span class='ocrx_word' id='word_1_745' title='bbox 3476 3166 3646 3219; x_wconf 90' lang='lat' dir='ltr'><strong>Deum</strong></span> <span class='ocrx_word' id='word_1_746' title='bbox 3701 3166 3771 3220; x_wconf 89' lang='lat' dir='ltr'><strong>de</strong></span> 
     </span>
    </p>
   </div>
   <div class='ocr_carea' id='block_1_94' title="bbox 2188 3259 3771 3329">
    <p class='ocr_par' dir='ltr' id='par_1_94' title="bbox 2188 3259 3771 3329">
     <span class='ocr_line' id='line_1_96' title="bbox 2188 3259 3771 3329; baseline -0.001 -13"><span class='ocrx_word' id='word_1_747' title='bbox 2188 3263 2331 3317; x_wconf 87' lang='lat' dir='ltr'><strong>datis</strong></span> <span class='ocrx_word' id='word_1_748' title='bbox 2355 3270 2410 3317; x_wconf 91' lang='lat' dir='ltr'><strong>et</strong></span> <span class='ocrx_word' id='word_1_749' title='bbox 2432 3260 2746 3315; x_wconf 89' lang='lat' dir='ltr'><strong>muneribus</strong></span> <span class='ocrx_word' id='word_1_750' title='bbox 2769 3261 2901 3316; x_wconf 88' lang='lat' dir='ltr'><strong>suis.</strong></span> <span class='ocrx_word' id='word_1_751' title='bbox 2942 3261 3010 3315; x_wconf 89' lang='lat' dir='ltr'><strong>Et</strong></span> <span class='ocrx_word' id='word_1_752' title='bbox 3045 3260 3218 3314; x_wconf 91' lang='lat' dir='ltr'><strong>adhuc</strong></span> <span class='ocrx_word' id='word_1_753' title='bbox 3269 3267 3329 3313; x_wconf 94' lang='lat' dir='ltr'><strong>ut</strong></span> <span class='ocrx_word' id='word_1_754' title='bbox 3371 3259 3604 3329; x_wconf 90' lang='lat' dir='ltr'><strong>amplius</strong></span> <span class='ocrx_word' id='word_1_755' title='bbox 3652 3259 3771 3315; x_wconf 61' lang='lat' dir='ltr'><strong>haec</strong></span> 
     </span>
    </p>
   </div>
   <div class='ocr_carea' id='block_1_95' title="bbox 2188 3352 3769 3422">
    <p class='ocr_par' dir='ltr' id='par_1_95' title="bbox 2188 3352 3769 3422">
     <span class='ocr_line' id='line_1_97' title="bbox 2188 3352 3769 3422; baseline -0.004 -9"><span class='ocrx_word' id='word_1_756' title='bbox 2188 3358 2523 3413; x_wconf 89' lang='lat' dir='ltr'><strong>observanda</strong></span> <span class='ocrx_word' id='word_1_757' title='bbox 2548 3356 2713 3409; x_wconf 89' lang='lat' dir='ltr'><strong>etiam</strong></span> <span class='ocrx_word' id='word_1_758' title='bbox 2747 3354 3045 3410; x_wconf 91' lang='lat' dir='ltr'><strong>secundum</strong></span> <span class='ocrx_word' id='word_1_759' title='bbox 3076 3353 3308 3406; x_wconf 88' lang='lat' dir='ltr'><strong>litteram</strong></span> <span class='ocrx_word' id='word_1_760' title='bbox 3335 3352 3505 3422; x_wconf 90' lang='lat' dir='ltr'><strong>ipsius</strong></span> <span class='ocrx_word' id='word_1_761' title='bbox 3546 3352 3641 3406; x_wconf 89' lang='lat' dir='ltr'><strong>Dei</strong></span> <span class='ocrx_word' id='word_1_762' title='bbox 3668 3366 3769 3407; x_wconf 82' lang='lat' dir='ltr'><strong>vo-</strong></span> 
     </span>
    </p>
   </div>
   <div class='ocr_carea' id='block_1_96' title="bbox 2189 3437 3768 3506">
    <p class='ocr_par' dir='ltr' id='par_1_96' title="bbox 2189 3437 3768 3506">
     <span class='ocr_line' id='line_1_98' title="bbox 2189 3437 3768 3506; baseline -0.006 -6"><span class='ocrx_word' id='word_1_763' title='bbox 2189 3447 2344 3501; x_wconf 86' lang='lat' dir='ltr'><strong>cibus</strong></span> <span class='ocrx_word' id='word_1_764' title='bbox 2378 3446 2696 3506; x_wconf 89' lang='lat' dir='ltr'><strong>doceantur,</strong></span> <span class='ocrx_word' id='word_1_765' title='bbox 2722 3441 2983 3495; x_wconf 88' lang='lat' dir='ltr'><strong>addemus</strong></span> <span class='ocrx_word' id='word_1_766' title='bbox 3016 3440 3081 3494; x_wconf 91' lang='lat' dir='ltr'><strong>ad</strong></span> <span class='ocrx_word' id='word_1_767' title='bbox 3104 3440 3236 3494; x_wconf 66' lang='lat' dir='ltr'><strong>haec.</strong></span> <span class='ocrx_word' id='word_1_768' title='bbox 3265 3439 3519 3492; x_wconf 89' lang='lat' dir='ltr'><strong>Dominus</strong></span> <span class='ocrx_word' id='word_1_769' title='bbox 3547 3438 3679 3491; x_wconf 86' lang='lat' dir='ltr'><strong>dicit</strong></span> <span class='ocrx_word' id='word_1_770' title='bbox 3711 3437 3768 3491; x_wconf 89' lang='lat' dir='ltr'><strong>in</strong></span> 
     </span>
    </p>
   </div>
   <div class='ocr_carea' id='block_1_97' title="bbox 2191 3527 3769 3606">
    <p class='ocr_par' dir='ltr' id='par_1_97' title="bbox 2191 3527 3769 3606">
     <span class='ocr_line' id='line_1_99' title="bbox 2191 3527 3769 3606; baseline -0.008 -15"><span class='ocrx_word' id='word_1_771' title='bbox 2191 3535 2499 3606; x_wconf 89' lang='lat' dir='ltr'><strong>Evangeliis</strong></span> <span class='ocrx_word' id='word_1_772' title='bbox 2514 3534 2559 3566; x_wconf 84' lang='grc'><strong>⁹⁹</strong></span> <span class='ocrx_word' id='word_1_773' title='bbox 2584 3551 2598 3587; x_wconf 88' lang='lat'><strong>:</strong></span> <span class='ocrx_word' id='word_1_774' title='bbox 2623 3552 2641 3583; x_wconf 85' lang='grc'><strong>‹</strong></span> <span class='ocrx_word' id='word_1_775' title='bbox 2674 3529 2764 3585; x_wconf 75' lang='lat' dir='ltr'><strong>Vae</strong></span> <span class='ocrx_word' id='word_1_776' title='bbox 2792 3532 2968 3595; x_wconf 88' lang='lat' dir='ltr'><strong>vobis,</strong></span> <span class='ocrx_word' id='word_1_777' title='bbox 2994 3528 3196 3583; x_wconf 69' lang='lat' dir='ltr'><strong>Scriba:</strong></span> <span class='ocrx_word' id='word_1_778' title='bbox 3227 3536 3281 3583; x_wconf 89' lang='lat' dir='ltr'><strong>et</strong></span> <span class='ocrx_word' id='word_1_779' title='bbox 3308 3527 3567 3581; x_wconf 61' lang='lat' dir='ltr'><strong>Pharisaei</strong></span> <span class='ocrx_word' id='word_1_780' title='bbox 3594 3527 3769 3597; x_wconf 80' lang='lat' dir='ltr'><strong>hypo-</strong></span> 
     </span>
    </p>
   </div>
   <div class='ocr_carea' id='block_1_98' title="bbox 2191 3618 3765 3696">
    <p class='ocr_par' dir='ltr' id='par_1_98' title="bbox 2191 3618 3765 3696">
     <span class='ocr_line' id='line_1_100' title="bbox 2191 3618 3765 3696; baseline -0.008 -12"><span class='ocrx_word' id='word_1_781' title='bbox 2191 3630 2366 3692; x_wconf 72' lang='lat' dir='ltr'><strong>crine,</strong></span> <span class='ocrx_word' id='word_1_782' title='bbox 2399 3627 2490 3696; x_wconf 93' lang='lat' dir='ltr'><strong>qui</strong></span> <span class='ocrx_word' id='word_1_783' title='bbox 2524 3624 2804 3681; x_wconf 88' lang='lat' dir='ltr'><strong>decimatis</strong></span> <span class='ocrx_word' id='word_1_784' title='bbox 2827 3622 3118 3686; x_wconf 89' lang='lat' dir='ltr'><strong>mentham,</strong></span> <span class='ocrx_word' id='word_1_785' title='bbox 3151 3639 3169 3672; x_wconf 81' lang='grc' dir='ltr'><strong>ι</strong></span> <span class='ocrx_word' id='word_1_786' title='bbox 3192 3620 3292 3674; x_wconf 88' lang='lat' dir='ltr'><strong>hoc</strong></span> <span class='ocrx_word' id='word_1_787' title='bbox 3312 3628 3416 3686; x_wconf 90' lang='lat' dir='ltr'><strong>est,</strong></span> <span class='ocrx_word' id='word_1_788' title='bbox 3441 3636 3460 3669; x_wconf 75' lang='grc' dir='ltr'><strong>ι</strong></span> <span class='ocrx_word' id='word_1_789' title='bbox 3495 3618 3765 3673; x_wconf 88' lang='lat' dir='ltr'><strong>decimam</strong></span> 
     </span>
    </p>
   </div>
   <div class='ocr_carea' id='block_1_99' title="bbox 2193 3709 3764 3786">
    <p class='ocr_par' dir='ltr' id='par_1_99' title="bbox 2193 3709 3764 3786">
     <span class='ocr_line' id='line_1_101' title="bbox 2193 3709 3764 3786; baseline -0.008 -11"><span class='ocrx_word' id='word_1_790' title='bbox 2193 3722 2336 3776; x_wconf 91' lang='lat' dir='ltr'><strong>datis</strong></span> <span class='ocrx_word' id='word_1_791' title='bbox 2362 3720 2621 3783; x_wconf 70' lang='lat' dir='ltr'><strong>menthze,</strong></span> <span class='ocrx_word' id='word_1_792' title='bbox 2652 3730 2708 3773; x_wconf 93' lang='lat' dir='ltr'><strong>et</strong></span> <span class='ocrx_word' id='word_1_793' title='bbox 2747 3714 2966 3786; x_wconf 83' lang='lat' dir='ltr'><strong>cymini,</strong></span> <span class='ocrx_word' id='word_1_794' title='bbox 3009 3721 3063 3766; x_wconf 91' lang='lat' dir='ltr'><strong>et</strong></span> <span class='ocrx_word' id='word_1_795' title='bbox 3104 3711 3308 3777; x_wconf 90' lang='lat' dir='ltr'><strong>anethi,</strong></span> <span class='ocrx_word' id='word_1_796' title='bbox 3362 3719 3418 3765; x_wconf 90' lang='lat' dir='ltr'><strong>et</strong></span> <span class='ocrx_word' id='word_1_797' title='bbox 3470 3709 3764 3778; x_wconf 63' lang='lat' dir='ltr'><strong>praeteritis</strong></span> 
     </span>
    </p>
   </div>
   <div class='ocr_carea' id='block_1_100' title="bbox 2188 3801 3766 3886">
    <p class='ocr_par' dir='ltr' id='par_1_100' title="bbox 2188 3801 3766 3886">
     <span class='ocr_line' id='line_1_102' title="bbox 2188 3801 3766 3886; baseline -0.01 -17"><span class='ocrx_word' id='word_1_798' title='bbox 2188 3830 2310 3886; x_wconf 75' lang='lat' dir='ltr'><strong>quae</strong></span> <span class='ocrx_word' id='word_1_799' title='bbox 2356 3814 2562 3884; x_wconf 86' lang='lat' dir='ltr'><strong>majora</strong></span> <span class='ocrx_word' id='word_1_800' title='bbox 2612 3818 2736 3867; x_wconf 90' lang='lat' dir='ltr'><strong>sunt</strong></span> <span class='ocrx_word' id='word_1_801' title='bbox 2778 3805 2914 3875; x_wconf 84' lang='lat' dir='ltr'><strong>legis</strong></span> <span class='ocrx_word' id='word_1_802' title='bbox 2952 3819 2969 3858; x_wconf 89' lang='lat'><strong>:</strong></span> <span class='ocrx_word' id='word_1_803' title='bbox 3012 3803 3328 3873; x_wconf 77' lang='lat' dir='ltr'><strong>hypocritze,</strong></span> <span class='ocrx_word' id='word_1_804' title='bbox 3379 3801 3493 3856; x_wconf 73' lang='lat' dir='ltr'><strong>haec</strong></span> <span class='ocrx_word' id='word_1_805' title='bbox 3542 3810 3766 3870; x_wconf 85' lang='lat' dir='ltr'><strong>oportet</strong></span> 
     </span>
    </p>
   </div>
   <div class='ocr_carea' id='block_1_101' title="bbox 2190 3892 3764 3972">
    <p class='ocr_par' dir='ltr' id='par_1_101' title="bbox 2190 3892 3764 3972">
     <span class='ocr_line' id='line_1_103' title="bbox 2190 3892 3764 3972; baseline -0.008 -12"><span class='ocrx_word' id='word_1_806' title='bbox 2190 3906 2330 3972; x_wconf 87' lang='lat' dir='ltr'><strong>ﬁeri,</strong></span> <span class='ocrx_word' id='word_1_807' title='bbox 2366 3915 2422 3961; x_wconf 93' lang='lat' dir='ltr'><strong>et</strong></span> <span class='ocrx_word' id='word_1_808' title='bbox 2460 3905 2552 3959; x_wconf 91' lang='lat' dir='ltr'><strong>illa</strong></span> <span class='ocrx_word' id='word_1_809' title='bbox 2596 3919 2700 3959; x_wconf 91' lang='lat' dir='ltr'><strong>non</strong></span> <span class='ocrx_word' id='word_1_810' title='bbox 2749 3898 2947 3955; x_wconf 88' lang='lat' dir='ltr'><strong>omitti.</strong></span> <span class='ocrx_word' id='word_1_811' title='bbox 3001 3915 3020 3948; x_wconf 79' lang='grc' dir='ltr'><strong>ι</strong></span> <span class='ocrx_word' id='word_1_812' title='bbox 3085 3894 3217 3948; x_wconf 83' lang='lat' dir='ltr'><strong>Vide</strong></span> <span class='ocrx_word' id='word_1_813' title='bbox 3271 3907 3397 3962; x_wconf 86' lang='lat' dir='ltr'><strong>ergo</strong></span> <span class='ocrx_word' id='word_1_814' title='bbox 3447 3892 3764 3963; x_wconf 87' lang='lat' dir='ltr'><strong>diligentius</strong></span> 
     </span>
    </p>
   </div>
   <div class='ocr_carea' id='block_1_102' title="bbox 2186 3985 3763 4068">
    <p class='ocr_par' dir='ltr' id='par_1_102' title="bbox 2186 3985 3763 4068">
     <span class='ocr_line' id='line_1_104' title="bbox 2186 3985 3763 4068; baseline -0.01 -16"><span class='ocrx_word' id='word_1_815' title='bbox 2186 3998 2458 4068; x_wconf 90' lang='lat' dir='ltr'><strong>quomodo</strong></span> <span class='ocrx_word' id='word_1_816' title='bbox 2483 4010 2663 4050; x_wconf 90' lang='lat' dir='ltr'><strong>sermo</strong></span> <span class='ocrx_word' id='word_1_817' title='bbox 2717 3990 2930 4046; x_wconf 91' lang='lat' dir='ltr'><strong>Domini</strong></span> <span class='ocrx_word' id='word_1_818' title='bbox 2985 3986 3098 4041; x_wconf 86' lang='lat' dir='ltr'><strong>vult</strong></span> <span class='ocrx_word' id='word_1_819' title='bbox 3147 3985 3263 4040; x_wconf 86' lang='lat' dir='ltr'><strong>ﬁeri</strong></span> <span class='ocrx_word' id='word_1_820' title='bbox 3309 3985 3525 4054; x_wconf 87' lang='lat' dir='ltr'><strong>quidem</strong></span> <span class='ocrx_word' id='word_1_821' title='bbox 3578 3986 3763 4039; x_wconf 88' lang='lat' dir='ltr'><strong>omni-</strong></span> 
     </span>
    </p>
   </div>
   <div class='ocr_carea' id='block_1_103' title="bbox 2188 4072 3762 4158">
    <p class='ocr_par' dir='ltr' id='par_1_103' title="bbox 2188 4072 3762 4158">
     <span class='ocr_line' id='line_1_105' title="bbox 2188 4072 3762 4158; baseline -0.009 -14"><span class='ocrx_word' id='word_1_822' title='bbox 2188 4091 2345 4145; x_wconf 88' lang='lat' dir='ltr'><strong>mode</strong></span> <span class='ocrx_word' id='word_1_823' title='bbox 2372 4104 2489 4158; x_wconf 81' lang='lat' dir='ltr'><strong>quae</strong></span> <span class='ocrx_word' id='word_1_824' title='bbox 2518 4088 2724 4158; x_wconf 86' lang='lat' dir='ltr'><strong>majora</strong></span> <span class='ocrx_word' id='word_1_825' title='bbox 2759 4092 2885 4139; x_wconf 90' lang='lat' dir='ltr'><strong>sunt</strong></span> <span class='ocrx_word' id='word_1_826' title='bbox 2938 4072 3095 4152; x_wconf 87' lang='lat' dir='ltr'><strong>legis,</strong></span> <span class='ocrx_word' id='word_1_827' title='bbox 3125 4094 3231 4133; x_wconf 92' lang='lat' dir='ltr'><strong>non</strong></span> <span class='ocrx_word' id='word_1_828' title='bbox 3267 4087 3443 4132; x_wconf 87' lang='lat' dir='ltr'><strong>tamen</strong></span> <span class='ocrx_word' id='word_1_829' title='bbox 3477 4077 3656 4130; x_wconf 90' lang='lat' dir='ltr'><strong>omitti</strong></span> <span class='ocrx_word' id='word_1_830' title='bbox 3705 4086 3762 4131; x_wconf 86' lang='lat' dir='ltr'><strong>et</strong></span> 
     </span>
    </p>
   </div>
   <div class='ocr_carea' id='block_1_104' title="bbox 2189 4169 3755 4253">
    <p class='ocr_par' dir='ltr' id='par_1_104' title="bbox 2189 4169 3755 4253">
     <span class='ocr_line' id='line_1_106' title="bbox 2189 4169 3755 4253; baseline -0.01 -15"><span class='ocrx_word' id='word_1_831' title='bbox 2189 4186 2301 4238; x_wconf 71' lang='lat' dir='ltr'><strong>haec</strong></span> <span class='ocrx_word' id='word_1_832' title='bbox 2331 4196 2450 4253; x_wconf 75' lang='lat' dir='ltr'><strong>quat</strong></span> <span class='ocrx_word' id='word_1_833' title='bbox 2488 4182 2780 4236; x_wconf 88' lang='lat' dir='ltr'><strong>secundum</strong></span> <span class='ocrx_word' id='word_1_834' title='bbox 2813 4181 3051 4235; x_wconf 89' lang='lat' dir='ltr'><strong>litteram</strong></span> <span class='ocrx_word' id='word_1_835' title='bbox 3080 4172 3451 4243; x_wconf 88' lang='lat' dir='ltr'><strong>designantur.</strong></span> <span class='ocrx_word' id='word_1_836' title='bbox 3499 4169 3655 4235; x_wconf 85' lang='lat' dir='ltr'><strong>Quod</strong></span> <span class='ocrx_word' id='word_1_837' title='bbox 3707 4172 3755 4224; x_wconf 86' lang='lat' dir='ltr'><strong>si</strong></span> 
     </span>
    </p>
   </div>
   <div class='ocr_carea' id='block_1_105' title="bbox 2186 4257 3759 4342">
    <p class='ocr_par' dir='ltr' id='par_1_105' title="bbox 2186 4257 3759 4342">
     <span class='ocr_line' id='line_1_107' title="bbox 2186 4257 3759 4342; baseline -0.01 -13"><span class='ocrx_word' id='word_1_838' title='bbox 2186 4276 2357 4337; x_wconf 90' lang='lat' dir='ltr'><strong>dicas,</strong></span> <span class='ocrx_word' id='word_1_839' title='bbox 2423 4273 2549 4342; x_wconf 90' lang='lat' dir='ltr'><strong>quia</strong></span> <span class='ocrx_word' id='word_1_840' title='bbox 2603 4272 2721 4326; x_wconf 60' lang='lat' dir='ltr'><strong>haec</strong></span> <span class='ocrx_word' id='word_1_841' title='bbox 2768 4271 2834 4324; x_wconf 88' lang='lat' dir='ltr'><strong>ad</strong></span> <span class='ocrx_word' id='word_1_842' title='bbox 2891 4268 3190 4323; x_wconf 82' lang='lat' dir='ltr'><strong>Pharisaeos</strong></span> <span class='ocrx_word' id='word_1_843' title='bbox 3247 4259 3484 4323; x_wconf 87' lang='lat' dir='ltr'><strong>dicebat,</strong></span> <span class='ocrx_word' id='word_1_844' title='bbox 3534 4273 3642 4312; x_wconf 92' lang='lat' dir='ltr'><strong>non</strong></span> <span class='ocrx_word' id='word_1_845' title='bbox 3689 4257 3759 4313; x_wconf 81' lang='lat' dir='ltr'><strong>ad</strong></span> 
     </span>
    </p>
   </div>
   <div class='ocr_carea' id='block_1_106' title="bbox 2187 4349 3761 4434">
    <p class='ocr_par' dir='ltr' id='par_1_106' title="bbox 2187 4349 3761 4434">
     <span class='ocr_line' id='line_1_108' title="bbox 2187 4349 3761 4434; baseline -0.011 -15"><span class='ocrx_word' id='word_1_846' title='bbox 2187 4363 2496 4434; x_wconf 90' lang='lat' dir='ltr'><strong>discipulos,</strong></span> <span class='ocrx_word' id='word_1_847' title='bbox 2538 4363 2660 4416; x_wconf 92' lang='lat' dir='ltr'><strong>audi</strong></span> <span class='ocrx_word' id='word_1_848' title='bbox 2704 4363 2899 4416; x_wconf 89' lang='lat' dir='ltr'><strong>iterum</strong></span> <span class='ocrx_word' id='word_1_849' title='bbox 2955 4360 3129 4428; x_wconf 91' lang='lat' dir='ltr'><strong>ipsum</strong></span> <span class='ocrx_word' id='word_1_850' title='bbox 3167 4354 3436 4408; x_wconf 88' lang='lat' dir='ltr'><strong>dicentem</strong></span> <span class='ocrx_word' id='word_1_851' title='bbox 3486 4350 3555 4403; x_wconf 89' lang='lat' dir='ltr'><strong>ad</strong></span> <span class='ocrx_word' id='word_1_852' title='bbox 3592 4349 3761 4404; x_wconf 84' lang='lat' dir='ltr'><strong>disci-</strong></span> 
     </span>
    </p>
   </div>
   <div class='ocr_carea' id='block_1_107' title="bbox 2459 4441 3759 4516">
    <p class='ocr_par' dir='ltr' id='par_1_107' title="bbox 2459 4441 3759 4516">
     <span class='ocr_line' id='line_1_109' title="bbox 2459 4441 3759 4516; baseline -0.009 -11"><span class='ocrx_word' id='word_1_853' title='bbox 2459 4471 2481 4505; x_wconf 73' lang='grc' dir='ltr'><strong>ι</strong></span> <span class='ocrx_word' id='word_1_854' title='bbox 2540 4452 2653 4507; x_wconf 84' lang='lat' dir='ltr'><strong>Nisi</strong></span> <span class='ocrx_word' id='word_1_855' title='bbox 2712 4449 3068 4505; x_wconf 87' lang='lat' dir='ltr'><strong>abundaverit</strong></span> <span class='ocrx_word' id='word_1_856' title='bbox 3131 4445 3339 4516; x_wconf 87' lang='lat' dir='ltr'><strong>justitia</strong></span> <span class='ocrx_word' id='word_1_857' title='bbox 3397 4452 3580 4497; x_wconf 85' lang='lat' dir='ltr'><strong>vestra</strong></span> <span class='ocrx_word' id='word_1_858' title='bbox 3635 4441 3759 4511; x_wconf 80' lang='lat' dir='ltr'><strong>plus</strong></span> 
     </span>
    </p>
   </div>
   <div class='ocr_carea' id='block_1_108' title="bbox 2186 4533 3758 4616">
    <p class='ocr_par' dir='ltr' id='par_1_108' title="bbox 2186 4533 3758 4616">
     <span class='ocr_line' id='line_1_110' title="bbox 2186 4533 3758 4616; baseline -0.009 -17"><span class='ocrx_word' id='word_1_859' title='bbox 2186 4561 2350 4616; x_wconf 90' lang='lat' dir='ltr'><strong>quam</strong></span> <span class='ocrx_word' id='word_1_860' title='bbox 2376 4544 2771 4600; x_wconf 61' lang='lat' dir='ltr'><strong>Pharisaeorum</strong></span> <span class='ocrx_word' id='word_1_861' title='bbox 2796 4550 2849 4596; x_wconf 92' lang='lat' dir='ltr'><strong>et</strong></span> <span class='ocrx_word' id='word_1_862' title='bbox 2879 4539 3214 4605; x_wconf 88' lang='lat' dir='ltr'><strong>Scribarum,</strong></span> <span class='ocrx_word' id='word_1_863' title='bbox 3248 4551 3352 4590; x_wconf 90' lang='lat' dir='ltr'><strong>non</strong></span> <span class='ocrx_word' id='word_1_864' title='bbox 3398 4534 3676 4588; x_wconf 88' lang='lat' dir='ltr'><strong>intrabitis</strong></span> <span class='ocrx_word' id='word_1_865' title='bbox 3702 4533 3758 4586; x_wconf 89' lang='lat' dir='ltr'><strong>in</strong></span> 
     </span>
    </p>
   </div>
   <div class='ocr_carea' id='block_1_109' title="bbox 2187 4623 3759 4707">
    <p class='ocr_par' dir='ltr' id='par_1_109' title="bbox 2187 4623 3759 4707">
     <span class='ocr_line' id='line_1_111' title="bbox 2187 4623 3759 4707; baseline -0.012 -13"><span class='ocrx_word' id='word_1_866' title='bbox 2187 4652 2411 4707; x_wconf 79' lang='lat' dir='ltr'><strong>regnum</strong></span> <span class='ocrx_word' id='word_1_867' title='bbox 2438 4635 2768 4690; x_wconf 64' lang='lat' dir='ltr'><strong>coelorum‘.</strong></span> <span class='ocrx_word' id='word_1_868' title='bbox 2809 4652 2828 4685; x_wconf 81' lang='grc' dir='ltr'><strong>ι</strong></span> <span class='ocrx_word' id='word_1_869' title='bbox 2870 4630 3022 4697; x_wconf 82' lang='lat' dir='ltr'><strong>Quod</strong></span> <span class='ocrx_word' id='word_1_870' title='bbox 3072 4645 3201 4700; x_wconf 86' lang='lat' dir='ltr'><strong>ergo</strong></span> <span class='ocrx_word' id='word_1_871' title='bbox 3229 4629 3341 4683; x_wconf 86' lang='lat' dir='ltr'><strong>vult</strong></span> <span class='ocrx_word' id='word_1_872' title='bbox 3391 4626 3508 4680; x_wconf 86' lang='lat' dir='ltr'><strong>ﬁeri</strong></span> <span class='ocrx_word' id='word_1_873' title='bbox 3553 4640 3584 4677; x_wconf 92' lang='lat' dir='ltr'><strong>a</strong></span> <span class='ocrx_word' id='word_1_874' title='bbox 3615 4623 3759 4677; x_wconf 83' lang='lat' dir='ltr'><strong>Pha-</strong></span> 
     </span>
    </p>
   </div>
   <div class='ocr_carea' id='block_1_110' title="bbox 2180 4716 3759 4798">
    <p class='ocr_par' dir='ltr' id='par_1_110' title="bbox 2180 4716 3759 4798">
     <span class='ocr_line' id='line_1_112' title="bbox 2180 4716 3759 4798; baseline -0.009 -12"><span class='ocrx_word' id='word_1_875' title='bbox 2180 4731 2375 4797; x_wconf 85' lang='lat' dir='ltr'><strong>risaeis,</strong></span> <span class='ocrx_word' id='word_1_876' title='bbox 2410 4730 2582 4785; x_wconf 89' lang='lat' dir='ltr'><strong>multo</strong></span> <span class='ocrx_word' id='word_1_877' title='bbox 2615 4727 2784 4798; x_wconf 82' lang='lat' dir='ltr'><strong>magis</strong></span> <span class='ocrx_word' id='word_1_878' title='bbox 2815 4736 2868 4781; x_wconf 90' lang='lat' dir='ltr'><strong>et</strong></span> <span class='ocrx_word' id='word_1_879' title='bbox 2895 4727 3098 4796; x_wconf 90' lang='lat' dir='ltr'><strong>majore</strong></span> <span class='ocrx_word' id='word_1_880' title='bbox 3128 4737 3247 4778; x_wconf 89' lang='lat' dir='ltr'><strong>cum</strong></span> <span class='ocrx_word' id='word_1_881' title='bbox 3272 4717 3604 4775; x_wconf 88' lang='lat' dir='ltr'><strong>abundantia</strong></span> <span class='ocrx_word' id='word_1_882' title='bbox 3639 4716 3759 4771; x_wconf 86' lang='lat' dir='ltr'><strong>vult</strong></span> 
     </span>
    </p>
   </div>
   <div class='ocr_carea' id='block_1_111' title="bbox 2180 4807 3756 4890">
    <p class='ocr_par' dir='ltr' id='par_1_111' title="bbox 2180 4807 3756 4890">
     <span class='ocr_line' id='line_1_113' title="bbox 2180 4807 3756 4890; baseline -0.008 -14"><span class='ocrx_word' id='word_1_883' title='bbox 2180 4837 2212 4876; x_wconf 87' lang='lat' dir='ltr'><strong>a</strong></span> <span class='ocrx_word' id='word_1_884' title='bbox 2231 4819 2506 4890; x_wconf 89' lang='lat' dir='ltr'><strong>discipulis</strong></span> <span class='ocrx_word' id='word_1_885' title='bbox 2529 4819 2739 4890; x_wconf 91' lang='lat' dir='ltr'><strong>impleri</strong></span> <span class='ocrx_word' id='word_1_886' title='bbox 2762 4838 2774 4886; x_wconf 90' lang='lat'>;</span> <span class='ocrx_word' id='word_1_887' title='bbox 2795 4819 2940 4890; x_wconf 86' lang='lat' dir='ltr'><strong>quod</strong></span> <span class='ocrx_word' id='word_1_888' title='bbox 2962 4825 3136 4871; x_wconf 87' lang='lat' dir='ltr'><strong>autem</strong></span> <span class='ocrx_word' id='word_1_889' title='bbox 3160 4812 3273 4866; x_wconf 89' lang='lat' dir='ltr'><strong>ﬁeri</strong></span> <span class='ocrx_word' id='word_1_890' title='bbox 3295 4827 3323 4863; x_wconf 89' lang='lat' dir='ltr'><strong>a</strong></span> <span class='ocrx_word' id='word_1_891' title='bbox 3342 4807 3620 4878; x_wconf 90' lang='lat' dir='ltr'><strong>discipulis</strong></span> <span class='ocrx_word' id='word_1_892' title='bbox 3643 4823 3756 4863; x_wconf 86' lang='lat' dir='ltr'><strong>non</strong></span> 
     </span>
    </p>
   </div>
   <div class='ocr_carea' id='block_1_112' title="bbox 2180 4897 3757 4983">
    <p class='ocr_par' dir='ltr' id='par_1_112' title="bbox 2180 4897 3757 4983">
     <span class='ocr_line' id='line_1_114' title="bbox 2180 4897 3757 4983; baseline -0.013 -12"><span class='ocrx_word' id='word_1_893' title='bbox 2180 4916 2317 4983; x_wconf 83' lang='lat' dir='ltr'><strong>vult,</strong></span> <span class='ocrx_word' id='word_1_894' title='bbox 2360 4929 2463 4969; x_wconf 91' lang='lat' dir='ltr'><strong>nec</strong></span> <span class='ocrx_word' id='word_1_895' title='bbox 2496 4912 2789 4968; x_wconf 62' lang='lat' dir='ltr'><strong>Pharisaeis</strong></span> <span class='ocrx_word' id='word_1_896' title='bbox 2833 4912 3061 4980; x_wconf 85' lang='lat' dir='ltr'><strong>imperat</strong></span> <span class='ocrx_word' id='word_1_897' title='bbox 3097 4902 3423 4959; x_wconf 82' lang='lat' dir='ltr'><strong>faciendum.</strong></span> <span class='ocrx_word' id='word_1_898' title='bbox 3469 4897 3757 4965; x_wconf 82' lang='lat' dir='ltr'><strong>Quomodo</strong></span> 
     </span>
    </p>
   </div>
   <div class='ocr_carea' id='block_1_113' title="bbox 2179 4989 3752 5077">
    <p class='ocr_par' dir='ltr' id='par_1_113' title="bbox 2179 4989 3752 5077">
     <span class='ocr_line' id='line_1_115' title="bbox 2179 4989 3752 5077; baseline -0.014 -14"><span class='ocrx_word' id='word_1_899' title='bbox 2179 5020 2359 5063; x_wconf 89' lang='lat' dir='ltr'><strong>autem</strong></span> <span class='ocrx_word' id='word_1_900' title='bbox 2408 5005 2526 5077; x_wconf 92' lang='lat' dir='ltr'><strong>plus</strong></span> <span class='ocrx_word' id='word_1_901' title='bbox 2574 5005 2705 5060; x_wconf 92' lang='lat' dir='ltr'><strong>velit</strong></span> <span class='ocrx_word' id='word_1_902' title='bbox 2759 5002 2878 5058; x_wconf 85' lang='lat' dir='ltr'><strong>ﬁeri</strong></span> <span class='ocrx_word' id='word_1_903' title='bbox 2928 5016 2959 5055; x_wconf 92' lang='lat' dir='ltr'><strong>a</strong></span> <span class='ocrx_word' id='word_1_904' title='bbox 3004 4995 3278 5066; x_wconf 91' lang='lat' dir='ltr'><strong>discipulis</strong></span> <span class='ocrx_word' id='word_1_905' title='bbox 3330 5006 3490 5061; x_wconf 92' lang='lat' dir='ltr'><strong>quam</strong></span> <span class='ocrx_word' id='word_1_906' title='bbox 3534 4989 3752 5043; x_wconf 83' lang='lat' dir='ltr'><strong>faciunt</strong></span> 
     </span>
    </p>
   </div>
   <div class='ocr_carea' id='block_1_114' title="bbox 2183 5085 3755 5169">
    <p class='ocr_par' dir='ltr' id='par_1_114' title="bbox 2183 5085 3755 5169">
     <span class='ocr_line' id='line_1_116' title="bbox 2183 5085 3755 5169; baseline -0.016 -8"><span class='ocrx_word' id='word_1_907' title='bbox 2183 5104 2466 5169; x_wconf 60' lang='lat' dir='ltr'><strong>Pharisaei,</strong></span> <span class='ocrx_word' id='word_1_908' title='bbox 2505 5104 2557 5156; x_wconf 94' lang='lat' dir='ltr'><strong>in</strong></span> <span class='ocrx_word' id='word_1_909' title='bbox 2592 5116 2662 5157; x_wconf 91' lang='lat' dir='ltr'><strong>eo</strong></span> <span class='ocrx_word' id='word_1_910' title='bbox 2689 5100 2928 5156; x_wconf 89' lang='lat' dir='ltr'><strong>declarat</strong></span> <span class='ocrx_word' id='word_1_911' title='bbox 2954 5095 3044 5150; x_wconf 87' lang='lat' dir='ltr'><strong>ubi</strong></span> <span class='ocrx_word' id='word_1_912' title='bbox 3084 5092 3215 5147; x_wconf 90' lang='lat' dir='ltr'><strong>dicit</strong></span> <span class='ocrx_word' id='word_1_913' title='bbox 3245 5090 3267 5122; x_wconf 81' lang='grc'><em>³</em></span> <span class='ocrx_word' id='word_1_914' title='bbox 3308 5102 3324 5141; x_wconf 87' lang='lat'><strong>:</strong></span> <span class='ocrx_word' id='word_1_915' title='bbox 3360 5104 3381 5138; x_wconf 71' lang='grc' dir='ltr'><strong>ε</strong></span> <span class='ocrx_word' id='word_1_916' title='bbox 3414 5085 3627 5140; x_wconf 90' lang='lat' dir='ltr'><strong>Dictum</strong></span> <span class='ocrx_word' id='word_1_917' title='bbox 3664 5089 3755 5136; x_wconf 83' lang='lat' dir='ltr'><strong>est</strong></span> 
     </span>
    </p>
   </div>
   <div class='ocr_carea' id='block_1_115' title="bbox 2183 5173 3748 5265">
    <p class='ocr_par' dir='ltr' id='par_1_115' title="bbox 2183 5173 3748 5265">
     <span class='ocr_line' id='line_1_117' title="bbox 2183 5173 3748 5265; baseline -0.017 -12"><span class='ocrx_word' id='word_1_918' title='bbox 2183 5196 2459 5265; x_wconf 89' lang='lat' dir='ltr'><strong>antiquis:</strong></span> <span class='ocrx_word' id='word_1_919' title='bbox 2486 5191 2604 5249; x_wconf 91' lang='lat' dir='ltr'><strong>Non</strong></span> <span class='ocrx_word' id='word_1_920' title='bbox 2632 5192 2903 5248; x_wconf 68' lang='lat' dir='ltr'><strong>occides.)</strong></span> <span class='ocrx_word' id='word_1_921' title='bbox 2931 5187 3041 5242; x_wconf 88' lang='lat' dir='ltr'><strong>Hoc</strong></span> <span class='ocrx_word' id='word_1_922' title='bbox 3063 5185 3352 5239; x_wconf 89' lang='lat' dir='ltr'><strong>observant</strong></span> <span class='ocrx_word' id='word_1_923' title='bbox 3378 5187 3434 5232; x_wconf 86' lang='lat' dir='ltr'><strong>et</strong></span> <span class='ocrx_word' id='word_1_924' title='bbox 3463 5173 3748 5265; x_wconf 62' lang='lat' dir='ltr'><strong>Pharisaei.</strong></span> 
     </span>
    </p>
   </div>
   <div class='ocr_carea' id='block_1_116' title="bbox 2181 5262 3749 5358">
    <p class='ocr_par' dir='ltr' id='par_1_116' title="bbox 2181 5262 3749 5358">
     <span class='ocr_line' id='line_1_118' title="bbox 2181 5262 3749 5358; baseline -0.02 -13"><span class='ocrx_word' id='word_1_925' title='bbox 2181 5262 2468 5358; x_wconf 39' lang='lat' dir='ltr'><strong>Diaei—polis</strong></span> <span class='ocrx_word' id='word_1_926' title='bbox 2495 5295 2675 5339; x_wconf 88' lang='lat' dir='ltr'><strong>autem</strong></span> <span class='ocrx_word' id='word_1_927' title='bbox 2709 5281 2841 5338; x_wconf 90' lang='lat' dir='ltr'><strong>dicit</strong></span> <span class='ocrx_word' id='word_1_928' title='bbox 2867 5279 2890 5311; x_wconf 85' lang='grc'>³</span> <span class='ocrx_word' id='word_1_929' title='bbox 2926 5296 2940 5332; x_wconf 91' lang='lat'><strong>:</strong></span> <span class='ocrx_word' id='word_1_930' title='bbox 2979 5293 2999 5328; x_wconf 72' lang='grc' dir='ltr'><strong>ι</strong></span> <span class='ocrx_word' id='word_1_931' title='bbox 3035 5275 3146 5344; x_wconf 88' lang='lat' dir='ltr'><strong>Ego</strong></span> <span class='ocrx_word' id='word_1_932' title='bbox 3185 5279 3364 5324; x_wconf 90' lang='lat' dir='ltr'><strong>autem</strong></span> <span class='ocrx_word' id='word_1_933' title='bbox 3397 5266 3519 5320; x_wconf 91' lang='lat' dir='ltr'><strong>dico</strong></span> <span class='ocrx_word' id='word_1_934' title='bbox 3570 5262 3749 5358; x_wconf 79' lang='lat' dir='ltr'><strong>vobis,</strong></span> 
     </span>
    </p>
   </div>
   <div class='ocr_carea' id='block_1_117' title="bbox 2180 5352 3748 5453">
    <p class='ocr_par' dir='ltr' id='par_1_117' title="bbox 2180 5352 3748 5453">
     <span class='ocr_line' id='line_1_119' title="bbox 2180 5352 3748 5453; baseline -0.021 -16"><span class='ocrx_word' id='word_1_935' title='bbox 2180 5381 2308 5453; x_wconf 93' lang='lat' dir='ltr'><strong>quia</strong></span> <span class='ocrx_word' id='word_1_936' title='bbox 2331 5352 2384 5434; x_wconf 75' lang='lat' dir='ltr'><strong>si</strong></span> <span class='ocrx_word' id='word_1_937' title='bbox 2410 5378 2531 5450; x_wconf 91' lang='lat' dir='ltr'><strong>quis</strong></span> <span class='ocrx_word' id='word_1_938' title='bbox 2572 5377 2744 5431; x_wconf 89' lang='lat' dir='ltr'><strong>iratus</strong></span> <span class='ocrx_word' id='word_1_939' title='bbox 2770 5371 2933 5427; x_wconf 91' lang='lat' dir='ltr'><strong>fuerit</strong></span> <span class='ocrx_word' id='word_1_940' title='bbox 2963 5367 3120 5424; x_wconf 79' lang='lat' dir='ltr'><strong>fratri</strong></span> <span class='ocrx_word' id='word_1_941' title='bbox 3150 5377 3268 5428; x_wconf 90' lang='lat' dir='ltr'><strong>suo,</strong></span> <span class='ocrx_word' id='word_1_942' title='bbox 3300 5373 3425 5414; x_wconf 89' lang='lat' dir='ltr'><strong>reus</strong></span> <span class='ocrx_word' id='word_1_943' title='bbox 3455 5355 3566 5453; x_wconf 73' lang='lat' dir='ltr'><strong>erit</strong></span> <span class='ocrx_word' id='word_1_944' title='bbox 3598 5352 3748 5453; x_wconf 62' lang='lat' dir='ltr'><strong>judi-</strong></span> 
     </span>
    </p>
   </div>
   <div class='ocr_carea' id='block_1_118' title="bbox 2176 5442 3747 5532">
    <p class='ocr_par' dir='ltr' id='par_1_118' title="bbox 2176 5442 3747 5532">
     <span class='ocr_line' id='line_1_120' title="bbox 2176 5442 3747 5532; baseline -0.023 -1"><span class='ocrx_word' id='word_1_945' title='bbox 2176 5442 2282 5532; x_wconf 70' lang='lat' dir='ltr'><strong>cio.</strong></span> <span class='ocrx_word' id='word_1_946' title='bbox 2320 5490 2341 5527; x_wconf 75' lang='grc' dir='ltr'><strong>ι</strong></span> <span class='ocrx_word' id='word_1_947' title='bbox 2375 5442 2638 5528; x_wconf 74' lang='lat' dir='ltr'><strong>Similiter</strong></span> <span class='ocrx_word' id='word_1_948' title='bbox 2673 5475 2728 5522; x_wconf 91' lang='lat' dir='ltr'><strong>et</strong></span> <span class='ocrx_word' id='word_1_949' title='bbox 2759 5465 2827 5519; x_wconf 92' lang='lat' dir='ltr'><strong>de</strong></span> <span class='ocrx_word' id='word_1_950' title='bbox 2859 5477 2924 5518; x_wconf 87' lang='lat' dir='ltr'><strong>eo</strong></span> <span class='ocrx_word' id='word_1_951' title='bbox 2950 5459 3092 5531; x_wconf 89' lang='lat' dir='ltr'><strong>quod</strong></span> <span class='ocrx_word' id='word_1_952' title='bbox 3112 5455 3368 5523; x_wconf 86' lang='lat' dir='ltr'><strong>scriptum</strong></span> <span class='ocrx_word' id='word_1_953' title='bbox 3389 5458 3472 5505; x_wconf 90' lang='lat' dir='ltr'><strong>est</strong></span> <span class='ocrx_word' id='word_1_954' title='bbox 3503 5447 3549 5502; x_wconf 76' lang='lat' dir='ltr'><strong>‘z</strong></span> <span class='ocrx_word' id='word_1_955' title='bbox 3577 5465 3599 5499; x_wconf 75' lang='grc' dir='ltr'><strong>ι</strong></span> <span class='ocrx_word' id='word_1_956' title='bbox 3625 5442 3747 5498; x_wconf 81' lang='lat' dir='ltr'><strong>Non</strong></span> 
     </span>
    </p>
   </div>
   <div class='ocr_carea' id='block_1_119' title="bbox 2905 5583 3741 5667">
    <p class='ocr_par' dir='ltr' id='par_1_119' title="bbox 2905 5583 3741 5667">
     <span class='ocr_line' id='line_1_121' title="bbox 2905 5583 3741 5667; baseline -0.022 -13"><span class='ocrx_word' id='word_1_957' title='bbox 2905 5599 2954 5633; x_wconf 73' lang='lat'><strong>”</strong></span> <span class='ocrx_word' id='word_1_958' title='bbox 2973 5597 3165 5667; x_wconf 86' lang='lat' dir='ltr'><strong>Ephes.</strong></span> <span class='ocrx_word' id='word_1_959' title='bbox 3194 5607 3246 5667; x_wconf 65' lang='grc' dir='ltr'>γ,</span> <span class='ocrx_word' id='word_1_960' title='bbox 3276 5588 3437 5667; x_wconf 46' lang='lat'><strong>52.“</strong></span> <span class='ocrx_word' id='word_1_961' title='bbox 3465 5584 3513 5618; x_wconf 77' lang='lat'>&quot;</span> <span class='ocrx_word' id='word_1_962' title='bbox 3548 5583 3741 5667; x_wconf 54' lang='lat' dir='ltr'><strong>blatth</strong></span> 
     </span>
    </p>
   </div>
   <div class='ocr_carea' id='block_1_120' title="bbox 2400 5601 3743 5725">
    <p class='ocr_par' dir='ltr' id='par_1_120' title="bbox 2400 5601 3743 5725">
     <span class='ocr_line' id='line_1_122' title="bbox 2400 5601 3741 5672; baseline -0.023 -7"><span class='ocrx_word' id='word_1_963' title='bbox 2400 5610 2448 5643; x_wconf 81' lang='grc'><strong>⁸³</strong></span> <span class='ocrx_word' id='word_1_964' title='bbox 2466 5607 2603 5663; x_wconf 82' lang='lat' dir='ltr'><strong>Gen.</strong></span> <span class='ocrx_word' id='word_1_965' title='bbox 2634 5620 2693 5672; x_wconf 91' lang='grc' dir='ltr'><strong>ιι,</strong></span> <span class='ocrx_word' id='word_1_966' title='bbox 2721 5601 2813 5656; x_wconf 72' lang='grc'><strong>24.</strong></span> <span class='ocrx_word' id='word_1_967' title='bbox 2905 5601 2954 5633; x_wconf 68' lang='grc'><strong><em>’⁸</em></strong></span> <span class='ocrx_word' id='word_1_968' title='bbox 2973 5601 3165 5667; x_wconf 85' lang='lat' dir='ltr'><strong>Ephes.</strong></span> <span class='ocrx_word' id='word_1_969' title='bbox 3194 5607 3246 5654; x_wconf 75' lang='grc' dir='ltr'>ν,</span> <span class='ocrx_word' id='word_1_970' title='bbox 3276 5601 3367 5644; x_wconf 67' lang='lat'><strong>52.</strong></span> <span class='ocrx_word' id='word_1_971' title='bbox 3467 5601 3513 5618; x_wconf 76' lang='grc' dir='ltr'><strong>’ν</strong></span> <span class='ocrx_word' id='word_1_972' title='bbox 3548 5601 3741 5665; x_wconf 62' lang='lat' dir='ltr'><strong>manu.</strong></span> 
     </span>
     <span class='ocr_line' id='line_1_123' title="bbox 2400 5653 3743 5725; baseline -0.012 1"><span class='ocrx_word' id='word_1_973' title='bbox 2400 5681 2420 5713; x_wconf 77' lang='grc'><em>³</em></span> <span class='ocrx_word' id='word_1_974' title='bbox 2456 5676 2652 5725; x_wconf 83' lang='lat' dir='ltr'><strong>Matth.</strong></span> <span class='ocrx_word' id='word_1_975' title='bbox 2677 5688 2829 5725; x_wconf 90' lang='grc' dir='ltr'>χχιιι.</span> <span class='ocrx_word' id='word_1_976' title='bbox 2856 5670 2948 5725; x_wconf 75' lang='lat'><strong>23.</strong></span> <span class='ocrx_word' id='word_1_977' title='bbox 3027 5668 3044 5700; x_wconf 79' lang='lat'>&#39;</span> <span class='ocrx_word' id='word_1_978' title='bbox 3078 5663 3265 5721; x_wconf 78' lang='lat' dir='ltr'><strong>Matth.</strong></span> <span class='ocrx_word' id='word_1_979' title='bbox 3290 5674 3341 5725; x_wconf 74' lang='grc' dir='ltr'>ν,</span> <span class='ocrx_word' id='word_1_980' title='bbox 3370 5655 3464 5711; x_wconf 73' lang='grc'><strong>20.</strong></span> <span class='ocrx_word' id='word_1_981' title='bbox 3552 5655 3576 5685; x_wconf 80' lang='grc'>⁸</span> <span class='ocrx_word' id='word_1_982' title='bbox 3602 5653 3743 5711; x_wconf 72' lang='lat' dir='ltr'><strong>Ibid.</strong></span> 
     </span>
    </p>
   </div>
  </div>
