  <div class='ocr_page' id='page_1' title='image "/cluster/home/n/w/nwhite01/storage/ocr_20150623/12/mdp.39015028786690/332.png"; bbox 0 0 4074 6156; ppageno 0'>
   <div class='ocr_carea' id='block_1_1' title="bbox 290 326 437 386">
    <p class='ocr_par' dir='ltr' id='par_1_1' title="bbox 290 326 437 386">
     <span class='ocr_line' id='line_1_1' title="bbox 290 326 437 386; baseline 0.027 -4"><span class='ocrx_word' id='word_1_1' title='bbox 290 326 437 386; x_wconf 69' lang='lat'><strong>0.15</strong></span> 
     </span>
    </p>
   </div>
   <div class='ocr_carea' id='block_1_2' title="bbox 1519 332 2404 392">
    <p class='ocr_par' dir='ltr' id='par_1_2' title="bbox 1519 332 2404 392">
     <span class='ocr_line' id='line_1_2' title="bbox 1519 332 2404 392; baseline 0.006 -6"><span class='ocrx_word' id='word_1_2' title='bbox 1519 332 1586 387; x_wconf 86' lang='lat' dir='ltr'><strong>IN</strong></span> <span class='ocrx_word' id='word_1_3' title='bbox 1619 332 1956 392; x_wconf 74' lang='lat' dir='ltr'><strong>NUMEROS</strong></span> <span class='ocrx_word' id='word_1_4' title='bbox 1996 335 2280 391; x_wconf 74' lang='lat' dir='ltr'><strong>IlOMlLlA</strong></span> <span class='ocrx_word' id='word_1_5' title='bbox 2312 336 2404 391; x_wconf 77' lang='lat' dir='ltr'><strong>Xl.</strong></span> 
     </span>
    </p>
   </div>
   <div class='ocr_carea' id='block_1_3' title="bbox 3467 341 3573 398">
    <p class='ocr_par' dir='ltr' id='par_1_3' title="bbox 3467 341 3573 398">
     <span class='ocr_line' id='line_1_3' title="bbox 3467 341 3573 398; baseline -0.019 0"><span class='ocrx_word' id='word_1_6' title='bbox 3467 341 3573 398; x_wconf 71' lang='grc'><strong>646</strong></span> 
     </span>
    </p>
   </div>
   <div class='ocr_carea' id='block_1_4' title="bbox 289 445 3570 528">
    <p class='ocr_par' dir='ltr' id='par_1_4' title="bbox 289 445 3570 528">
     <span class='ocr_line' id='line_1_4' title="bbox 289 445 3570 528; baseline 0.004 -24"><span class='ocrx_word' id='word_1_7' title='bbox 289 447 680 515; x_wconf 81' lang='lat' dir='ltr'><strong>adulterabis,</strong></span> <span class='ocrx_word' id='word_1_8' title='bbox 726 466 746 500; x_wconf 73' lang='grc' dir='ltr'><strong><em>ι</em></strong></span> <span class='ocrx_word' id='word_1_9' title='bbox 783 461 1001 502; x_wconf 91' lang='lat' dir='ltr'><strong>suorum</strong></span> <span class='ocrx_word' id='word_1_10' title='bbox 1037 445 1422 518; x_wconf 88' lang='lat' dir='ltr'><strong>discipulorum</strong></span> <span class='ocrx_word' id='word_1_11' title='bbox 1461 453 1512 507; x_wconf 93' lang='lat' dir='ltr'><strong>in</strong></span> <span class='ocrx_word' id='word_1_12' title='bbox 1540 469 1608 511; x_wconf 91' lang='lat' dir='ltr'><strong>eo</strong></span> <span class='ocrx_word' id='word_1_13' title='bbox 1639 455 1756 511; x_wconf 87' lang='lat' dir='ltr'><strong>vult</strong></span> <span class='ocrx_word' id='word_1_14' title='bbox 1780 471 1896 510; x_wconf 91' lang='lat' dir='ltr'><strong>am-</strong></span> <span class='ocrx_word' id='word_1_15' title='bbox 1924 466 1970 516; x_wconf 80' lang='grc' dir='ltr'>Α</span> <span class='ocrx_word' id='word_1_16' title='bbox 2001 458 2124 527; x_wconf 98' lang='lat' dir='ltr'><strong>quia</strong></span> <span class='ocrx_word' id='word_1_17' title='bbox 2155 455 2561 526; x_wconf 85' lang='lat' dir='ltr'><strong>suntprimitiac</strong></span> <span class='ocrx_word' id='word_1_18' title='bbox 2603 453 2768 521; x_wconf 62' lang='lat' dir='ltr'><strong>Asiae,</strong></span> <span class='ocrx_word' id='word_1_19' title='bbox 2809 464 2864 510; x_wconf 90' lang='lat' dir='ltr'><strong>et</strong></span> <span class='ocrx_word' id='word_1_20' title='bbox 2907 457 3000 512; x_wconf 83' lang='lat' dir='ltr'><strong>alii</strong></span> <span class='ocrx_word' id='word_1_21' title='bbox 3043 457 3294 528; x_wconf 84' lang='lat' dir='ltr'><strong>primitiae</strong></span> <span class='ocrx_word' id='word_1_22' title='bbox 3335 459 3570 516; x_wconf 71' lang='lat' dir='ltr'><strong>Achaim.</strong></span> 
     </span>
    </p>
   </div>
   <div class='ocr_carea' id='block_1_5' title="bbox 287 540 1896 616">
    <p class='ocr_par' dir='ltr' id='par_1_5' title="bbox 287 540 1896 616">
     <span class='ocr_line' id='line_1_5' title="bbox 287 540 1896 616; baseline 0.004 -20"><span class='ocrx_word' id='word_1_23' title='bbox 287 542 464 614; x_wconf 82' lang='lat' dir='ltr'><strong>plius</strong></span> <span class='ocrx_word' id='word_1_24' title='bbox 491 543 768 596; x_wconf 78' lang='lat' dir='ltr'><strong>abundare</strong></span> <span class='ocrx_word' id='word_1_25' title='bbox 807 540 1097 610; x_wconf 78' lang='lat' dir='ltr'><strong>justitiam,</strong></span> <span class='ocrx_word' id='word_1_26' title='bbox 1155 549 1212 594; x_wconf 91' lang='lat' dir='ltr'><strong>ut</strong></span> <span class='ocrx_word' id='word_1_27' title='bbox 1250 559 1316 598; x_wconf 93' lang='lat' dir='ltr'><strong>ne</strong></span> <span class='ocrx_word' id='word_1_28' title='bbox 1359 545 1642 601; x_wconf 85' lang='lat' dir='ltr'><strong>mulierem</strong></span> <span class='ocrx_word' id='word_1_29' title='bbox 1678 549 1896 616; x_wconf 90' lang='lat' dir='ltr'><strong>quidem</strong></span> 
     </span>
    </p>
   </div>
   <div class='ocr_carea' id='block_1_6' title="bbox 285 633 1901 708">
    <p class='ocr_par' dir='ltr' id='par_1_6' title="bbox 285 633 1901 708">
     <span class='ocr_line' id='line_1_6' title="bbox 285 633 1901 708; baseline 0.002 -19"><span class='ocrx_word' id='word_1_30' title='bbox 285 635 540 689; x_wconf 77' lang='lat' dir='ltr'><strong>videant</strong></span> <span class='ocrx_word' id='word_1_31' title='bbox 571 634 637 688; x_wconf 92' lang='lat' dir='ltr'><strong>ad</strong></span> <span class='ocrx_word' id='word_1_32' title='bbox 668 633 1177 702; x_wconf 87' lang='lat' dir='ltr'><strong>concupiscendum.</strong></span> <span class='ocrx_word' id='word_1_33' title='bbox 1204 634 1369 703; x_wconf 88' lang='lat' dir='ltr'><strong>Igitur</strong></span> <span class='ocrx_word' id='word_1_34' title='bbox 1401 651 1469 690; x_wconf 87' lang='lat' dir='ltr'><strong>ex</strong></span> <span class='ocrx_word' id='word_1_35' title='bbox 1513 638 1598 692; x_wconf 92' lang='lat' dir='ltr'><strong>his</strong></span> <span class='ocrx_word' id='word_1_36' title='bbox 1631 655 1750 708; x_wconf 80' lang='lat' dir='ltr'><strong>quae</strong></span> <span class='ocrx_word' id='word_1_37' title='bbox 1779 655 1901 708; x_wconf 81' lang='lat' dir='ltr'><strong>pro-</strong></span> 
     </span>
    </p>
   </div>
   <div class='ocr_carea' id='block_1_7' title="bbox 291 722 1897 800">
    <p class='ocr_par' dir='ltr' id='par_1_7' title="bbox 291 722 1897 800">
     <span class='ocr_line' id='line_1_7' title="bbox 291 722 1897 800; baseline 0.004 -21"><span class='ocrx_word' id='word_1_38' title='bbox 291 725 546 780; x_wconf 77' lang='lat' dir='ltr'><strong>tulimus</strong></span> <span class='ocrx_word' id='word_1_39' title='bbox 579 724 785 794; x_wconf 86' lang='lat' dir='ltr'><strong>paucis,</strong></span> <span class='ocrx_word' id='word_1_40' title='bbox 817 725 862 779; x_wconf 89' lang='lat' dir='ltr'><strong>si</strong></span> <span class='ocrx_word' id='word_1_41' title='bbox 894 726 984 794; x_wconf 92' lang='lat' dir='ltr'><strong>qui</strong></span> <span class='ocrx_word' id='word_1_42' title='bbox 1031 722 1258 780; x_wconf 86' lang='lat' dir='ltr'><strong>studiosi</strong></span> <span class='ocrx_word' id='word_1_43' title='bbox 1304 739 1430 782; x_wconf 87' lang='lat' dir='ltr'><strong>sunt</strong></span> <span class='ocrx_word' id='word_1_44' title='bbox 1483 730 1534 782; x_wconf 92' lang='lat' dir='ltr'><strong>in</strong></span> <span class='ocrx_word' id='word_1_45' title='bbox 1599 730 1897 800; x_wconf 88' lang='lat' dir='ltr'><strong>Scripturis</strong></span> 
     </span>
    </p>
   </div>
   <div class='ocr_carea' id='block_1_8' title="bbox 289 813 1898 888">
    <p class='ocr_par' dir='ltr' id='par_1_8' title="bbox 289 813 1898 888">
     <span class='ocr_line' id='line_1_8' title="bbox 289 813 1898 888; baseline 0.004 -18"><span class='ocrx_word' id='word_1_46' title='bbox 289 816 538 881; x_wconf 82' lang='lat' dir='ltr'><strong>divinis,</strong></span> <span class='ocrx_word' id='word_1_47' title='bbox 570 813 829 884; x_wconf 81' lang='lat' dir='ltr'><strong>perfacile</strong></span> <span class='ocrx_word' id='word_1_48' title='bbox 865 817 1122 887; x_wconf 83' lang='lat' dir='ltr'><strong>colligere</strong></span> <span class='ocrx_word' id='word_1_49' title='bbox 1156 827 1408 888; x_wconf 86' lang='lat' dir='ltr'><strong>poterunt</strong></span> <span class='ocrx_word' id='word_1_50' title='bbox 1454 820 1616 875; x_wconf 88' lang='lat' dir='ltr'><strong>etiam</strong></span> <span class='ocrx_word' id='word_1_51' title='bbox 1668 832 1898 877; x_wconf 73' lang='lat' dir='ltr'><strong>cmtero-</strong></span> 
     </span>
    </p>
   </div>
   <div class='ocr_carea' id='block_1_9' title="bbox 291 909 1893 984">
    <p class='ocr_par' dir='ltr' id='par_1_9' title="bbox 291 909 1893 984">
     <span class='ocr_line' id='line_1_9' title="bbox 291 909 1893 984; baseline 0.002 -20"><span class='ocrx_word' id='word_1_52' title='bbox 291 925 439 964; x_wconf 80' lang='lat' dir='ltr'><strong>rum</strong></span> <span class='ocrx_word' id='word_1_53' title='bbox 471 909 871 965; x_wconf 91' lang='lat' dir='ltr'><strong>distinctiones.</strong></span> <span class='ocrx_word' id='word_1_54' title='bbox 907 909 1138 980; x_wconf 88' lang='lat' dir='ltr'><strong>Sapiens</strong></span> <span class='ocrx_word' id='word_1_55' title='bbox 1169 915 1308 967; x_wconf 90' lang='lat' dir='ltr'><strong>enim</strong></span> <span class='ocrx_word' id='word_1_56' title='bbox 1343 915 1384 968; x_wconf 89' lang='lat' dir='ltr'><strong>si</strong></span> <span class='ocrx_word' id='word_1_57' title='bbox 1422 915 1624 976; x_wconf 80' lang='lat' dir='ltr'><strong>audiat,</strong></span> <span class='ocrx_word' id='word_1_58' title='bbox 1657 915 1827 984; x_wconf 85' lang='lat' dir='ltr'><strong>inquit</strong></span> <span class='ocrx_word' id='word_1_59' title='bbox 1849 917 1893 982; x_wconf 82' lang='grc'><strong>⁸,</strong></span> 
     </span>
    </p>
   </div>
   <div class='ocr_carea' id='block_1_10' title="bbox 289 1003 1892 1074">
    <p class='ocr_par' dir='ltr' id='par_1_10' title="bbox 289 1003 1892 1074">
     <span class='ocr_line' id='line_1_10' title="bbox 289 1003 1892 1074; baseline 0.006 -22"><span class='ocrx_word' id='word_1_60' title='bbox 289 1003 547 1056; x_wconf 80' lang='lat' dir='ltr'><strong>verbum</strong></span> <span class='ocrx_word' id='word_1_61' title='bbox 580 1018 685 1056; x_wconf 91' lang='lat' dir='ltr'><strong>non</strong></span> <span class='ocrx_word' id='word_1_62' title='bbox 713 1003 886 1056; x_wconf 89' lang='lat' dir='ltr'><strong>solum</strong></span> <span class='ocrx_word' id='word_1_63' title='bbox 913 1003 1174 1066; x_wconf 83' lang='lat' dir='ltr'><strong>laudabit,</strong></span> <span class='ocrx_word' id='word_1_64' title='bbox 1201 1009 1293 1058; x_wconf 90' lang='lat' dir='ltr'><strong>sed</strong></span> <span class='ocrx_word' id='word_1_65' title='bbox 1326 1013 1380 1058; x_wconf 89' lang='lat' dir='ltr'><strong>et</strong></span> <span class='ocrx_word' id='word_1_66' title='bbox 1401 1006 1618 1074; x_wconf 89' lang='lat' dir='ltr'><strong>adjiciet</strong></span> <span class='ocrx_word' id='word_1_67' title='bbox 1651 1007 1716 1059; x_wconf 91' lang='lat' dir='ltr'><strong>ad</strong></span> <span class='ocrx_word' id='word_1_68' title='bbox 1743 1008 1892 1062; x_wconf 92' lang='lat' dir='ltr'><strong>illud.</strong></span> 
     </span>
    </p>
   </div>
   <div class='ocr_carea' id='block_1_11' title="bbox 288 1092 1892 1168">
    <p class='ocr_par' dir='ltr' id='par_1_11' title="bbox 288 1092 1892 1168">
     <span class='ocr_line' id='line_1_11' title="bbox 288 1092 1892 1168; baseline 0.005 -22"><span class='ocrx_word' id='word_1_69' title='bbox 288 1092 455 1161; x_wconf 81' lang='lat' dir='ltr'><strong>Quid</strong></span> <span class='ocrx_word' id='word_1_70' title='bbox 482 1093 738 1163; x_wconf 76' lang='lat' dir='ltr'><strong>adjiciat?</strong></span> <span class='ocrx_word' id='word_1_71' title='bbox 766 1105 821 1148; x_wconf 90' lang='lat' dir='ltr'><strong>ut</strong></span> <span class='ocrx_word' id='word_1_72' title='bbox 859 1096 1113 1150; x_wconf 86' lang='lat' dir='ltr'><strong>discutiat</strong></span> <span class='ocrx_word' id='word_1_73' title='bbox 1147 1106 1202 1150; x_wconf 90' lang='lat' dir='ltr'><strong>et</strong></span> <span class='ocrx_word' id='word_1_74' title='bbox 1243 1097 1516 1153; x_wconf 90' lang='lat' dir='ltr'><strong>discernat</strong></span> <span class='ocrx_word' id='word_1_75' title='bbox 1564 1099 1616 1151; x_wconf 92' lang='lat' dir='ltr'><strong>in</strong></span> <span class='ocrx_word' id='word_1_76' title='bbox 1667 1099 1892 1168; x_wconf 83' lang='lat' dir='ltr'><strong>singulis</strong></span> 
     </span>
    </p>
   </div>
   <div class='ocr_carea' id='block_1_12' title="bbox 287 1184 1893 1260">
    <p class='ocr_par' dir='ltr' id='par_1_12' title="bbox 287 1184 1893 1260">
     <span class='ocr_line' id='line_1_12' title="bbox 287 1184 1893 1260; baseline 0.007 -25"><span class='ocrx_word' id='word_1_77' title='bbox 287 1184 621 1253; x_wconf 85' lang='lat' dir='ltr'><strong>quibusque</strong></span> <span class='ocrx_word' id='word_1_78' title='bbox 673 1185 922 1254; x_wconf 91' lang='lat' dir='ltr'><strong>capitulis</strong></span> <span class='ocrx_word' id='word_1_79' title='bbox 974 1185 1130 1254; x_wconf 84' lang='lat' dir='ltr'><strong>legis,</strong></span> <span class='ocrx_word' id='word_1_80' title='bbox 1186 1187 1274 1241; x_wconf 90' lang='lat' dir='ltr'><strong>ubi</strong></span> <span class='ocrx_word' id='word_1_81' title='bbox 1336 1189 1590 1260; x_wconf 84' lang='lat' dir='ltr'><strong>fugienda</strong></span> <span class='ocrx_word' id='word_1_82' title='bbox 1636 1191 1707 1245; x_wconf 87' lang='lat' dir='ltr'><strong>sit</strong></span> <span class='ocrx_word' id='word_1_83' title='bbox 1760 1191 1893 1260; x_wconf 81' lang='lat' dir='ltr'><strong>legis</strong></span> 
     </span>
    </p>
   </div>
   <div class='ocr_carea' id='block_1_13' title="bbox 287 1275 1894 1346">
    <p class='ocr_par' dir='ltr' id='par_1_13' title="bbox 287 1275 1894 1346">
     <span class='ocr_line' id='line_1_13' title="bbox 287 1275 1894 1346; baseline 0.006 -17"><span class='ocrx_word' id='word_1_84' title='bbox 287 1275 528 1345; x_wconf 84' lang='lat' dir='ltr'><strong>littera,</strong></span> <span class='ocrx_word' id='word_1_85' title='bbox 555 1277 641 1330; x_wconf 90' lang='lat' dir='ltr'><strong>ubi</strong></span> <span class='ocrx_word' id='word_1_86' title='bbox 676 1277 1065 1346; x_wconf 79' lang='lat' dir='ltr'><strong>amplectenda,</strong></span> <span class='ocrx_word' id='word_1_87' title='bbox 1098 1279 1187 1332; x_wconf 90' lang='lat' dir='ltr'><strong>ubi</strong></span> <span class='ocrx_word' id='word_1_88' title='bbox 1216 1280 1377 1334; x_wconf 87' lang='lat' dir='ltr'><strong>etiam</strong></span> <span class='ocrx_word' id='word_1_89' title='bbox 1427 1284 1669 1337; x_wconf 80' lang='lat' dir='ltr'><strong>narratio</strong></span> <span class='ocrx_word' id='word_1_90' title='bbox 1721 1284 1894 1338; x_wconf 85' lang='lat' dir='ltr'><strong>histo-</strong></span> 
     </span>
    </p>
   </div>
   <div class='ocr_carea' id='block_1_14' title="bbox 288 1367 1892 1440">
    <p class='ocr_par' dir='ltr' id='par_1_14' title="bbox 288 1367 1892 1440">
     <span class='ocr_line' id='line_1_14' title="bbox 288 1367 1892 1440; baseline 0.007 -20"><span class='ocrx_word' id='word_1_91' title='bbox 288 1367 407 1422; x_wconf 61' lang='lat' dir='ltr'><strong>riae</strong></span> <span class='ocrx_word' id='word_1_92' title='bbox 439 1383 560 1422; x_wconf 93' lang='lat' dir='ltr'><strong>cum</strong></span> <span class='ocrx_word' id='word_1_93' title='bbox 598 1369 820 1440; x_wconf 80' lang='lat' dir='ltr'><strong>mystica</strong></span> <span class='ocrx_word' id='word_1_94' title='bbox 854 1371 1197 1439; x_wconf 81' lang='lat' dir='ltr'><strong>expositione</strong></span> <span class='ocrx_word' id='word_1_95' title='bbox 1239 1375 1548 1426; x_wconf 87' lang='lat' dir='ltr'><strong>conveniat.</strong></span> <span class='ocrx_word' id='word_1_96' title='bbox 1583 1391 1602 1426; x_wconf 75' lang='grc' dir='ltr'>ι</span> <span class='ocrx_word' id='word_1_97' title='bbox 1640 1375 1892 1432; x_wconf 85' lang='lat' dir='ltr'><strong>Christus</strong></span> 
     </span>
    </p>
   </div>
   <div class='ocr_carea' id='block_1_15' title="bbox 288 1463 1892 1534">
    <p class='ocr_par' dir='ltr' id='par_1_15' title="bbox 288 1463 1892 1534">
     <span class='ocr_line' id='line_1_15' title="bbox 288 1463 1892 1534; baseline 0.004 -18"><span class='ocrx_word' id='word_1_98' title='bbox 288 1463 460 1516; x_wconf 87' lang='lat' dir='ltr'><strong>enim</strong></span> <span class='ocrx_word' id='word_1_99' title='bbox 499 1478 597 1518; x_wconf 91' lang='lat' dir='ltr'><strong>nos</strong></span> <span class='ocrx_word' id='word_1_100' title='bbox 637 1463 866 1517; x_wconf 86' lang='lat' dir='ltr'><strong>redemit</strong></span> <span class='ocrx_word' id='word_1_101' title='bbox 901 1464 967 1519; x_wconf 89' lang='lat' dir='ltr'><strong>de</strong></span> <span class='ocrx_word' id='word_1_102' title='bbox 996 1465 1286 1518; x_wconf 90' lang='lat' dir='ltr'><strong>maledicto</strong></span> <span class='ocrx_word' id='word_1_103' title='bbox 1335 1465 1468 1534; x_wconf 80' lang='lat' dir='ltr'><strong>legis</strong></span> <span class='ocrx_word' id='word_1_104' title='bbox 1494 1466 1548 1530; x_wconf 79' lang='grc'><strong>⁶;</strong></span> <span class='ocrx_word' id='word_1_105' title='bbox 1589 1486 1608 1518; x_wconf 74' lang='grc' dir='ltr'><strong>ι</strong></span> <span class='ocrx_word' id='word_1_106' title='bbox 1648 1483 1751 1520; x_wconf 91' lang='lat' dir='ltr'><strong>non</strong></span> <span class='ocrx_word' id='word_1_107' title='bbox 1796 1484 1892 1522; x_wconf 91' lang='lat' dir='ltr'><strong>nos</strong></span> 
     </span>
    </p>
   </div>
   <div class='ocr_carea' id='block_1_16' title="bbox 289 1555 1890 1622">
    <p class='ocr_par' dir='ltr' id='par_1_16' title="bbox 289 1555 1890 1622">
     <span class='ocr_line' id='line_1_16' title="bbox 289 1555 1890 1622; baseline 0.004 -14"><span class='ocrx_word' id='word_1_108' title='bbox 289 1555 548 1608; x_wconf 86' lang='lat' dir='ltr'><strong>redemit</strong></span> <span class='ocrx_word' id='word_1_109' title='bbox 577 1555 643 1609; x_wconf 89' lang='lat' dir='ltr'><strong>de</strong></span> <span class='ocrx_word' id='word_1_110' title='bbox 674 1555 963 1611; x_wconf 88' lang='lat' dir='ltr'><strong>maledicto</strong></span> <span class='ocrx_word' id='word_1_111' title='bbox 1022 1559 1285 1622; x_wconf 89' lang='lat' dir='ltr'><strong>mandati,</strong></span> <span class='ocrx_word' id='word_1_112' title='bbox 1335 1573 1436 1612; x_wconf 91' lang='lat' dir='ltr'><strong>nec</strong></span> <span class='ocrx_word' id='word_1_113' title='bbox 1491 1559 1556 1614; x_wconf 87' lang='lat' dir='ltr'><strong>de</strong></span> <span class='ocrx_word' id='word_1_114' title='bbox 1599 1560 1890 1614; x_wconf 87' lang='lat' dir='ltr'><strong>maledicto</strong></span> 
     </span>
    </p>
   </div>
   <div class='ocr_carea' id='block_1_17' title="bbox 291 1647 1891 1718">
    <p class='ocr_par' dir='ltr' id='par_1_17' title="bbox 291 1647 1891 1718">
     <span class='ocr_line' id='line_1_17' title="bbox 291 1647 1891 1718; baseline 0.005 -17"><span class='ocrx_word' id='word_1_115' title='bbox 291 1647 633 1712; x_wconf 79' lang='lat' dir='ltr'><strong>testimonii,</strong></span> <span class='ocrx_word' id='word_1_116' title='bbox 672 1664 772 1704; x_wconf 88' lang='lat' dir='ltr'><strong>nec</strong></span> <span class='ocrx_word' id='word_1_117' title='bbox 826 1649 892 1704; x_wconf 90' lang='lat' dir='ltr'><strong>de</strong></span> <span class='ocrx_word' id='word_1_118' title='bbox 943 1649 1235 1706; x_wconf 90' lang='lat' dir='ltr'><strong>maledicto</strong></span> <span class='ocrx_word' id='word_1_119' title='bbox 1285 1650 1640 1718; x_wconf 89' lang='lat' dir='ltr'><strong>judiciorum,</strong></span> <span class='ocrx_word' id='word_1_120' title='bbox 1699 1654 1793 1708; x_wconf 92' lang='lat' dir='ltr'><strong>sed</strong></span> <span class='ocrx_word' id='word_1_121' title='bbox 1826 1656 1891 1709; x_wconf 93' lang='lat' dir='ltr'><strong>de</strong></span> 
     </span>
    </p>
   </div>
   <div class='ocr_carea' id='block_1_18' title="bbox 288 1737 1889 1808">
    <p class='ocr_par' dir='ltr' id='par_1_18' title="bbox 288 1737 1889 1808">
     <span class='ocr_line' id='line_1_18' title="bbox 288 1737 1889 1808; baseline 0.004 -18"><span class='ocrx_word' id='word_1_122' title='bbox 288 1737 606 1792; x_wconf 86' lang='lat' dir='ltr'><strong>maledicto</strong></span> <span class='ocrx_word' id='word_1_123' title='bbox 644 1737 806 1808; x_wconf 84' lang='lat' dir='ltr'><strong>legis,</strong></span> <span class='ocrx_word' id='word_1_124' title='bbox 859 1740 912 1794; x_wconf 92' lang='lat' dir='ltr'><strong>id</strong></span> <span class='ocrx_word' id='word_1_125' title='bbox 957 1750 1041 1794; x_wconf 92' lang='lat' dir='ltr'><strong>est</strong></span> <span class='ocrx_word' id='word_1_126' title='bbox 1085 1754 1152 1794; x_wconf 89' lang='lat' dir='ltr'><strong>ne</strong></span> <span class='ocrx_word' id='word_1_127' title='bbox 1211 1739 1437 1807; x_wconf 84' lang='lat' dir='ltr'><strong>subjecti</strong></span> <span class='ocrx_word' id='word_1_128' title='bbox 1484 1755 1731 1796; x_wconf 87' lang='lat' dir='ltr'><strong>essemus</strong></span> <span class='ocrx_word' id='word_1_129' title='bbox 1780 1743 1889 1796; x_wconf 89' lang='lat' dir='ltr'><strong>cir-</strong></span> 
     </span>
    </p>
   </div>
   <div class='ocr_carea' id='block_1_19' title="bbox 291 1830 1886 1902">
    <p class='ocr_par' dir='ltr' id='par_1_19' title="bbox 291 1830 1886 1902">
     <span class='ocr_line' id='line_1_19' title="bbox 291 1830 1886 1902; baseline 0.003 -20"><span class='ocrx_word' id='word_1_130' title='bbox 291 1830 638 1884; x_wconf 87' lang='lat' dir='ltr'><strong>cumcisioni</strong></span> <span class='ocrx_word' id='word_1_131' title='bbox 700 1832 884 1886; x_wconf 91' lang='lat' dir='ltr'><strong>carnis</strong></span> <span class='ocrx_word' id='word_1_132' title='bbox 935 1847 1034 1887; x_wconf 90' lang='lat' dir='ltr'><strong>nec</strong></span> <span class='ocrx_word' id='word_1_133' title='bbox 1077 1833 1446 1887; x_wconf 84' lang='lat' dir='ltr'><strong>observationi</strong></span> <span class='ocrx_word' id='word_1_134' title='bbox 1499 1831 1886 1902; x_wconf 88' lang='lat' dir='ltr'><strong>Sabbaturum,</strong></span> 
     </span>
    </p>
   </div>
   <div class='ocr_carea' id='block_1_20' title="bbox 290 1918 1885 1994">
    <p class='ocr_par' dir='ltr' id='par_1_20' title="bbox 290 1918 1885 1994">
     <span class='ocr_line' id='line_1_20' title="bbox 290 1918 1885 1994; baseline 0.006 -24"><span class='ocrx_word' id='word_1_135' title='bbox 290 1918 546 1987; x_wconf 81' lang='lat' dir='ltr'><strong>aliisque</strong></span> <span class='ocrx_word' id='word_1_136' title='bbox 580 1921 773 1975; x_wconf 89' lang='lat' dir='ltr'><strong>horum</strong></span> <span class='ocrx_word' id='word_1_137' title='bbox 810 1923 1099 1990; x_wconf 74' lang='lat' dir='ltr'><strong>similibus,</strong></span> <span class='ocrx_word' id='word_1_138' title='bbox 1159 1938 1280 1994; x_wconf 58' lang='lat' dir='ltr'><strong>qua;</strong></span> <span class='ocrx_word' id='word_1_139' title='bbox 1335 1937 1438 1977; x_wconf 90' lang='lat' dir='ltr'><strong>non</strong></span> <span class='ocrx_word' id='word_1_140' title='bbox 1489 1923 1543 1977; x_wconf 92' lang='lat' dir='ltr'><strong>in</strong></span> <span class='ocrx_word' id='word_1_141' title='bbox 1590 1927 1885 1994; x_wconf 83' lang='lat' dir='ltr'><strong>mandatis,</strong></span> 
     </span>
    </p>
   </div>
   <div class='ocr_carea' id='block_1_21' title="bbox 291 2011 1887 2086">
    <p class='ocr_par' dir='ltr' id='par_1_21' title="bbox 291 2011 1887 2086">
     <span class='ocr_line' id='line_1_21' title="bbox 291 2011 1887 2086; baseline 0.003 -20"><span class='ocrx_word' id='word_1_142' title='bbox 291 2011 403 2066; x_wconf 84' lang='lat' dir='ltr'><strong>sed</strong></span> <span class='ocrx_word' id='word_1_143' title='bbox 438 2012 491 2064; x_wconf 92' lang='lat' dir='ltr'><strong>in</strong></span> <span class='ocrx_word' id='word_1_144' title='bbox 523 2011 636 2082; x_wconf 93' lang='lat' dir='ltr'><strong>lege</strong></span> <span class='ocrx_word' id='word_1_145' title='bbox 667 2013 892 2068; x_wconf 83' lang='lat' dir='ltr'><strong>dicenda</strong></span> <span class='ocrx_word' id='word_1_146' title='bbox 922 2026 1047 2070; x_wconf 91' lang='lat' dir='ltr'><strong>sunt</strong></span> <span class='ocrx_word' id='word_1_147' title='bbox 1080 2015 1369 2071; x_wconf 87' lang='lat' dir='ltr'><strong>contineri.</strong></span> <span class='ocrx_word' id='word_1_148' title='bbox 1429 2017 1715 2083; x_wconf 79' lang='lat' dir='ltr'><strong>Quomodo</strong></span> <span class='ocrx_word' id='word_1_149' title='bbox 1758 2033 1887 2086; x_wconf 87' lang='lat' dir='ltr'><strong>ergo</strong></span> 
     </span>
    </p>
   </div>
   <div class='ocr_carea' id='block_1_22' title="bbox 290 2104 1884 2182">
    <p class='ocr_par' dir='ltr' id='par_1_22' title="bbox 290 2104 1884 2182">
     <span class='ocr_line' id='line_1_22' title="bbox 290 2104 1884 2182; baseline 0.005 -27"><span class='ocrx_word' id='word_1_150' title='bbox 290 2104 549 2158; x_wconf 83' lang='lat' dir='ltr'><strong>abundat</strong></span> <span class='ocrx_word' id='word_1_151' title='bbox 571 2105 775 2173; x_wconf 88' lang='lat' dir='ltr'><strong>justitia</strong></span> <span class='ocrx_word' id='word_1_152' title='bbox 797 2106 958 2179; x_wconf 77' lang='lat'><strong>306</strong></span> <span class='ocrx_word' id='word_1_153' title='bbox 984 2119 1168 2163; x_wconf 90' lang='lat' dir='ltr'><strong>nostra</strong></span> <span class='ocrx_word' id='word_1_154' title='bbox 1215 2111 1334 2180; x_wconf 89' lang='lat' dir='ltr'><strong>plus</strong></span> <span class='ocrx_word' id='word_1_155' title='bbox 1380 2127 1540 2182; x_wconf 89' lang='lat' dir='ltr'><strong>quam</strong></span> <span class='ocrx_word' id='word_1_156' title='bbox 1573 2110 1884 2165; x_wconf 85' lang='lat' dir='ltr'><strong>Scribarum</strong></span> 
     </span>
    </p>
   </div>
   <div class='ocr_carea' id='block_1_23' title="bbox 293 2195 1888 2265">
    <p class='ocr_par' dir='ltr' id='par_1_23' title="bbox 293 2195 1888 2265">
     <span class='ocr_line' id='line_1_23' title="bbox 293 2195 1888 2265; baseline 0.004 -17"><span class='ocrx_word' id='word_1_157' title='bbox 293 2203 358 2248; x_wconf 82' lang='lat' dir='ltr'><strong>et</strong></span> <span class='ocrx_word' id='word_1_158' title='bbox 412 2195 837 2265; x_wconf 69' lang='lat' dir='ltr'><strong>Pharisaeorum,</strong></span> <span class='ocrx_word' id='word_1_159' title='bbox 879 2200 924 2254; x_wconf 91' lang='lat' dir='ltr'><strong>si</strong></span> <span class='ocrx_word' id='word_1_160' title='bbox 979 2200 1057 2254; x_wconf 85' lang='lat' dir='ltr'><strong>illi</strong></span> <span class='ocrx_word' id='word_1_161' title='bbox 1114 2201 1182 2254; x_wconf 90' lang='lat' dir='ltr'><strong>de</strong></span> <span class='ocrx_word' id='word_1_162' title='bbox 1239 2200 1506 2258; x_wconf 90' lang='lat' dir='ltr'><strong>fructibus</strong></span> <span class='ocrx_word' id='word_1_163' title='bbox 1564 2212 1722 2257; x_wconf 68' lang='lat' dir='ltr'><strong>terra:</strong></span> <span class='ocrx_word' id='word_1_164' title='bbox 1776 2217 1888 2255; x_wconf 75' lang='lat' dir='ltr'><strong>suze</strong></span> 
     </span>
    </p>
   </div>
   <div class='ocr_carea' id='block_1_24' title="bbox 297 2291 1888 2366">
    <p class='ocr_par' dir='ltr' id='par_1_24' title="bbox 297 2291 1888 2366">
     <span class='ocr_line' id='line_1_24' title="bbox 297 2291 1888 2366; baseline 0.004 -26"><span class='ocrx_word' id='word_1_165' title='bbox 297 2297 536 2358; x_wconf 77' lang='lat' dir='ltr'><strong>gustare</strong></span> <span class='ocrx_word' id='word_1_166' title='bbox 565 2305 671 2344; x_wconf 89' lang='lat' dir='ltr'><strong>non</strong></span> <span class='ocrx_word' id='word_1_167' title='bbox 701 2293 903 2345; x_wconf 89' lang='lat' dir='ltr'><strong>audent</strong></span> <span class='ocrx_word' id='word_1_168' title='bbox 929 2291 1243 2363; x_wconf 90' lang='lat' dir='ltr'><strong>priusquam</strong></span> <span class='ocrx_word' id='word_1_169' title='bbox 1286 2295 1555 2366; x_wconf 90' lang='lat' dir='ltr'><strong>primitias</strong></span> <span class='ocrx_word' id='word_1_170' title='bbox 1593 2294 1888 2348; x_wconf 85' lang='lat' dir='ltr'><strong>sacerdoti-</strong></span> 
     </span>
    </p>
   </div>
   <div class='ocr_carea' id='block_1_25' title="bbox 295 2381 1887 2458">
    <p class='ocr_par' dir='ltr' id='par_1_25' title="bbox 295 2381 1887 2458">
     <span class='ocr_line' id='line_1_25' title="bbox 295 2381 1887 2458; baseline 0.004 -24"><span class='ocrx_word' id='word_1_171' title='bbox 295 2382 412 2436; x_wconf 88' lang='lat' dir='ltr'><strong>bus</strong></span> <span class='ocrx_word' id='word_1_172' title='bbox 441 2381 692 2448; x_wconf 76' lang='lat' dir='ltr'><strong>oﬁ‘erant,</strong></span> <span class='ocrx_word' id='word_1_173' title='bbox 725 2392 781 2438; x_wconf 89' lang='lat' dir='ltr'><strong>et</strong></span> <span class='ocrx_word' id='word_1_174' title='bbox 815 2384 991 2439; x_wconf 83' lang='lat' dir='ltr'><strong>levitis</strong></span> <span class='ocrx_word' id='word_1_175' title='bbox 1038 2387 1278 2442; x_wconf 86' lang='lat' dir='ltr'><strong>decimas</strong></span> <span class='ocrx_word' id='word_1_176' title='bbox 1333 2397 1588 2454; x_wconf 89' lang='lat' dir='ltr'><strong>separent</strong></span> <span class='ocrx_word' id='word_1_177' title='bbox 1637 2386 1784 2458; x_wconf 77' lang='lat' dir='ltr'><strong>(l5);</strong></span> <span class='ocrx_word' id='word_1_178' title='bbox 1831 2395 1887 2440; x_wconf 92' lang='lat' dir='ltr'><strong>et</strong></span> 
     </span>
    </p>
   </div>
   <div class='ocr_carea' id='block_1_26' title="bbox 293 2475 1882 2546">
    <p class='ocr_par' dir='ltr' id='par_1_26' title="bbox 293 2475 1882 2546">
     <span class='ocr_line' id='line_1_26' title="bbox 293 2475 1882 2546; baseline 0.004 -20"><span class='ocrx_word' id='word_1_179' title='bbox 293 2487 410 2542; x_wconf 87' lang='lat' dir='ltr'><strong>ego</strong></span> <span class='ocrx_word' id='word_1_180' title='bbox 446 2475 581 2528; x_wconf 90' lang='lat' dir='ltr'><strong>nihil</strong></span> <span class='ocrx_word' id='word_1_181' title='bbox 613 2476 806 2530; x_wconf 90' lang='lat' dir='ltr'><strong>horum</strong></span> <span class='ocrx_word' id='word_1_182' title='bbox 843 2475 1050 2531; x_wconf 83' lang='lat' dir='ltr'><strong>faciens</strong></span> <span class='ocrx_word' id='word_1_183' title='bbox 1079 2477 1345 2532; x_wconf 88' lang='lat' dir='ltr'><strong>fructibus</strong></span> <span class='ocrx_word' id='word_1_184' title='bbox 1374 2489 1532 2533; x_wconf 70' lang='lat' dir='ltr'><strong>terrae</strong></span> <span class='ocrx_word' id='word_1_185' title='bbox 1567 2483 1640 2532; x_wconf 89' lang='lat' dir='ltr'><strong>ita</strong></span> <span class='ocrx_word' id='word_1_186' title='bbox 1668 2479 1882 2546; x_wconf 85' lang='lat' dir='ltr'><strong>abutar,</strong></span> 
     </span>
    </p>
   </div>
   <div class='ocr_carea' id='block_1_27' title="bbox 299 2568 1887 2640">
    <p class='ocr_par' dir='ltr' id='par_1_27' title="bbox 299 2568 1887 2640">
     <span class='ocr_line' id='line_1_27' title="bbox 299 2568 1887 2640; baseline 0.004 -20"><span class='ocrx_word' id='word_1_187' title='bbox 299 2575 363 2620; x_wconf 90' lang='lat' dir='ltr'><strong>ut</strong></span> <span class='ocrx_word' id='word_1_188' title='bbox 395 2568 655 2622; x_wconf 86' lang='lat' dir='ltr'><strong>sacerdos</strong></span> <span class='ocrx_word' id='word_1_189' title='bbox 682 2569 907 2635; x_wconf 87' lang='lat' dir='ltr'><strong>nesciat,</strong></span> <span class='ocrx_word' id='word_1_190' title='bbox 933 2569 1126 2625; x_wconf 90' lang='lat' dir='ltr'><strong>levites</strong></span> <span class='ocrx_word' id='word_1_191' title='bbox 1159 2572 1389 2640; x_wconf 84' lang='lat' dir='ltr'><strong>ignoret,</strong></span> <span class='ocrx_word' id='word_1_192' title='bbox 1431 2573 1673 2626; x_wconf 85' lang='lat' dir='ltr'><strong>divinum</strong></span> <span class='ocrx_word' id='word_1_193' title='bbox 1714 2574 1887 2628; x_wconf 82' lang='lat' dir='ltr'><strong>altare</strong></span> 
     </span>
    </p>
   </div>
   <div class='ocr_carea' id='block_1_28' title="bbox 299 2663 1882 2732">
    <p class='ocr_par' dir='ltr' id='par_1_28' title="bbox 299 2663 1882 2732">
     <span class='ocr_line' id='line_1_28' title="bbox 299 2663 1882 2732; baseline 0.002 -15"><span class='ocrx_word' id='word_1_194' title='bbox 299 2677 418 2717; x_wconf 84' lang='lat' dir='ltr'><strong>non</strong></span> <span class='ocrx_word' id='word_1_195' title='bbox 437 2663 674 2717; x_wconf 87' lang='lat' dir='ltr'><strong>sentiat?</strong></span> <span class='ocrx_word' id='word_1_196' title='bbox 692 2663 822 2716; x_wconf 89' lang='lat' dir='ltr'><strong>Illud</strong></span> <span class='ocrx_word' id='word_1_197' title='bbox 840 2678 968 2717; x_wconf 88' lang='lat' dir='ltr'><strong>sane</strong></span> <span class='ocrx_word' id='word_1_198' title='bbox 987 2665 1295 2718; x_wconf 88' lang='lat' dir='ltr'><strong>necessario</strong></span> <span class='ocrx_word' id='word_1_199' title='bbox 1312 2666 1761 2720; x_wconf 88' lang='lat' dir='ltr'><strong>commonendum</strong></span> <span class='ocrx_word' id='word_1_200' title='bbox 1779 2676 1882 2732; x_wconf 89' lang='lat' dir='ltr'><strong>est,</strong></span> 
     </span>
    </p>
   </div>
   <div class='ocr_carea' id='block_1_29' title="bbox 294 2756 1884 2828">
    <p class='ocr_par' dir='ltr' id='par_1_29' title="bbox 294 2756 1884 2828">
     <span class='ocr_line' id='line_1_29' title="bbox 294 2756 1884 2828; baseline 0.003 -19"><span class='ocrx_word' id='word_1_201' title='bbox 294 2756 447 2824; x_wconf 85' lang='lat' dir='ltr'><strong>quod</strong></span> <span class='ocrx_word' id='word_1_202' title='bbox 476 2756 563 2809; x_wconf 79' lang='lat' dir='ltr'><strong>lex</strong></span> <span class='ocrx_word' id='word_1_203' title='bbox 593 2756 883 2825; x_wconf 87' lang='lat' dir='ltr'><strong>dupliciter</strong></span> <span class='ocrx_word' id='word_1_204' title='bbox 909 2757 1107 2811; x_wconf 91' lang='lat' dir='ltr'><strong>dicitur</strong></span> <span class='ocrx_word' id='word_1_205' title='bbox 1135 2775 1149 2811; x_wconf 91' lang='lat'><strong>:</strong></span> <span class='ocrx_word' id='word_1_206' title='bbox 1185 2773 1306 2810; x_wconf 90' lang='lat' dir='ltr'><strong>nam</strong></span> <span class='ocrx_word' id='word_1_207' title='bbox 1347 2759 1674 2828; x_wconf 85' lang='lat' dir='ltr'><strong>generaliter</strong></span> <span class='ocrx_word' id='word_1_208' title='bbox 1703 2761 1884 2814; x_wconf 87' lang='lat' dir='ltr'><strong>omnia</strong></span> 
     </span>
    </p>
   </div>
   <div class='ocr_carea' id='block_1_30' title="bbox 297 2845 1882 2918">
    <p class='ocr_par' dir='ltr' id='par_1_30' title="bbox 297 2845 1882 2918">
     <span class='ocr_line' id='line_1_30' title="bbox 297 2845 1882 2918; baseline 0.003 -19"><span class='ocrx_word' id='word_1_209' title='bbox 297 2845 431 2909; x_wconf 86' lang='lat' dir='ltr'><strong>ista,</strong></span> <span class='ocrx_word' id='word_1_210' title='bbox 465 2846 571 2901; x_wconf 89' lang='lat' dir='ltr'><strong>hoc</strong></span> <span class='ocrx_word' id='word_1_211' title='bbox 618 2855 700 2900; x_wconf 87' lang='lat' dir='ltr'><strong>est</strong></span> <span class='ocrx_word' id='word_1_212' title='bbox 728 2846 1064 2913; x_wconf 90' lang='lat' dir='ltr'><strong>mandatum,</strong></span> <span class='ocrx_word' id='word_1_213' title='bbox 1103 2846 1541 2915; x_wconf 76' lang='lat' dir='ltr'><strong>iustificationes,</strong></span> <span class='ocrx_word' id='word_1_214' title='bbox 1589 2860 1882 2918; x_wconf 74' lang='lat' dir='ltr'><strong>przecepta,</strong></span> 
     </span>
    </p>
   </div>
   <div class='ocr_carea' id='block_1_31' title="bbox 299 2935 1886 3007">
    <p class='ocr_par' dir='ltr' id='par_1_31' title="bbox 299 2935 1886 3007">
     <span class='ocr_line' id='line_1_31' title="bbox 299 2935 1886 3007; baseline 0.004 -19"><span class='ocrx_word' id='word_1_215' title='bbox 299 2936 642 2999; x_wconf 89' lang='lat' dir='ltr'><strong>testimonia,</strong></span> <span class='ocrx_word' id='word_1_216' title='bbox 663 2935 887 3003; x_wconf 86' lang='lat' dir='ltr'><strong>judicia,</strong></span> <span class='ocrx_word' id='word_1_217' title='bbox 921 2935 1004 2989; x_wconf 82' lang='lat' dir='ltr'><strong>lex</strong></span> <span class='ocrx_word' id='word_1_218' title='bbox 1035 2937 1410 3006; x_wconf 86' lang='lat' dir='ltr'><strong>appellantur;</strong></span> <span class='ocrx_word' id='word_1_219' title='bbox 1458 2939 1765 3007; x_wconf 80' lang='lat' dir='ltr'><strong>specialiter</strong></span> <span class='ocrx_word' id='word_1_220' title='bbox 1790 2957 1886 2994; x_wconf 91' lang='lat' dir='ltr'><strong>au-</strong></span> 
     </span>
    </p>
   </div>
   <div class='ocr_carea' id='block_1_32' title="bbox 299 3028 1884 3100">
    <p class='ocr_par' dir='ltr' id='par_1_32' title="bbox 299 3028 1884 3100">
     <span class='ocr_line' id='line_1_32' title="bbox 299 3028 1884 3100; baseline 0.004 -19"><span class='ocrx_word' id='word_1_221' title='bbox 299 3037 415 3081; x_wconf 90' lang='lat' dir='ltr'><strong>tem</strong></span> <span class='ocrx_word' id='word_1_222' title='bbox 441 3041 567 3096; x_wconf 90' lang='lat' dir='ltr'><strong>pars</strong></span> <span class='ocrx_word' id='word_1_223' title='bbox 602 3028 781 3097; x_wconf 90' lang='lat' dir='ltr'><strong>aliqua</strong></span> <span class='ocrx_word' id='word_1_224' title='bbox 815 3045 881 3082; x_wconf 85' lang='lat' dir='ltr'><strong>ex</strong></span> <span class='ocrx_word' id='word_1_225' title='bbox 918 3029 982 3082; x_wconf 91' lang='lat' dir='ltr'><strong>iis</strong></span> <span class='ocrx_word' id='word_1_226' title='bbox 1010 3044 1132 3097; x_wconf 76' lang='lat' dir='ltr'><strong>quae</strong></span> <span class='ocrx_word' id='word_1_227' title='bbox 1165 3029 1217 3082; x_wconf 92' lang='lat' dir='ltr'><strong>in</strong></span> <span class='ocrx_word' id='word_1_228' title='bbox 1251 3029 1368 3100; x_wconf 85' lang='lat' dir='ltr'><strong>lege</strong></span> <span class='ocrx_word' id='word_1_229' title='bbox 1395 3031 1596 3100; x_wconf 89' lang='lat' dir='ltr'><strong>scripta</strong></span> <span class='ocrx_word' id='word_1_230' title='bbox 1633 3042 1756 3087; x_wconf 89' lang='lat' dir='ltr'><strong>sunt</strong></span> <span class='ocrx_word' id='word_1_231' title='bbox 1798 3033 1884 3088; x_wconf 82' lang='lat' dir='ltr'><strong>lex</strong></span> 
     </span>
    </p>
   </div>
   <div class='ocr_carea' id='block_1_33' title="bbox 297 3121 1882 3192">
    <p class='ocr_par' dir='ltr' id='par_1_33' title="bbox 297 3121 1882 3192">
     <span class='ocr_line' id='line_1_33' title="bbox 297 3121 1882 3192; baseline 0.004 -18"><span class='ocrx_word' id='word_1_232' title='bbox 297 3121 526 3182; x_wconf 91' lang='lat' dir='ltr'><strong>dicitur,</strong></span> <span class='ocrx_word' id='word_1_233' title='bbox 569 3129 626 3173; x_wconf 92' lang='lat' dir='ltr'><strong>ut</strong></span> <span class='ocrx_word' id='word_1_234' title='bbox 657 3129 782 3174; x_wconf 92' lang='lat' dir='ltr'><strong>sunt</strong></span> <span class='ocrx_word' id='word_1_235' title='bbox 821 3122 922 3175; x_wconf 89' lang='lat' dir='ltr'><strong>ista</strong></span> <span class='ocrx_word' id='word_1_236' title='bbox 967 3123 1034 3177; x_wconf 86' lang='lat' dir='ltr'><strong>de</strong></span> <span class='ocrx_word' id='word_1_237' title='bbox 1082 3121 1280 3191; x_wconf 89' lang='lat' dir='ltr'><strong>quibus</strong></span> <span class='ocrx_word' id='word_1_238' title='bbox 1324 3124 1576 3192; x_wconf 84' lang='lat' dir='ltr'><strong>superius</strong></span> <span class='ocrx_word' id='word_1_239' title='bbox 1625 3125 1882 3181; x_wconf 80' lang='lat' dir='ltr'><strong>disserui-</strong></span> 
     </span>
    </p>
   </div>
   <div class='ocr_carea' id='block_1_34' title="bbox 297 3211 1877 3287">
    <p class='ocr_par' dir='ltr' id='par_1_34' title="bbox 297 3211 1877 3287">
     <span class='ocr_line' id='line_1_34' title="bbox 297 3211 1877 3287; baseline 0.004 -23"><span class='ocrx_word' id='word_1_240' title='bbox 297 3227 448 3266; x_wconf 81' lang='lat' dir='ltr'><strong>mus.</strong></span> <span class='ocrx_word' id='word_1_241' title='bbox 481 3211 762 3266; x_wconf 88' lang='lat' dir='ltr'><strong>Generalis</strong></span> <span class='ocrx_word' id='word_1_242' title='bbox 789 3221 965 3267; x_wconf 88' lang='lat' dir='ltr'><strong>autem</strong></span> <span class='ocrx_word' id='word_1_243' title='bbox 999 3213 1084 3266; x_wconf 85' lang='lat' dir='ltr'><strong>lex</strong></span> <span class='ocrx_word' id='word_1_244' title='bbox 1121 3214 1480 3284; x_wconf 79' lang='lat' dir='ltr'><strong>significatur,</strong></span> <span class='ocrx_word' id='word_1_245' title='bbox 1508 3217 1656 3270; x_wconf 90' lang='lat' dir='ltr'><strong>verbi</strong></span> <span class='ocrx_word' id='word_1_246' title='bbox 1685 3218 1877 3287; x_wconf 88' lang='lat' dir='ltr'><strong>gratia,</strong></span> 
     </span>
    </p>
   </div>
   <div class='ocr_carea' id='block_1_35' title="bbox 296 3303 1879 3374">
    <p class='ocr_par' dir='ltr' id='par_1_35' title="bbox 296 3303 1879 3374">
     <span class='ocr_line' id='line_1_35' title="bbox 296 3303 1879 3374; baseline 0.003 -16"><span class='ocrx_word' id='word_1_247' title='bbox 296 3320 429 3358; x_wconf 89' lang='lat' dir='ltr'><strong>cum</strong></span> <span class='ocrx_word' id='word_1_248' title='bbox 472 3307 537 3358; x_wconf 91' lang='lat' dir='ltr'><strong>de</strong></span> <span class='ocrx_word' id='word_1_249' title='bbox 564 3303 845 3359; x_wconf 67' lang='lat' dir='ltr'><strong>Salvatore</strong></span> <span class='ocrx_word' id='word_1_250' title='bbox 875 3305 1071 3358; x_wconf 89' lang='lat' dir='ltr'><strong>dicitur</strong></span> <span class='ocrx_word' id='word_1_251' title='bbox 1096 3305 1141 3369; x_wconf 88' lang='grc'><strong>⁷,</strong></span> <span class='ocrx_word' id='word_1_252' title='bbox 1175 3307 1305 3374; x_wconf 90' lang='lat' dir='ltr'><strong>quia</strong></span> <span class='ocrx_word' id='word_1_253' title='bbox 1354 3325 1375 3358; x_wconf 69' lang='grc' dir='ltr'><strong><em>ι</em></strong></span> <span class='ocrx_word' id='word_1_254' title='bbox 1422 3322 1528 3361; x_wconf 91' lang='lat' dir='ltr'><strong>non</strong></span> <span class='ocrx_word' id='word_1_255' title='bbox 1565 3309 1714 3362; x_wconf 89' lang='lat' dir='ltr'><strong>venit</strong></span> <span class='ocrx_word' id='word_1_256' title='bbox 1765 3309 1879 3363; x_wconf 75' lang='lat' dir='ltr'><strong>sol-</strong></span> 
     </span>
    </p>
   </div>
   <div class='ocr_carea' id='block_1_36' title="bbox 296 3393 1879 3464">
    <p class='ocr_par' dir='ltr' id='par_1_36' title="bbox 296 3393 1879 3464">
     <span class='ocr_line' id='line_1_36' title="bbox 296 3393 1879 3464; baseline 0.001 -14"><span class='ocrx_word' id='word_1_257' title='bbox 296 3410 432 3450; x_wconf 80' lang='lat' dir='ltr'><strong>vere</strong></span> <span class='ocrx_word' id='word_1_258' title='bbox 463 3395 654 3464; x_wconf 79' lang='lat' dir='ltr'><strong>legem,</strong></span> <span class='ocrx_word' id='word_1_259' title='bbox 685 3395 778 3449; x_wconf 90' lang='lat' dir='ltr'><strong>sed</strong></span> <span class='ocrx_word' id='word_1_260' title='bbox 805 3393 1118 3462; x_wconf 89' lang='lat' dir='ltr'><strong>adimplere.</strong></span> <span class='ocrx_word' id='word_1_261' title='bbox 1157 3415 1175 3446; x_wconf 81' lang='grc'><strong>›</strong></span> <span class='ocrx_word' id='word_1_262' title='bbox 1211 3395 1274 3449; x_wconf 90' lang='lat' dir='ltr'><strong>Et</strong></span> <span class='ocrx_word' id='word_1_263' title='bbox 1305 3396 1429 3450; x_wconf 89' lang='lat' dir='ltr'><strong>item</strong></span> <span class='ocrx_word' id='word_1_264' title='bbox 1465 3397 1592 3451; x_wconf 90' lang='lat' dir='ltr'><strong>alibi</strong></span> <span class='ocrx_word' id='word_1_265' title='bbox 1614 3397 1637 3428; x_wconf 82' lang='grc'>⁸</span> <span class='ocrx_word' id='word_1_266' title='bbox 1665 3416 1680 3452; x_wconf 88' lang='lat'><strong>:</strong></span> <span class='ocrx_word' id='word_1_267' title='bbox 1716 3415 1734 3448; x_wconf 73' lang='grc' dir='ltr'>ι</span> <span class='ocrx_word' id='word_1_268' title='bbox 1761 3398 1879 3452; x_wconf 86' lang='lat' dir='ltr'><strong>Ple-</strong></span> 
     </span>
    </p>
   </div>
   <div class='ocr_carea' id='block_1_37' title="bbox 300 3485 1878 3558">
    <p class='ocr_par' dir='ltr' id='par_1_37' title="bbox 300 3485 1878 3558">
     <span class='ocr_line' id='line_1_37' title="bbox 300 3485 1878 3558; baseline 0.002 -18"><span class='ocrx_word' id='word_1_269' title='bbox 300 3486 501 3541; x_wconf 86' lang='lat' dir='ltr'><strong>nitudo</strong></span> <span class='ocrx_word' id='word_1_270' title='bbox 524 3501 656 3556; x_wconf 88' lang='lat' dir='ltr'><strong>ergo</strong></span> <span class='ocrx_word' id='word_1_271' title='bbox 686 3485 821 3556; x_wconf 87' lang='lat' dir='ltr'><strong>legis</strong></span> <span class='ocrx_word' id='word_1_272' title='bbox 844 3494 927 3540; x_wconf 87' lang='lat' dir='ltr'><strong>est</strong></span> <span class='ocrx_word' id='word_1_273' title='bbox 953 3485 1192 3540; x_wconf 89' lang='lat' dir='ltr'><strong>dilectio.</strong></span> <span class='ocrx_word' id='word_1_274' title='bbox 1224 3507 1244 3540; x_wconf 69' lang='grc' dir='ltr'><strong><em>ι</em></strong></span> <span class='ocrx_word' id='word_1_275' title='bbox 1271 3487 1326 3540; x_wconf 93' lang='lat' dir='ltr'><strong>In</strong></span> <span class='ocrx_word' id='word_1_276' title='bbox 1356 3502 1464 3558; x_wconf 91' lang='lat' dir='ltr'><strong>quo</strong></span> <span class='ocrx_word' id='word_1_277' title='bbox 1491 3488 1678 3557; x_wconf 88' lang='lat' dir='ltr'><strong>utique</strong></span> <span class='ocrx_word' id='word_1_278' title='bbox 1700 3489 1878 3543; x_wconf 85' lang='lat' dir='ltr'><strong>omnia</strong></span> 
     </span>
    </p>
   </div>
   <div class='ocr_carea' id='block_1_38' title="bbox 296 3578 1880 3648">
    <p class='ocr_par' dir='ltr' id='par_1_38' title="bbox 296 3578 1880 3648">
     <span class='ocr_line' id='line_1_38' title="bbox 296 3578 1880 3648; baseline -0.001 -14"><span class='ocrx_word' id='word_1_279' title='bbox 296 3578 466 3634; x_wconf 82' lang='lat' dir='ltr'><strong>simul</strong></span> <span class='ocrx_word' id='word_1_280' title='bbox 490 3594 609 3648; x_wconf 70' lang='lat' dir='ltr'><strong>qua:</strong></span> <span class='ocrx_word' id='word_1_281' title='bbox 633 3579 834 3647; x_wconf 89' lang='lat' dir='ltr'><strong>scripta</strong></span> <span class='ocrx_word' id='word_1_282' title='bbox 851 3587 979 3631; x_wconf 88' lang='lat' dir='ltr'><strong>sunt</strong></span> <span class='ocrx_word' id='word_1_283' title='bbox 998 3579 1049 3630; x_wconf 91' lang='lat' dir='ltr'><strong>in</strong></span> <span class='ocrx_word' id='word_1_284' title='bbox 1072 3578 1206 3647; x_wconf 84' lang='lat' dir='ltr'><strong>lege,</strong></span> <span class='ocrx_word' id='word_1_285' title='bbox 1227 3578 1396 3648; x_wconf 88' lang='lat' dir='ltr'><strong>legem</strong></span> <span class='ocrx_word' id='word_1_286' title='bbox 1422 3579 1735 3632; x_wconf 88' lang='lat' dir='ltr'><strong>nominavit.</strong></span> <span class='ocrx_word' id='word_1_287' title='bbox 1755 3578 1880 3634; x_wconf 66' lang='lat' dir='ltr'><strong>Haec</strong></span> 
     </span>
    </p>
   </div>
   <div class='ocr_carea' id='block_1_39' title="bbox 300 3669 1876 3740">
    <p class='ocr_par' dir='ltr' id='par_1_39' title="bbox 300 3669 1876 3740">
     <span class='ocr_line' id='line_1_39' title="bbox 300 3669 1876 3740; baseline 0.001 -16"><span class='ocrx_word' id='word_1_288' title='bbox 300 3671 544 3725; x_wconf 80' lang='lat' dir='ltr'><strong>diximus</strong></span> <span class='ocrx_word' id='word_1_289' title='bbox 580 3681 891 3726; x_wconf 89' lang='lat' dir='ltr'><strong>asserentes</strong></span> <span class='ocrx_word' id='word_1_290' title='bbox 921 3672 1232 3724; x_wconf 89' lang='lat' dir='ltr'><strong>mandatum</strong></span> <span class='ocrx_word' id='word_1_291' title='bbox 1259 3669 1327 3724; x_wconf 90' lang='lat' dir='ltr'><strong>de</strong></span> <span class='ocrx_word' id='word_1_292' title='bbox 1372 3670 1625 3740; x_wconf 91' lang='lat' dir='ltr'><strong>primitiis</strong></span> <span class='ocrx_word' id='word_1_293' title='bbox 1665 3671 1876 3740; x_wconf 86' lang='lat' dir='ltr'><strong>frugum</strong></span> 
     </span>
    </p>
   </div>
   <div class='ocr_carea' id='block_1_40' title="bbox 297 3760 1875 3830">
    <p class='ocr_par' dir='ltr' id='par_1_40' title="bbox 297 3760 1875 3830">
     <span class='ocr_line' id='line_1_40' title="bbox 297 3760 1875 3830; baseline 0.003 -18"><span class='ocrx_word' id='word_1_294' title='bbox 297 3761 390 3813; x_wconf 81' lang='lat' dir='ltr'><strong>vel</strong></span> <span class='ocrx_word' id='word_1_295' title='bbox 415 3776 691 3830; x_wconf 88' lang='lat' dir='ltr'><strong>pecorum,</strong></span> <span class='ocrx_word' id='word_1_296' title='bbox 725 3761 921 3815; x_wconf 90' lang='lat' dir='ltr'><strong>debere</strong></span> <span class='ocrx_word' id='word_1_297' title='bbox 939 3761 1099 3813; x_wconf 89' lang='lat' dir='ltr'><strong>etiam</strong></span> <span class='ocrx_word' id='word_1_298' title='bbox 1125 3761 1422 3813; x_wconf 91' lang='lat' dir='ltr'><strong>secundum</strong></span> <span class='ocrx_word' id='word_1_299' title='bbox 1453 3760 1688 3816; x_wconf 91' lang='lat' dir='ltr'><strong>litteram</strong></span> <span class='ocrx_word' id='word_1_300' title='bbox 1708 3771 1875 3816; x_wconf 89' lang='lat' dir='ltr'><strong>stare.</strong></span> 
     </span>
    </p>
   </div>
   <div class='ocr_carea' id='block_1_41' title="bbox 371 3851 1874 3923">
    <p class='ocr_par' dir='ltr' id='par_1_41' title="bbox 371 3851 1874 3923">
     <span class='ocr_line' id='line_1_41' title="bbox 371 3851 1874 3923; baseline 0.002 -17"><span class='ocrx_word' id='word_1_301' title='bbox 371 3851 428 3906; x_wconf 79' lang='lat'><strong>&#39;5.</strong></span> <span class='ocrx_word' id='word_1_302' title='bbox 455 3852 602 3906; x_wconf 83' lang='lat' dir='ltr'><strong>Nunc</strong></span> <span class='ocrx_word' id='word_1_303' title='bbox 625 3861 800 3906; x_wconf 90' lang='lat' dir='ltr'><strong>autem</strong></span> <span class='ocrx_word' id='word_1_304' title='bbox 829 3852 1105 3907; x_wconf 86' lang='lat' dir='ltr'><strong>videamus</strong></span> <span class='ocrx_word' id='word_1_305' title='bbox 1128 3852 1399 3920; x_wconf 89' lang='lat' dir='ltr'><strong>quomodo</strong></span> <span class='ocrx_word' id='word_1_306' title='bbox 1424 3865 1479 3908; x_wconf 91' lang='lat' dir='ltr'><strong>et</strong></span> <span class='ocrx_word' id='word_1_307' title='bbox 1501 3853 1874 3923; x_wconf 87' lang='lat' dir='ltr'><strong>allegoricum,</strong></span> 
     </span>
    </p>
   </div>
   <div class='ocr_carea' id='block_1_42' title="bbox 297 3940 1876 4012">
    <p class='ocr_par' dir='ltr' id='par_1_42' title="bbox 297 3940 1876 4012">
     <span class='ocr_line' id='line_1_42' title="bbox 297 3940 1876 4012; baseline 0.001 -15"><span class='ocrx_word' id='word_1_308' title='bbox 297 3941 355 3997; x_wconf 83' lang='lat' dir='ltr'><strong>id</strong></span> <span class='ocrx_word' id='word_1_309' title='bbox 388 3951 474 3996; x_wconf 91' lang='lat' dir='ltr'><strong>est</strong></span> <span class='ocrx_word' id='word_1_310' title='bbox 495 3941 789 4010; x_wconf 89' lang='lat' dir='ltr'><strong>spiritalem</strong></span> <span class='ocrx_word' id='word_1_311' title='bbox 836 3940 1062 4010; x_wconf 86' lang='lat' dir='ltr'><strong>recipiat</strong></span> <span class='ocrx_word' id='word_1_312' title='bbox 1105 3940 1462 3999; x_wconf 90' lang='lat' dir='ltr'><strong>intellectum.</strong></span> <span class='ocrx_word' id='word_1_313' title='bbox 1513 3941 1876 4012; x_wconf 81' lang='lat' dir='ltr'><strong>Requiramus</strong></span> 
     </span>
    </p>
   </div>
   <div class='ocr_carea' id='block_1_43' title="bbox 295 4031 1877 4103">
    <p class='ocr_par' dir='ltr' id='par_1_43' title="bbox 295 4031 1877 4103">
     <span class='ocr_line' id='line_1_43' title="bbox 295 4031 1877 4103; baseline 0 -16"><span class='ocrx_word' id='word_1_314' title='bbox 295 4046 433 4102; x_wconf 86' lang='lat' dir='ltr'><strong>ergo</strong></span> <span class='ocrx_word' id='word_1_315' title='bbox 459 4032 626 4087; x_wconf 91' lang='lat' dir='ltr'><strong>sicubi</strong></span> <span class='ocrx_word' id='word_1_316' title='bbox 663 4033 714 4086; x_wconf 92' lang='lat' dir='ltr'><strong>in</strong></span> <span class='ocrx_word' id='word_1_317' title='bbox 750 4031 1053 4101; x_wconf 90' lang='lat' dir='ltr'><strong>Scripturis</strong></span> <span class='ocrx_word' id='word_1_318' title='bbox 1088 4041 1288 4101; x_wconf 61' lang='lat' dir='ltr'><strong>praeter</strong></span> <span class='ocrx_word' id='word_1_319' title='bbox 1328 4034 1442 4088; x_wconf 62' lang='lat' dir='ltr'><strong>haec</strong></span> <span class='ocrx_word' id='word_1_320' title='bbox 1470 4034 1536 4088; x_wconf 91' lang='lat' dir='ltr'><strong>de</strong></span> <span class='ocrx_word' id='word_1_321' title='bbox 1569 4035 1763 4103; x_wconf 90' lang='lat' dir='ltr'><strong>quibus</strong></span> <span class='ocrx_word' id='word_1_322' title='bbox 1785 4049 1877 4088; x_wconf 92' lang='lat' dir='ltr'><strong>su-</strong></span> 
     </span>
    </p>
   </div>
   <div class='ocr_carea' id='block_1_44' title="bbox 295 4125 1877 4197">
    <p class='ocr_par' dir='ltr' id='par_1_44' title="bbox 295 4125 1877 4197">
     <span class='ocr_line' id='line_1_44' title="bbox 295 4125 1877 4197; baseline 0.003 -20"><span class='ocrx_word' id='word_1_323' title='bbox 295 4140 400 4196; x_wconf 83' lang='lat' dir='ltr'><strong>pra</strong></span> <span class='ocrx_word' id='word_1_324' title='bbox 433 4125 635 4180; x_wconf 91' lang='lat' dir='ltr'><strong>dictum</strong></span> <span class='ocrx_word' id='word_1_325' title='bbox 685 4135 790 4192; x_wconf 89' lang='lat' dir='ltr'><strong>est,</strong></span> <span class='ocrx_word' id='word_1_326' title='bbox 825 4125 1131 4182; x_wconf 88' lang='lat' dir='ltr'><strong>invenimus</strong></span> <span class='ocrx_word' id='word_1_327' title='bbox 1159 4128 1430 4197; x_wconf 87' lang='lat' dir='ltr'><strong>primitias</strong></span> <span class='ocrx_word' id='word_1_328' title='bbox 1466 4127 1754 4194; x_wconf 89' lang='lat' dir='ltr'><strong>nominari,</strong></span> <span class='ocrx_word' id='word_1_329' title='bbox 1790 4128 1877 4182; x_wconf 87' lang='lat' dir='ltr'><strong>hic</strong></span> 
     </span>
    </p>
   </div>
   <div class='ocr_carea' id='block_1_45' title="bbox 295 4218 1877 4292">
    <p class='ocr_par' dir='ltr' id='par_1_45' title="bbox 295 4218 1877 4292">
     <span class='ocr_line' id='line_1_45' title="bbox 295 4218 1877 4292; baseline 0.003 -20"><span class='ocrx_word' id='word_1_330' title='bbox 295 4219 444 4272; x_wconf 88' lang='lat' dir='ltr'><strong>enim</strong></span> <span class='ocrx_word' id='word_1_331' title='bbox 480 4219 616 4272; x_wconf 88' lang='lat' dir='ltr'><strong>dixit</strong></span> <span class='ocrx_word' id='word_1_332' title='bbox 649 4221 668 4252; x_wconf 75' lang='grc'>³</span> <span class='ocrx_word' id='word_1_333' title='bbox 699 4239 713 4273; x_wconf 86' lang='lat'><strong>:</strong></span> <span class='ocrx_word' id='word_1_334' title='bbox 749 4237 767 4270; x_wconf 72' lang='grc' dir='ltr'><strong>ε</strong></span> <span class='ocrx_word' id='word_1_335' title='bbox 805 4218 1006 4277; x_wconf 90' lang='lat' dir='ltr'><strong>Omnes</strong></span> <span class='ocrx_word' id='word_1_336' title='bbox 1054 4223 1328 4292; x_wconf 89' lang='lat' dir='ltr'><strong>primitias</strong></span> <span class='ocrx_word' id='word_1_337' title='bbox 1381 4221 1485 4276; x_wconf 90' lang='lat' dir='ltr'><strong>olei</strong></span> <span class='ocrx_word' id='word_1_338' title='bbox 1539 4230 1596 4276; x_wconf 91' lang='lat' dir='ltr'><strong>et</strong></span> <span class='ocrx_word' id='word_1_339' title='bbox 1637 4222 1767 4285; x_wconf 92' lang='lat' dir='ltr'><strong>vini,</strong></span> <span class='ocrx_word' id='word_1_340' title='bbox 1821 4231 1877 4276; x_wconf 93' lang='lat' dir='ltr'><strong>et</strong></span> 
     </span>
    </p>
   </div>
   <div class='ocr_carea' id='block_1_46' title="bbox 300 4309 1876 4382">
    <p class='ocr_par' dir='ltr' id='par_1_46' title="bbox 300 4309 1876 4382">
     <span class='ocr_line' id='line_1_46' title="bbox 300 4309 1876 4382; baseline 0.004 -21"><span class='ocrx_word' id='word_1_341' title='bbox 300 4309 582 4376; x_wconf 81' lang='lat' dir='ltr'><strong>frumenti,</strong></span> <span class='ocrx_word' id='word_1_342' title='bbox 639 4311 832 4365; x_wconf 90' lang='lat' dir='ltr'><strong>horum</strong></span> <span class='ocrx_word' id='word_1_343' title='bbox 901 4313 1145 4366; x_wconf 89' lang='lat' dir='ltr'><strong>omnium</strong></span> <span class='ocrx_word' id='word_1_344' title='bbox 1205 4311 1460 4382; x_wconf 71' lang='lat' dir='ltr'><strong>primitiae</strong></span> <span class='ocrx_word' id='word_1_345' title='bbox 1511 4326 1632 4381; x_wconf 57' lang='lat' dir='ltr'><strong>quae</strong></span> <span class='ocrx_word' id='word_1_346' title='bbox 1680 4311 1876 4367; x_wconf 62' lang='lat' dir='ltr'><strong>oblatae</strong></span> 
     </span>
    </p>
   </div>
   <div class='ocr_carea' id='block_1_47' title="bbox 299 4401 1876 4472">
    <p class='ocr_par' dir='ltr' id='par_1_47' title="bbox 299 4401 1876 4472">
     <span class='ocr_line' id='line_1_47' title="bbox 299 4401 1876 4472; baseline 0.003 -18"><span class='ocrx_word' id='word_1_347' title='bbox 299 4401 507 4456; x_wconf 79' lang='lat' dir='ltr'><strong>fuerint</strong></span> <span class='ocrx_word' id='word_1_348' title='bbox 550 4403 680 4464; x_wconf 89' lang='lat' dir='ltr'><strong>Deo,</strong></span> <span class='ocrx_word' id='word_1_349' title='bbox 733 4404 828 4458; x_wconf 90' lang='lat' dir='ltr'><strong>tibi</strong></span> <span class='ocrx_word' id='word_1_350' title='bbox 886 4403 1005 4457; x_wconf 84' lang='lat' dir='ltr'><strong>dedi</strong></span> <span class='ocrx_word' id='word_1_351' title='bbox 1055 4417 1139 4458; x_wconf 90' lang='lat' dir='ltr'><strong>ea.</strong></span> <span class='ocrx_word' id='word_1_352' title='bbox 1189 4423 1208 4456; x_wconf 71' lang='grc' dir='ltr'>ι</span> <span class='ocrx_word' id='word_1_353' title='bbox 1255 4403 1498 4471; x_wconf 84' lang='lat' dir='ltr'><strong>Requiro</strong></span> <span class='ocrx_word' id='word_1_354' title='bbox 1551 4419 1685 4472; x_wconf 88' lang='lat' dir='ltr'><strong>ergo</strong></span> <span class='ocrx_word' id='word_1_355' title='bbox 1731 4419 1876 4458; x_wconf 88' lang='lat' dir='ltr'><strong>nunc</strong></span> 
     </span>
    </p>
   </div>
   <div class='ocr_carea' id='block_1_48' title="bbox 2002 549 3568 620">
    <p class='ocr_par' dir='ltr' id='par_1_48' title="bbox 2002 549 3568 620">
     <span class='ocr_line' id='line_1_48' title="bbox 2002 549 3568 620; baseline 0.001 -15"><span class='ocrx_word' id='word_1_356' title='bbox 2002 550 2155 605; x_wconf 89' lang='lat' dir='ltr'><strong>Unde</strong></span> <span class='ocrx_word' id='word_1_357' title='bbox 2182 563 2517 618; x_wconf 88' lang='lat' dir='ltr'><strong>consequens</strong></span> <span class='ocrx_word' id='word_1_358' title='bbox 2540 556 2621 602; x_wconf 90' lang='lat' dir='ltr'><strong>est</strong></span> <span class='ocrx_word' id='word_1_359' title='bbox 2648 563 2744 616; x_wconf 93' lang='lat' dir='ltr'><strong>per</strong></span> <span class='ocrx_word' id='word_1_360' title='bbox 2785 549 3026 618; x_wconf 86' lang='lat' dir='ltr'><strong>singulas</strong></span> <span class='ocrx_word' id='word_1_361' title='bbox 3056 549 3324 604; x_wconf 86' lang='lat' dir='ltr'><strong>Ecclesias</strong></span> <span class='ocrx_word' id='word_1_362' title='bbox 3359 551 3568 620; x_wconf 87' lang='lat' dir='ltr'><strong>aliquos</strong></span> 
     </span>
    </p>
   </div>
   <div class='ocr_carea' id='block_1_49' title="bbox 2001 641 3574 714">
    <p class='ocr_par' dir='ltr' id='par_1_49' title="bbox 2001 641 3574 714">
     <span class='ocr_line' id='line_1_49' title="bbox 2001 641 3574 714; baseline 0.001 -18"><span class='ocrx_word' id='word_1_363' title='bbox 2001 642 2357 705; x_wconf 88' lang='lat' dir='ltr'><strong>credentium,</strong></span> <span class='ocrx_word' id='word_1_364' title='bbox 2401 656 2537 709; x_wconf 90' lang='lat' dir='ltr'><strong>quos</strong></span> <span class='ocrx_word' id='word_1_365' title='bbox 2580 651 2757 694; x_wconf 83' lang='lat' dir='ltr'><strong>tamen</strong></span> <span class='ocrx_word' id='word_1_366' title='bbox 2809 641 3136 708; x_wconf 86' lang='lat' dir='ltr'><strong>apostolicus</strong></span> <span class='ocrx_word' id='word_1_367' title='bbox 3176 643 3400 712; x_wconf 81' lang='lat' dir='ltr'><strong>spiritus</strong></span> <span class='ocrx_word' id='word_1_368' title='bbox 3445 660 3574 714; x_wconf 85' lang='lat' dir='ltr'><strong>pro-</strong></span> 
     </span>
    </p>
   </div>
   <div class='ocr_carea' id='block_1_50' title="bbox 1999 731 3575 803">
    <p class='ocr_par' dir='ltr' id='par_1_50' title="bbox 1999 731 3575 803">
     <span class='ocr_line' id='line_1_50' title="bbox 1999 731 3575 803; baseline 0.003 -17"><span class='ocrx_word' id='word_1_369' title='bbox 1999 731 2228 794; x_wconf 88' lang='lat' dir='ltr'><strong>baverit,</strong></span> <span class='ocrx_word' id='word_1_370' title='bbox 2279 731 2547 800; x_wconf 83' lang='lat' dir='ltr'><strong>primitias</strong></span> <span class='ocrx_word' id='word_1_371' title='bbox 2585 732 2872 784; x_wconf 87' lang='lat' dir='ltr'><strong>nominari.</strong></span> <span class='ocrx_word' id='word_1_372' title='bbox 2914 732 2990 785; x_wconf 84' lang='lat' dir='ltr'><strong>Ex</strong></span> <span class='ocrx_word' id='word_1_373' title='bbox 3026 734 3222 803; x_wconf 89' lang='lat' dir='ltr'><strong>quibus</strong></span> <span class='ocrx_word' id='word_1_374' title='bbox 3262 750 3383 790; x_wconf 92' lang='lat' dir='ltr'><strong>esse</strong></span> <span class='ocrx_word' id='word_1_375' title='bbox 3428 737 3575 790; x_wconf 86' lang='lat' dir='ltr'><strong>arbi-</strong></span> 
     </span>
    </p>
   </div>
   <div class='ocr_carea' id='block_1_51' title="bbox 2000 821 3572 892">
    <p class='ocr_par' dir='ltr' id='par_1_51' title="bbox 2000 821 3572 892">
     <span class='ocr_line' id='line_1_51' title="bbox 2000 821 3572 892; baseline 0.006 -17"><span class='ocrx_word' id='word_1_376' title='bbox 2000 832 2114 877; x_wconf 87' lang='lat' dir='ltr'><strong>tror</strong></span> <span class='ocrx_word' id='word_1_377' title='bbox 2137 824 2299 877; x_wconf 88' lang='lat' dir='ltr'><strong>etiam</strong></span> <span class='ocrx_word' id='word_1_378' title='bbox 2332 822 2639 878; x_wconf 84' lang='lat' dir='ltr'><strong>Cornelium</strong></span> <span class='ocrx_word' id='word_1_379' title='bbox 2670 821 2815 876; x_wconf 85' lang='lat' dir='ltr'><strong>illum</strong></span> <span class='ocrx_word' id='word_1_380' title='bbox 2863 826 2950 892; x_wconf 87' lang='lat' dir='ltr'><strong>qui</strong></span> <span class='ocrx_word' id='word_1_381' title='bbox 2984 826 3336 884; x_wconf 68' lang='lat' dir='ltr'><strong>CmSariensis</strong></span> <span class='ocrx_word' id='word_1_382' title='bbox 3375 830 3572 885; x_wconf 84' lang='lat' dir='ltr'><strong>Eccle-</strong></span> 
     </span>
    </p>
   </div>
   <div class='ocr_carea' id='block_1_52' title="bbox 1997 916 3574 988">
    <p class='ocr_par' dir='ltr' id='par_1_52' title="bbox 1997 916 3574 988">
     <span class='ocr_line' id='line_1_52' title="bbox 1997 916 3574 988; baseline 0.004 -19"><span class='ocrx_word' id='word_1_383' title='bbox 1997 916 2089 970; x_wconf 60' lang='lat' dir='ltr'><strong>siae</strong></span> <span class='ocrx_word' id='word_1_384' title='bbox 2121 933 2241 968; x_wconf 89' lang='lat' dir='ltr'><strong>cum</strong></span> <span class='ocrx_word' id='word_1_385' title='bbox 2281 916 2346 969; x_wconf 92' lang='lat' dir='ltr'><strong>iis</strong></span> <span class='ocrx_word' id='word_1_386' title='bbox 2379 931 2500 970; x_wconf 90' lang='lat' dir='ltr'><strong>cum</strong></span> <span class='ocrx_word' id='word_1_387' title='bbox 2534 918 2726 985; x_wconf 85' lang='lat' dir='ltr'><strong>quibus</strong></span> <span class='ocrx_word' id='word_1_388' title='bbox 2766 919 3028 988; x_wconf 90' lang='lat' dir='ltr'><strong>Spiritum</strong></span> <span class='ocrx_word' id='word_1_389' title='bbox 3085 931 3333 975; x_wconf 87' lang='lat' dir='ltr'><strong>sanctum</strong></span> <span class='ocrx_word' id='word_1_390' title='bbox 3375 923 3574 976; x_wconf 90' lang='lat' dir='ltr'><strong>meruit</strong></span> 
     </span>
    </p>
   </div>
   <div class='ocr_carea' id='block_1_53' title="bbox 1997 1010 3568 1079">
    <p class='ocr_par' dir='ltr' id='par_1_53' title="bbox 1997 1010 3568 1079">
     <span class='ocr_line' id='line_1_53' title="bbox 1997 1010 3568 1079; baseline 0.004 -18"><span class='ocrx_word' id='word_1_391' title='bbox 1997 1011 2264 1079; x_wconf 89' lang='lat' dir='ltr'><strong>accipere,</strong></span> <span class='ocrx_word' id='word_1_392' title='bbox 2291 1010 2547 1078; x_wconf 65' lang='lat' dir='ltr'><strong>primitiae</strong></span> <span class='ocrx_word' id='word_1_393' title='bbox 2575 1011 2769 1065; x_wconf 91' lang='lat' dir='ltr'><strong>merito</strong></span> <span class='ocrx_word' id='word_1_394' title='bbox 2800 1012 2996 1065; x_wconf 89' lang='lat' dir='ltr'><strong>dicitur</strong></span> <span class='ocrx_word' id='word_1_395' title='bbox 3031 1014 3094 1068; x_wconf 83' lang='grc'><strong>¹².</strong></span> <span class='ocrx_word' id='word_1_396' title='bbox 3135 1012 3199 1066; x_wconf 86' lang='lat' dir='ltr'><strong>Et</strong></span> <span class='ocrx_word' id='word_1_397' title='bbox 3241 1029 3346 1067; x_wconf 90' lang='lat' dir='ltr'><strong>non</strong></span> <span class='ocrx_word' id='word_1_398' title='bbox 3395 1016 3568 1068; x_wconf 88' lang='lat' dir='ltr'><strong>solum</strong></span> 
     </span>
    </p>
   </div>
   <div class='ocr_carea' id='block_1_54' title="bbox 1995 1101 3568 1175">
    <p class='ocr_par' dir='ltr' id='par_1_54' title="bbox 1995 1101 3568 1175">
     <span class='ocr_line' id='line_1_54' title="bbox 1995 1101 3568 1175; baseline 0.004 -21"><span class='ocrx_word' id='word_1_399' title='bbox 1995 1101 2152 1170; x_wconf 88' lang='lat' dir='ltr'><strong>hujus</strong></span> <span class='ocrx_word' id='word_1_400' title='bbox 2185 1102 2474 1168; x_wconf 60' lang='lat' dir='ltr'><strong>Ecclesia},</strong></span> <span class='ocrx_word' id='word_1_401' title='bbox 2514 1103 2608 1156; x_wconf 90' lang='lat' dir='ltr'><strong>sed</strong></span> <span class='ocrx_word' id='word_1_402' title='bbox 2652 1101 2901 1157; x_wconf 89' lang='lat' dir='ltr'><strong>fortassis</strong></span> <span class='ocrx_word' id='word_1_403' title='bbox 2947 1112 3001 1157; x_wconf 90' lang='lat' dir='ltr'><strong>et</strong></span> <span class='ocrx_word' id='word_1_404' title='bbox 3047 1106 3289 1157; x_wconf 89' lang='lat' dir='ltr'><strong>omnium</strong></span> <span class='ocrx_word' id='word_1_405' title='bbox 3328 1108 3568 1175; x_wconf 87' lang='lat' dir='ltr'><strong>gentium</strong></span> 
     </span>
    </p>
   </div>
   <div class='ocr_carea' id='block_1_55' title="bbox 1995 1193 3567 1264">
    <p class='ocr_par' dir='ltr' id='par_1_55' title="bbox 1995 1193 3567 1264">
     <span class='ocr_line' id='line_1_55' title="bbox 1995 1193 3567 1264; baseline 0.003 -18"><span class='ocrx_word' id='word_1_406' title='bbox 1995 1195 2248 1263; x_wconf 72' lang='lat' dir='ltr'><strong>primitim</strong></span> <span class='ocrx_word' id='word_1_407' title='bbox 2294 1193 2579 1248; x_wconf 91' lang='lat' dir='ltr'><strong>Cornelius</strong></span> <span class='ocrx_word' id='word_1_408' title='bbox 2619 1195 2970 1264; x_wconf 87' lang='lat' dir='ltr'><strong>appellandus</strong></span> <span class='ocrx_word' id='word_1_409' title='bbox 3013 1204 3126 1261; x_wconf 83' lang='lat' dir='ltr'><strong>est;</strong></span> <span class='ocrx_word' id='word_1_410' title='bbox 3167 1196 3370 1264; x_wconf 88' lang='lat' dir='ltr'><strong>primus</strong></span> <span class='ocrx_word' id='word_1_411' title='bbox 3425 1199 3567 1251; x_wconf 89' lang='lat' dir='ltr'><strong>enim</strong></span> 
     </span>
    </p>
   </div>
   <div class='ocr_carea' id='block_1_56' title="bbox 1995 1286 3570 1357">
    <p class='ocr_par' dir='ltr' id='par_1_56' title="bbox 1995 1286 3570 1357">
     <span class='ocr_line' id='line_1_56' title="bbox 1995 1286 3570 1357; baseline 0.003 -18"><span class='ocrx_word' id='word_1_412' title='bbox 1995 1286 2225 1339; x_wconf 91' lang='lat' dir='ltr'><strong>credidit</strong></span> <span class='ocrx_word' id='word_1_413' title='bbox 2257 1301 2322 1340; x_wconf 76' lang='lat' dir='ltr'><strong>ex</strong></span> <span class='ocrx_word' id='word_1_414' title='bbox 2361 1287 2632 1355; x_wconf 86' lang='lat' dir='ltr'><strong>gentibus,</strong></span> <span class='ocrx_word' id='word_1_415' title='bbox 2682 1296 2736 1340; x_wconf 91' lang='lat' dir='ltr'><strong>et</strong></span> <span class='ocrx_word' id='word_1_416' title='bbox 2781 1288 2989 1354; x_wconf 87' lang='lat' dir='ltr'><strong>primus</strong></span> <span class='ocrx_word' id='word_1_417' title='bbox 3026 1297 3217 1341; x_wconf 90' lang='lat' dir='ltr'><strong>sancto</strong></span> <span class='ocrx_word' id='word_1_418' title='bbox 3249 1288 3453 1357; x_wconf 89' lang='lat' dir='ltr'><strong>Spiritu</strong></span> <span class='ocrx_word' id='word_1_419' title='bbox 3485 1305 3570 1344; x_wconf 82' lang='lat' dir='ltr'><strong>re-</strong></span> 
     </span>
    </p>
   </div>
   <div class='ocr_carea' id='block_1_57' title="bbox 1993 1376 3568 1449">
    <p class='ocr_par' dir='ltr' id='par_1_57' title="bbox 1993 1376 3568 1449">
     <span class='ocr_line' id='line_1_57' title="bbox 1993 1376 3568 1449; baseline 0.004 -23"><span class='ocrx_word' id='word_1_420' title='bbox 1993 1377 2170 1445; x_wconf 86' lang='lat' dir='ltr'><strong>pletus</strong></span> <span class='ocrx_word' id='word_1_421' title='bbox 2210 1385 2312 1430; x_wconf 90' lang='lat' dir='ltr'><strong>est.</strong></span> <span class='ocrx_word' id='word_1_422' title='bbox 2341 1376 2407 1430; x_wconf 89' lang='lat' dir='ltr'><strong>Et</strong></span> <span class='ocrx_word' id='word_1_423' title='bbox 2437 1377 2556 1430; x_wconf 89' lang='lat' dir='ltr'><strong>ideo</strong></span> <span class='ocrx_word' id='word_1_424' title='bbox 2592 1386 2736 1430; x_wconf 90' lang='lat' dir='ltr'><strong>recte</strong></span> <span class='ocrx_word' id='word_1_425' title='bbox 2759 1378 3011 1445; x_wconf 68' lang='lat' dir='ltr'><strong>primitiae</strong></span> <span class='ocrx_word' id='word_1_426' title='bbox 3037 1377 3279 1446; x_wconf 86' lang='lat' dir='ltr'><strong>gentium</strong></span> <span class='ocrx_word' id='word_1_427' title='bbox 3327 1380 3568 1449; x_wconf 79' lang='lat' dir='ltr'><strong>appella-</strong></span> 
     </span>
    </p>
   </div>
   <div class='ocr_carea' id='block_1_58' title="bbox 1992 1469 3571 1540">
    <p class='ocr_par' dir='ltr' id='par_1_58' title="bbox 1992 1469 3571 1540">
     <span class='ocr_line' id='line_1_58' title="bbox 1992 1469 3571 1540; baseline 0.001 -16"><span class='ocrx_word' id='word_1_428' title='bbox 1992 1471 2159 1524; x_wconf 88' lang='lat' dir='ltr'><strong>bitur.</strong></span> <span class='ocrx_word' id='word_1_429' title='bbox 2187 1469 2293 1522; x_wconf 85' lang='lat' dir='ltr'><strong>Sed</strong></span> <span class='ocrx_word' id='word_1_430' title='bbox 2331 1470 2564 1537; x_wconf 84' lang='lat' dir='ltr'><strong>requiris</strong></span> <span class='ocrx_word' id='word_1_431' title='bbox 2609 1471 2841 1523; x_wconf 90' lang='lat' dir='ltr'><strong>fortassc</strong></span> <span class='ocrx_word' id='word_1_432' title='bbox 2868 1471 2989 1538; x_wconf 92' lang='lat' dir='ltr'><strong>quis</strong></span> <span class='ocrx_word' id='word_1_433' title='bbox 3043 1471 3178 1524; x_wconf 89' lang='lat' dir='ltr'><strong>istas</strong></span> <span class='ocrx_word' id='word_1_434' title='bbox 3221 1470 3415 1526; x_wconf 79' lang='lat' dir='ltr'><strong>oﬂ‘erat</strong></span> <span class='ocrx_word' id='word_1_435' title='bbox 3459 1472 3571 1540; x_wconf 84' lang='lat' dir='ltr'><strong>pri-</strong></span> 
     </span>
    </p>
   </div>
   <div class='ocr_carea' id='block_1_59' title="bbox 1993 1561 3564 1632">
    <p class='ocr_par' dir='ltr' id='par_1_59' title="bbox 1993 1561 3564 1632">
     <span class='ocr_line' id='line_1_59' title="bbox 1993 1561 3564 1632; baseline 0.001 -17"><span class='ocrx_word' id='word_1_436' title='bbox 1993 1562 2174 1616; x_wconf 90' lang='lat' dir='ltr'><strong>mitias</strong></span> <span class='ocrx_word' id='word_1_437' title='bbox 2205 1561 2333 1620; x_wconf 89' lang='lat' dir='ltr'><strong>Deo,</strong></span> <span class='ocrx_word' id='word_1_438' title='bbox 2360 1572 2450 1613; x_wconf 91' lang='lat' dir='ltr'><strong>aut</strong></span> <span class='ocrx_word' id='word_1_439' title='bbox 2473 1562 2596 1629; x_wconf 89' lang='lat' dir='ltr'><strong>quis</strong></span> <span class='ocrx_word' id='word_1_440' title='bbox 2623 1571 2706 1614; x_wconf 80' lang='lat' dir='ltr'><strong>est</strong></span> <span class='ocrx_word' id='word_1_441' title='bbox 2733 1562 2977 1629; x_wconf 78' lang='lat' dir='ltr'><strong>pontifex</strong></span> <span class='ocrx_word' id='word_1_442' title='bbox 3020 1563 3173 1632; x_wconf 90' lang='lat' dir='ltr'><strong>cujus</strong></span> <span class='ocrx_word' id='word_1_443' title='bbox 3218 1564 3331 1616; x_wconf 76' lang='lat' dir='ltr'><strong>haec</strong></span> <span class='ocrx_word' id='word_1_444' title='bbox 3384 1563 3564 1617; x_wconf 85' lang='lat' dir='ltr'><strong>ratio-</strong></span> 
     </span>
    </p>
   </div>
   <div class='ocr_carea' id='block_1_60' title="bbox 1992 1652 3566 1722">
    <p class='ocr_par' dir='ltr' id='par_1_60' title="bbox 1992 1652 3566 1722">
     <span class='ocr_line' id='line_1_60' title="bbox 1992 1652 3566 1722; baseline 0.001 -15"><span class='ocrx_word' id='word_1_445' title='bbox 1992 1655 2152 1708; x_wconf 91' lang='lat' dir='ltr'><strong>nibus</strong></span> <span class='ocrx_word' id='word_1_446' title='bbox 2175 1654 2390 1707; x_wconf 89' lang='lat' dir='ltr'><strong>cedant.</strong></span> <span class='ocrx_word' id='word_1_447' title='bbox 2425 1652 2535 1720; x_wconf 81' lang='lat' dir='ltr'><strong>Ego</strong></span> <span class='ocrx_word' id='word_1_448' title='bbox 2567 1653 2804 1707; x_wconf 85' lang='lat' dir='ltr'><strong>arbitror</strong></span> <span class='ocrx_word' id='word_1_449' title='bbox 2842 1654 2982 1722; x_wconf 89' lang='lat' dir='ltr'><strong>quod</strong></span> <span class='ocrx_word' id='word_1_450' title='bbox 3023 1655 3314 1708; x_wconf 88' lang='lat' dir='ltr'><strong>secundum</strong></span> <span class='ocrx_word' id='word_1_451' title='bbox 3351 1655 3566 1708; x_wconf 90' lang='lat' dir='ltr'><strong>Domini</strong></span> 
     </span>
    </p>
   </div>
   <div class='ocr_carea' id='block_1_61' title="bbox 1991 1743 3563 1813">
    <p class='ocr_par' dir='ltr' id='par_1_61' title="bbox 1991 1743 3563 1813">
     <span class='ocr_line' id='line_1_61' title="bbox 1991 1743 3563 1813; baseline 0.003 -19"><span class='ocrx_word' id='word_1_452' title='bbox 1991 1745 2214 1798; x_wconf 79' lang='lat' dir='ltr'><strong>verbum</strong></span> <span class='ocrx_word' id='word_1_453' title='bbox 2245 1759 2372 1812; x_wconf 86' lang='lat' dir='ltr'><strong>ager</strong></span> <span class='ocrx_word' id='word_1_454' title='bbox 2400 1744 2612 1798; x_wconf 89' lang='lat' dir='ltr'><strong>dicatur</strong></span> <span class='ocrx_word' id='word_1_455' title='bbox 2648 1743 2733 1797; x_wconf 91' lang='lat' dir='ltr'><strong>hic</strong></span> <span class='ocrx_word' id='word_1_456' title='bbox 2763 1745 3014 1798; x_wconf 85' lang='lat' dir='ltr'><strong>mundus.</strong></span> <span class='ocrx_word' id='word_1_457' title='bbox 3051 1745 3193 1813; x_wconf 89' lang='lat' dir='ltr'><strong>Ager</strong></span> <span class='ocrx_word' id='word_1_458' title='bbox 3229 1756 3409 1798; x_wconf 90' lang='lat' dir='ltr'><strong>autem</strong></span> <span class='ocrx_word' id='word_1_459' title='bbox 3457 1761 3563 1799; x_wconf 87' lang='lat' dir='ltr'><strong>non</strong></span> 
     </span>
    </p>
   </div>
   <div class='ocr_carea' id='block_1_62' title="bbox 1994 1834 3558 1904">
    <p class='ocr_par' dir='ltr' id='par_1_62' title="bbox 1994 1834 3558 1904">
     <span class='ocr_line' id='line_1_62' title="bbox 1994 1834 3558 1904; baseline -0.001 -15"><span class='ocrx_word' id='word_1_460' title='bbox 1994 1846 2150 1889; x_wconf 73' lang='lat' dir='ltr'><strong>terrre</strong></span> <span class='ocrx_word' id='word_1_461' title='bbox 2207 1835 2419 1900; x_wconf 92' lang='lat' dir='ltr'><strong>solum,</strong></span> <span class='ocrx_word' id='word_1_462' title='bbox 2470 1834 2564 1889; x_wconf 91' lang='lat' dir='ltr'><strong>sed</strong></span> <span class='ocrx_word' id='word_1_463' title='bbox 2631 1835 2794 1887; x_wconf 85' lang='lat' dir='ltr'><strong>corda</strong></span> <span class='ocrx_word' id='word_1_464' title='bbox 2866 1835 3239 1904; x_wconf 86' lang='lat' dir='ltr'><strong>intelliguntur</strong></span> <span class='ocrx_word' id='word_1_465' title='bbox 3287 1836 3558 1900; x_wconf 88' lang='lat' dir='ltr'><strong>humana,</strong></span> 
     </span>
    </p>
   </div>
   <div class='ocr_carea' id='block_1_63' title="bbox 1989 1928 3568 1998">
    <p class='ocr_par' dir='ltr' id='par_1_63' title="bbox 1989 1928 3568 1998">
     <span class='ocr_line' id='line_1_63' title="bbox 1989 1928 3568 1998; baseline 0.001 -19"><span class='ocrx_word' id='word_1_466' title='bbox 1989 1942 2148 1996; x_wconf 89' lang='lat' dir='ltr'><strong>quem</strong></span> <span class='ocrx_word' id='word_1_467' title='bbox 2224 1943 2408 1998; x_wconf 88' lang='lat' dir='ltr'><strong>agrum</strong></span> <span class='ocrx_word' id='word_1_468' title='bbox 2484 1928 2656 1998; x_wconf 90' lang='lat' dir='ltr'><strong>angeli</strong></span> <span class='ocrx_word' id='word_1_469' title='bbox 2740 1928 2834 1981; x_wconf 86' lang='lat' dir='ltr'><strong>Dei</strong></span> <span class='ocrx_word' id='word_1_470' title='bbox 2909 1928 3248 1995; x_wconf 86' lang='lat' dir='ltr'><strong>susceperint</strong></span> <span class='ocrx_word' id='word_1_471' title='bbox 3318 1928 3568 1982; x_wconf 79' lang='lat' dir='ltr'><strong>excolen-</strong></span> 
     </span>
    </p>
   </div>
   <div class='ocr_carea' id='block_1_64' title="bbox 1990 2019 3561 2090">
    <p class='ocr_par' dir='ltr' id='par_1_64' title="bbox 1990 2019 3561 2090">
     <span class='ocr_line' id='line_1_64' title="bbox 1990 2019 3561 2090; baseline 0.001 -17"><span class='ocrx_word' id='word_1_472' title='bbox 1990 2021 2113 2073; x_wconf 91' lang='lat' dir='ltr'><strong>dum</strong></span> <span class='ocrx_word' id='word_1_473' title='bbox 2157 2020 2291 2090; x_wconf 76' lang='grc'><strong>(14).</strong></span> <span class='ocrx_word' id='word_1_474' title='bbox 2335 2019 2573 2075; x_wconf 52' lang='lat' dir='ltr'><strong>Cultura;</strong></span> <span class='ocrx_word' id='word_1_475' title='bbox 2613 2036 2744 2090; x_wconf 88' lang='lat' dir='ltr'><strong>ergo</strong></span> <span class='ocrx_word' id='word_1_476' title='bbox 2773 2036 2880 2074; x_wconf 86' lang='lat' dir='ltr'><strong>suae</strong></span> <span class='ocrx_word' id='word_1_477' title='bbox 2930 2019 3139 2074; x_wconf 85' lang='lat' dir='ltr'><strong>fructus</strong></span> <span class='ocrx_word' id='word_1_478' title='bbox 3178 2020 3279 2089; x_wconf 92' lang='lat' dir='ltr'><strong>ipsi</strong></span> <span class='ocrx_word' id='word_1_479' title='bbox 3342 2022 3561 2089; x_wconf 90' lang='lat' dir='ltr'><strong>quidem</strong></span> 
     </span>
    </p>
   </div>
   <div class='ocr_carea' id='block_1_65' title="bbox 1989 2110 3565 2180">
    <p class='ocr_par' dir='ltr' id='par_1_65' title="bbox 1989 2110 3565 2180">
     <span class='ocr_line' id='line_1_65' title="bbox 1989 2110 3565 2180; baseline 0.001 -17"><span class='ocrx_word' id='word_1_480' title='bbox 1989 2111 2283 2178; x_wconf 87' lang='lat' dir='ltr'><strong>possident,</strong></span> <span class='ocrx_word' id='word_1_481' title='bbox 2316 2121 2370 2166; x_wconf 93' lang='lat' dir='ltr'><strong>et</strong></span> <span class='ocrx_word' id='word_1_482' title='bbox 2397 2113 2618 2176; x_wconf 88' lang='lat' dir='ltr'><strong>habent,</strong></span> <span class='ocrx_word' id='word_1_483' title='bbox 2652 2127 2746 2166; x_wconf 90' lang='lat' dir='ltr'><strong>eos</strong></span> <span class='ocrx_word' id='word_1_484' title='bbox 2771 2110 3024 2166; x_wconf 86' lang='lat' dir='ltr'><strong>videlicet</strong></span> <span class='ocrx_word' id='word_1_485' title='bbox 3070 2111 3158 2179; x_wconf 90' lang='lat' dir='ltr'><strong>qui</strong></span> <span class='ocrx_word' id='word_1_486' title='bbox 3214 2112 3315 2164; x_wconf 91' lang='lat' dir='ltr'><strong>sub</strong></span> <span class='ocrx_word' id='word_1_487' title='bbox 3365 2127 3565 2180; x_wconf 85' lang='lat' dir='ltr'><strong>procu-</strong></span> 
     </span>
    </p>
   </div>
   <div class='ocr_carea' id='block_1_66' title="bbox 1991 2202 3564 2276">
    <p class='ocr_par' dir='ltr' id='par_1_66' title="bbox 1991 2202 3564 2276">
     <span class='ocr_line' id='line_1_66' title="bbox 1991 2202 3564 2276; baseline 0.004 -22"><span class='ocrx_word' id='word_1_488' title='bbox 1991 2202 2296 2256; x_wconf 88' lang='lat' dir='ltr'><strong>rationibus</strong></span> <span class='ocrx_word' id='word_1_489' title='bbox 2327 2213 2519 2272; x_wconf 86' lang='lat' dir='ltr'><strong>agunt,</strong></span> <span class='ocrx_word' id='word_1_490' title='bbox 2566 2214 2622 2257; x_wconf 90' lang='lat' dir='ltr'><strong>et</strong></span> <span class='ocrx_word' id='word_1_491' title='bbox 2657 2202 2951 2265; x_wconf 90' lang='lat' dir='ltr'><strong>actoribus.</strong></span> <span class='ocrx_word' id='word_1_492' title='bbox 3007 2211 3064 2258; x_wconf 88' lang='lat' dir='ltr'><strong>et</strong></span> <span class='ocrx_word' id='word_1_493' title='bbox 3106 2203 3343 2257; x_wconf 91' lang='lat' dir='ltr'><strong>nondum</strong></span> <span class='ocrx_word' id='word_1_494' title='bbox 3393 2220 3564 2276; x_wconf 86' lang='lat' dir='ltr'><strong>usque</strong></span> 
     </span>
    </p>
   </div>
   <div class='ocr_carea' id='block_1_67' title="bbox 1988 2292 3563 2364">
    <p class='ocr_par' dir='ltr' id='par_1_67' title="bbox 1988 2292 3563 2364">
     <span class='ocr_line' id='line_1_67' title="bbox 1988 2292 3563 2364; baseline 0.003 -21"><span class='ocrx_word' id='word_1_495' title='bbox 1988 2296 2054 2346; x_wconf 92' lang='lat' dir='ltr'><strong>ad</strong></span> <span class='ocrx_word' id='word_1_496' title='bbox 2080 2307 2350 2345; x_wconf 88' lang='lat' dir='ltr'><strong>summam</strong></span> <span class='ocrx_word' id='word_1_497' title='bbox 2377 2303 2590 2346; x_wconf 71' lang='lat' dir='ltr'><strong>aztatem</strong></span> <span class='ocrx_word' id='word_1_498' title='bbox 2619 2292 2969 2361; x_wconf 84' lang='lat' dir='ltr'><strong>perfectionis</strong></span> <span class='ocrx_word' id='word_1_499' title='bbox 3018 2299 3306 2347; x_wconf 86' lang='lat' dir='ltr'><strong>venerunt.</strong></span> <span class='ocrx_word' id='word_1_500' title='bbox 3341 2293 3398 2347; x_wconf 93' lang='lat' dir='ltr'><strong>Si</strong></span> <span class='ocrx_word' id='word_1_501' title='bbox 3425 2310 3563 2364; x_wconf 85' lang='lat' dir='ltr'><strong>quo-</strong></span> 
     </span>
    </p>
   </div>
   <div class='ocr_carea' id='block_1_68' title="bbox 1989 2384 3556 2454">
    <p class='ocr_par' dir='ltr' id='par_1_68' title="bbox 1989 2384 3556 2454">
     <span class='ocr_line' id='line_1_68' title="bbox 1989 2384 3556 2454; baseline 0.001 -16"><span class='ocrx_word' id='word_1_502' title='bbox 1989 2400 2108 2438; x_wconf 85' lang='lat' dir='ltr'><strong>rum</strong></span> <span class='ocrx_word' id='word_1_503' title='bbox 2139 2399 2266 2437; x_wconf 90' lang='lat' dir='ltr'><strong>vero</strong></span> <span class='ocrx_word' id='word_1_504' title='bbox 2289 2386 2450 2438; x_wconf 91' lang='lat' dir='ltr'><strong>corda</strong></span> <span class='ocrx_word' id='word_1_505' title='bbox 2487 2385 2771 2454; x_wconf 88' lang='lat' dir='ltr'><strong>diligenter</strong></span> <span class='ocrx_word' id='word_1_506' title='bbox 2797 2384 3040 2448; x_wconf 83' lang='lat' dir='ltr'><strong>exculta,</strong></span> <span class='ocrx_word' id='word_1_507' title='bbox 3075 2393 3133 2438; x_wconf 92' lang='lat' dir='ltr'><strong>et</strong></span> <span class='ocrx_word' id='word_1_508' title='bbox 3156 2385 3223 2439; x_wconf 91' lang='lat' dir='ltr'><strong>ad</strong></span> <span class='ocrx_word' id='word_1_509' title='bbox 3254 2386 3556 2454; x_wconf 89' lang='lat' dir='ltr'><strong>perfectum</strong></span> 
     </span>
    </p>
   </div>
   <div class='ocr_carea' id='block_1_69' title="bbox 1988 2477 3558 2547">
    <p class='ocr_par' dir='ltr' id='par_1_69' title="bbox 1988 2477 3558 2547">
     <span class='ocr_line' id='line_1_69' title="bbox 1988 2477 3558 2547; baseline 0 -17"><span class='ocrx_word' id='word_1_510' title='bbox 1988 2478 2242 2546; x_wconf 87' lang='lat' dir='ltr'><strong>perducta</strong></span> <span class='ocrx_word' id='word_1_511' title='bbox 2283 2487 2431 2541; x_wconf 91' lang='lat' dir='ltr'><strong>sunt,</strong></span> <span class='ocrx_word' id='word_1_512' title='bbox 2477 2478 2576 2532; x_wconf 91' lang='lat' dir='ltr'><strong>hos</strong></span> <span class='ocrx_word' id='word_1_513' title='bbox 2618 2487 2871 2546; x_wconf 89' lang='lat' dir='ltr'><strong>tanquam</strong></span> <span class='ocrx_word' id='word_1_514' title='bbox 2916 2477 3116 2531; x_wconf 91' lang='lat' dir='ltr'><strong>electos</strong></span> <span class='ocrx_word' id='word_1_515' title='bbox 3151 2483 3206 2530; x_wconf 90' lang='lat' dir='ltr'><strong>et</strong></span> <span class='ocrx_word' id='word_1_516' title='bbox 3256 2478 3558 2547; x_wconf 61' lang='lat' dir='ltr'><strong>praecipuos</strong></span> 
     </span>
    </p>
   </div>
   <div class='ocr_carea' id='block_1_70' title="bbox 1987 2565 3560 2638">
    <p class='ocr_par' dir='ltr' id='par_1_70' title="bbox 1987 2565 3560 2638">
     <span class='ocr_line' id='line_1_70' title="bbox 1987 2565 3560 2638; baseline 0.001 -16"><span class='ocrx_word' id='word_1_517' title='bbox 1987 2584 2050 2623; x_wconf 87' lang='lat' dir='ltr'><strong>ex</strong></span> <span class='ocrx_word' id='word_1_518' title='bbox 2079 2569 2293 2621; x_wconf 69' lang='lat' dir='ltr'><strong>caneris</strong></span> <span class='ocrx_word' id='word_1_519' title='bbox 2321 2569 2592 2636; x_wconf 89' lang='lat' dir='ltr'><strong>primitias</strong></span> <span class='ocrx_word' id='word_1_520' title='bbox 2625 2565 2862 2622; x_wconf 74' lang='lat' dir='ltr'><strong>offerunt</strong></span> <span class='ocrx_word' id='word_1_521' title='bbox 2905 2567 3144 2638; x_wconf 77' lang='lat' dir='ltr'><strong>pontifici</strong></span> <span class='ocrx_word' id='word_1_522' title='bbox 3185 2584 3403 2637; x_wconf 78' lang='lat' dir='ltr'><strong>magno.</strong></span> <span class='ocrx_word' id='word_1_523' title='bbox 3455 2569 3560 2623; x_wconf 90' lang='lat' dir='ltr'><strong>De-</strong></span> 
     </span>
    </p>
   </div>
   <div class='ocr_carea' id='block_1_71' title="bbox 1987 2659 3561 2730">
    <p class='ocr_par' dir='ltr' id='par_1_71' title="bbox 1987 2659 3561 2730">
     <span class='ocr_line' id='line_1_71' title="bbox 1987 2659 3561 2730; baseline 0 -16"><span class='ocrx_word' id='word_1_524' title='bbox 1987 2661 2150 2729; x_wconf 88' lang='lat' dir='ltr'><strong>nique</strong></span> <span class='ocrx_word' id='word_1_525' title='bbox 2176 2661 2481 2715; x_wconf 86' lang='lat' dir='ltr'><strong>invenimus</strong></span> <span class='ocrx_word' id='word_1_526' title='bbox 2504 2661 2676 2728; x_wconf 89' lang='lat' dir='ltr'><strong>ipsum</strong></span> <span class='ocrx_word' id='word_1_527' title='bbox 2704 2659 3014 2715; x_wconf 89' lang='lat' dir='ltr'><strong>Cornelium</strong></span> <span class='ocrx_word' id='word_1_528' title='bbox 3035 2671 3330 2730; x_wconf 85' lang='lat' dir='ltr'><strong>antequam</strong></span> <span class='ocrx_word' id='word_1_529' title='bbox 3356 2661 3561 2716; x_wconf 88' lang='lat' dir='ltr'><strong>doctri-</strong></span> 
     </span>
    </p>
   </div>
   <div class='ocr_carea' id='block_1_72' title="bbox 1987 2749 3561 2819">
    <p class='ocr_par' dir='ltr' id='par_1_72' title="bbox 1987 2749 3561 2819">
     <span class='ocr_line' id='line_1_72' title="bbox 1987 2749 3561 2819; baseline 0 -15"><span class='ocrx_word' id='word_1_530' title='bbox 1987 2766 2108 2804; x_wconf 90' lang='lat' dir='ltr'><strong>nam</strong></span> <span class='ocrx_word' id='word_1_531' title='bbox 2143 2749 2288 2803; x_wconf 83' lang='lat' dir='ltr'><strong>verbi</strong></span> <span class='ocrx_word' id='word_1_532' title='bbox 2342 2749 2455 2813; x_wconf 90' lang='lat' dir='ltr'><strong>Dei,</strong></span> <span class='ocrx_word' id='word_1_533' title='bbox 2498 2751 2579 2804; x_wconf 91' lang='lat' dir='ltr'><strong>vel</strong></span> <span class='ocrx_word' id='word_1_534' title='bbox 2636 2749 2864 2818; x_wconf 81' lang='lat' dir='ltr'><strong>gratiam</strong></span> <span class='ocrx_word' id='word_1_535' title='bbox 2900 2749 3150 2819; x_wconf 89' lang='lat' dir='ltr'><strong>baptismi</strong></span> <span class='ocrx_word' id='word_1_536' title='bbox 3196 2750 3500 2819; x_wconf 89' lang='lat' dir='ltr'><strong>susciperct</strong></span> <span class='ocrx_word' id='word_1_537' title='bbox 3529 2767 3561 2804; x_wconf 87' lang='lat' dir='ltr'><strong>a</strong></span> 
     </span>
    </p>
   </div>
   <div class='ocr_carea' id='block_1_73' title="bbox 1984 2839 3560 2910">
    <p class='ocr_par' dir='ltr' id='par_1_73' title="bbox 1984 2839 3560 2910">
     <span class='ocr_line' id='line_1_73' title="bbox 1984 2839 3560 2910; baseline -0.001 -15"><span class='ocrx_word' id='word_1_538' title='bbox 1984 2841 2169 2904; x_wconf 90' lang='lat' dir='ltr'><strong>Petro,</strong></span> <span class='ocrx_word' id='word_1_539' title='bbox 2213 2841 2428 2895; x_wconf 89' lang='lat' dir='ltr'><strong>audisse</strong></span> <span class='ocrx_word' id='word_1_540' title='bbox 2470 2843 2537 2894; x_wconf 89' lang='lat' dir='ltr'><strong>ab</strong></span> <span class='ocrx_word' id='word_1_541' title='bbox 2573 2840 2782 2909; x_wconf 86' lang='lat' dir='ltr'><strong>angelo,</strong></span> <span class='ocrx_word' id='word_1_542' title='bbox 2839 2839 2965 2907; x_wconf 87' lang='lat' dir='ltr'><strong>quia</strong></span> <span class='ocrx_word' id='word_1_543' title='bbox 3005 2842 3282 2894; x_wconf 90' lang='lat' dir='ltr'><strong>orationes</strong></span> <span class='ocrx_word' id='word_1_544' title='bbox 3346 2841 3462 2910; x_wconf 90' lang='lat' dir='ltr'><strong>ejus</strong></span> <span class='ocrx_word' id='word_1_545' title='bbox 3506 2851 3560 2894; x_wconf 89' lang='lat' dir='ltr'><strong>et</strong></span> 
     </span>
    </p>
   </div>
   <div class='ocr_carea' id='block_1_74' title="bbox 1985 2931 3562 3004">
    <p class='ocr_par' dir='ltr' id='par_1_74' title="bbox 1985 2931 3562 3004">
     <span class='ocr_line' id='line_1_74' title="bbox 1985 2931 3562 3004; baseline -0.001 -18"><span class='ocrx_word' id='word_1_546' title='bbox 1985 2933 2340 3004; x_wconf 72' lang='lat' dir='ltr'><strong>eleemosynm</strong></span> <span class='ocrx_word' id='word_1_547' title='bbox 2367 2935 2741 2987; x_wconf 80' lang='lat' dir='ltr'><strong>ascendissent</strong></span> <span class='ocrx_word' id='word_1_548' title='bbox 2781 2931 2849 2985; x_wconf 91' lang='lat' dir='ltr'><strong>ad</strong></span> <span class='ocrx_word' id='word_1_549' title='bbox 2876 2932 3040 2986; x_wconf 89' lang='lat' dir='ltr'><strong>Deum</strong></span> <span class='ocrx_word' id='word_1_550' title='bbox 3075 2933 3138 2997; x_wconf 83' lang='grc'><strong>¹³,</strong></span> <span class='ocrx_word' id='word_1_551' title='bbox 3173 2933 3314 2986; x_wconf 89' lang='lat' dir='ltr'><strong>unde</strong></span> <span class='ocrx_word' id='word_1_552' title='bbox 3361 2941 3414 2986; x_wconf 89' lang='lat' dir='ltr'><strong>et</strong></span> <span class='ocrx_word' id='word_1_553' title='bbox 3463 2947 3562 3001; x_wconf 84' lang='lat' dir='ltr'><strong>per</strong></span> 
     </span>
    </p>
   </div>
   <div class='ocr_carea' id='block_1_75' title="bbox 1988 3025 3558 3097">
    <p class='ocr_par' dir='ltr' id='par_1_75' title="bbox 1988 3025 3558 3097">
     <span class='ocr_line' id='line_1_75' title="bbox 1988 3025 3558 3097; baseline -0.001 -17"><span class='ocrx_word' id='word_1_554' title='bbox 1988 3027 2161 3096; x_wconf 88' lang='lat' dir='ltr'><strong>ipsum</strong></span> <span class='ocrx_word' id='word_1_555' title='bbox 2189 3027 2436 3097; x_wconf 80' lang='lat' dir='ltr'><strong>angelum</strong></span> <span class='ocrx_word' id='word_1_556' title='bbox 2468 3028 2679 3081; x_wconf 87' lang='lat' dir='ltr'><strong>videtur</strong></span> <span class='ocrx_word' id='word_1_557' title='bbox 2722 3027 2832 3082; x_wconf 88' lang='lat' dir='ltr'><strong>Deo</strong></span> <span class='ocrx_word' id='word_1_558' title='bbox 2871 3027 3126 3096; x_wconf 68' lang='lat' dir='ltr'><strong>primitiae</strong></span> <span class='ocrx_word' id='word_1_559' title='bbox 3177 3025 3396 3080; x_wconf 91' lang='lat' dir='ltr'><strong>oblatus</strong></span> <span class='ocrx_word' id='word_1_560' title='bbox 3433 3039 3558 3079; x_wconf 85' lang='lat' dir='ltr'><strong>esse</strong></span> 
     </span>
    </p>
   </div>
   <div class='ocr_carea' id='block_1_76' title="bbox 1985 3115 3558 3181">
    <p class='ocr_par' dir='ltr' id='par_1_76' title="bbox 1985 3115 3558 3181">
     <span class='ocr_line' id='line_1_76' title="bbox 1985 3115 3558 3181; baseline -0.004 -7"><span class='ocrx_word' id='word_1_561' title='bbox 1985 3120 2292 3174; x_wconf 79' lang='lat' dir='ltr'><strong>Cornelius.</strong></span> <span class='ocrx_word' id='word_1_562' title='bbox 2331 3118 2625 3174; x_wconf 89' lang='lat' dir='ltr'><strong>Possumus</strong></span> <span class='ocrx_word' id='word_1_563' title='bbox 2652 3129 2831 3172; x_wconf 91' lang='lat' dir='ltr'><strong>autem</strong></span> <span class='ocrx_word' id='word_1_564' title='bbox 2858 3119 3040 3172; x_wconf 86' lang='lat' dir='ltr'><strong>dicere</strong></span> <span class='ocrx_word' id='word_1_565' title='bbox 3067 3117 3230 3172; x_wconf 90' lang='lat' dir='ltr'><strong>etiam</strong></span> <span class='ocrx_word' id='word_1_566' title='bbox 3281 3118 3347 3171; x_wconf 92' lang='lat' dir='ltr'><strong>de</strong></span> <span class='ocrx_word' id='word_1_567' title='bbox 3375 3115 3558 3181; x_wconf 88' lang='lat' dir='ltr'><strong>Petro,</strong></span> 
     </span>
    </p>
   </div>
   <div class='ocr_carea' id='block_1_77' title="bbox 1983 3207 3554 3280">
    <p class='ocr_par' dir='ltr' id='par_1_77' title="bbox 1983 3207 3554 3280">
     <span class='ocr_line' id='line_1_77' title="bbox 1983 3207 3554 3280; baseline -0.002 -15"><span class='ocrx_word' id='word_1_568' title='bbox 1983 3222 2036 3265; x_wconf 92' lang='lat' dir='ltr'><strong>et</strong></span> <span class='ocrx_word' id='word_1_569' title='bbox 2065 3211 2230 3266; x_wconf 85' lang='lat' dir='ltr'><strong>Paulo</strong></span> <span class='ocrx_word' id='word_1_570' title='bbox 2256 3211 2576 3280; x_wconf 62' lang='lat' dir='ltr'><strong>exterisque</strong></span> <span class='ocrx_word' id='word_1_571' title='bbox 2605 3211 2888 3278; x_wconf 88' lang='lat' dir='ltr'><strong>apostolis,</strong></span> <span class='ocrx_word' id='word_1_572' title='bbox 2913 3211 3053 3279; x_wconf 92' lang='lat' dir='ltr'><strong>quod</strong></span> <span class='ocrx_word' id='word_1_573' title='bbox 3088 3220 3143 3262; x_wconf 89' lang='lat' dir='ltr'><strong>et</strong></span> <span class='ocrx_word' id='word_1_574' title='bbox 3185 3210 3284 3277; x_wconf 89' lang='lat' dir='ltr'><strong>ipsi</strong></span> <span class='ocrx_word' id='word_1_575' title='bbox 3325 3207 3554 3263; x_wconf 86' lang='lat' dir='ltr'><strong>creden-</strong></span> 
     </span>
    </p>
   </div>
   <div class='ocr_carea' id='block_1_78' title="bbox 1984 3300 3554 3373">
    <p class='ocr_par' dir='ltr' id='par_1_78' title="bbox 1984 3300 3554 3373">
     <span class='ocr_line' id='line_1_78' title="bbox 1984 3300 3554 3373; baseline -0.003 -17"><span class='ocrx_word' id='word_1_576' title='bbox 1984 3305 2112 3357; x_wconf 90' lang='lat' dir='ltr'><strong>tium</strong></span> <span class='ocrx_word' id='word_1_577' title='bbox 2144 3319 2237 3373; x_wconf 92' lang='lat' dir='ltr'><strong>per</strong></span> <span class='ocrx_word' id='word_1_578' title='bbox 2275 3319 2332 3358; x_wconf 91' lang='lat' dir='ltr'><strong>se</strong></span> <span class='ocrx_word' id='word_1_579' title='bbox 2362 3303 2627 3372; x_wconf 87' lang='lat' dir='ltr'><strong>primitias</strong></span> <span class='ocrx_word' id='word_1_580' title='bbox 2669 3301 2920 3365; x_wconf 79' lang='lat' dir='ltr'><strong>oli‘erant,</strong></span> <span class='ocrx_word' id='word_1_581' title='bbox 2973 3302 3112 3355; x_wconf 89' lang='lat' dir='ltr'><strong>sicut</strong></span> <span class='ocrx_word' id='word_1_582' title='bbox 3149 3300 3280 3355; x_wconf 89' lang='lat' dir='ltr'><strong>dicit</strong></span> <span class='ocrx_word' id='word_1_583' title='bbox 3321 3301 3554 3369; x_wconf 81' lang='lat' dir='ltr'><strong>Aposto-</strong></span> 
     </span>
    </p>
   </div>
   <div class='ocr_carea' id='block_1_79' title="bbox 1981 3383 3554 3464">
    <p class='ocr_par' dir='ltr' id='par_1_79' title="bbox 1981 3383 3554 3464">
     <span class='ocr_line' id='line_1_79' title="bbox 1981 3383 3554 3464; baseline -0.006 -15"><span class='ocrx_word' id='word_1_584' title='bbox 1981 3396 2063 3450; x_wconf 90' lang='lat' dir='ltr'><strong>lus</strong></span> <span class='ocrx_word' id='word_1_585' title='bbox 2096 3395 2160 3460; x_wconf 80' lang='grc'><strong>¹¹⁶,</strong></span> <span class='ocrx_word' id='word_1_586' title='bbox 2191 3397 2312 3464; x_wconf 89' lang='lat' dir='ltr'><strong>quia</strong></span> <span class='ocrx_word' id='word_1_587' title='bbox 2340 3396 2406 3449; x_wconf 90' lang='lat' dir='ltr'><strong>ab</strong></span> <span class='ocrx_word' id='word_1_588' title='bbox 2429 3383 2731 3448; x_wconf 85' lang='lat' dir='ltr'><strong>Jerusalem</strong></span> <span class='ocrx_word' id='word_1_589' title='bbox 2766 3395 2818 3446; x_wconf 90' lang='lat' dir='ltr'><strong>in</strong></span> <span class='ocrx_word' id='word_1_590' title='bbox 2851 3393 3078 3447; x_wconf 91' lang='lat' dir='ltr'><strong>circuitu</strong></span> <span class='ocrx_word' id='word_1_591' title='bbox 3109 3406 3278 3460; x_wconf 90' lang='lat' dir='ltr'><strong>usque</strong></span> <span class='ocrx_word' id='word_1_592' title='bbox 3322 3391 3388 3444; x_wconf 92' lang='lat' dir='ltr'><strong>ad</strong></span> <span class='ocrx_word' id='word_1_593' title='bbox 3425 3389 3554 3461; x_wconf 76' lang='lat' dir='ltr'><strong>Illy-</strong></span> 
     </span>
    </p>
   </div>
   <div class='ocr_carea' id='block_1_80' title="bbox 1982 3483 3550 3556">
    <p class='ocr_par' dir='ltr' id='par_1_80' title="bbox 1982 3483 3550 3556">
     <span class='ocr_line' id='line_1_80' title="bbox 1982 3483 3550 3556; baseline -0.003 -16"><span class='ocrx_word' id='word_1_594' title='bbox 1982 3489 2149 3541; x_wconf 91' lang='lat' dir='ltr'><strong>ricum</strong></span> <span class='ocrx_word' id='word_1_595' title='bbox 2192 3487 2478 3556; x_wconf 85' lang='lat' dir='ltr'><strong>repleverit</strong></span> <span class='ocrx_word' id='word_1_596' title='bbox 2509 3487 2863 3556; x_wconf 86' lang='lat' dir='ltr'><strong>Evangelium</strong></span> <span class='ocrx_word' id='word_1_597' title='bbox 2911 3484 3133 3550; x_wconf 89' lang='lat' dir='ltr'><strong>Christi,</strong></span> <span class='ocrx_word' id='word_1_598' title='bbox 3169 3495 3223 3538; x_wconf 93' lang='lat' dir='ltr'><strong>et</strong></span> <span class='ocrx_word' id='word_1_599' title='bbox 3255 3485 3325 3537; x_wconf 91' lang='lat' dir='ltr'><strong>ita</strong></span> <span class='ocrx_word' id='word_1_600' title='bbox 3353 3483 3550 3553; x_wconf 81' lang='lat' dir='ltr'><strong>praedi-</strong></span> 
     </span>
    </p>
   </div>
   <div class='ocr_carea' id='block_1_81' title="bbox 1981 3574 3557 3649">
    <p class='ocr_par' dir='ltr' id='par_1_81' title="bbox 1981 3574 3557 3649">
     <span class='ocr_line' id='line_1_81' title="bbox 1981 3574 3557 3649; baseline -0.003 -16"><span class='ocrx_word' id='word_1_601' title='bbox 1981 3581 2184 3634; x_wconf 86' lang='lat' dir='ltr'><strong>caverit</strong></span> <span class='ocrx_word' id='word_1_602' title='bbox 2221 3579 2566 3649; x_wconf 86' lang='lat' dir='ltr'><strong>Evangelium</strong></span> <span class='ocrx_word' id='word_1_603' title='bbox 2601 3594 2708 3632; x_wconf 91' lang='lat' dir='ltr'><strong>non</strong></span> <span class='ocrx_word' id='word_1_604' title='bbox 2766 3578 2856 3631; x_wconf 93' lang='lat' dir='ltr'><strong>ubi</strong></span> <span class='ocrx_word' id='word_1_605' title='bbox 2905 3577 3218 3632; x_wconf 87' lang='lat' dir='ltr'><strong>nominatus</strong></span> <span class='ocrx_word' id='word_1_606' title='bbox 3271 3585 3352 3628; x_wconf 92' lang='lat' dir='ltr'><strong>est</strong></span> <span class='ocrx_word' id='word_1_607' title='bbox 3398 3574 3557 3628; x_wconf 85' lang='lat' dir='ltr'><strong>Chri-</strong></span> 
     </span>
    </p>
   </div>
   <div class='ocr_carea' id='block_1_82' title="bbox 1979 3666 3552 3738">
    <p class='ocr_par' dir='ltr' id='par_1_82' title="bbox 1979 3666 3552 3738">
     <span class='ocr_line' id='line_1_82' title="bbox 1979 3666 3552 3738; baseline -0.004 -13"><span class='ocrx_word' id='word_1_608' title='bbox 1979 3680 2116 3736; x_wconf 91' lang='lat' dir='ltr'><strong>stus,</strong></span> <span class='ocrx_word' id='word_1_609' title='bbox 2166 3686 2237 3725; x_wconf 88' lang='lat' dir='ltr'><strong>ne</strong></span> <span class='ocrx_word' id='word_1_610' title='bbox 2289 3685 2452 3738; x_wconf 88' lang='lat' dir='ltr'><strong>super</strong></span> <span class='ocrx_word' id='word_1_611' title='bbox 2509 3670 2748 3724; x_wconf 91' lang='lat' dir='ltr'><strong>alienum</strong></span> <span class='ocrx_word' id='word_1_612' title='bbox 2786 3667 3198 3721; x_wconf 86' lang='lat' dir='ltr'><strong>fundamentum</strong></span> <span class='ocrx_word' id='word_1_613' title='bbox 3232 3666 3552 3719; x_wconf 73' lang='lat' dir='ltr'><strong>mdiﬁcaret.</strong></span> 
     </span>
    </p>
   </div>
   <div class='ocr_carea' id='block_1_83' title="bbox 1977 3755 3557 3831">
    <p class='ocr_par' dir='ltr' id='par_1_83' title="bbox 1977 3755 3557 3831">
     <span class='ocr_line' id='line_1_83' title="bbox 1977 3755 3557 3831; baseline -0.006 -15"><span class='ocrx_word' id='word_1_614' title='bbox 1977 3762 2192 3816; x_wconf 88' lang='lat' dir='ltr'><strong>Intuere</strong></span> <span class='ocrx_word' id='word_1_615' title='bbox 2229 3775 2358 3831; x_wconf 89' lang='lat' dir='ltr'><strong>ergo</strong></span> <span class='ocrx_word' id='word_1_616' title='bbox 2381 3760 2630 3826; x_wconf 87' lang='lat' dir='ltr'><strong>Paulum,</strong></span> <span class='ocrx_word' id='word_1_617' title='bbox 2661 3773 2851 3813; x_wconf 91' lang='lat' dir='ltr'><strong>omnes</strong></span> <span class='ocrx_word' id='word_1_618' title='bbox 2876 3773 2970 3812; x_wconf 92' lang='lat' dir='ltr'><strong>eos</strong></span> <span class='ocrx_word' id='word_1_619' title='bbox 2999 3771 3136 3826; x_wconf 89' lang='lat' dir='ltr'><strong>quos</strong></span> <span class='ocrx_word' id='word_1_620' title='bbox 3191 3755 3404 3821; x_wconf 90' lang='lat' dir='ltr'><strong>docuit,</strong></span> <span class='ocrx_word' id='word_1_621' title='bbox 3430 3756 3557 3824; x_wconf 85' lang='lat' dir='ltr'><strong>qui-</strong></span> 
     </span>
    </p>
   </div>
   <div class='ocr_carea' id='block_1_84' title="bbox 1978 3846 3556 3922">
    <p class='ocr_par' dir='ltr' id='par_1_84' title="bbox 1978 3846 3556 3922">
     <span class='ocr_line' id='line_1_84' title="bbox 1978 3846 3556 3922; baseline -0.006 -13"><span class='ocrx_word' id='word_1_622' title='bbox 1978 3854 2079 3909; x_wconf 90' lang='lat' dir='ltr'><strong>bus</strong></span> <span class='ocrx_word' id='word_1_623' title='bbox 2112 3854 2448 3922; x_wconf 67' lang='lat' dir='ltr'><strong>praadicavit,</strong></span> <span class='ocrx_word' id='word_1_624' title='bbox 2490 3852 2580 3920; x_wconf 91' lang='lat' dir='ltr'><strong>qui</strong></span> <span class='ocrx_word' id='word_1_625' title='bbox 2625 3866 2695 3904; x_wconf 81' lang='lat' dir='ltr'><strong>ex</strong></span> <span class='ocrx_word' id='word_1_626' title='bbox 2743 3851 2858 3920; x_wconf 89' lang='lat' dir='ltr'><strong>ipso</strong></span> <span class='ocrx_word' id='word_1_627' title='bbox 2907 3850 3258 3918; x_wconf 87' lang='lat' dir='ltr'><strong>profecerunt</strong></span> <span class='ocrx_word' id='word_1_628' title='bbox 3313 3846 3369 3900; x_wconf 91' lang='lat' dir='ltr'><strong>in</strong></span> <span class='ocrx_word' id='word_1_629' title='bbox 3429 3848 3556 3913; x_wconf 88' lang='lat' dir='ltr'><strong>fide,</strong></span> 
     </span>
    </p>
   </div>
   <div class='ocr_carea' id='block_1_85' title="bbox 1980 3939 3554 4013">
    <p class='ocr_par' dir='ltr' id='par_1_85' title="bbox 1980 3939 3554 4013">
     <span class='ocr_line' id='line_1_85' title="bbox 1980 3939 3554 4013; baseline -0.006 -14"><span class='ocrx_word' id='word_1_630' title='bbox 1980 3955 2236 4013; x_wconf 89' lang='lat' dir='ltr'><strong>tanquam</strong></span> <span class='ocrx_word' id='word_1_631' title='bbox 2290 3944 2498 3996; x_wconf 88' lang='lat' dir='ltr'><strong>fructus</strong></span> <span class='ocrx_word' id='word_1_632' title='bbox 2533 3955 2660 3995; x_wconf 91' lang='lat' dir='ltr'><strong>suos</strong></span> <span class='ocrx_word' id='word_1_633' title='bbox 2719 3939 3054 4004; x_wconf 76' lang='lat' dir='ltr'><strong>offerentem,</strong></span> <span class='ocrx_word' id='word_1_634' title='bbox 3117 3947 3171 3992; x_wconf 90' lang='lat' dir='ltr'><strong>et</strong></span> <span class='ocrx_word' id='word_1_635' title='bbox 3222 3948 3554 4008; x_wconf 68' lang='lat' dir='ltr'><strong>quaerentem</strong></span> 
     </span>
    </p>
   </div>
   <div class='ocr_carea' id='block_1_86' title="bbox 1978 4030 3552 4104">
    <p class='ocr_par' dir='ltr' id='par_1_86' title="bbox 1978 4030 3552 4104">
     <span class='ocr_line' id='line_1_86' title="bbox 1978 4030 3552 4104; baseline -0.006 -14"><span class='ocrx_word' id='word_1_636' title='bbox 1978 4036 2218 4104; x_wconf 89' lang='lat' dir='ltr'><strong>quotidie</strong></span> <span class='ocrx_word' id='word_1_637' title='bbox 2250 4048 2416 4088; x_wconf 88' lang='lat' dir='ltr'><strong>novos</strong></span> <span class='ocrx_word' id='word_1_638' title='bbox 2470 4047 2630 4101; x_wconf 87' lang='lat' dir='ltr'><strong>agros</strong></span> <span class='ocrx_word' id='word_1_639' title='bbox 2674 4047 2810 4099; x_wconf 91' lang='lat' dir='ltr'><strong>quos</strong></span> <span class='ocrx_word' id='word_1_640' title='bbox 2855 4030 3091 4095; x_wconf 82' lang='lat' dir='ltr'><strong>excolat,</strong></span> <span class='ocrx_word' id='word_1_641' title='bbox 3141 4039 3193 4085; x_wconf 91' lang='lat' dir='ltr'><strong>et</strong></span> <span class='ocrx_word' id='word_1_642' title='bbox 3244 4044 3380 4084; x_wconf 84' lang='lat' dir='ltr'><strong>nova</strong></span> <span class='ocrx_word' id='word_1_643' title='bbox 3428 4045 3552 4082; x_wconf 89' lang='lat' dir='ltr'><strong>rura</strong></span> 
     </span>
    </p>
   </div>
   <div class='ocr_carea' id='block_1_87' title="bbox 1976 4122 3552 4199">
    <p class='ocr_par' dir='ltr' id='par_1_87' title="bbox 1976 4122 3552 4199">
     <span class='ocr_line' id='line_1_87' title="bbox 1976 4122 3552 4199; baseline -0.003 -20"><span class='ocrx_word' id='word_1_644' title='bbox 1976 4144 2096 4199; x_wconf 63' lang='lat' dir='ltr'><strong>quas</strong></span> <span class='ocrx_word' id='word_1_645' title='bbox 2127 4127 2361 4182; x_wconf 89' lang='lat' dir='ltr'><strong>seminet</strong></span> <span class='ocrx_word' id='word_1_646' title='bbox 2390 4166 2404 4191; x_wconf 93' lang='lat'><strong>,</strong></span> <span class='ocrx_word' id='word_1_647' title='bbox 2451 4137 2504 4180; x_wconf 91' lang='lat' dir='ltr'><strong>et</strong></span> <span class='ocrx_word' id='word_1_648' title='bbox 2550 4127 2618 4180; x_wconf 91' lang='lat' dir='ltr'><strong>ob</strong></span> <span class='ocrx_word' id='word_1_649' title='bbox 2661 4125 2762 4179; x_wconf 89' lang='lat' dir='ltr'><strong>hoc</strong></span> <span class='ocrx_word' id='word_1_650' title='bbox 2807 4125 3080 4178; x_wconf 87' lang='lat' dir='ltr'><strong>dicentem</strong></span> <span class='ocrx_word' id='word_1_651' title='bbox 3126 4122 3192 4176; x_wconf 93' lang='lat' dir='ltr'><strong>ad</strong></span> <span class='ocrx_word' id='word_1_652' title='bbox 3239 4122 3500 4190; x_wconf 87' lang='lat' dir='ltr'><strong>quosdam</strong></span> <span class='ocrx_word' id='word_1_653' title='bbox 3541 4142 3552 4175; x_wconf 94' lang='lat'>:</span> 
     </span>
    </p>
   </div>
   <div class='ocr_carea' id='block_1_88' title="bbox 1988 4213 3547 4289">
    <p class='ocr_par' dir='ltr' id='par_1_88' title="bbox 1988 4213 3547 4289">
     <span class='ocr_line' id='line_1_88' title="bbox 1988 4213 3547 4289; baseline -0.004 -17"><span class='ocrx_word' id='word_1_654' title='bbox 1988 4239 2006 4272; x_wconf 72' lang='grc' dir='ltr'>ι</span> <span class='ocrx_word' id='word_1_655' title='bbox 2044 4221 2214 4289; x_wconf 89' lang='lat' dir='ltr'><strong>Cupio</strong></span> <span class='ocrx_word' id='word_1_656' title='bbox 2236 4220 2380 4274; x_wconf 90' lang='lat' dir='ltr'><strong>enim</strong></span> <span class='ocrx_word' id='word_1_657' title='bbox 2415 4219 2603 4272; x_wconf 87' lang='lat' dir='ltr'><strong>venire</strong></span> <span class='ocrx_word' id='word_1_658' title='bbox 2635 4218 2701 4271; x_wconf 90' lang='lat' dir='ltr'><strong>ad</strong></span> <span class='ocrx_word' id='word_1_659' title='bbox 2741 4232 2858 4281; x_wconf 85' lang='lat' dir='ltr'><strong>vos,</strong></span> <span class='ocrx_word' id='word_1_660' title='bbox 2914 4224 2974 4270; x_wconf 90' lang='lat' dir='ltr'><strong>ut</strong></span> <span class='ocrx_word' id='word_1_661' title='bbox 3020 4215 3253 4282; x_wconf 88' lang='lat' dir='ltr'><strong>aliquem</strong></span> <span class='ocrx_word' id='word_1_662' title='bbox 3308 4213 3547 4267; x_wconf 86' lang='lat' dir='ltr'><strong>fructum</strong></span> 
     </span>
    </p>
   </div>
   <div class='ocr_carea' id='block_1_89' title="bbox 1979 4303 3549 4375">
    <p class='ocr_par' dir='ltr' id='par_1_89' title="bbox 1979 4303 3549 4375">
     <span class='ocr_line' id='line_1_89' title="bbox 1979 4303 3549 4375; baseline -0.007 -9"><span class='ocrx_word' id='word_1_663' title='bbox 1979 4314 2204 4367; x_wconf 87' lang='lat' dir='ltr'><strong>habeam</strong></span> <span class='ocrx_word' id='word_1_664' title='bbox 2238 4321 2292 4366; x_wconf 92' lang='lat' dir='ltr'><strong>et</strong></span> <span class='ocrx_word' id='word_1_665' title='bbox 2320 4311 2374 4364; x_wconf 90' lang='lat' dir='ltr'><strong>in</strong></span> <span class='ocrx_word' id='word_1_666' title='bbox 2399 4310 2573 4375; x_wconf 91' lang='lat' dir='ltr'><strong>vobis,</strong></span> <span class='ocrx_word' id='word_1_667' title='bbox 2604 4309 2745 4363; x_wconf 89' lang='lat' dir='ltr'><strong>sicut</strong></span> <span class='ocrx_word' id='word_1_668' title='bbox 2775 4317 2830 4362; x_wconf 89' lang='lat' dir='ltr'><strong>et</strong></span> <span class='ocrx_word' id='word_1_669' title='bbox 2877 4306 2930 4360; x_wconf 90' lang='lat' dir='ltr'><strong>in</strong></span> <span class='ocrx_word' id='word_1_670' title='bbox 2982 4305 3197 4360; x_wconf 65' lang='lat' dir='ltr'><strong>caeteris</strong></span> <span class='ocrx_word' id='word_1_671' title='bbox 3227 4303 3497 4370; x_wconf 83' lang='lat' dir='ltr'><strong>gentibus.</strong></span> <span class='ocrx_word' id='word_1_672' title='bbox 3527 4319 3549 4354; x_wconf 73' lang='grc' dir='ltr'><strong>ο</strong></span> 
     </span>
    </p>
   </div>
   <div class='ocr_carea' id='block_1_90' title="bbox 1976 4394 3554 4471">
    <p class='ocr_par' dir='ltr' id='par_1_90' title="bbox 1976 4394 3554 4471">
     <span class='ocr_line' id='line_1_90' title="bbox 1976 4394 3554 4471; baseline -0.006 -12"><span class='ocrx_word' id='word_1_673' title='bbox 1976 4407 2220 4468; x_wconf 87' lang='lat' dir='ltr'><strong>Intuere,</strong></span> <span class='ocrx_word' id='word_1_674' title='bbox 2273 4404 2516 4471; x_wconf 91' lang='lat' dir='ltr'><strong>inquam,</strong></span> <span class='ocrx_word' id='word_1_675' title='bbox 2564 4416 2685 4456; x_wconf 91' lang='lat' dir='ltr'><strong>eum</strong></span> <span class='ocrx_word' id='word_1_676' title='bbox 2735 4415 2804 4454; x_wconf 78' lang='lat' dir='ltr'><strong>ex</strong></span> <span class='ocrx_word' id='word_1_677' title='bbox 2858 4399 2924 4452; x_wconf 91' lang='lat' dir='ltr'><strong>iis</strong></span> <span class='ocrx_word' id='word_1_678' title='bbox 2987 4399 3237 4452; x_wconf 89' lang='lat' dir='ltr'><strong>omnibus</strong></span> <span class='ocrx_word' id='word_1_679' title='bbox 3288 4394 3554 4450; x_wconf 85' lang='lat' dir='ltr'><strong>fructibus</strong></span> 
     </span>
    </p>
   </div>
   <div class='ocr_carea' id='block_1_91' title="bbox 298 4488 3555 4568">
    <p class='ocr_par' dir='ltr' id='par_1_91' title="bbox 298 4488 3555 4568">
     <span class='ocr_line' id='line_1_91' title="bbox 298 4488 3555 4568; baseline -0.002 -22"><span class='ocrx_word' id='word_1_680' title='bbox 298 4504 499 4562; x_wconf 66' lang='lat' dir='ltr'><strong>praeter</strong></span> <span class='ocrx_word' id='word_1_681' title='bbox 563 4495 677 4549; x_wconf 72' lang='lat' dir='ltr'><strong>haec</strong></span> <span class='ocrx_word' id='word_1_682' title='bbox 725 4497 813 4550; x_wconf 91' lang='lat' dir='ltr'><strong>ubi</strong></span> <span class='ocrx_word' id='word_1_683' title='bbox 867 4495 1121 4564; x_wconf 62' lang='lat' dir='ltr'><strong>primitiae</strong></span> <span class='ocrx_word' id='word_1_684' title='bbox 1176 4495 1552 4550; x_wconf 89' lang='lat' dir='ltr'><strong>nominentur.</strong></span> <span class='ocrx_word' id='word_1_685' title='bbox 1612 4496 1673 4550; x_wconf 86' lang='lat' dir='ltr'><strong>Si</strong></span> <span class='ocrx_word' id='word_1_686' title='bbox 1727 4496 1869 4550; x_wconf 77' lang='lat' dir='ltr'><strong>eniti</strong></span> <span class='ocrx_word' id='word_1_687' title='bbox 1905 4514 1950 4568; x_wconf 81' lang='grc' dir='ltr'><strong>ι)</strong></span> <span class='ocrx_word' id='word_1_688' title='bbox 1977 4499 2148 4553; x_wconf 89' lang='lat' dir='ltr'><strong>electa</strong></span> <span class='ocrx_word' id='word_1_689' title='bbox 2192 4510 2420 4565; x_wconf 67' lang='lat' dir='ltr'><strong>qumque</strong></span> <span class='ocrx_word' id='word_1_690' title='bbox 2461 4495 2790 4563; x_wconf 88' lang='lat' dir='ltr'><strong>signantem,</strong></span> <span class='ocrx_word' id='word_1_691' title='bbox 2833 4500 2886 4546; x_wconf 93' lang='lat' dir='ltr'><strong>et</strong></span> <span class='ocrx_word' id='word_1_692' title='bbox 2913 4492 3182 4546; x_wconf 89' lang='lat' dir='ltr'><strong>dicentem</strong></span> <span class='ocrx_word' id='word_1_693' title='bbox 3223 4489 3290 4543; x_wconf 91' lang='lat' dir='ltr'><strong>de</strong></span> <span class='ocrx_word' id='word_1_694' title='bbox 3330 4488 3555 4556; x_wconf 84' lang='lat' dir='ltr'><strong>quibus-</strong></span> 
     </span>
    </p>
   </div>
   <div class='ocr_carea' id='block_1_92' title="bbox 295 4587 1871 4659">
    <p class='ocr_par' dir='ltr' id='par_1_92' title="bbox 295 4587 1871 4659">
     <span class='ocr_line' id='line_1_92' title="bbox 295 4587 1871 4659; baseline 0.001 -18"><span class='ocrx_word' id='word_1_695' title='bbox 295 4602 488 4642; x_wconf 85' lang='lat' dir='ltr'><strong>omnes</strong></span> <span class='ocrx_word' id='word_1_696' title='bbox 525 4589 775 4657; x_wconf 68' lang='lat' dir='ltr'><strong>primitim</strong></span> <span class='ocrx_word' id='word_1_697' title='bbox 799 4591 864 4644; x_wconf 90' lang='lat' dir='ltr'><strong>ad</strong></span> <span class='ocrx_word' id='word_1_698' title='bbox 894 4590 1206 4659; x_wconf 74' lang='lat' dir='ltr'><strong>pontificem</strong></span> <span class='ocrx_word' id='word_1_699' title='bbox 1237 4587 1532 4657; x_wconf 89' lang='lat' dir='ltr'><strong>pertinent,</strong></span> <span class='ocrx_word' id='word_1_700' title='bbox 1562 4589 1871 4643; x_wconf 88' lang='lat' dir='ltr'><strong>necessario</strong></span> 
     </span>
    </p>
   </div>
   <div class='ocr_carea' id='block_1_93' title="bbox 295 4680 1870 4753">
    <p class='ocr_par' dir='ltr' id='par_1_93' title="bbox 295 4680 1870 4753">
     <span class='ocr_line' id='line_1_93' title="bbox 295 4680 1870 4753; baseline 0.003 -20"><span class='ocrx_word' id='word_1_701' title='bbox 295 4680 456 4735; x_wconf 87' lang='lat' dir='ltr'><strong>nobis</strong></span> <span class='ocrx_word' id='word_1_702' title='bbox 489 4689 544 4734; x_wconf 88' lang='lat' dir='ltr'><strong>et</strong></span> <span class='ocrx_word' id='word_1_703' title='bbox 569 4683 809 4750; x_wconf 76' lang='lat' dir='ltr'><strong>pontifex</strong></span> <span class='ocrx_word' id='word_1_704' title='bbox 842 4685 1196 4753; x_wconf 90' lang='lat' dir='ltr'><strong>requirendus</strong></span> <span class='ocrx_word' id='word_1_705' title='bbox 1234 4693 1338 4748; x_wconf 91' lang='lat' dir='ltr'><strong>est,</strong></span> <span class='ocrx_word' id='word_1_706' title='bbox 1378 4683 1446 4738; x_wconf 88' lang='lat' dir='ltr'><strong>ad</strong></span> <span class='ocrx_word' id='word_1_707' title='bbox 1494 4697 1656 4752; x_wconf 89' lang='lat' dir='ltr'><strong>quem</strong></span> <span class='ocrx_word' id='word_1_708' title='bbox 1695 4684 1870 4751; x_wconf 88' lang='lat' dir='ltr'><strong>perti-</strong></span> 
     </span>
    </p>
   </div>
   <div class='ocr_carea' id='block_1_94' title="bbox 297 4773 1869 4845">
    <p class='ocr_par' dir='ltr' id='par_1_94' title="bbox 297 4773 1869 4845">
     <span class='ocr_line' id='line_1_94' title="bbox 297 4773 1869 4845; baseline 0.004 -22"><span class='ocrx_word' id='word_1_709' title='bbox 297 4787 429 4825; x_wconf 87' lang='lat' dir='ltr'><strong>nere</strong></span> <span class='ocrx_word' id='word_1_710' title='bbox 477 4773 708 4827; x_wconf 89' lang='lat' dir='ltr'><strong>debeant</strong></span> <span class='ocrx_word' id='word_1_711' title='bbox 761 4774 924 4828; x_wconf 88' lang='lat' dir='ltr'><strong>etiam</strong></span> <span class='ocrx_word' id='word_1_712' title='bbox 985 4775 1089 4830; x_wconf 70' lang='lat' dir='ltr'><strong>illa:</strong></span> <span class='ocrx_word' id='word_1_713' title='bbox 1149 4776 1409 4844; x_wconf 64' lang='lat' dir='ltr'><strong>primitias</strong></span> <span class='ocrx_word' id='word_1_714' title='bbox 1461 4789 1596 4845; x_wconf 88' lang='lat' dir='ltr'><strong>quas</strong></span> <span class='ocrx_word' id='word_1_715' title='bbox 1643 4776 1698 4828; x_wconf 87' lang='lat' dir='ltr'><strong>in</strong></span> <span class='ocrx_word' id='word_1_716' title='bbox 1749 4773 1869 4830; x_wconf 86' lang='lat' dir='ltr'><strong>aliis</strong></span> 
     </span>
    </p>
   </div>
   <div class='ocr_carea' id='block_1_95' title="bbox 296 4863 1868 4934">
    <p class='ocr_par' dir='ltr' id='par_1_95' title="bbox 296 4863 1868 4934">
     <span class='ocr_line' id='line_1_95' title="bbox 296 4863 1868 4934; baseline -0.001 -16"><span class='ocrx_word' id='word_1_717' title='bbox 296 4864 595 4933; x_wconf 71' lang='lat' dir='ltr'><strong>Scriptura:</strong></span> <span class='ocrx_word' id='word_1_718' title='bbox 624 4866 758 4920; x_wconf 91' lang='lat' dir='ltr'><strong>locis</strong></span> <span class='ocrx_word' id='word_1_719' title='bbox 801 4866 1002 4922; x_wconf 89' lang='lat' dir='ltr'><strong>inditas</strong></span> <span class='ocrx_word' id='word_1_720' title='bbox 1054 4867 1378 4922; x_wconf 89' lang='lat' dir='ltr'><strong>invenimus.</strong></span> <span class='ocrx_word' id='word_1_721' title='bbox 1427 4865 1494 4919; x_wconf 90' lang='lat' dir='ltr'><strong>Et</strong></span> <span class='ocrx_word' id='word_1_722' title='bbox 1531 4865 1707 4934; x_wconf 90' lang='lat' dir='ltr'><strong>primo</strong></span> <span class='ocrx_word' id='word_1_723' title='bbox 1747 4863 1868 4933; x_wconf 86' lang='lat' dir='ltr'><strong>qui-</strong></span> 
     </span>
    </p>
   </div>
   <div class='ocr_carea' id='block_1_96' title="bbox 293 4956 1867 5028">
    <p class='ocr_par' dir='ltr' id='par_1_96' title="bbox 293 4956 1867 5028">
     <span class='ocr_line' id='line_1_96' title="bbox 293 4956 1867 5028; baseline -0.002 -17"><span class='ocrx_word' id='word_1_724' title='bbox 293 4956 417 5011; x_wconf 86' lang='lat' dir='ltr'><strong>dem</strong></span> <span class='ocrx_word' id='word_1_725' title='bbox 481 4958 722 5011; x_wconf 90' lang='lat' dir='ltr'><strong>omnium</strong></span> <span class='ocrx_word' id='word_1_726' title='bbox 778 4958 846 5013; x_wconf 92' lang='lat' dir='ltr'><strong>de</strong></span> <span class='ocrx_word' id='word_1_727' title='bbox 896 4958 1015 5028; x_wconf 88' lang='lat' dir='ltr'><strong>ipso</strong></span> <span class='ocrx_word' id='word_1_728' title='bbox 1077 4959 1305 5013; x_wconf 87' lang='lat' dir='ltr'><strong>Domino</strong></span> <span class='ocrx_word' id='word_1_729' title='bbox 1366 4957 1584 5012; x_wconf 91' lang='lat' dir='ltr'><strong>Christo</strong></span> <span class='ocrx_word' id='word_1_730' title='bbox 1643 4956 1867 5026; x_wconf 88' lang='lat' dir='ltr'><strong>legimus</strong></span> 
     </span>
    </p>
   </div>
   <div class='ocr_carea' id='block_1_97' title="bbox 292 5045 1866 5120">
    <p class='ocr_par' dir='ltr' id='par_1_97' title="bbox 292 5045 1866 5120">
     <span class='ocr_line' id='line_1_97' title="bbox 292 5045 1866 5120; baseline -0.003 -16"><span class='ocrx_word' id='word_1_731' title='bbox 292 5049 556 5117; x_wconf 89' lang='lat' dir='ltr'><strong>scriptum</strong></span> <span class='ocrx_word' id='word_1_732' title='bbox 611 5049 680 5115; x_wconf 78' lang='lat'><strong>“,</strong></span> <span class='ocrx_word' id='word_1_733' title='bbox 740 5051 867 5119; x_wconf 87' lang='lat' dir='ltr'><strong>quia</strong></span> <span class='ocrx_word' id='word_1_734' title='bbox 918 5051 988 5105; x_wconf 90' lang='lat' dir='ltr'><strong>sit</strong></span> <span class='ocrx_word' id='word_1_735' title='bbox 1047 5050 1305 5120; x_wconf 73' lang='lat' dir='ltr'><strong>primitia:</strong></span> <span class='ocrx_word' id='word_1_736' title='bbox 1372 5057 1734 5102; x_wconf 89' lang='lat' dir='ltr'><strong>mortuorum.</strong></span> <span class='ocrx_word' id='word_1_737' title='bbox 1769 5045 1866 5100; x_wconf 89' lang='lat' dir='ltr'><strong>Est</strong></span> 
     </span>
    </p>
   </div>
   <div class='ocr_carea' id='block_1_98' title="bbox 291 5139 1860 5213">
    <p class='ocr_par' dir='ltr' id='par_1_98' title="bbox 291 5139 1860 5213">
     <span class='ocr_line' id='line_1_98' title="bbox 291 5139 1860 5213; baseline -0.002 -18"><span class='ocrx_word' id='word_1_738' title='bbox 291 5153 426 5212; x_wconf 86' lang='lat' dir='ltr'><strong>ergo</strong></span> <span class='ocrx_word' id='word_1_739' title='bbox 465 5151 520 5195; x_wconf 91' lang='lat' dir='ltr'><strong>et</strong></span> <span class='ocrx_word' id='word_1_740' title='bbox 561 5141 678 5211; x_wconf 91' lang='lat' dir='ltr'><strong>ipse</strong></span> <span class='ocrx_word' id='word_1_741' title='bbox 721 5143 900 5212; x_wconf 87' lang='lat' dir='ltr'><strong>aliqua</strong></span> <span class='ocrx_word' id='word_1_742' title='bbox 942 5145 995 5197; x_wconf 92' lang='lat' dir='ltr'><strong>in</strong></span> <span class='ocrx_word' id='word_1_743' title='bbox 1033 5152 1186 5213; x_wconf 89' lang='lat' dir='ltr'><strong>parte</strong></span> <span class='ocrx_word' id='word_1_744' title='bbox 1223 5141 1522 5212; x_wconf 66' lang='lat' dir='ltr'><strong>primitizeJ</strong></span> <span class='ocrx_word' id='word_1_745' title='bbox 1560 5139 1626 5193; x_wconf 89' lang='lat' dir='ltr'><strong>Et</strong></span> <span class='ocrx_word' id='word_1_746' title='bbox 1666 5139 1860 5193; x_wconf 89' lang='lat' dir='ltr'><strong>iterum</strong></span> 
     </span>
    </p>
   </div>
   <div class='ocr_carea' id='block_1_99' title="bbox 293 5228 1858 5305">
    <p class='ocr_par' dir='ltr' id='par_1_99' title="bbox 293 5228 1858 5305">
     <span class='ocr_line' id='line_1_99' title="bbox 293 5228 1858 5305; baseline -0.007 -15"><span class='ocrx_word' id='word_1_747' title='bbox 293 5230 602 5289; x_wconf 86' lang='lat' dir='ltr'><strong>invenimus</strong></span> <span class='ocrx_word' id='word_1_748' title='bbox 631 5233 697 5288; x_wconf 89' lang='lat' dir='ltr'><strong>de</strong></span> <span class='ocrx_word' id='word_1_749' title='bbox 737 5234 1063 5305; x_wconf 89' lang='lat' dir='ltr'><strong>quibusdam</strong></span> <span class='ocrx_word' id='word_1_750' title='bbox 1117 5234 1320 5289; x_wconf 90' lang='lat' dir='ltr'><strong>dictum</strong></span> <span class='ocrx_word' id='word_1_751' title='bbox 1372 5229 1442 5286; x_wconf 90' lang='lat' dir='ltr'><strong>ab</strong></span> <span class='ocrx_word' id='word_1_752' title='bbox 1493 5228 1757 5300; x_wconf 87' lang='lat' dir='ltr'><strong>Apostolo</strong></span> <span class='ocrx_word' id='word_1_753' title='bbox 1792 5228 1858 5295; x_wconf 84' lang='lat'><strong>“,</strong></span> 
     </span>
    </p>
   </div>
   <div class='ocr_carea' id='block_1_100' title="bbox 365 5392 1190 5460">
    <p class='ocr_par' dir='ltr' id='par_1_100' title="bbox 365 5392 1190 5460">
     <span class='ocr_line' id='line_1_100' title="bbox 365 5392 1190 5460; baseline -0.002 -12"><span class='ocrx_word' id='word_1_754' title='bbox 365 5393 387 5429; x_wconf 79' lang='lat'><strong>&#39;</strong></span> <span class='ocrx_word' id='word_1_755' title='bbox 409 5392 570 5450; x_wconf 87' lang='lat' dir='ltr'><strong>Prov.</strong></span> <span class='ocrx_word' id='word_1_756' title='bbox 601 5411 645 5459; x_wconf 88' lang='grc' dir='ltr'><strong>ι,</strong></span> <span class='ocrx_word' id='word_1_757' title='bbox 680 5394 732 5448; x_wconf 86' lang='grc'><strong>5.</strong></span> <span class='ocrx_word' id='word_1_758' title='bbox 810 5394 832 5426; x_wconf 79' lang='grc'>⁸</span> <span class='ocrx_word' id='word_1_759' title='bbox 860 5394 978 5451; x_wconf 90' lang='lat' dir='ltr'><strong>Gal.</strong></span> <span class='ocrx_word' id='word_1_760' title='bbox 1014 5393 1190 5460; x_wconf 82' lang='lat' dir='ltr'><strong>tu,l5.</strong></span> 
     </span>
    </p>
   </div>
   <div class='ocr_carea' id='block_1_101' title="bbox 294 5461 1788 5531">
    <p class='ocr_par' dir='ltr' id='par_1_101' title="bbox 294 5461 1788 5531">
     <span class='ocr_line' id='line_1_101' title="bbox 294 5461 1788 5531; baseline -0.005 -9"><span class='ocrx_word' id='word_1_761' title='bbox 294 5475 386 5531; x_wconf 80' lang='grc' dir='ltr'><strong>κν,</strong></span> <span class='ocrx_word' id='word_1_762' title='bbox 412 5465 502 5520; x_wconf 73' lang='grc'><strong>21.</strong></span> <span class='ocrx_word' id='word_1_763' title='bbox 564 5467 607 5498; x_wconf 78' lang='grc'>¹¹</span> <span class='ocrx_word' id='word_1_764' title='bbox 641 5463 662 5517; x_wconf 89' lang='lat' dir='ltr'>l</span> <span class='ocrx_word' id='word_1_765' title='bbox 690 5467 814 5520; x_wconf 88' lang='lat' dir='ltr'><strong>Cor.</strong></span> <span class='ocrx_word' id='word_1_766' title='bbox 851 5481 961 5530; x_wconf 77' lang='lat' dir='ltr'><strong>XVI,</strong></span> <span class='ocrx_word' id='word_1_767' title='bbox 992 5466 1080 5522; x_wconf 81' lang='grc'><strong>15.</strong></span> <span class='ocrx_word' id='word_1_768' title='bbox 1140 5467 1182 5494; x_wconf 85' lang='grc'><strong>¹²</strong></span> <span class='ocrx_word' id='word_1_769' title='bbox 1209 5465 1334 5520; x_wconf 77' lang='lat' dir='ltr'><strong>Act.</strong></span> <span class='ocrx_word' id='word_1_770' title='bbox 1363 5479 1422 5516; x_wconf 67' lang='grc' dir='ltr'><strong>Χ.</strong></span> <span class='ocrx_word' id='word_1_771' title='bbox 1499 5462 1544 5495; x_wconf 76' lang='grc'><strong>⁸³</strong></span> <span class='ocrx_word' id='word_1_772' title='bbox 1572 5461 1700 5514; x_wconf 89' lang='lat' dir='ltr'><strong>ibid.</strong></span> <span class='ocrx_word' id='word_1_773' title='bbox 1732 5463 1788 5515; x_wconf 74' lang='grc'><strong>4.</strong></span> 
     </span>
    </p>
   </div>
   <div class='ocr_carea' id='block_1_102' title="bbox 366 5553 1859 5629">
    <p class='ocr_par' dir='ltr' id='par_1_102' title="bbox 366 5553 1859 5629">
     <span class='ocr_line' id='line_1_102' title="bbox 366 5553 1859 5629; baseline -0.003 -16"><span class='ocrx_word' id='word_1_774' title='bbox 366 5558 480 5629; x_wconf 72' lang='lat' dir='ltr'><strong>(I3)</strong></span> <span class='ocrx_word' id='word_1_775' title='bbox 500 5558 651 5619; x_wconf 65' lang='lat' dir='ltr'><strong>Mss,</strong></span> <span class='ocrx_word' id='word_1_776' title='bbox 689 5577 708 5610; x_wconf 85' lang='grc'><strong><em>‹</em></strong></span> <span class='ocrx_word' id='word_1_777' title='bbox 742 5559 980 5613; x_wconf 89' lang='lat' dir='ltr'><strong>decimas</strong></span> <span class='ocrx_word' id='word_1_778' title='bbox 1009 5567 1280 5626; x_wconf 89' lang='lat' dir='ltr'><strong>separent.</strong></span> <span class='ocrx_word' id='word_1_779' title='bbox 1321 5575 1340 5609; x_wconf 75' lang='grc' dir='ltr'><strong><em>ι</em></strong></span> <span class='ocrx_word' id='word_1_780' title='bbox 1371 5555 1528 5611; x_wconf 88' lang='lat' dir='ltr'><strong>Libb.</strong></span> <span class='ocrx_word' id='word_1_781' title='bbox 1551 5553 1705 5618; x_wconf 89' lang='lat' dir='ltr'><strong>editi,</strong></span> <span class='ocrx_word' id='word_1_782' title='bbox 1734 5573 1752 5605; x_wconf 74' lang='grc' dir='ltr'><strong><em>ι</em></strong></span> <span class='ocrx_word' id='word_1_783' title='bbox 1772 5554 1859 5608; x_wconf 87' lang='lat' dir='ltr'><strong>de-</strong></span> 
     </span>
    </p>
   </div>
   <div class='ocr_carea' id='block_1_103' title="bbox 295 5627 868 5694">
    <p class='ocr_par' dir='ltr' id='par_1_103' title="bbox 295 5627 868 5694">
     <span class='ocr_line' id='line_1_103' title="bbox 295 5627 868 5694; baseline -0.005 -11"><span class='ocrx_word' id='word_1_784' title='bbox 295 5627 448 5683; x_wconf 72' lang='lat' dir='ltr'><strong>cima:</strong></span> <span class='ocrx_word' id='word_1_785' title='bbox 476 5639 812 5694; x_wconf 84' lang='lat' dir='ltr'><strong>separentur.</strong></span> <span class='ocrx_word' id='word_1_786' title='bbox 850 5649 868 5680; x_wconf 72' lang='grc' dir='ltr'><strong>ι</strong></span> 
     </span>
    </p>
   </div>
   <div class='ocr_carea' id='block_1_104' title="bbox 365 5693 1852 5773">
    <p class='ocr_par' dir='ltr' id='par_1_104' title="bbox 365 5693 1852 5773">
     <span class='ocr_line' id='line_1_104' title="bbox 365 5693 1852 5773; baseline -0.005 -22"><span class='ocrx_word' id='word_1_787' title='bbox 365 5697 480 5773; x_wconf 68' lang='lat' dir='ltr'><strong>(l4)</strong></span> <span class='ocrx_word' id='word_1_788' title='bbox 518 5693 684 5773; x_wconf 58' lang='lat' dir='ltr'><strong>Quem</strong></span> <span class='ocrx_word' id='word_1_789' title='bbox 729 5715 915 5773; x_wconf 62' lang='lat' dir='ltr'><strong>agrum</strong></span> <span class='ocrx_word' id='word_1_790' title='bbox 953 5697 1124 5773; x_wconf 74' lang='lat' dir='ltr'><strong>angeli</strong></span> <span class='ocrx_word' id='word_1_791' title='bbox 1166 5697 1279 5773; x_wconf 70' lang='lat' dir='ltr'><strong>pei</strong></span> <span class='ocrx_word' id='word_1_792' title='bbox 1325 5693 1852 5773; x_wconf 56' lang='lat' dir='ltr'><strong>susceperintmexco-</strong></span> 
     </span>
    </p>
   </div>
   <div class='ocr_carea' id='block_1_105' title="bbox 299 5762 1862 5839">
    <p class='ocr_par' dir='ltr' id='par_1_105' title="bbox 299 5762 1862 5839">
     <span class='ocr_line' id='line_1_105' title="bbox 299 5762 1862 5839; baseline -0.002 -20"><span class='ocrx_word' id='word_1_793' title='bbox 299 5762 806 5825; x_wconf 52' lang='lat' dir='ltr'><strong>lcn&#39;duinfConsut&#39;e</strong></span> <span class='ocrx_word' id='word_1_794' title='bbox 863 5762 1114 5824; x_wconf 77' lang='lat' dir='ltr'><strong>Huetium</strong></span> <span class='ocrx_word' id='word_1_795' title='bbox 1156 5765 1593 5839; x_wconf 80' lang='lat' dir='ltr'><strong>Origeniauorum</strong></span> <span class='ocrx_word' id='word_1_796' title='bbox 1642 5762 1738 5822; x_wconf 86' lang='lat' dir='ltr'><strong>lib.</strong></span> <span class='ocrx_word' id='word_1_797' title='bbox 1795 5778 1862 5828; x_wconf 87' lang='lat' dir='ltr'><strong>tt,</strong></span> 
     </span>
    </p>
   </div>
   <div class='ocr_carea' id='block_1_106' title="bbox 1267 5389 2269 5453">
    <p class='ocr_par' dir='ltr' id='par_1_106' title="bbox 1267 5389 2269 5453">
     <span class='ocr_line' id='line_1_106' title="bbox 1267 5389 2269 5453; baseline -0.005 -6"><span class='ocrx_word' id='word_1_798' title='bbox 1267 5395 1288 5426; x_wconf 88' lang='grc'><strong>⁷</strong></span> <span class='ocrx_word' id='word_1_799' title='bbox 1315 5392 1507 5446; x_wconf 86' lang='lat' dir='ltr'><strong>Matth.</strong></span> <span class='ocrx_word' id='word_1_800' title='bbox 1539 5405 1592 5453; x_wconf 88' lang='lat' dir='ltr'><strong>v,</strong></span> <span class='ocrx_word' id='word_1_801' title='bbox 1620 5391 1708 5444; x_wconf 78' lang='grc' dir='ltr'><strong>ΓΙ.</strong></span> <span class='ocrx_word' id='word_1_802' title='bbox 1781 5390 1803 5422; x_wconf 84' lang='grc'><strong><em>⁸</em></strong></span> <span class='ocrx_word' id='word_1_803' title='bbox 1828 5390 1982 5444; x_wconf 82' lang='lat' dir='ltr'><strong>Rom.</strong></span> <span class='ocrx_word' id='word_1_804' title='bbox 2017 5390 2151 5452; x_wconf 79' lang='lat' dir='ltr'><strong>xttl,‘</strong></span> <span class='ocrx_word' id='word_1_805' title='bbox 2179 5389 2269 5445; x_wconf 74' lang='grc'><strong>10.</strong></span> 
     </span>
    </p>
   </div>
   <div class='ocr_carea' id='block_1_107' title="bbox 1863 5453 2966 5526">
    <p class='ocr_par' dir='ltr' id='par_1_107' title="bbox 1863 5453 2966 5526">
     <span class='ocr_line' id='line_1_107' title="bbox 1863 5453 2966 5526; baseline -0.007 -8"><span class='ocrx_word' id='word_1_806' title='bbox 1863 5463 1907 5493; x_wconf 62' lang='grc'><strong>¹⁵</strong></span> <span class='ocrx_word' id='word_1_807' title='bbox 1931 5464 2088 5518; x_wconf 76' lang='lat' dir='ltr'><strong>Rom.</strong></span> <span class='ocrx_word' id='word_1_808' title='bbox 2118 5476 2208 5526; x_wconf 83' lang='lat' dir='ltr'><strong>xv,</strong></span> <span class='ocrx_word' id='word_1_809' title='bbox 2247 5459 2334 5526; x_wconf 74' lang='lat' dir='ltr'><strong>l9,</strong></span> <span class='ocrx_word' id='word_1_810' title='bbox 2370 5459 2461 5512; x_wconf 68' lang='grc'><strong>20.</strong></span> <span class='ocrx_word' id='word_1_811' title='bbox 2536 5457 2579 5488; x_wconf 71' lang='grc'>⁸⁸</span> <span class='ocrx_word' id='word_1_812' title='bbox 2605 5459 2764 5510; x_wconf 74' lang='lat' dir='ltr'><strong>Rom.</strong></span> <span class='ocrx_word' id='word_1_813' title='bbox 2798 5471 2838 5522; x_wconf 80' lang='grc' dir='ltr'><strong>ι,</strong></span> <span class='ocrx_word' id='word_1_814' title='bbox 2874 5453 2966 5510; x_wconf 78' lang='grc'><strong>15.</strong></span> 
     </span>
    </p>
   </div>
   <div class='ocr_carea' id='block_1_108' title="bbox 1979 4579 3550 4656">
    <p class='ocr_par' dir='ltr' id='par_1_108' title="bbox 1979 4579 3550 4656">
     <span class='ocr_line' id='line_1_108' title="bbox 1979 4579 3550 4656; baseline -0.008 -11"><span class='ocrx_word' id='word_1_815' title='bbox 1979 4593 2124 4656; x_wconf 89' lang='lat' dir='ltr'><strong>dam,</strong></span> <span class='ocrx_word' id='word_1_816' title='bbox 2154 4591 2290 4644; x_wconf 92' lang='lat' dir='ltr'><strong>sicut</strong></span> <span class='ocrx_word' id='word_1_817' title='bbox 2311 4603 2470 4655; x_wconf 86' lang='lat' dir='ltr'><strong>supra</strong></span> <span class='ocrx_word' id='word_1_818' title='bbox 2505 4586 2762 4648; x_wconf 85' lang='lat' dir='ltr'><strong>diximus,</strong></span> <span class='ocrx_word' id='word_1_819' title='bbox 2785 4585 2911 4653; x_wconf 89' lang='lat' dir='ltr'><strong>quia</strong></span> <span class='ocrx_word' id='word_1_820' title='bbox 2945 4591 3071 4636; x_wconf 88' lang='lat' dir='ltr'><strong>sunt</strong></span> <span class='ocrx_word' id='word_1_821' title='bbox 3101 4579 3357 4648; x_wconf 80' lang='lat' dir='ltr'><strong>primitiae</strong></span> <span class='ocrx_word' id='word_1_822' title='bbox 3386 4579 3550 4641; x_wconf 64' lang='lat' dir='ltr'><strong>Asim,</strong></span> 
     </span>
    </p>
   </div>
   <div class='ocr_carea' id='block_1_109' title="bbox 1977 4671 3554 4749">
    <p class='ocr_par' dir='ltr' id='par_1_109' title="bbox 1977 4671 3554 4749">
     <span class='ocr_line' id='line_1_109' title="bbox 1977 4671 3554 4749; baseline -0.011 -14"><span class='ocrx_word' id='word_1_823' title='bbox 1977 4691 2031 4736; x_wconf 88' lang='lat' dir='ltr'><strong>et</strong></span> <span class='ocrx_word' id='word_1_824' title='bbox 2087 4681 2176 4735; x_wconf 89' lang='lat' dir='ltr'><strong>alii</strong></span> <span class='ocrx_word' id='word_1_825' title='bbox 2227 4679 2475 4749; x_wconf 76' lang='lat' dir='ltr'><strong>primitiae</strong></span> <span class='ocrx_word' id='word_1_826' title='bbox 2520 4676 2752 4738; x_wconf 68' lang='lat' dir='ltr'><strong>Achaiaz,</strong></span> <span class='ocrx_word' id='word_1_827' title='bbox 2801 4685 2856 4729; x_wconf 87' lang='lat' dir='ltr'><strong>et</strong></span> <span class='ocrx_word' id='word_1_828' title='bbox 2917 4671 3249 4742; x_wconf 86' lang='lat' dir='ltr'><strong>singularum</strong></span> <span class='ocrx_word' id='word_1_829' title='bbox 3295 4683 3554 4738; x_wconf 85' lang='lat' dir='ltr'><strong>quarum-</strong></span> 
     </span>
    </p>
   </div>
   <div class='ocr_carea' id='block_1_110' title="bbox 1974 4761 3549 4846">
    <p class='ocr_par' dir='ltr' id='par_1_110' title="bbox 1974 4761 3549 4846">
     <span class='ocr_line' id='line_1_110' title="bbox 1974 4761 3549 4846; baseline -0.006 -23"><span class='ocrx_word' id='word_1_830' title='bbox 1974 4788 2081 4842; x_wconf 89' lang='lat' dir='ltr'><strong>que</strong></span> <span class='ocrx_word' id='word_1_831' title='bbox 2124 4771 2484 4826; x_wconf 86' lang='lat' dir='ltr'><strong>Ecclesiarum</strong></span> <span class='ocrx_word' id='word_1_832' title='bbox 2519 4771 2721 4839; x_wconf 88' lang='lat' dir='ltr'><strong>eligere</strong></span> <span class='ocrx_word' id='word_1_833' title='bbox 2769 4767 3038 4836; x_wconf 91' lang='lat' dir='ltr'><strong>primitias</strong></span> <span class='ocrx_word' id='word_1_834' title='bbox 3081 4772 3134 4816; x_wconf 90' lang='lat' dir='ltr'><strong>et</strong></span> <span class='ocrx_word' id='word_1_835' title='bbox 3172 4761 3364 4816; x_wconf 72' lang='lat' dir='ltr'><strong>offerre</strong></span> <span class='ocrx_word' id='word_1_836' title='bbox 3417 4761 3549 4846; x_wconf 87' lang='lat' dir='ltr'><strong>Deo.</strong></span> 
     </span>
    </p>
   </div>
   <div class='ocr_carea' id='block_1_111' title="bbox 1975 4853 3548 4926">
    <p class='ocr_par' dir='ltr' id='par_1_111' title="bbox 1975 4853 3548 4926">
     <span class='ocr_line' id='line_1_111' title="bbox 1975 4853 3548 4926; baseline -0.008 -8"><span class='ocrx_word' id='word_1_837' title='bbox 1975 4864 2148 4918; x_wconf 84' lang='lat' dir='ltr'><strong>llabet</strong></span> <span class='ocrx_word' id='word_1_838' title='bbox 2192 4873 2369 4916; x_wconf 89' lang='lat' dir='ltr'><strong>autem</strong></span> <span class='ocrx_word' id='word_1_839' title='bbox 2432 4861 2685 4915; x_wconf 87' lang='lat' dir='ltr'><strong>fortassis</strong></span> <span class='ocrx_word' id='word_1_840' title='bbox 2742 4859 2950 4926; x_wconf 89' lang='lat' dir='ltr'><strong>aliquos</strong></span> <span class='ocrx_word' id='word_1_841' title='bbox 3023 4864 3078 4910; x_wconf 89' lang='lat' dir='ltr'><strong>et</strong></span> <span class='ocrx_word' id='word_1_842' title='bbox 3140 4853 3548 4922; x_wconf 88' lang='lat' dir='ltr'><strong>primogenitos.</strong></span> 
     </span>
    </p>
   </div>
   <div class='ocr_carea' id='block_1_112' title="bbox 1973 4941 3622 5021">
    <p class='ocr_par' dir='ltr' id='par_1_112' title="bbox 1973 4941 3622 5021">
     <span class='ocr_line' id='line_1_112' title="bbox 1973 4941 3622 5021; baseline -0.007 -13"><span class='ocrx_word' id='word_1_843' title='bbox 1973 4953 2149 5008; x_wconf 87' lang='lat' dir='ltr'><strong>Credo</strong></span> <span class='ocrx_word' id='word_1_844' title='bbox 2183 4961 2361 5006; x_wconf 89' lang='lat' dir='ltr'><strong>autem</strong></span> <span class='ocrx_word' id='word_1_845' title='bbox 2399 4954 2540 5021; x_wconf 87' lang='lat' dir='ltr'><strong>quod</strong></span> <span class='ocrx_word' id='word_1_846' title='bbox 2577 4951 2773 5006; x_wconf 78' lang='lat' dir='ltr'><strong>habeat</strong></span> <span class='ocrx_word' id='word_1_847' title='bbox 2796 4958 2850 5002; x_wconf 91' lang='lat' dir='ltr'><strong>et</strong></span> <span class='ocrx_word' id='word_1_848' title='bbox 2884 4948 3093 5014; x_wconf 88' lang='lat' dir='ltr'><strong>aliquos</strong></span> <span class='ocrx_word' id='word_1_849' title='bbox 3134 4941 3422 4996; x_wconf 85' lang='lat' dir='ltr'><strong>inferiores</strong></span> <span class='ocrx_word' id='word_1_850' title='bbox 3453 4945 3552 4997; x_wconf 92' lang='lat' dir='ltr'><strong>ho-</strong></span> <span class='ocrx_word' id='word_1_851' title='bbox 3614 5007 3622 5018; x_wconf 37' lang='grc' dir='ltr'><em>ι</em></span> 
     </span>
    </p>
   </div>
   <div class='ocr_carea' id='block_1_113' title="bbox 1972 5025 3631 5116">
    <p class='ocr_par' dir='ltr' id='par_1_113' title="bbox 1972 5025 3631 5116">
     <span class='ocr_line' id='line_1_113' title="bbox 1972 5025 3631 5116; baseline -0.006 -18"><span class='ocrx_word' id='word_1_852' title='bbox 1972 5060 2114 5111; x_wconf 91' lang='lat' dir='ltr'><strong>rum,</strong></span> <span class='ocrx_word' id='word_1_853' title='bbox 2140 5051 2275 5116; x_wconf 82' lang='lat' dir='ltr'><strong>quos</strong></span> <span class='ocrx_word' id='word_1_854' title='bbox 2301 5059 2476 5114; x_wconf 89' lang='lat' dir='ltr'><strong>neque</strong></span> <span class='ocrx_word' id='word_1_855' title='bbox 2508 5059 2605 5112; x_wconf 88' lang='lat' dir='ltr'><strong>pro</strong></span> <span class='ocrx_word' id='word_1_856' title='bbox 2639 5040 3009 5112; x_wconf 89' lang='lat' dir='ltr'><strong>primogenitis</strong></span> <span class='ocrx_word' id='word_1_857' title='bbox 3031 5035 3169 5108; x_wconf 85' lang='grc'><strong>(15),</strong></span> <span class='ocrx_word' id='word_1_858' title='bbox 3195 5035 3288 5090; x_wconf 92' lang='lat' dir='ltr'><strong>sed</strong></span> <span class='ocrx_word' id='word_1_859' title='bbox 3329 5049 3426 5104; x_wconf 93' lang='lat' dir='ltr'><strong>pro</strong></span> <span class='ocrx_word' id='word_1_860' title='bbox 3451 5037 3548 5088; x_wconf 85' lang='lat' dir='ltr'><strong>de—</strong></span> 
     </span>
    </p>
   </div>
   <div class='ocr_carea' id='block_1_114' title="bbox 1971 5128 3547 5208">
    <p class='ocr_par' dir='ltr' id='par_1_114' title="bbox 1971 5128 3547 5208">
     <span class='ocr_line' id='line_1_114' title="bbox 1971 5128 3547 5208; baseline -0.01 -16"><span class='ocrx_word' id='word_1_861' title='bbox 1971 5138 2129 5192; x_wconf 91' lang='lat' dir='ltr'><strong>cimis</strong></span> <span class='ocrx_word' id='word_1_862' title='bbox 2165 5138 2336 5208; x_wconf 88' lang='lat' dir='ltr'><strong>possit</strong></span> <span class='ocrx_word' id='word_1_863' title='bbox 2365 5137 2582 5192; x_wconf 80' lang='lat' dir='ltr'><strong>offerre.</strong></span> <span class='ocrx_word' id='word_1_864' title='bbox 2613 5136 2720 5190; x_wconf 88' lang='lat' dir='ltr'><strong>Sed</strong></span> <span class='ocrx_word' id='word_1_865' title='bbox 2748 5145 2802 5189; x_wconf 91' lang='lat' dir='ltr'><strong>et</strong></span> <span class='ocrx_word' id='word_1_866' title='bbox 2843 5130 3214 5201; x_wconf 90' lang='lat' dir='ltr'><strong>unusquisque</strong></span> <span class='ocrx_word' id='word_1_867' title='bbox 3265 5128 3547 5182; x_wconf 85' lang='lat' dir='ltr'><strong>doctorum</strong></span> 
     </span>
    </p>
   </div>
   <div class='ocr_carea' id='block_1_115' title="bbox 1968 5217 3551 5301">
    <p class='ocr_par' dir='ltr' id='par_1_115' title="bbox 1968 5217 3551 5301">
     <span class='ocr_line' id='line_1_115' title="bbox 1968 5217 3551 5301; baseline -0.009 -17"><span class='ocrx_word' id='word_1_868' title='bbox 1968 5239 2098 5300; x_wconf 92' lang='lat' dir='ltr'><strong>puto</strong></span> <span class='ocrx_word' id='word_1_869' title='bbox 2129 5230 2269 5300; x_wconf 89' lang='lat' dir='ltr'><strong>quod</strong></span> <span class='ocrx_word' id='word_1_870' title='bbox 2298 5245 2393 5301; x_wconf 92' lang='lat' dir='ltr'><strong>pro</strong></span> <span class='ocrx_word' id='word_1_871' title='bbox 2423 5245 2488 5285; x_wconf 93' lang='lat' dir='ltr'><strong>eo</strong></span> <span class='ocrx_word' id='word_1_872' title='bbox 2518 5229 2658 5299; x_wconf 92' lang='lat' dir='ltr'><strong>quod</strong></span> <span class='ocrx_word' id='word_1_873' title='bbox 2689 5228 2851 5282; x_wconf 90' lang='lat' dir='ltr'><strong>docet</strong></span> <span class='ocrx_word' id='word_1_874' title='bbox 2878 5232 2932 5280; x_wconf 92' lang='lat' dir='ltr'><strong>et</strong></span> <span class='ocrx_word' id='word_1_875' title='bbox 2955 5223 3211 5294; x_wconf 57' lang='lat' dir='ltr'><strong>praedicat</strong></span> <span class='ocrx_word' id='word_1_876' title='bbox 3241 5229 3298 5276; x_wconf 90' lang='lat' dir='ltr'><strong>et</strong></span> <span class='ocrx_word' id='word_1_877' title='bbox 3328 5217 3551 5274; x_wconf 81' lang='lat' dir='ltr'><strong>instruit</strong></span> 
     </span>
    </p>
   </div>
   <div class='ocr_carea' id='block_1_116' title="bbox 2364 5375 3549 5451">
    <p class='ocr_par' dir='ltr' id='par_1_116' title="bbox 2364 5375 3549 5451">
     <span class='ocr_line' id='line_1_116' title="bbox 2364 5375 3549 5451; baseline -0.008 -10"><span class='ocrx_word' id='word_1_878' title='bbox 2364 5386 2386 5416; x_wconf 80' lang='grc'><strong>⁸</strong></span> <span class='ocrx_word' id='word_1_879' title='bbox 2419 5386 2577 5441; x_wconf 80' lang='lat' dir='ltr'><strong>Num.</strong></span> <span class='ocrx_word' id='word_1_880' title='bbox 2603 5400 2760 5451; x_wconf 82' lang='lat' dir='ltr'><strong>xvm,</strong></span> <span class='ocrx_word' id='word_1_881' title='bbox 2787 5384 2873 5438; x_wconf 73' lang='lat' dir='ltr'><strong>l2.</strong></span> <span class='ocrx_word' id='word_1_882' title='bbox 2951 5382 2996 5414; x_wconf 86' lang='grc'><strong>¹⁰</strong></span> <span class='ocrx_word' id='word_1_883' title='bbox 3024 5379 3143 5436; x_wconf 88' lang='lat' dir='ltr'><strong>Col.</strong></span> <span class='ocrx_word' id='word_1_884' title='bbox 3173 5379 3332 5446; x_wconf 73' lang='lat'><strong>1,18;</strong></span> <span class='ocrx_word' id='word_1_885' title='bbox 3360 5375 3381 5430; x_wconf 82' lang='grc'><strong>1</strong></span> <span class='ocrx_word' id='word_1_886' title='bbox 3413 5375 3549 5435; x_wconf 87' lang='lat' dir='ltr'><strong>Cor.</strong></span> 
     </span>
    </p>
   </div>
   <div class='ocr_carea' id='block_1_117' title="bbox 1967 5549 3511 5625">
    <p class='ocr_par' dir='ltr' id='par_1_117' title="bbox 1967 5549 3511 5625">
     <span class='ocr_line' id='line_1_117' title="bbox 1967 5549 3511 5625; baseline 0 0"><span class='ocrx_word' id='word_1_887' title='bbox 1967 5561 2157 5625; x_wconf 48' lang='lat' dir='ltr'><strong>quaest:</strong></span> <span class='ocrx_word' id='word_1_888' title='bbox 2188 5553 2244 5625; x_wconf 62' lang='lat' dir='ltr'><strong>ii.</strong></span> <span class='ocrx_word' id='word_1_889' title='bbox 2271 5566 2424 5625; x_wconf 59' lang='lat' dir='ltr'><strong>num;</strong></span> <span class='ocrx_word' id='word_1_890' title='bbox 2447 5551 2516 5625; x_wconf 63' lang='lat'><strong>9.6</strong></span> <span class='ocrx_word' id='word_1_891' title='bbox 2541 5559 2594 5604; x_wconf 75' lang='grc' dir='ltr'><strong>οι</strong></span> <span class='ocrx_word' id='word_1_892' title='bbox 2621 5549 2743 5625; x_wconf 47' lang='lat' dir='ltr'><strong>my</strong></span> 
     </span>
    </p>
   </div>
   <div class='ocr_carea' id='block_1_118' title="bbox 2041 5619 3546 5694">
    <p class='ocr_par' dir='ltr' id='par_1_118' title="bbox 2041 5619 3546 5694">
     <span class='ocr_line' id='line_1_118' title="bbox 2041 5619 3546 5694; baseline -0.009 -17"><span class='ocrx_word' id='word_1_893' title='bbox 2041 5623 2151 5694; x_wconf 87' lang='lat' dir='ltr'><strong>(t5)</strong></span> <span class='ocrx_word' id='word_1_894' title='bbox 2176 5621 2356 5676; x_wconf 85' lang='lat' dir='ltr'><strong>Codex</strong></span> <span class='ocrx_word' id='word_1_895' title='bbox 2391 5619 2754 5694; x_wconf 73' lang='lat' dir='ltr'><strong>Betvacensis,</strong></span> <span class='ocrx_word' id='word_1_896' title='bbox 2797 5635 2816 5668; x_wconf 74' lang='grc' dir='ltr'><strong>α</strong></span> <span class='ocrx_word' id='word_1_897' title='bbox 2845 5631 2981 5686; x_wconf 90' lang='lat' dir='ltr'><strong>quos</strong></span> <span class='ocrx_word' id='word_1_898' title='bbox 3013 5630 3188 5686; x_wconf 88' lang='lat' dir='ltr'><strong>neque</strong></span> <span class='ocrx_word' id='word_1_899' title='bbox 3219 5628 3316 5686; x_wconf 89' lang='lat' dir='ltr'><strong>pro</strong></span> <span class='ocrx_word' id='word_1_900' title='bbox 3347 5619 3546 5684; x_wconf 80' lang='lat' dir='ltr'><strong>primi-</strong></span> 
     </span>
    </p>
   </div>
   <div class='ocr_carea' id='block_1_119' title="bbox 1970 5689 2860 5763">
    <p class='ocr_par' dir='ltr' id='par_1_119' title="bbox 1970 5689 2860 5763">
     <span class='ocr_line' id='line_1_119' title="bbox 1970 5689 2860 5763; baseline -0.011 -13"><span class='ocrx_word' id='word_1_901' title='bbox 1970 5689 2060 5750; x_wconf 85' lang='lat' dir='ltr'><strong>tiis</strong></span> <span class='ocrx_word' id='word_1_902' title='bbox 2085 5689 2257 5763; x_wconf 87' lang='lat' dir='ltr'><strong>neque</strong></span> <span class='ocrx_word' id='word_1_903' title='bbox 2274 5706 2372 5762; x_wconf 91' lang='lat' dir='ltr'><strong>pro</strong></span> <span class='ocrx_word' id='word_1_904' title='bbox 2408 5689 2802 5763; x_wconf 83' lang='lat' dir='ltr'><strong>primogenitis.</strong></span> <span class='ocrx_word' id='word_1_905' title='bbox 2839 5706 2860 5740; x_wconf 72' lang='grc' dir='ltr'><strong><em>ι</em></strong></span> 
     </span>
    </p>
   </div>
  </div>
