4074 6156
536 333 640 394 647

1980 321 2303 379 ORICENIS

3686 329 3789 385 648

535 453 829 514 auditores,
865 465 1051 520 agrum
1074 433 1327 501 Ecclesia:
1362 443 1504 497 illius
1532 458 1692 512 quam
1727 443 1904 505 docet,
1942 443 1992 496 id
2022 451 2106 498 est
2134 447 2181 501 A
2209 441 2462 510 apostoli,
2495 452 2551 496 et
2582 442 2916 511 singulorum
2947 459 3042 513 per
3061 443 3331 512 ordinem,
3369 445 3450 501 vel
3490 461 3587 517 pro
3617 447 3781 502 meri-

533 544 867 599 credentium
900 541 1061 596 corda
1103 540 1348 592 videatur
1381 539 1649 591 excolere.
1684 537 1854 590 Ilabet
1885 552 2016 605 ergo
2045 549 2098 590 et

535 638 648 705 ipse
680 636 905 688 cultura:
938 650 1048 686 sua:
1077 632 1337 694 fructum,
1381 643 1436 685 et
1479 632 1531 685 in
1579 632 1646 685 iis
1683 631 1933 685 omnibus
1986 632 2101 684 fru-

533 728 714 780 ctibus
747 726 950 779 invenit
982 726 1096 779 sine
1127 725 1290 777 dubio
1326 725 1556 778 electum
1596 724 1827 792 aliquem
1866 731 1920 776 et
1960 739 2102 791 prae-

531 819 772 885 cipuum,
800 832 958 883 quem
1016 817 1168 884 quasi
1223 816 1491 883 primitias
1529 815 1743 876 offerat,
1800 816 2004 870 invenit
2049 826 2104 868 et

533 920 669 973 quos
701 921 795 973 pro
841 905 1233 974 primogenitis,
1268 912 1322 956 et
1361 902 1494 956 alios
1532 918 1628 970 pro
1671 902 1914 955 decimis.
1949 900 2103 966 Quod

535 997 579 1050 si
610 1011 712 1049 non
752 996 961 1049 videtur
993 995 1338 1049 temerarium
1374 995 1574 1046 audere
1607 994 1658 1046 in
1705 992 1927 1056 talibus,
1970 1007 2104 1062 pos-

538 1097 665 1141 sunt
697 1086 925 1140 fortasse
957 1085 1301 1154 priinogeniti
1332 1099 1459 1138 vere
1491 1084 1566 1136 illi
1623 1084 1749 1147 dici,
1797 1085 1862 1137 de
1909 1084 2106 1153 quibus

539 1177 803 1242 scriptum
828 1187 910 1230 est
935 1177 1047 1207 '6'”
1070 1177 1192 1243 quia
1217 1192 1338 1228 cum
1365 1175 1679 1228 mulieribus
1709 1189 1768 1228 se
1798 1190 1902 1227 non
1931 1176 2108 1242 inqui-

538 1278 820 1330 navcrunt,
863 1266 1098 1333 virgines
1151 1265 1290 1317 enim
1341 1274 1774 1332 permanserunt,
1824 1266 2103 1318 autetiam

539 1359 606 1412 tle
648 1359 977 1429 martyribus
1029 1367 1208 1426 potest
1260 1357 1461 1409 dictum
1497 1357 1683 1410 videri.
1741 1356 1807 1409 Et
1858 1357 2107 1425 primitiae

540 1449 887 1503 nihilominus
915 1459 1138 1516 possunt
1170 1447 1393 1517 intelligi
1426 1447 1678 1501 Ecclesia:
1712 1448 1966 1517 virgines.
1999 1447 2106 1501 De-

541 1542 696 1594 cima:
730 1555 944 1608 quoque
975 1540 1010 1593 ii
1053 1539 1142 1609 qui
1186 1549 1306 1608 post.
1342 1540 1648 1608 conjugium
1688 1540 2028 1594 continenter
2055 1550 2110 1594 ct

537 1647 683 1685 caSte
725 1634 974 1685 vixerint.

606 1723 660 1776 4.
748 1723 943 1776 Verum
1013 1722 1264 1790 quoniam
1332 1737 1398 1775 ex
1470 1722 1779 1792 angelorum
1851 1727 2108 1794 primitiis

537 1830 715 1869 sermo
770 1815 995 1884 sumpsit
1051 1815 1372 1875 exordium,
1440 1832 1575 1884 quas
1634 1816 1817 1870 offerri
1880 1819 1947 1872 ab
2011 1821 2105 1872 iis-

537 1908 657 1962 dem
687 1907 904 1960 humani
954 1908 1165 1976 generis
1231 1907 1528 1962 cultoribus
1571 1910 1899 1978 dixeramus,
1945 1912 2105 1982 307

537 2011 696 2068 atque
730 2001 795 2054 ad
819 2001 1088 2068 apostolos
1112 2003 1355 2068 sequenti
1394 2001 1532 2064 loco,
1568 2012 1624 2056 et
1658 2003 1780 2057 inde
1805 2004 1870 2056 ad
1910 2021 2106 2058 unum-

535 2108 805 2161 qnemque
853 2094 1132 2147 doctorum
1182 2094 1398 2148 deducti
1454 2109 1667 2158 sumus,
1719 2097 2001 2150 redeamus
2037 2097 2104 2150 ad

536 2187 800 2254 originem
839 2201 1026 2240 eorum
1067 2201 1188 2254 qua:
1231 2186 1503 2240 discutere
1537 2201 1896 2254 coeperamus.
1939 2186 2107 2256 Igitur

540 2276 908 2345 unusquisque
932 2276 1244 2346 angelorum
1280 2276 1391 2347 (‘16)
1436 2277 1486 2330 in
1515 2278 1981 2331 consummatione
2007 2294 2108 2332 δειε-

537 2368 644 2421 culi
691 2369 863 2423 aderit
910 2369 964 2422 in
1007 2369 1507 2437 judicio,‘educens
1540 2384 1631 2424 eos
1673 2384 1856 2422 secum
1910 2372 2104 2440 quibus

537 2460 770 2529 prazfuit,
816 2476 951 2528 quos
1002 2460 1230 2529 adjuvit,
1287 2475 1423 2528 quos
1466 2461 1744 2526 instruxit,
1782 2477 1878 2530 pro
1911 2461 2106 2528 quibus

539 2566 750 2620 semper
779 2552 912 2605 vidit
946 2551 1138 2604 faciem
1165 2552 1340 2605 Patris
1371 2553 1460 2621 qui
1495 2554 1545 2604 in
1577 2553 1729 2607 ccelis
1759 2563 1860 2607 est.
1883 2554 1947 2607 Et
1979 2566 2106 2624 puto

539 2643 702 2698 etiam
747 2643 818 2696 ibi
866 2642 1266 2710 inquisitionem
1321 2642 1579 2705 futuram,
1621 2659 1726 2698 non
1768 2646 1988 2714 quidem
2037 2663 2104 2700 an

539 2733 762 2788 cultura:
796 2732 1073 2786 hominum
1109 2731 1330 2800 angelus
1357 2731 1614 2810 defuerit,
1657 2734 1752 2788 sed
1779 2751 1846 2788 an
1882 2736 2107 2790 culturzc

540 2823 795 2893 angelica:
811 2837 1149 2891 nequaquam
1181 2821 1340 2892 digne
1369 2825 1596 2893 segnitia
1630 2826 1861 2879 humana
1883 2842 2110 2894 respon-

540 2914 702 2970 derit.
739 2917 853 2970 Erit
875 2931 1004 2986 ergo
1035 2926 1088 2970 et
1111 2915 1162 2989 in
1197 2914 1298 2968 hoc
1321 2915 1582 2984 judicium
1613 2917 1708 2971 Dei
1737 2929 1915 2971 utrum
1939 2920 2105 2988 negli-

540 3008 717 3074 gentia
740 3008 916 3076 aliqua
944 3008 1314 3060 ministrorum
1340 3008 1626 3077 spirituum
1652 3011 1741 3077 qui
1770 3011 1834 3063 ad
1864 3011 2108 3064 ministe-

2207 535 2294 599 tis,
2328 551 2462 602 quos
2494 536 2678 606 utique
2718 537 2771 589 in
2807 535 3080 590 laboribus
3112 545 3162 591 et
3203 537 3451 591 doctrina
3490 554 3614 601 sua,
3664 537 3778 592 sive

2205 628 2566 693 apostolormn
2620 627 2736 680 sive
2783 626 3115 693 reliquorum
3167 636 3285 696 post
3337 642 3430 682 eos
3473 628 3783 696 doctorum,

2208 731 2424 771 necesse
2461 727 2543 771 est
2565 719 2768 785 primas
2793 728 2975 786 partes
3011 717 3207 771 habere
3232 727 3287 770 et
3325 719 3629 770 animarum
3665 733 3784 786 qua?

2208 822 2301 876 per
2327 823 2420 863 eos
2473 810 2846 877 profecerunt,
2898 817 2952 861 et
2994 807 3224 860 fructum
3260 824 3362 862 una
3407 824 3528 862 cuin
3564 810 3632 862 iis
3690 824 3783 877 per

2207 914 2343 966 quos
2363 902 2567 969 operati
2589 911 2713 954 sunt
2742 901 2807 953 ad
2832 915 3014 953 aream
3041 899 3250 953 Domini
3271 909 3637 968 comportare.
3672 900 3784 953 Erit

2207 1003 2337 1060 ergo
2365 989 2417 1043 iti
2447 992 2867 1060 congregatione
2908 988 3201 1052 fructuum,
3233 991 3279 1041 id
3321 1001 3408 1044 est
3436 992 3485 1044 in
3514 991 3787 1044 electione

2209 1081 2564 1144 credentium,
2597 1081 2706 1144 ille,
2735 1082 2886 1134 verbi
2937 1084 3132 1151 gratia,
3160 1083 3250 1150 qui
3279 1083 3379 1136 fttit
3413 1082 3557 1137 illius
3590 1081 3787 1136 Eccle-

2211 1172 2302 1226 siae
2334 1173 2633 1240 pt‘mcipttus
2681 1181 2736 1225 et
2791 1173 3044 1236 eximius,
3077 1174 3348 1241 primitiae,
3397 1182 3450 1226 et
3500 1173 3589 1227 ille
3618 1174 3787 1228 etiam

2211 1261 2312 1316 hoc
2358 1263 2606 1330 superior
2655 1264 2802 1316 illius
2842 1263 3097 1320 Ecclesiae
3135 1265 3545 1335 primogenitus,
3578 1265 3786 1326 abillo,

2210 1355 2356 1406 verbi
2382 1356 2578 1422 gratia,
2612 1355 2804 1424 angelo
2832 1357 3066 1410 oblatus.
3099 1355 3166 1409 Et
3202 1356 3274 1409 ita
3308 1372 3470 1410 omne
3502 1358 3607 1410 hoc
3640 1357 3786 1425 quod

2211 1446 2584 1499 adutnbratum
2623 1459 2708 1500 est
2741 1447 2792 1500 in
2840 1447 2978 1518 lege,
3006 1447 3261 1517 quoniam
3293 1446 3378 1500 lex
3412 1448 3656 1501 umbram
3689 1449 3789 1500 lia-

2212 1538 2301 1592 bet
2351 1539 2653 1593 futurorum
2691 1542 2976 1604 bonorum,
3031 1540 3212 1609 aliquo
3241 1541 3400 1594 modo
3438 1556 3535 1610 per
3557 1541 3787 1610 angelo-

2214 1645 2329 1683 rum
2387 1632 2682 1685 tninisteria
2743 1633 2797 1685 in
2849 1631 3160 1687 futurorum
3225 1632 3495 1686 bonorum
3555 1633 3789 1687 veritate

2211 1724 2601 1793 complebitur:
2636 1734 2694 1777 ut
2725 1741 2843 1794 quae
2872 1715 3212 1793 prmformata
3232 1735 3359 1778 sunt
3398 1725 3450 1778 in
3475 1724 3564 1777 illo
3593 1723 3786 1790 Israel,

2209 1816 2300 1886 qui
2346 1818 2639 1870 secundum
2693 1831 2912 1870 carnem
2953 1815 3118 1870 Israel
3167 1817 3387 1882 dicitur,
3429 1817 3482 1869 itt
3528 1813 3788 1870 lsraelitis

2208 1908 2351 1960 veris
2378 1917 2431 1960 et
2459 1907 2770 1961 coalestibus
2814 1908 3164 1976 impleantur.
3195 1908 3396 1961 Nomen
3422 1908 3565 1961 enim
3618 1909 3787 1962 Israel

2207 1999 2450 2068 pervenit
2477 2013 2645 2066 usque
2673 1999 2738 2052 ad
2764 2000 3037 2067 angelicos
3064 2002 3299 2066 ordines,
3327 2000 3430 2052 nisi
3455 1999 3580 2068 quia
3616 1999 3786 2053 multo

2205 2091 2490 2145 veriusilli
2543 2091 2962 2160 appellabuntur
3008 2093 3196 2159 Israel,
3240 2103 3445 2160 quanto
3477 2093 3658 2145 verius
3707 2091 3783 2144 illi

2207 2194 2330 2238 sunt
2359 2199 2510 2236 mens
2537 2184 2725 2237 videns
2757 2183 2941 2237 Deum.
2991 2184 3105 2239 Hoc
3133 2185 3275 2238 enim
3308 2183 3474 2238 Israel
3509 2184 3784 2250 interpre-

2209 2285 2357 2328 tatur
2403 2273 2539 2345 (l8).
2582 2273 2720 2327 Puto
2758 2276 2902 2328 enim
2932 2275 3078 2343 quia,
3123 2274 3264 2328 sicut
3295 2274 3535 2341 quadam
3565 2273 3784 2325 nomina

2207 2367 2292 2419 vel
2345 2368 2608 2434 gentium,
2663 2365 2748 2420 vel
2807 2367 3136 2434 principum,
3173 2365 3224 2418 in
3274 2365 3571 2432 Scripturis
3603 2365 3782 2433 posita

2205 2459 2471 2524 videmus,
2507 2473 2626 2527 qua:
2678 2459 2885 2526 absque
2929 2459 3036 2511 ulla
3088 2459 3425 2512 dubitatione
3485 2458 3550 2512 ad
3614 2458 3787 2511 malos

2207 2553 2448 2618 angelos,
2488 2557 2540 2604 et
2573 2549 2638 2601 ad
2679 2549 2910 2602 virtutes
2949 2549 3254 2603 contrarias
3288 2548 3599 2604 referantur
3630 2565 3645 2612 ;
3678 2549 3788 2602 sic-

2207 2647 2288 2702 ut,
2317 2639 2470 2692 verbi
2507 2637 2704 2706 gratia,
2731 2636 2941 2691 Pharao
2963 2653 3057 2692 rex
3087 2638 3325 2709 Egypti,
3356 2647 3412 2693 et
3434 2637 3790 2692 Nabuchodo-

2208 2747 2370 2786 nosor
2395 2731 2720 2801 Babylonius
2744 2739 2798 2784 et
2819 2729 3073 2800 Assyrius
3102 2747 3117 2795 ;
3149 2731 3219 2783 ita
3254 2731 3419 2784 etiam
3450 2744 3538 2795 ea,
3570 2746 3690 2799 quae
3717 2734 3787 2784 de

2210 2823 2415 2878 sanctis
2444 2824 2575 2876 viris
2616 2831 2672 2877 et
2700 2832 2859 2893 gente
2891 2821 3140 2891 religiosa
3178 2823 3515 2886 scribuntur,
3551 2823 3616 2875 ad
3659 2837 3788 2876 sau-

2207 2924 2324 2970 ctos
2347 2915 2565 2984 angelos
2594 2924 2650 2969 et
2685 2915 2751 2968 ad
2788 2915 3046 2982 benignas
3079 2913 3336 2967 debemus
3368 2913 3579 2967 referre
3609 2914 3781 2966 virtu-

2211 3018 2310 3060 tes.
2346 3007 2500 3072 Quod
2533 3016 2714 3060 autem
2750 3023 2842 3060 rex
2877 3007 3050 3075 gentis
3077 3006 3256 3073 impiae
3289 3005 3355 3058 ad
3396 3005 3650 3058 virtutem
3686 3004 3787 3057 ali-

541 3101 681 3153 rium
714 3109 768 3154 et
800 3099 1126 3168 atljulorium
1160 3100 1306 3154 missi
1345 3110 1472 3153 sunt
1497 3115 1718 3170 propter
1747 3117 1839 3157 eos
1871 3103 1960 3170 qui
1998 3104 2106 3156 hre-
2135 3143 2177 3200 ϐ
2212 3113 2369 3167 quam
2405 3099 2691 3168 malignam
2745 3099 2812 3151 ab
2837 3097 3118 3166 Scriptura
3156 3095 3441 3161 referatur,
3477 3097 3598 3149 audi
3655 3110 3788 3164 quo-

541 3191 823 3246 reditatem
863 3192 1083 3260 capiunt
1112 3193 1325 3254 salutis,
1354 3208 1420 3245 an
1472 3209 1658 3247 eorum
1693 3195 1785 3261 qui
1825 3195 1892 3248 ab
1926 3193 2110 3262 iisjn-

541 3293 739 3336 vantur
793 3283 1002 3352 ignavia
1065 3295 1170 3335 tam
1225 3283 1379 3335 multi
1444 3282 1625 3351 lapsus
1686 3285 1808 3337 vita:
1861 3285 2110 3341 humanae

539 3376 861 3446 [reveniant
920 3374 1052 3443 (l7).
1095 3374 1247 3440 Quod
1299 3375 1342 3430 si
1377 3374 1448 3427 ita
1493 3386 1594 3442 est,
1637 3377 1743 3430 erit
1775 3393 1904 3447 ergo
1946 3379 2108 3431 etiam

543 3469 686 3522 inter
711 3467 932 3535 angelos
958 3475 1012 3519 et
1039 3467 1285 3522 homines
1321 3468 1583 3534 iudicium
1614 3469 1742 3522 Dei:
1777 3479 1830 3522 et
1861 3471 2111 3525 fortassis

534 3560 924 3630 judicabuntur
957 3559 1123 3629 aliqui
1163 3575 1283 3614 cum
1311 3560 1476 3616 Paulo
1505 3571 1558 3616 et
1585 3561 1930 3616 conferentur
1954 3563 2108 3616 labo-

545 3651 693 3706 ribus
726 3651 860 3718 ejus,
897 3659 952 3706 et
982 3651 1248 3706 fructibus
1280 3654 1371 3721 qui
1396 3668 1462 3705 ex
1505 3653 1847 3708 multitudine
1885 3656 2112 3709 creden-

547 3743 677 3794 tium
708 3743 965 3796 veniunt:
999 3752 1052 3797 et
1075 3741 1216 3797 forte
1245 3743 1544 3798 invenietur
1573 3745 1623 3796 in
1656 3743 1928 3799 laboribus
1952 3761 2114 3813 supe-

547 3829 658 3882 rior
693 3831 854 3884 etiam
882 3833 1150 3901 aliquibus
1185 3833 1411 3902 angelis,
1445 3843 1498 3888 et
1532 3834 1653 3887 ideo
1685 3834 1941 3888 nimirum
1973 3837 2113 3889 dice-

545 3920 639 3974 bat
668 3921 710 3951 ¹³
742 3938 755 3974 :
793 3941 810 3973 t
846 3923 952 3977 Aut
983 3927 1202 3980 nescitis
1236 3927 1359 3994 quia
1407 3926 1626 3996 angelos
1648 3927 2056 3996 judicabimus?
2089 3947 2106 3978 ι

547 4011 663 4066 Non
705 4017 844 4081 quod
894 4015 1007 4084 ipse
1051 4016 1251 4070 Paulus
1297 4019 1500 4086 jttdicet
1553 4019 1794 4089 angelos,
1848 4022 1939 4072 sed
1971 4023 2112 4090 quod

546 4122 681 4174 opus
714 4107 858 4160 Pauli
909 4110 1050 4177 quod
1085 4111 1196 4179 egit
1239 4112 1290 4164 in
1333 4113 1642 4182 Evangelia.
1673 4121 1725 4166 et
1747 4128 1873 4182 erga
1904 4115 2117 4168 animas

545 4198 909 4262 credentium,
959 4199 1225 4265 judicabit
1271 4201 1527 4270 aliquos:
1575 4218 1680 4257 non
1721 4203 1865 4256 enim
1901 4219 2110 4268 omnes,

546 4291 640 4344 sed
673 4289 883 4358 aliquos
918 4291 1252 4361 angelorum.
1282 4293 1346 4346 Et
1372 4306 1654 4363 propterea
1681 4294 1927 4349 fortassis
1951 4296 2114 4348 etiam

547 4381 740 4436 Petrus
769 4382 838 4436 ad
873 4384 971 4436 ista
1018 4385 1350 4452 respomlens
1401 4388 1618 4442 dicebat
1651 4387 1693 4419 ³⁸
1727 4407 1740 4442 :
1781 4405 1800 4438 ι
1834 4388 1892 4442 In
1953 4403 2114 4458 quem

547 4474 935 4540 concupiscunt
967 4475 1130 4530 etiam
1158 4477 1657 4548 angeliprospicere
1689 4503 1700 4536 :
1742 4500 1761 4533 ι
1792 4482 2038 4548 quamvis
2061 4490 2114 4536 et
2151 4486 2192 4540 D
2219 4479 2524 4549 loquentem
2580 4479 2761 4534 dicere
2793 4479 2838 4509 ²³
2873 4497 2888 4532 :

550 4563 654 4633 ipsi
678 4566 904 4633 apostoli
943 4568 1147 4636 angelis
1183 4577 1406 4624 utantur
1433 4572 1770 4640 adjutoribus
1800 4575 1864 4626 ad
1893 4574 2118 4642 explen-

550 4661 675 4709 dum
725 4660 1124 4726 praedicationis
1159 4675 1269 4714 sua:
1310 4677 1527 4726 munus,
1569 4675 1625 4718 et
1671 4681 1805 4733 Opus
1841 4666 2116 4734 Evangelii

550 4754 1058 4808 consmmnandmn.
1127 4755 1219 4808 Sic
1268 4756 1411 4808 enim
1463 4756 1743 4810 dicebatur
1778 4757 1830 4810 in
1884 4758 2114 4811 Actibus

551 4841 916 4906 apostolorum
949 4844 1015 4908 ³ο,
1046 4845 1171 4912 quia
1201 4846 1424 4914 angelus
1454 4844 1597 4898 Petri
1632 4855 1773 4900 esset
1806 4847 1894 4915 qui
1929 4847 2116 4916 pulsa-

553 4942 635 4984 ret
678 4933 745 4985 ad
801 4935 1020 4988 osdum.
1073 4937 1336 4989 Similiter
1387 4953 1514 5004 ergo
1557 4938 1871 5006 intelligitur
1894 4956 2016 4994 esse
2063 4952 2119 4995 et

552 5020 688 5075 alius
721 5023 863 5075 Pauli
894 5024 1140 5094 angelus,
1166 5027 1308 5080 sicut
1339 5035 1421 5079 est
1454 5026 1619 5090 Petri,
1645 5035 1700 5080 et
1728 5027 1864 5081 alius
1897 5029 2120 5085 alterius

625 5140 741 5210 ¹Ϊ⁵·¹⁷
770 5140 937 5208 Apoc.
963 5157 1072 5210 xiv,
1109 5143 1165 5197 4.
1245 5143 1289 5174 “‘
1323 5144 1341 5197 ι
1375 5144 1500 5199 Cor.
1525 5159 1600 5209 vt,
1631 5144 1686 5198 5.

555 5209 600 5239 ’³
629 5208 762 5264 Gen.
793 5227 868 5276 xi,
907 5212 956 5265 7.

625 5352 735 5424 (l6)
766 5353 934 5422 Igitur
959 5359 1306 5425 unusquisque
1330 5356 1655 5426 angelorum,
1680 5363 1786 5409 etc.
1813 5354 1946 5410 Vide
1975 5356 2116 5410 Ilue-

555 5422 689 5546 tgigtm
719 5422 1171 5495 'Ot'tgenitmorttm
1211 5431 1306 5483 lib.
1345 5422 1416 5491 ll;
1450 5438 1640 5496 quiest.
1676 5427 1729 5492 5,
1779 5443 1930 5480 num.
1961 5428 2033 5481 ‘20
2063 5437 2119 5482 et

626 5533 738 5637 il?)
767 5564 886 5619 Erit
911 5583 1032 5636 ergo
1059 5576 1105 5620 et
1133 5571 1186 5620 in
1220 5567 1314 5622 Itoc
1346 5567 1608 5637 judicium
1641 5567 1731 5621 Dei
1757 5577 1930 5619 utrum
1956 5568 2118 5636 negli-

556 5635 728 5706 gentia
759 5637 939 5706 aliqua
971 5635 1327 5691 ministrorum
1347 5635 1637 5705 spirituum
1662 5640 1750 5706 qui
1782 5639 1848 5691 ad
1877 5635 2117 5690 ministe-

560 5705 695 5778 rium
721 5713 769 5756 et
792 5705 1118 5774 adjutorium
1151 5711 1295 5762 missi
1323 5721 1442 5762 sunt
1476 5705 1684 5776 propter
1717 5726 1800 5762 eos
1831 5709 1921 5778 qui
1945 5711 2142 5761 Itwt'e-‘

558 5774 768 5828 ditatem
797 5780 1006 5840 capiunt
1029 5779 1237 5844 salutis,
1270 5797 1338 5832 an
1363 5797 1540 5834 eorum
1563 5774 1652 5849 qui
1683 5781 1745 5833 ab
1775 5774 2120 5850 eis-juvantttr

1765 5143 1808 5175 ¹⁹
1844 5144 1860 5198 l
1892 5144 2005 5202 Pet.
2040 5165 2078 5217 I,
2122 5151 2207 5204 l2.

2216 3192 2373 3245 modo
2420 3189 2588 3244 Isaias
2622 3193 2686 3242 de
2728 3189 3226 3244 Nabuchodonosor
3249 3189 3435 3242 dicat:
3475 3205 3494 3238 ε
3542 3187 3608 3240 Et
3637 3187 3787 3240 indu-

2212 3299 2352 3348 eam,
2389 3284 2564 3352 inquit
2594 3283 2658 3346 ²¹,
2685 3283 2922 3351 gladium
2961 3296 3122 3350 super
3151 3291 3368 3350 gentem
3400 3294 3670 3349 magnam,
3696 3294 3789 3332 su-

2213 3391 2307 3444 per
2341 3377 2635 3444 priueipem
2669 3375 3038 3443 Assyriorum.
3071 3375 3162 3426 Ait
3189 3374 3333 3426 enim
3363 3386 3379 3424 :
3421 3372 3629 3426 Virtute
3665 3386 3786 3424 mea

2214 3468 2428 3530 faciam,
2460 3476 2513 3520 et
2543 3467 2803 3535 sapientia
2829 3479 3018 3518 sensus
3053 3466 3155 3517 mei
3186 3464 3457 3516 destruam
3488 3464 3624 3516 lines
3655 3477 3791 3530 gen-

2216 3563 2370 3625 tium,
2408 3569 2462 3613 et
2515 3560 2774 3612 virtutem
2835 3572 3024 3612 eorum
3068 3555 3442 3624 depraadabor.
3491 3573 3510 3606 ι
3559 3553 3625 3606 Et
3660 3554 3788 3606 item

2214 3651 2338 3706 alibi
2381 3652 2539 3720 quasi
2596 3652 2662 3704 de
2721 3649 2964 3719 principe
3017 3652 3193 3719 gentis
3230 3648 3509 3716 cujusdam
3565 3646 3790 3712 loquens

2212 3744 2346 3799 dicit
2374 3746 2420 3776 "
2449 3763 2462 3798 :
2506 3763 2524 3795 ‹
2574 3744 2858 3810 Quomodo
2887 3745 3086 3798 cecidit
3116 3746 3182 3796 de
3211 3743 3352 3797 cosio
3396 3741 3634 3803 Lucifer,
3695 3741 3789 3810 qui

2217 3852 2372 3890 mane
2403 3831 2720 3891 oriebatur?
2768 3853 2788 3887 ι
2843 3835 2886 3889 si
2933 3850 3061 3904 ergo
3097 3836 3209 3888 haec
3247 3833 3426 3886 omnia
3459 3835 3526 3885 ad
3564 3833 3791 3903 angelos

2215 3929 2478 3995 quosdam
2537 3927 2786 3995 maligna:
2815 3925 2923 3998 (l9)
2957 3927 3178 3979 virtutis
3235 3924 3429 3979 referri
3463 3923 3610 3994 cogit
3653 3924 3792 3979 ratio

2218 4024 2487 4086 veritatis,
2533 4037 2710 4076 nonne
2739 4024 2926 4076 eadem
2960 4022 3344 4090 consequentia
3379 4020 3543 4074 etiam
3579 4035 3700 4090 qua:
3727 4021 3793 4074 de

2219 4115 2398 4178 bonis,
2437 4113 2522 4165 vt-l
2563 4113 2924 4182 principibus,
2954 4113 3032 4166 vel
3063 4113 3316 4182 gentibus
3342 4113 3790 4175 conscribuntur,

2217 4207 2282 4257 ad
2309 4205 2596 4266 bonarum,
2628 4214 2686 4256 ut
2721 4220 2885 4272 supra
2940 4204 3192 4267 diximus,
3245 4205 3506 4256 virtutum
3548 4203 3792 4272 angelos,

2221 4298 2609 4366 ministrosque
2650 4295 3121 4350 referentur?Sed
3161 4305 3218 4349 et
3251 4297 3379 4350 illud
3409 4297 3550 4364 quod
3574 4296 3627 4349 in
3680 4295 3792 4349 Ge-

2221 4389 2333 4442 nesi
2361 4389 2619 4457 scriptum
2657 4388 2905 4457 legimus,
2945 4387 3112 4440 Deum
3138 4391 3206 4442 ad
3237 4388 3456 4458 angelos
3485 4389 3602 4440 sine
3629 4385 3793 4439 dubio

2947 4497 2965 4530 ι
3012 4479 3200 4534 Venite
3247 4480 3641 4533 confundainus
3687 4478 3792 4530 liti-

2219 4585 2353 4640 guas
2380 4587 2590 4635 eorum,
2633 4590 2653 4623 ι
2689 4571 2817 4640 quid
2855 4571 2997 4625 aliud
3035 4571 3331 4640 putandum
3364 4581 3466 4635 est,
3505 4569 3610 4624 nisi
3649 4570 3791 4638 quod

2220 4670 2419 4724 diversi
2448 4669 2622 4739 angeli
2656 4669 2899 4723 diversas
2933 4668 2988 4721 in
3011 4668 3323 4722 hominibus
3349 4667 3558 4735 linguas
3585 4663 3792 4732 cperati

2222 4759 2330 4814 sint
2365 4775 2426 4812 ac
2454 4759 2730 4828 loquelas?
2767 4758 2853 4821 Ut,
2878 4758 3029 4812 verbi
3061 4760 3255 4826 gratia,
3286 4773 3422 4810 unus
3447 4757 3647 4824 aliquis
3678 4755 3793 4808 fue—

2223 4851 2310 4913 rit,
2365 4851 2454 4918 qui
2492 4849 2886 4920 Bahylonicam
2934 4860 3060 4904 tunc
3093 4851 3183 4904 uni
3221 4851 3424 4904 homini
3460 4847 3794 4917 impresserit

2224 4941 2488 5010 linguam,
2515 4942 2652 4995 alius
2680 4943 2769 5010 qui
2795 4941 2883 4994 alii
2907 4941 3239 5011 Egyptiam,
3263 4952 3319 4994 et
3356 4940 3493 4993 alius
3513 4941 3602 5006 qui
3643 4938 3792 4992 Grae-

2227 5048 2366 5097 cam,
2409 5043 2464 5088 et
2500 5035 2578 5088 sic
2608 5034 2949 5088 diversarum
3004 5035 3244 5104 gentium
3291 5030 3392 5099 ipsi
3438 5030 3514 5084 illi
3562 5029 3791 5084 fortasse

2287 5154 2331 5184 ²⁰
2367 5155 2486 5209 Act.
2524 5169 2624 5209 xu.
2735 5156 2778 5185 ²¹
2813 5155 2916 5208 lsa.
2944 5155 3113 5219 1,12,
3151 5153 3237 5210 15.
3314 5152 3359 5183 ³³
3399 5150 3501 5205 lsa.
3541 5162 3650 5213 xiv,
3704 5145 3788 5199 12.

2220 5357 2430 5424 ignavia
2461 5365 2566 5408 tam
2594 5353 2746 5407 multi
2794 5353 2969 5422 lapsus
3018 5354 3140 5407 vita:
3180 5355 3423 5407 humanm
3464 5352 3786 5424 proveniant.

2223 5423 2344 5479 lliec
2377 5431 2426 5478 itt
2467 5426 2626 5478 editis
2657 5427 2854 5476 otttissa
2889 5424 3204 5490 supplentur
3237 5439 3267 5476 e
3315 5427 3470 5479 codd.
3518 5423 3790 5492 Sagieusi,

2223 5495 2557 5559 Belvacetisi,
2583 5506 2636 5548 et
2665 5496 2848 5548 Sancti
2888 5492 3229 5549 Theudorici.

2295 5590 2404 5662 (l8)
2441 5587 2631 5641 Viden:
2659 5586 2848 5639 Deum.
2884 5585 2998 5639 Hoc
3027 5587 3167 5639 enim
3202 5585 3374 5640 Israel
3395 5588 3787 5657 interpretatur.

2220 5682 2265 5738 A
2294 5693 2417 5742 ΠκἾ
2447 5699 2464 5732 t
2499 5681 2654 5746 vidit,
2702 5698 2720 5730 ι
2752 5689 2803 5732 et
2826 5662 2900 5737 BN
2927 5697 2946 5728 ι
2980 5679 3136 5732 Deus.
3167 5695 3186 5728 ι

2296 5777 2406 5848 (I9)
2456 5774 2607 5841 Mss.,
2645 5791 2664 5825 t
2702 5773 2968 5843 maligum.
3005 5791 3022 5824 ι
3058 5772 3214 5828 Libb.
3256 5772 3409 5838 editi,
3443 5791 3462 5824 t
3503 5785 3732 5842 magnae.
3761 5787 3784 5820 ο
