4074 6156
455 154 562 210 649

1657 161 1726 217 ΙΝ
1763 159 2100 220 NUMEROS
2137 161 2420 221 HOMILIA
2450 167 2542 222 XI.

3594 172 3700 238 650

457 280 735 350 principes
772 278 994 346 fuerint,
1021 283 1112 350 qui
1132 290 1186 336 et
1210 282 1512 354 linguarum
1542 293 1606 340 ac
1631 285 1858 356 loquelae
1887 288 2039 342 vide-
2064 285 2112 343 Α
2141 287 2355 349 merito,
2408 302 2474 344 eo
2517 289 2659 359 quod
2695 291 2956 348 creditam
2985 295 3087 352 sibi
3131 296 3507 368 multiplicavit
3535 314 3695 369 pecu-

457 371 660 428 bantur
687 381 938 430 auctores
965 384 978 426 ξ
1014 375 1276 430 manserit
1318 385 1497 431 autem
1525 377 1705 448 lingua
1733 394 1830 446 per
1856 377 2030 435 Adam

458 464 712 531 primitus
747 463 892 528 data,
949 475 1005 519 ιιι
1034 476 1312 534 putamus,
1359 455 1622 534 Hebraeis,
1674 470 1728 525 in
1771 485 1833 526 ea
1875 483 2032 542 parte

457 553 763 622 hominum,
786 560 908 626 quae
935 569 1040 612 non
1071 563 1197 629 pars
1225 560 1456 630 alicujus
1489 564 1691 635 angeli,
1717 565 1799 620 vel
1830 567 2030 635 princi-

455 645 545 717 pis
575 647 714 703 facta
740 659 843 714 est,
873 648 964 703 sed
993 665 1112 718 quae
1150 651 1241 705 Dei
1267 654 1446 722 portio
1473 657 1787 724 permansit.
1807 658 2027 714 Interim

455 750 517 794 ut
543 740 724 796 dicere
767 749 1129 811 cCeperamus,
1158 740 1400 802 oﬂ‘ernnt
1429 757 1484 802 et
1511 747 1688 820 angeli
1735 751 2025 820 primitias,

456 836 830 906 unusquisthe
877 837 1043 892 credo
1086 841 1262 908 gentis
1315 856 1450 906 suae,
1481 849 1537 895 et
1581 857 1798 897 rursum
1856 859 2024 898 unus-

454 929 686 998 quisque
730 927 986 983 Ecclesize
1015 945 1145 983 sua}.
1200 919 1411 997 Quibus
1452 932 1663 1002 angelis
1700 944 1755 988 et
1787 917 2026 990 .ioannes

455 1020 510 1075 in
541 1021 860 1092 ApocalypSI
891 1022 1131 1076 scribere
1165 1023 1382 1078 videtur
1408 1023 1475 1089 “,
1513 1025 1666 1081 verbi
1696 1029 1892 1095 gratia,
1926 1041 2026 1081 an-

455 1113 574 1183 gelo
609 1107 861 1169 Ecclesia:
911 1099 1288 1183 Ephesiorum,
1347 1116 1429 1172 vel
1464 1116 1886 1190 Sutyrnaaorum,
1941 1122 2023 1176 vel

453 1206 886 1271 Laodicensium,
920 1207 1260 1278 aliarumque
1285 1223 1404 1276 qua:
1427 1210 1642 1279 scriptae
1671 1221 1817 1267 sunt.
1853 1212 2022 1268 Oﬁ'ert

453 1312 582 1370 ergo
623 1299 994 1369 unusquisqtte
1029 1301 1344 1370 angelorum
1375 1303 1666 1369 primitias,
1713 1306 1793 1360 vel
1835 1292 2025 1362 Eccle-

452 1391 565 1455 size,
595 1391 681 1444 vel
726 1391 903 1460 gentis
943 1406 1054 1447 suae
1083 1407 1204 1461 quae
1229 1393 1279 1447 ei
1307 1393 1677 1464 dispensanda
1729 1399 2020 1454 commissa

451 1491 554 1536 est.
582 1483 690 1536 Aut
717 1480 856 1537 forte
876 1492 931 1537 et
961 1479 1052 1537 alii
1078 1483 1422 1540 extrinsecus
1445 1487 1622 1557 angeli
1653 1497 1800 1556 sunt,
1834 1491 1925 1560 qui
1954 1505 2022 1545 ex

449 1573 702 1628 erunibus
760 1574 1011 1644 gentibus
1062 1574 1246 1630 ﬁdeles
1281 1577 1527 1645 quosque
1559 1591 1908 1650 congregent.
1955 1581 2021 1636 Et

451 1665 858 1721 consideremus
905 1681 970 1720 ne
1013 1664 1152 1720 forte
1190 1667 1328 1721 sicut
1360 1667 1527 1740 308
1554 1669 1607 1723 in
1639 1671 1844 1740 aliqua,
1871 1674 2022 1729 verbi

450 1759 650 1828 gratia,
685 1759 926 1822 civitate,
964 1760 1052 1813 ubi
1089 1763 1327 1815 nondum
1366 1763 1660 1817 Christiani
1715 1767 1824 1819 nati
1873 1775 2020 1834 sunt,

450 1853 493 1906 si
543 1852 768 1906 accedat
800 1851 1020 1920 aliquis,
1051 1861 1108 1906 et
1147 1853 1348 1908 docere
1392 1855 1638 1925 incipiat,
1675 1855 1903 1923 laboret,
1941 1860 2023 1912 in:-

450 1951 646 2006 struat,
709 1943 944 1997 adducat
983 1944 1050 1997 ad
1102 1942 1282 2007 ﬁdem,
1331 1953 1385 1998 et
1437 1947 1553 2014 ipse
1581 1949 1918 2016 postmodum
1953 1953 2019 2006 iis

450 2048 585 2101 quos
635 2033 819 2089 docuit
863 2034 1116 2104 princeps
1164 2044 1220 2088 et
1261 2038 1549 2106 episcopus
1605 2040 1692 2092 ﬁt:
1748 2041 1821 2096 ita
1853 2044 2017 2096 etiam

450 2127 624 2181 sancti
665 2126 839 2196 angeli
877 2126 988 2196 (20)
1024 2142 1210 2186 eorum
1241 2145 1380 2200 quos
1429 2146 1460 2187 e
1495 2133 1728 2188 diversis
1768 2136 2024 2206 gentibus

447 2221 921 2289 congregaverint,
940 2231 990 2274 et
1016 2212 1204 2278 labore
1229 2239 1330 2278 suo
1347 2239 1411 2279 ac
1435 2225 1738 2280 ministerio
1755 2225 2023 2296 proﬁcere

449 2306 700 2377 fecerint,
721 2309 823 2380 ipsi
858 2326 1045 2368 eorum
1073 2315 1234 2368 etiam
1270 2317 1322 2369 in
1344 2312 1526 2370 futuro
1542 2317 1814 2387 principes
1853 2317 2016 2372 ﬁant:

448 2411 508 2456 ut
536 2402 785 2458 Christus
822 2421 926 2459 non
959 2413 1065 2460 tam
1101 2422 1193 2462 rex
1232 2407 1444 2464 dicatur
1481 2424 1642 2478 quam
1680 2414 1772 2464 rex
1808 2425 2019 2480 regum,

447 2504 502 2550 et
533 2512 638 2549 non
668 2505 775 2550 tam
811 2482 1091 2558 Dominus.
1115 2516 1276 2568 quam
1317 2500 1574 2554 Dominus
1600 2501 2017 2557 dominantium.

447 2583 655 2655 Quippe
687 2589 734 2641 si
779 2588 864 2641 isti
921 2595 1074 2660 reges
1125 2593 1254 2644 fiunt
1290 2607 1477 2645 eorum
1517 2609 1655 2660 quos
1689 2605 1902 2664 regunt,
1965 2605 2022 2650 et

446 2674 715 2744 proﬁcere
751 2676 978 2744 faciunt,
1023 2680 1120 2748 ipsi
1147 2695 1275 2748 ergo
1306 2681 1540 2736 oil‘erunt
1594 2686 1862 2752 quosdam
1897 2686 2018 2755 qui-

447 2769 569 2824 dem
595 2770 859 2839 pontiﬁci,
888 2774 1148 2842 qudsdam
1179 2779 1308 2829 vero
1349 2773 1472 2830 ﬁliis
1499 2776 1798 2848 pontiﬁcis,
1827 2779 1876 2834 id
1914 2787 2018 2842 est,

446 2860 822 2930 superioribus
880 2865 1197 2930 Virtutibus,
1239 2866 1696 2934 etarcbangelis,
1751 2870 2014 2938 quosdam

445 2953 610 3008 etiam
652 2951 876 3018 Levitis,
922 2953 975 3009 id
1027 2964 1111 3009 est
1155 2957 1314 3022 paulo
1353 2958 1719 3028 inferioribus,
1747 2961 1791 3015 si
1843 2972 2017 3016 tamen
2046 2983 2090 3042 ο

445 3055 787 3115 consequens
805 3047 1050 3103 videatur
1083 3048 1172 3101 tali
1199 3050 1429 3117 quadam
1456 3051 1637 3121 specie
1658 3054 1820 3108 etiam
1845 3070 2014 3125 ange-

445 3137 580 3194 licos
616 3141 856 3198 ordines.
913 3150 972 3194 ut
1016 3136 1294 3197 Israelitici
1351 3153 1497 3209 sunt,
1545 3159 1667 3201 esse
1713 3147 2014 3216 distinctos,

444 3232 881 3302 quandorjuidcm
935 3221 1197 3289 Israelita:
1241 3234 1355 3304 (21)
1399 3237 1603 3290 umbrat
1631 3237 1686 3292 et
1716 3241 2016 3308 exemplari

442 3322 695 3378 dicantur
724 3324 1003 3380 deservire
1026 3327 1346 3381 caelestium.
1375 3322 1672 3384 Possumus
1702 3345 1830 3401 ergo
1864 3332 2018 3388 dice-

448 3426 529 3479 re,
551 3415 673 3484 quia
710 3415 853 3471 forte
885 3417 937 3471 in
975 3416 1156 3474 futuro
1179 3434 1299 3472 cum
1329 3435 1518 3476 omnes
1550 3419 1760 3476 fructus
1790 3433 2017 3493 congre-

445 3507 712 3576 gabuntur
741 3509 808 3564 ad
853 3524 1057 3573 aream,
1085 3522 1244 3567 erunt
1265 3515 1481 3582 quidam
1523 3517 1694 3584 portio
1722 3517 2011 3586 pontiﬁcis,

444 3599 540 3652 sed
571 3598 712 3655 illius
743 3600 852 3656 veri
885 3602 1156 3670 pontificis
1177 3602 1400 3660 Christi.
1433 3605 1603 3661 Erunt
1632 3615 1688 3660 et
1722 3606 1811 3661 alii
1840 3609 2018 3677 portio

440 3686 779 3758 Levitarum,
821 3693 960 3749 sicut
1010 3697 1122 3764 jam
1156 3707 1316 3765 supra
1359 3686 1616 3761 diximus,
1664 3699 1746 3753 vel
1788 3697 2013 3770 angelis,

440 3787 526 3837 vel
555 3785 674 3838 aliis
699 3787 1015 3842 cmlestibus
1046 3788 1336 3844 virtutibus
1364 3801 1722 3859 sequestrata.
1755 3784 1892 3846 Puto
1917 3808 2015 3846 au-

440 3887 548 3931 tem
579 3876 720 3946 quod
758 3889 919 3933 erunt
949 3881 1166 3949 quidam
1204 3883 1379 3950 portio
1407 3882 1572 3936 etiam
1615 3877 1892 3938 huminum
1919 3897 2012 3938 eo-

437 3983 559 4024 rum
611 3971 872 4026 duntaxat
907 3975 998 4044 qui
1046 3973 1098 4027 in
1135 3974 1235 4030 hac
1262 3975 1369 4027 vita
1409 3976 1699 4044 prudentes
1725 3991 1788 4030 ac
1825 3976 2011 4032 ﬁdeles

438 4062 834 4132 dispensatores
871 4066 1023 4121 verbi
1055 4065 1146 4121 Dei
1183 4067 1420 4120 fuerunt.
1457 4066 1566 4121 lloc
1596 4071 1744 4120 enim
1773 4070 2010 4123 arbitror

438 4153 492 4208 in
526 4153 835 4224 Evangeliis
867 4157 1136 4226 designari
1169 4173 1197 4212 a
1235 4159 1480 4223 Durniuo,
1525 4160 1612 4212 ubi
1652 4161 1726 4213 ait
1759 4161 1823 4213 ad
1861 4176 2007 4226 eum,

435 4245 526 4300 cui
561 4248 865 4302 crediderat
903 4250 1141 4318 quinque
1180 4265 1358 4313 mnas,
1395 4260 1450 4303 et
1488 4249 1690 4305 fecerat
1715 4266 1778 4305 ex
1802 4252 1881 4306 eis
1909 4250 2006 4306 de-
2057 4313 2060 4316 ,

2137 377 2302 438 niam,
2355 383 2604 447 pervenit
2633 381 2698 435 ad
2754 380 3058 451 hujusmodi
3117 397 3463 456 potestatem.
3507 390 3700 446 Omnia

2131 468 2272 522 enim
2323 473 2460 541 apud
2500 473 2667 528 Deum
2715 477 2924 532 ratione
2952 488 3008 532 et
3041 480 3252 548 judicio
3275 481 3432 548 ﬁunt,
3481 497 3581 539 nec
3631 479 3700 539 ad

2131 563 2382 632 gratiam,
2415 566 2508 621 sed
2540 581 2639 635 pro
2675 571 2868 625 merito
2901 570 3036 625 alius
3076 573 3325 644 princeps
3354 589 3474 630 esse
3502 576 3698 631 multo-

2131 669 2247 708 rum
2279 657 2516 723 ponitur,
2555 659 2694 716 alius
2725 661 2999 731 subjectus
3034 679 3155 720 esse
3180 665 3524 735 principatui.
3561 666 3702 720 Eva‘

2128 747 2235 813 gati
2271 741 2498 803 forsitan
2543 752 2839 822 prolixiore
2887 756 3171 810 videamur
3203 771 3452 824 excessu,
3479 755 3572 814 sed
3630 760 3700 814 de

2127 839 2380 906 primitiis
2421 845 2816 912 exponentibus
2854 849 3216 902 neCessarium
3267 849 3370 903 fuit
3397 851 3560 906 etiam
3591 851 3694 905 ista

2125 928 2417 996 discutere,
2445 934 2880 1005 quandoquidem
2917 939 3050 992 tanti
3083 939 3304 994 honoris
3330 948 3526 996 nomen
3552 938 3697 995 istud

2129 1020 2181 1073 in
2214 1018 2510 1092 Scripturis
2543 1026 2740 1083 divinis
2771 1028 3001 1084 habetur
3024 1040 3080 1083 ut
3114 1030 3280 1084 etiam
3315 1031 3428 1098 ipse
3448 1032 3698 1088 Christus

2126 1115 2380 1184 primitias
2409 1117 2716 1173 nominatus
2745 1121 2840 1185 sit,
2871 1131 2926 1174 et
2950 1121 3204 1191 primitiae
3227 1122 3609 1178 dormientium
3627 1125 3694 1178 ”.

2125 1206 2192 1260 Et
2221 1208 2364 1262 sicut
2406 1225 2498 1264 rex
2532 1218 2742 1282 regum,
2789 1220 2845 1268 et
2883 1212 3140 1268 Dominus
3171 1215 3586 1281 dominantium,
3641 1225 3699 1272 et

2126 1307 2311 1368 pastor
2339 1310 2640 1370 pastorum,
2683 1305 3064 1374 etpontiﬁcum
3099 1306 3365 1374 pontifex,
3400 1308 3472 1361 ita
3507 1323 3699 1364 consee

2124 1402 2357 1459 quenter
2385 1400 2440 1447 et
2473 1394 2833 1461 primitiarum
2869 1397 3123 1464 primitiae
3162 1399 3392 1453 dicetur.
3424 1398 3555 1465 Quae
3586 1401 3698 1470 pri-

2127 1480 2290 1534 mitia:
2327 1497 2429 1537 non
2461 1482 2574 1551 jam
2610 1485 2872 1553 pontiﬁci,
2901 1487 2994 1541 sed
3035 1486 3143 1542 Deo
3171 1487 3366 1544 oblata!
3410 1501 3560 1556 sunt,
3608 1505 3698 1546 se-

2125 1572 2359 1627 cundum
2387 1575 2488 1631 hoc
2531 1576 2671 1644 quod
2702 1579 2938 1648 seipsum
2974 1580 3208 1635 hostiam
3249 1581 3444 1636 obtulit
3479 1583 3610 1648 Deo,
3641 1591 3698 1638 et

2128 1681 2356 1737 surgens
2387 1681 2416 1720 a
2461 1669 2690 1725 mortuis
2735 1671 2875 1725 sedit
2916 1673 2968 1726 in
3019 1675 3266 1728 dextram
3323 1671 3436 1730 Dei.
3487 1675 3697 1731 Dicitur

2125 1768 2304 1814 autem
2338 1758 2384 1793 ’⁸
2426 1760 2542 1830 ipse
2577 1769 2634 1816 et
2677 1763 2946 1831 primitiae,
2995 1775 3044 1818 et
3089 1766 3478 1837 primogenitus
3531 1769 3699 1824 totius

2125 1862 2414 1917 creaturae,
2445 1853 2588 1922 quod
2615 1864 2793 1908 utrum
2827 1856 2916 1909 tali
2952 1856 3108 1911 modo
3145 1871 3238 1926 per
3267 1859 3506 1928 singulas
3531 1875 3698 1930 quas--

2125 1954 2231 2009 que
2264 1955 2544 1998 creaturas
2589 1943 2813 2014 intelligi
2851 1947 3063 2012 debeat,
3093 1948 3239 2017 quali
3274 1951 3421 2004 inter
3448 1951 3695 2008 homines

2126 2031 2379 2098 primitite
2432 2034 2816 2088 dormientium
2866 2036 3080 2103 dicitur,
3132 2047 3186 2092 et
3241 2039 3577 2110 intelligitur,
3620 2057 3690 2095 an

2125 2123 2302 2194 aliqua
2357 2125 2585 2181 celsiore
2624 2137 2680 2181 et
2719 2128 2985 2184 diviniore
3032 2130 3404 2200 intelligentia,
3462 2150 3566 2188 non
3609 2143 3694 2190 est

2124 2217 2404 2283 praesentis
2423 2218 2681 2287 temporis
2712 2219 2986 2289 persequi.

2193 2306 2245 2360 5.
2273 2306 2578 2364 Redeamus
2607 2323 2736 2380 ergo
2760 2311 2832 2366 ad
2861 2310 3218 2380 primitiarum
3262 2313 3523 2369 rationem
3551 2330 3690 2386 quas

2123 2401 2358 2456 diximus
2413 2401 2595 2458 oll'erri
2645 2419 2742 2472 per
2794 2405 3034 2474 angelos,
3090 2421 3210 2476 quae
3257 2408 3585 2480 colliguntur
3622 2429 3686 2467 ex

2125 2494 2272 2563 agris
2329 2493 2486 2562 hujus
2525 2496 2728 2548 mundi.
2762 2495 2890 2565 Agri
2932 2508 3111 2552 autem
3137 2497 3472 2567 angelorum,
3523 2505 3686 2558 corda

2123 2595 2306 2638 nostra
2327 2595 2470 2640 sunt.
2500 2585 2879 2656 Unusquisque
2899 2603 3028 2660 ergo
3055 2605 3240 2645 eorum
3267 2605 3332 2647 ex
3364 2604 3494 2664 agro
3521 2609 3682 2664 quem

2122 2674 2274 2740 colit,
2311 2676 2470 2730 offert
2502 2676 2770 2745 primitias
2810 2678 2937 2733 Deo.
2985 2679 3100 2734 Etsi
3131 2695 3368 2736 mererer
3394 2697 3493 2752 ego
3527 2684 3688 2739 hodie

2124 2782 2377 2837 magnum
2420 2767 2675 2836 aliquem,
2707 2778 2764 2823 et
2797 2784 3006 2826 summo
3034 2776 3288 2842 pontiﬁce
3315 2778 3534 2845 dignum
3563 2790 3688 2831 sene

2122 2874 2241 2912 sum
2287 2858 2553 2927 proferre,
2597 2861 2671 2914 ita
2707 2870 2768 2915 ut
2815 2863 2972 2919 exiis
3002 2868 3255 2923 omnibus
3276 2877 3394 2939 quae
3415 2869 3688 2940 loquimur

2124 2961 2181 3006 et
2224 2949 2502 3015 docemus,
2553 2961 2700 3006 esset
2727 2952 2930 3023 aliquid
2974 2957 3273 3027 egregium,
3301 2961 3444 3028 quod
3477 2973 3692 3014 summo

2121 3042 2391 3098 sacerdoti
2421 3046 2635 3113 placere
2665 3045 2908 3111 deberet,
2951 3057 3162 3117 poterat
3193 3049 3424 3106 fortasse
3457 3051 3593 3116 ﬁeri,
3629 3063 3689 3106 ut

2121 3136 2344 3207 angelus
2370 3138 2459 3205 qui
2498 3148 2691 3206 praeest
2710 3138 2983 3204 Ecclesim,
3015 3155 3080 3194 ex
3115 3143 3370 3197 omnibus
3401 3143 3560 3197 dictis
3584 3159 3688 3198 ηοε⁵

2120 3231 2252 3286 stris
2299 3229 2524 3299 eligeret
2571 3229 2792 3299 aliquid,
2821 3241 2874 3285 et
2919 3231 3038 3286 loco
3062 3234 3422 3302 primitiarum
3462 3235 3688 3289 Domino

2122 3323 2189 3377 de
2220 3322 2399 3393 agello
2425 3321 2528 3376 mei
2557 3322 2740 3377 cordis
2767 3323 3005 3378 offerret.
3042 3325 3146 3380 Sed
3177 3341 3277 3393 ego
3306 3340 3393 3380 me
3425 3327 3539 3382 scio
3581 3343 3686 3380 non

2124 3413 2342 3480 mereri,
2376 3426 2474 3468 nec
2521 3415 2774 3470 conscius
2823 3431 2942 3469 sum
2985 3417 3138 3480 mihi,
3166 3417 3308 3486 quod
3340 3417 3462 3472 talis
3493 3417 3689 3487 aliquis

2117 3521 2311 3561 sensus
2335 3506 2643 3561 inveniatur
2675 3509 2729 3561 in
2769 3523 2874 3571 me,
2909 3523 3069 3577 quem
3105 3509 3324 3580 dignum
3353 3511 3562 3581 judicet
3588 3527 3686 3566 an-

2115 3602 2268 3672 gelus
2298 3604 2389 3671 qui
2427 3617 2526 3657 nos
2561 3601 2783 3668 excolit,
2815 3602 3010 3658 oﬁ‘erre
3035 3619 3129 3673 pro
3169 3605 3444 3674 primitiis,
3467 3606 3550 3660 vel
3584 3617 3684 3675 pro

2115 3692 2494 3762 primogenitis
2523 3691 2768 3749 Domino.
2803 3696 2978 3765 Atque
3031 3699 3232 3750 utinam
3265 3698 3369 3752 tale
3418 3699 3489 3752 sit
3542 3695 3686 3768 quod

2118 3780 2395 3852 loquimur
2443 3793 2499 3838 et
2548 3784 2828 3846 docemus,
2885 3793 3078 3839 utnon
3133 3797 3231 3854 pro
3261 3788 3440 3843 verbis
3485 3791 3687 3844 nostris

2118 3874 2468 3929 condemnari
2497 3889 2829 3940 mereamur,
2855 3877 3124 3932 sulilceret
3159 3878 3313 3932 nobis
3338 3879 3453 3934 haec
3487 3883 3683 3949 gratia.

2113 3965 2358 4022 Olferunt
2373 3981 2500 4033 ergo
2519 3968 2692 4037 angeli
2713 3982 2777 4021 ex
2799 3968 2958 4022 nobis
2981 3971 3267 4039 primitias,
3288 3979 3341 4025 et
3358 3971 3684 4042 excolit§22)

2115 4061 2484 4129 unusquisque
2521 4074 2617 4114 eos
2648 4075 2785 4129 quos
2821 4062 3002 4115 studio
3031 4071 3084 4116 et
3124 4062 3399 4131 diligentia
3455 4079 3552 4118 sua
3614 4065 3683 4119 ab

2112 4151 2394 4208 erroribus
2420 4150 2657 4222 gentium
2686 4154 2954 4206 convertit
2989 4153 3054 4206 ad
3081 4152 3246 4207 Deum
3271 4169 3287 4208 :
3315 4165 3369 4209 et
3405 4167 3486 4212 est
3517 4173 3684 4211 unuse

2114 4244 2344 4313 quisque
2371 4243 2423 4296 in
2461 4241 2710 4310 portione
2740 4242 2827 4296 vel
2863 4258 2992 4297 cura
3022 4243 3167 4299 illius
3199 4246 3375 4313 angeli
3411 4264 3424 4299 :
3456 4256 3511 4302 et
3542 4250 3682 4302 sicut

435 4351 552 4393 cem
579 4339 627 4372 ’³
662 4353 728 4395 :‘r
767 4342 892 4397 Esto
921 4351 1239 4411 potestatem
1278 4343 1484 4396 habens
1513 4353 1676 4412 supra
1721 4345 1904 4398 decem
1925 4346 2007 4398 ci-
2042 4319 2088 4378 Ῑ)
2115 4349 2179 4388 ex
2214 4333 2370 4388 initio
2402 4333 2583 4387 saeculi
2641 4331 2800 4400 hujus
2845 4348 2968 4388 cum
2997 4335 3330 4407 dispergeret
3377 4338 3513 4392 Deus
3542 4338 3682 4394 ﬁlios

435 4432 652 4487 titates.
692 4449 710 4485 ι
749 4433 845 4489 Cui
875 4451 1004 4489 vero
1033 4438 1338 4493 crediderat
1370 4453 1554 4501 unam,
1586 4446 1643 4491 ct
1684 4436 1884 4490 fecerat
1935 4449 2004 4490 ex

435 4537 500 4576 ea
541 4525 778 4593 quinque
828 4527 909 4580 "z
958 4547 976 4580 ‹
1028 4523 1158 4584 Esto
1209 4540 1536 4600 potestatem
1586 4531 1796 4584 habens
1843 4545 2003 4598 supra

434 4617 672 4685 quinque
702 4619 965 4675 civitates.
993 4640 1011 4672 ι
1044 4622 1172 4688 Quze
1189 4623 1330 4676 enim
1357 4624 1444 4676 hic
1469 4631 1706 4692 potestas
1727 4621 2006 4675 civitatum

435 4707 778 4777 intelligenda
824 4720 927 4775 est,
968 4712 1070 4765 nisi
1115 4711 1434 4780 gubernatio
1481 4705 1820 4766 animarum?
1851 4709 2007 4765 Unde

435 4811 488 4855 et
536 4803 745 4857 videtur
788 4804 914 4859 mihi
945 4806 1088 4875 quod
1129 4804 1248 4858 sine
1277 4820 1436 4860 causa
1464 4806 1628 4861 etiam
1660 4805 1804 4859 inter
1855 4803 2002 4872 ipsos

435 4898 654 4968 angelos
678 4898 767 4951 alii
799 4908 1118 4968 potestatem
1160 4908 1214 4952 et
1257 4897 1620 4968 principatum
1660 4909 1823 4965 super
1866 4895 2003 4950 alios

432 4995 643 5053 gerant,
676 4986 763 5039 alii
796 4997 977 5042 autem
1006 4987 1340 5058 subiaceant,
1367 4997 1420 5042 et
1449 4987 1822 5054 obtemperent
1847 4995 1999 5055 pote-

430 5077 579 5131 stall.
609 5077 763 5132 Sicut
792 5094 860 5134 ne
886 5079 987 5135 iste
1014 5079 1225 5148 quidem
1257 5078 1342 5132 cui
1374 5083 1611 5148 potestas
1646 5077 1831 5131 decem
1871 5077 2004 5130 civi-

431 5176 627 5234 tatum,
669 5169 751 5223 vel
803 5169 892 5225 ille
941 5170 1026 5224 cui
1065 5171 1302 5239 quinque
1342 5168 1618 5222 civitatum
1649 5167 1831 5230 datur,
1883 5167 2002 5222 sine

2109 4426 2280 4480 Adam
2302 4421 2369 4488 “,
2405 4425 2596 4480 statuit
2628 4425 2763 4480 ﬁnes
2793 4428 3032 4496 gentium
3059 4431 3356 4484 secundum
3391 4447 3678 4486 numerum

2111 4517 2422 4589 angelorum
2451 4517 2569 4582 Dei,
2594 4528 2651 4572 et
2681 4533 3021 4589 unaqumque
3047 4536 3181 4590 gens
3215 4523 3316 4576 sub
3363 4524 3451 4579 illo
3491 4526 3680 4595 angelo

2111 4609 2254 4664 facta
2286 4619 2367 4662 est
2398 4625 2412 4662 :
2442 4625 2544 4662 una
2575 4621 2751 4665 autem
2776 4610 2874 4663 fuit
2901 4624 2955 4666 et
2981 4612 3151 4668 electa
3178 4629 3310 4684 gens
3338 4615 3527 4681 Israel,
3559 4632 3681 4685 qua:

2111 4702 2288 4770 portio
2324 4701 2534 4755 Domini
2565 4701 2692 4768 fuit,
2734 4713 2788 4758 et
2840 4702 3113 4759 funiculus
3148 4706 3485 4762 haereditalis
3513 4707 3628 4776 ejus
3661 4718 3677 4762 t

2108 4793 2184 4848 ita
2211 4793 2374 4848 credo
2411 4793 2542 4848 etin
2580 4793 2688 4850 ﬁne
2724 4794 2881 4864 hujus
2906 4797 3087 4850 mundi
3121 4807 3285 4864 atque
3314 4798 3367 4852 in
3398 4799 3552 4854 initio
3575 4815 3680 4854 εκ·

2108 4888 2211 4943 culi
2241 4886 2465 4941 alterius
2497 4885 2734 4942 futurum
2758 4884 2896 4957 (93),
2937 4897 2997 4942 ut
3029 4888 3221 4941 iterum
3262 4889 3466 4943 dividat
3492 4889 3680 4945 Excela

2107 4997 2199 5038 sus
2229 4981 2368 5036 ﬁlius
2387 4979 2560 5034 Adam
2583 4998 2595 5032 :
2618 4988 2674 5035 et
2695 4981 2790 5048 qui
2817 4995 2922 5034 non
2946 4981 3306 5049 potueriutita
3344 4983 3526 5036 mundi
3556 4997 3678 5038 esse

2106 5073 2275 5131 corde
2327 5080 2386 5126 ut
2435 5070 2610 5140 ipsum
2638 5067 2863 5124 videant
2901 5068 3210 5135 Dominum,
3244 5082 3300 5126 et
3335 5087 3456 5128 esse
3498 5075 3678 5142 portio

2107 5163 2347 5228 Domini,
2375 5163 2592 5217 videant
2621 5169 2842 5217 sanctos
2867 5163 3111 5232 angelos,
3146 5173 3201 5219 et
3232 5167 3342 5220 sint
3373 5165 3673 5220 secundum

502 5263 548 5300 “
577 5267 744 5334 Apoc.
777 5285 835 5323 tt.
909 5265 960 5300 "
983 5268 1112 5322 Luc.
1157 5282 1270 5331 six,
1314 5258 1402 5323 17.
1477 5259 1524 5296 "
1545 5263 1674 5318 ibid.
1721 5263 1810 5318 l9.
1886 5264 2018 5321 ²⁷1(

2120 5280 2218 5328 xv,
2244 5261 2336 5317 9.0.
2412 5252 2458 5291 ‘°
2488 5257 2699 5314 Coloss.
2734 5273 2772 5320 t.
2799 5257 2886 5312 15.
2964 5259 3009 5291 ²⁹
3041 5257 3197 5314 Deut.
3221 5271 3386 5314 xxx".

505 5361 614 5434 (20)
645 5357 732 5416 Ita
763 5365 921 5417 etiam
967 5363 1136 5417 sancti
1179 5360 1372 5434 angeli,
1423 5367 1530 5412 etc.
1575 5357 1711 5434 Vide
1743 5356 1993 5411 Huetiutn

432 5427 988 5510 Origeniunorunrlib.
1023 5448 1080 5510 tt.
1114 5427 1386 5510 qua;§_t_._5,
1420 5445 1569 5510 num.
1599 5427 1687 5510 S-ti.

526 5495 614 5564 il)
641 5503 792 5564 Mss,
818 5521 837 5554 ι
876 5495 1148 5557 Ιεηιεειίιωῖ
1182 5520 1200 5552 ι
1221 5499 1542 5561 Libli.editi,
1582 5515 1600 5546 ι
1629 5495 1990 5551 Israeliticae.»

526 5507 583 5558 2t
641 5503 792 5564 Mss,
818 5521 837 5554 ι
876 5504 1148 5557 lsraelitae.
1182 5502 1542 5561 iLibli.editi,
1582 5515 1600 5546 ι
1629 5502 1990 5551 Israeliticae.»

503 5502 615 5644 {9.2;
644 5573 799 5628 Libb.
834 5575 986 5637 editi,
1024 5591 1042 5623 c
1085 5572 1418 5645 egoquid,»
1451 5569 1544 5645 sed
1578 5581 1734 5645 mss,
1776 5585 1794 5616 ε
1836 5581 1997 5645 θδροτ

430 5637 524 5697 ιηξ
552 5661 571 5694 ι
599 5637 767 5701 Paulo
794 5646 1092 5711 postcudex
1115 5642 1173 5697 S.
1202 5638 1547 5704 Theudorici,
1577 5655 1596 5688 ι
1628 5637 1696 5691 ab
1720 5637 1999 5690 erroribus

747 5739 1016 5798 Puncta
1051 5737 1166 5798 Gn.
1204 5735 1344 5797 XII.
1411 5731 1415 5740 ’

2105 5356 2363 5434 gentium.
2401 5373 2420 5406 ι
2458 5348 2614 5434 Libb.
2641 5351 2854 5434 edi-tiur
2885 5351 2954 5434 ab
2969 5352 3456 5434 erroribus-etiam.
3499 5371 3526 5431 .D
3578 5422 3586 5432 _

2177 5425 2288 5500 (Ξό)
2322 5424 2408 5504 Ita
2436 5422 2593 5504 credo
2631 5421 2754 5504 et'iu
2783 5421 2888 5488 ﬁne
2911 5421 3069 5504 hujus
3103 5421 3469 5504 nfundi-alque

2104 5489 2380 5552 tio‘sw'culi
2406 5491 2624 5546 alterius
2672 5489 2930 5558 futurum.
2965 5501 3072 5545 etc.
3108 5491 3238 5544 Vide
3273 5489 3524 5545 lluetium
3550 5489 3672 5543 Ονίο

2105 5569 2444 5638 geniauorum
2470 5563 2559 5616 lib.
2594 5575 2652 5624 It,
2682 5571 2880 5627 qumst.
2902 5561 2986 5620 ll,
3019 5575 3165 5616 num.
3205 5561 3292 5615 10.

3281 5715 3356 5775 21
