4074 6156
403 213 504 277 6ὗῖ

1842 203 2178 271 ORIGENIS

3550 201 3655 259 652

406 350 691 393 numerum
724 331 1033 403 angelorum
1053 329 1167 386 Dei.
1200 329 1305 384 Sed
1336 329 1529 385 beatus
1553 338 1630 385 est
1666 330 1755 400 qui
1782 332 1976 403 dignus
2007 334 2049 388 Α
2078 330 2219 384 ειιὶιη
2264 327 2418 399 panis
2461 326 2578 396 qui,
2632 338 2754 380 cum
2798 328 3011 394 semper
3058 321 3396 385 comedatur,
3443 330 3656 389 semper

406 429 571 485 fuerit
623 426 808 480 intilla
843 425 950 478 vita
983 421 1323 491 esse'portio
1380 422 1612 490 Domini,
1655 433 1709 477 et
1751 422 1980 493 populus

406 527 524 598 ejus
543 523 728 586 Jacob,
755 537 816 576 ac
839 519 1110 574 funiculus
1134 517 1462 573 hatreditatis
1479 533 1590 572 suae
1615 516 1801 571 Israel.
1822 515 1983 586 Opta-

409 621 518 676 bile
551 627 634 674 est
668 631 818 686 ergo,
849 612 1180 677 utdiximus,
1210 611 1285 665 ita
1316 611 1584 682 proﬁcere
1618 626 1980 681 unumquem-

410 726 537 782 que,
575 718 634 764 ut
655 708 796 762 inter
822 704 1110 775 primitias,
1134 703 1214 758 vel
1238 703 1597 773 primogenita
1627 701 1755 772 eligi
1774 717 1982 756 merea-

408 814 519 867 tur,
536 811 588 856 et
603 798 785 855 offerri
808 798 938 862 Deo,
958 808 1012 852 et
1028 811 1148 851 esse
1162 810 1289 864 pars
1309 795 1543 860 Domini,
1560 795 1702 850 sicut
1727 806 1980 850 econtra-

405 896 489 951 rio
517 892 667 948 valde
686 890 979 946 timendum
1007 897 1175 944 estne
1202 887 1541 942 inveniamur
1569 888 1708 941 inter
1733 887 1872 954 illos,
1908 888 1977 940 de

405 985 602 1057 quibus
620 982 883 1051 scriptum
901 978 1067 1034 est”:
1094 999 1112 1030 ι
1133 978 1437 1033 lutroibuut
1451 979 1504 1030 in
1521 976 1777 1031 inferiora
1798 988 1980 1041 terrae,

408 1073 692 1128 tradentur
710 1071 761 1123 in
785 1069 1167 1140 ntauusgladii,
1189 1077 1369 1137 partes
1389 1066 1626 1135 vulpium
1643 1076 1821 1119 erunt.
1850 1084 1868 1116 ι
1893 1065 1984 1118 Vi-

406 1165 502 1218 des
517 1163 679 1236 309
706 1177 836 1233 ergo
868 1161 1288 1218 resurrectionis
1322 1169 1572 1229 tempore
1595 1174 1717 1213 cum
1742 1157 1984 1212 dividere

407 1258 646 1327 coeperit
675 1255 936 1310 Excelsus
966 1264 1173 1325 gentes,
1203 1264 1257 1308 et
1295 1270 1394 1324 pro
1435 1254 1643 1308 meritis
1676 1253 1984 1321 dispergere

412 1349 551 1404 ﬁlios
601 1349 798 1413 Adam,
836 1348 1047 1403 futuros
1094 1362 1215 1401 esse
1258 1346 1523 1416 quosdam
1570 1347 1661 1415 qui
1698 1345 1901 1399 intrent
1928 1345 1982 1398 in

408 1439 665 1494 inferiora
711 1446 894 1504 terra},
937 1444 993 1491 et
1022 1446 1211 1506 partes
1247 1436 1515 1504 vulpium,
1569 1435 1623 1490 id
1669 1443 1756 1489 est
1803 1444 1984 1503 partes

410 1532 711 1586 daemonum
763 1529 915 1583 ﬁant.
951 1528 1082 1598 Ipsae
1112 1528 1255 1582 enim
1305 1535 1437 1581 sunt
1490 1526 1677 1597 vulpes
1720 1526 1982 1582 extermi-

410 1632 602 1679 nantes
629 1622 819 1675 vineas
847 1621 915 1685 ⁸¹,
939 1636 1004 1674 ex
1040 1619 1238 1688 quibus
1267 1627 1387 1673 erat
1416 1625 1470 1672 et
1500 1617 1756 1681 lIerodes,
1787 1619 1852 1671 de
1875 1633 1982 1687 quo

409 1719 607 1773 dicitur
633 1716 678 1748 θ’
711 1733 725 1769 :
766 1732 785 1765 ι
840 1714 935 1777 Ιιε,
968 1712 1135 1766 dicite
1186 1710 1332 1781 vulpi
1381 1709 1529 1764 huic.
1573 1729 1593 1763 ι
1627 1708 1981 1780 Refugiamus

407 1825 535 1882 ergo
572 1818 817 1863 terrenos
848 1815 1001 1860 actus
1027 1814 1080 1859 et
1132 1803 1549 1873 intelligentiam
1585 1812 1887 1864 terrenam,
1920 1817 1985 1855 ne

410 1902 686 1976 aggravati
719 1899 954 1955 terrenis
985 1897 1253 1959 sensibus,
1285 1895 1513 1951 introire
1541 1896 1788 1949 dicamur
1815 1896 1867 1949 in
1899 1895 1980 1949 in—

411 1996 611 2052 feriora
642 2002 819 2057 terrm,
861 1999 916 2046 et
953 1998 1139 2059 partes
1165 1988 1404 2057 vulpium
1434 1986 1572 2042 ﬁeri.
1603 1985 1813 2040 Intrant
1838 1988 1983 2040 enim

411 2096 467 2141 et
493 2085 569 2138 illi
601 2085 653 2138 in
684 2081 940 2137 inferiora
970 2090 1149 2144 terrm,
1172 2081 1266 2148 qui
1295 2079 1464 2150 legem
1492 2079 1584 2132 Dei
1609 2091 1665 2132 et
1690 2078 1984 2147 repromis-

413 2176 626 2231 sionum
650 2173 812 2236 bona,
834 2169 1194 2239 intelligentia
1228 2178 1457 2222 terrente
1485 2164 1832 2235 cogitationis
1886 2177 1983 2216 ex—

412 2267 637 2337 cipiunt,
663 2273 717 2317 et
743 2278 847 2316 non
865 2260 1107 2315 excitant
1133 2259 1345 2312 animas
1373 2256 1674 2310 auditorum
1703 2255 1768 2307 ad
1793 2266 1983 2321 exspe-

413 2365 706 2414 ctationem
764 2353 1090 2418 caelestium,
1157 2361 1213 2406 et
1261 2349 1517 2404 intuitum
1577 2360 1981 2414 supernorum:

412 2468 537 2510 cum
573 2449 855 2505 evidenter
892 2443 1183 2516 Apostolus
1219 2442 1361 2497 dicat
1399 2440 1489 2494 ³³ε
1527 2457 1548 2490 ι
1601 2437 1657 2492 Si
1698 2451 1987 2491 consurre-

411 2546 571 2602 xistis
608 2558 731 2599 cum
781 2539 1003 2596 Christo
1032 2553 1153 2608 qua:
1187 2550 1405 2592 sursum
1452 2542 1581 2590 sunt
1618 2534 1861 2602 qumrite,
1897 2530 1985 2585 ubi

412 2637 661 2694 Christus
701 2642 785 2690 est
821 2634 875 2687 in
923 2632 1146 2686 dextera
1195 2628 1286 2683 Dei
1317 2628 1533 2689 sedens,
1563 2640 1668 2679 non
1716 2639 1836 2694 qute
1863 2631 1988 2678 sunt

411 2747 576 2803 super
601 2739 802 2784 terram
834 2745 849 2781 :
890 2746 909 2780 ι
958 2724 1101 2795 quod
1130 2725 1319 2793 utique
1360 2721 1465 2775 illis
1501 2719 1718 2774 dicebat
1752 2719 1985 2786 Aposto-

411 2823 494 2878 lus
538 2810 604 2889 “,
628 2822 720 2891 qui
750 2829 969 2875 terrena
1003 2815 1410 2879 observatione,
1456 2810 1740 2865 terrenis!
1775 2823 1841 2863 ne
1867 2807 1986 2861 teti-

413 2915 606 2985 geritis
634 2931 654 2965 ι
695 2911 937 2975 aiebant,
973 2926 993 2960 ι
1031 2923 1101 2963 ne
1127 2905 1495 2978 gustaveritis,
1532 2918 1599 2957 ne
1627 2901 1984 2955 attaminave-

2080 428 2380 492 permanet,
2406 419 2514 472 imo
2535 429 2749 486 semper
2768 425 3015 485 augetur.
3046 414 3143 470 Est
3169 429 3320 483 ergo,
3346 413 3491 467 sicut
3516 410 3657 478 Apo—

2080 511 2251 567 stolus
2282 509 2413 563 dicit
2445 508 2511 575 ³⁷,
2553 506 2814 576 spiritalis
2859 521 3018 573 esca,
3074 522 3195 577 quae
3241 516 3443 575 quanto
3486 500 3658 573 magis

2082 600 2395 665 insumitur,
2426 609 2574 653 tanto
2602 597 2831 666 amplius
2864 598 3081 652 crescit.
3123 597 3336 665 Quanto
3359 597 3502 652 enim
3534 609 3655 648 am-

2082 696 2221 765 plius
2252 696 2471 750 verbum
2514 691 2610 746 Dei
2646 692 2961 759 sumpseris,
3010 699 3213 761 quanto
3246 688 3538 744 instantius
3580 684 3660 741 ci—

2082 790 2208 843 bum
2240 787 2401 842 istum
2443 782 2767 850 comederis,
2798 790 2946 836 tanto
2978 782 3031 836 in
3060 796 3113 838 te
3160 781 3463 835 afﬂuentius
3489 779 3660 833 abun-

2084 881 2252 936 dabit.
2307 878 2431 935 Ilaec
2463 879 2611 933 dicta
2651 886 2776 931 sunt
2813 892 2916 947 pro
2945 891 3009 931 eo
3051 877 3194 946 quod
3250 874 3507 943 scriptum
3551 880 3657 937 εει,

2089 993 2109 1026 ‹
2146 975 2214 1028 ad
2246 972 2671 1028 conservandum
2706 970 2993 1037 primitias.
3039 988 3058 1020 ι
3614 1024 3617 1025 ν

2154 1063 2206 1116 7.
2253 1062 2511 1132 Sequitur
2564 1070 2746 1114 autem
2787 1058 2832 1091 ⁸⁸
2869 1076 2882 1111 :
2916 1078 2936 1108 ι
2974 1059 3048 1111 Ex
3079 1058 3330 1112 omnibus
3378 1071 3497 1126 qua:
3534 1070 3661 1107 san-

2084 1155 2395 1209 ctiﬁcantur
2425 1152 2557 1206 mihi
2591 1166 2621 1204 a
2667 1149 2793 1202 ﬁliis
2829 1148 3015 1202 Israel.
3048 1168 3065 1200 ι
3100 1148 3208 1204 Nec
3256 1149 3359 1202 hoc
3410 1148 3528 1201 sine
3573 1160 3661 1200 sa-

2083 1255 2362 1303 cramento
2396 1246 2630 1311 dicitur;
2662 1259 2768 1297 non
2800 1244 2914 1297 vult
2946 1244 3090 1296 enim
3129 1240 3267 1294 Deus
3312 1239 3529 1293 aliunde
3573 1250 3661 1292 ae-

2084 1341 2265 1408 cipere
2296 1339 2587 1408 primitias,
2621 1339 2723 1392 nisi
2751 1353 2779 1391 a
2811 1335 3163 1391 sanctiﬁcatis
3207 1332 3391 1386 Israel.
3435 1331 3657 1386 Poterat

2085 1436 2227 1485 enim
2277 1431 2394 1485 ﬁeri
2433 1441 2490 1485 ut
2528 1441 2583 1485 et
2616 1433 2754 1500 apud
2805 1429 3034 1499 gentiles
3068 1427 3440 1481 invenirentur
3479 1425 3656 1495 aliqua

2084 1539 2246 1593 opera
2276 1525 2436 1594 digna
2464 1522 2594 1579 Deo.
2641 1523 3008 1578 Excoluerunt
3057 1520 3200 1573 enim
3248 1530 3303 1572 et
3350 1519 3493 1572 inter
3538 1517 3658 1572 illos

2087 1615 2249 1686 aliqui
2304 1616 2531 1670 virtutes
2571 1615 2759 1677 animi,
2809 1623 2863 1668 et
2906 1611 3243 1682 philosophia
3290 1610 3342 1663 in
3389 1608 3660 1663 nonnullis

2086 1707 2194 1778 egit
2221 1706 2637 1776 aliquantulum,
2671 1709 2762 1760 sed
2805 1720 2911 1759 non
2951 1703 3065 1757 vult
3109 1704 3210 1757 ista
3256 1701 3440 1757 oﬁerri
3470 1701 3523 1755 in
3550 1699 3662 1769 pri-

2087 1796 2274 1850 mitiis.
2304 1796 2382 1850 Ex
2419 1796 2523 1850 illis
2568 1796 2676 1849 vult
2703 1796 2839 1850 Deus
2883 1792 3161 1848 benefacta
3195 1792 3489 1860 suscipere,
3523 1802 3660 1860 quo-

2086 1902 2205 1940 rum
2234 1901 2385 1942 mens
2412 1888 2559 1941 videt
2583 1888 2770 1954 Deum,
2805 1896 2862 1940 et
2890 1886 2981 1956 qui
3015 1883 3340 1939 sanctiﬁcati
3384 1893 3512 1936 sunt
3551 1883 3660 1937 Deo

2087 1994 2182 2046 per
2209 1979 2387 2033 ﬁdem.
2415 1978 2643 2035 Gentilis
2673 1987 2851 2033 autem
2879 1976 3093 2032 etiamsi
3137 1975 3336 2045 aliquid
3372 1975 3658 2029 honestum

2085 2081 2140 2125 et
2178 2070 2455 2142 probabile
2497 2071 2696 2125 habere
2730 2071 2976 2124 videatur
3019 2070 3072 2122 in
3115 2069 3379 2134 moribus,
3410 2068 3511 2121 hoc
3545 2068 3659 2137 ipso

2086 2168 2228 2236 quod
2258 2181 2361 2220 non
2390 2165 2498 2219 Deo
2542 2165 2767 2220 ascribit
2797 2162 2962 2217 animi
3007 2162 3282 2225 virtutem,
3313 2161 3406 2217 sed
3441 2161 3660 2229 jactan-

2089 2258 2177 2311 tia:
2220 2272 2331 2310 sua;
2375 2255 2634 2324 deputat,
2677 2270 2784 2309 non
2842 2264 2926 2309 est
2968 2252 3305 2308 sanctiﬁcata
3349 2251 3660 2322 hujusmodi

2088 2346 2361 2416 probitas,
2419 2356 2473 2401 et
2531 2347 2649 2400 ideo
2711 2360 2814 2399 non
2871 2345 3133 2415 recipitur
3185 2345 3325 2398 inter
3374 2343 3658 2412 primitias.

2088 2439 2358 2504 Quantum
2387 2445 2567 2489 autem
2598 2436 2664 2489 ad
2694 2436 3061 2492 deﬁnitionem
3100 2435 3291 2490 littera:
3330 2435 3485 2504 legis,
3514 2434 3661 2488 vide-

2090 2537 2176 2582 tur
2203 2529 2368 2582 etiam
2399 2527 2704 2598 proselytos
2731 2527 3019 2582 excludere
3051 2528 3120 2581 ab
3157 2525 3524 2592 hujuscemodi
3555 2541 3664 2577 ιιιιι-

2087 2636 2236 2676 nere.
2282 2620 2438 2674 Solos
2479 2621 2620 2674 enim
2668 2619 3039 2674 sanctiﬁcatos
3077 2634 3142 2672 ex
3184 2618 3307 2671 ﬁliis
3343 2617 3505 2672 Israel
3550 2618 3664 2672 vult

2087 2713 2284 2769 offerre
2311 2713 2596 2783 primitias.
2632 2711 2771 2766 Puto
2794 2722 2972 2765 autem
2991 2710 3295 2765 lsraelitem
3347 2709 3449 2763 dici
3483 2722 3663 2776 posse,

2087 2824 2153 2864 ex
2178 2821 2284 2875 quo
2320 2806 2448 2859 licet
2475 2804 2523 2859 ei
2558 2804 2763 2874 ingredi
2801 2804 2853 2856 in
2893 2803 3190 2856 Erclcsiam
3235 2800 3369 2854 Dei:
3400 2801 3661 2871 scriptum

2087 2906 2170 2952 est
2213 2896 2354 2950 enim
2402 2893 2489 2947 ‘9:
2529 2912 2548 2945 ι
2580 2891 2697 2945 Non
2743 2891 3143 2946 abominaberis
3179 2888 3496 2955 Idumaeum,
3538 2888 3664 2956 quia

412 2981 555 3071 ritis,
585 3024 601 3056 ι
632 3005 834 3074 quibus
857 3002 1002 3056 addit
1039 3015 1054 3054 :
1098 3017 1118 3051 ι
1163 2999 1294 3065 Quae
1331 3008 1457 3052 sunt
1484 2996 1667 3051 omnia
1712 2995 1766 3048 in
1794 3007 1984 3047 corru-
2012 3023 2055 3080 ρ
2091 2988 2259 3043 frater
2311 2997 2432 3042 tuus
2488 2994 2608 3051 est,
2659 2999 2760 3039 nec
2793 2984 3132 3055 Egyptium,
3186 2982 3441 3051 quoniam
3490 2981 3662 3037 incola

412 3099 655 3169 ptionem
694 3097 809 3167 ipso
839 3111 964 3162 usu,
995 3091 1294 3150 secundum
1330 3088 1590 3144 mandata
1620 3097 1677 3142 et
1708 3085 1988 3142 doctrinas

413 3191 716 3249 hominum.
756 3208 778 3242 θ

484 3287 539 3343 6.
567 3286 729 3342 Addit
775 3296 894 3354 post
926 3285 1040 3338 hate
1064 3282 1107 3315 ³⁸
1136 3276 1155 3335 ἐ
1193 3298 1212 3332 ι
1249 3280 1317 3336 Ει
1343 3281 1555 3337 locutus
1597 3291 1682 3334 εει
1730 3278 1988 3334 Dominus

411 3381 479 3436 ad
517 3381 696 3434 Aaron
731 3377 913 3431 dicens
949 3393 963 3430 :
992 3374 1132 3430 Ecce
1178 3390 1277 3445 ego
1308 3371 1430 3428 dedi
1464 3371 1618 3426 vobis
1663 3369 1730 3424 ad
1771 3383 1988 3425 conser-

412 3473 646 3528 vandum
678 3469 968 3540 primitias.
1005 3489 1025 3519 ›
1056 3467 1312 3535 Quamvis
1339 3466 1391 3519 in
1421 3461 1692 3519 nonnullis
1715 3459 1990 3529 exempla-

414 3563 564 3619 ribus
615 3560 953 3624 Latinorum,
1005 3576 1024 3610 ι
1081 3559 1146 3612 ad
1196 3555 1626 3620 observandum,
1672 3572 1691 3604 ι
1725 3552 1986 3621 scriptum

413 3656 507 3722 sit,
531 3656 713 3710 verius
738 3662 915 3708 tamen
944 3663 1028 3707 est
1056 3670 1076 3703 ι
1115 3652 1181 3705 ad
1217 3655 1674 3706 conservandum.
1713 3665 1732 3699 ι
1766 3646 1870 3700 Sed
1900 3659 1986 3699 re-

414 3747 742 3817 quirendum
772 3756 854 3801 est
882 3746 1150 3814 quomodo
1199 3743 1490 3799 secundum
1535 3740 1706 3812 legem
1737 3737 1989 3807 primitiae

413 3845 825 3893 conserventur.
859 3836 975 3893 Non
1003 3838 1146 3892 enim
1184 3846 1243 3889 ut
1274 3842 1514 3897 servent,
1555 3833 1865 3888 sacerdotes
1898 3843 1988 3883 ac-

415 3930 628 4001 cipiunt
653 3930 942 3999 primitias,
968 3933 1061 3987 sed
1102 3941 1162 3985 ut
1209 3932 1501 3984 insumant.
1545 3925 1821 3991 Quomodo
1860 3935 2023 3991 ergo-

414 4023 587 4078 dicit:
618 4041 636 4075 ι
671 4022 812 4078 Ecce
857 4023 978 4078 dedi
1028 4024 1180 4079 vobis
1225 4020 1490 4091 primitias
1541 4019 1607 4073 ad
1654 4031 1990 4072 conservan-

416 4115 582 4172 dum?
614 4134 634 4166 ι
662 4113 817 4170 Unde
851 4124 1066 4168 constat
1094 4130 1198 4168 non
1233 4129 1390 4182 posse
1434 4113 1535 4166 hoc
1589 4111 1656 4163 ad
1696 4108 1866 4178 legem
1899 4106 1988 4159 lit-

410 4218 568 4272 1erte,
616 4207 708 4263 sed
759 4206 824 4260 ad
870 4204 1040 4275 legem
1090 4207 1314 4275 spiritus
1367 4202 1646 4274 applicari.
1682 4199 1799 4255 Ista:
1845 4199 1989 4253 enim

415 4300 669 4370 primitiae
709 4314 845 4369 quas
894 4313 1055 4367 supra
1103 4297 1415 4366 spiritaliter
1444 4295 1815 4366 exposuimus,
1854 4307 1989 4347 con-

2090 3080 2240 3137 fuisti
2271 3080 2497 3134 interra
2532 3074 2772 3146 Egypti.
2807 3073 2932 3127 Filii
2977 3074 3019 3128 si
3054 3073 3163 3126 nati
3204 3072 3407 3126 fuerint
3443 3073 3546 3136 eis,
3572 3087 3666 3142 ge-

2089 3174 2369 3230 neratione
2409 3167 2567 3224 tertia
2608 3166 2910 3220 introibunt
2942 3165 2996 3219 in
3026 3146 3321 3218 Ecclesiam
3352 3163 3464 3218 Dei.
3501 3181 3522 3215 ι
3556 3163 3666 3217 Do-

2088 3280 2189 3321 nec
2209 3279 2336 3334 ergo
2356 3263 2590 3317 fructum
2616 3275 2722 3313 non
2754 3256 2913 3310 aﬁ‘ert
2930 3254 3241 3326 Egyptius,
3267 3254 3351 3309 vel
3377 3253 3662 3314 Idumaeos,

2088 3373 2189 3423 nec
2215 3355 2407 3417 fecerit
2438 3354 2577 3408 ﬁlios
2603 3352 2789 3422 prima:
2814 3357 2867 3403 et
2893 3348 3141 3402 secundae
3161 3355 3215 3401 et
3237 3345 3410 3399 tertia:
3436 3358 3665 3414 genera-

2088 3452 2272 3516 tionis,
2306 3465 2411 3505 nou
2444 3455 2620 3518 potest
2647 3445 2876 3500 introire
2903 3442 2956 3496 iu
2986 3440 3280 3495 Ecclesiam
3314 3436 3544 3497 Domini,
3569 3434 3665 3490 sed

2088 3546 2323 3602 ﬁliorum
2359 3542 2638 3614 generatio
2683 3538 2812 3593 facit
2862 3550 2956 3591 eos
2998 3533 3224 3589 introire
3263 3532 3319 3584 in
3358 3528 3659 3583 Ecclesium

2091 3638 2322 3695 Domini.
2354 3635 2618 3692 Obscrvet
2652 3630 2960 3701 diligentius
2992 3628 3083 3698 qui
3127 3627 3251 3695 legit
3292 3624 3498 3676 litteras
3524 3620 3666 3674 divi-

2089 3749 2207 3798 nas,
2246 3741 2302 3787 et
2336 3746 2440 3785 non
2476 3736 2534 3782 ut
2571 3727 2699 3782 libet
2751 3726 3047 3793 Scriptura:
3080 3719 3244 3774 verba
3280 3718 3663 3786 pertranseat:

2090 3824 2182 3878 sed
2218 3822 2442 3890 aspiciat
2470 3818 2535 3873 ad
2568 3827 3009 3883 unumquemque
3038 3823 3367 3873 sermonem,
3391 3805 3662 3876 quomodo

2091 3931 2194 3970 non
2224 3913 2387 3973 dixit,
2406 3911 2448 3965 si
2492 3909 2603 3964 nati
2646 3906 2848 3961 fuerint
2883 3905 2961 3959 eis
2986 3903 3080 3957 ﬁlii
3106 3901 3188 3955 vel
3223 3900 3365 3963 ﬁliae,
3398 3897 3492 3952 sed
3521 3914 3538 3948 ι
3568 3895 3666 3950 ﬁlii

2090 4007 2133 4061 si
2171 4005 2279 4059 nati
2310 4003 2511 4057 fuerint
2548 3999 2649 4062 eis,
2677 3998 2835 4051 tertia
2881 3994 3230 4064 generatione
3277 3990 3577 4045 introibant
3611 3988 3667 4042 in

2091 4094 2386 4150 Ecclesiam
2409 4089 2641 4146 Domini.
2657 4107 2674 4138 ι
2706 4087 2771 4141 Ει
2791 4086 3097 4148 considera,
3119 4086 3160 4138 si
3181 4092 3354 4153 potes,
3373 4078 3664 4135 secundum

2089 4187 2374 4258 mysticum
2406 4196 2648 4244 sensum,
2680 4194 2778 4234 cur
2827 4177 2928 4232 soli
2977 4178 3066 4230 lilii
3100 4177 3230 4239 sint,
3266 4190 3371 4228 nou
3406 4172 3568 4227 etiam
3604 4170 3667 4223 ﬁ-

2091 4282 2193 4344 lias,
2220 4280 2309 4349 qui
2337 4277 2539 4330 faciunt
2568 4274 2793 4328 introire
2821 4280 3003 4340 patres
3026 4271 3077 4324 in
3098 4269 3395 4323 Ecclesiam
3430 4266 3668 4321 Domini.

416 4392 625 4446 servari
653 4399 896 4462 possunt,
927 4389 1028 4442 illa:
1056 4404 1158 4443 non
1189 4399 1430 4457 possunt.
1457 4358 1561 4441 Sed
1588 4394 1642 4440 et
1663 4384 1710 4439 si
1737 4384 1988 4438 Christus
2019 4372 2063 4427 Ι)
2094 4371 2340 4440 Denique
2376 4367 2619 4423 invenies
2645 4364 2809 4419 ﬁliam
2855 4370 3069 4415 εθηοιοε
3111 4360 3306 4430 quibus
3337 4358 3596 4414 θιίιηίιιῐῐι
3632 4372 3664 4410 ει

417 4493 502 4538 est
527 4483 823 4539 secundum
852 4482 1164 4552 Apostolum
1189 4480 1458 4550 primitire,
1486 4494 1614 4534 vere
1656 4478 1771 4532 istae
1801 4477 1989 4547 primi-

420 4576 506 4631 tiae
536 4577 602 4631 ad
633 4576 1061 4632 conservandum
1099 4574 1236 4627 data:
1278 4584 1405 4627 sunt
1452 4572 1625 4625 nobis.
1659 4569 1796 4636 Quid
1843 4568 1988 4623 enim

420 4678 529 4723 tam
558 4667 799 4732 beatum,
818 4682 973 4735 quam
1006 4676 1064 4718 ut
1088 4665 1267 4718 anima
1289 4678 1405 4733 quae
1432 4663 1667 4730 suscepit
1691 4662 1987 4724 Christum,

419 4775 632 4831 semper
657 4776 780 4815 eum
811 4767 1117 4822 conservet,
1153 4766 1207 4811 et
1234 4770 1449 4826 semper
1475 4754 1670 4808 habeat
1707 4753 1761 4806 in
1789 4767 1846 4806 se
1876 4767 1989 4804 ma-

418 4853 676 4910 nentem?
703 4853 771 4908 Et
800 4853 919 4907 talis
959 4852 1139 4906 anima
1188 4864 1309 4904 vere
1358 4847 1623 4917 primitias
1670 4845 1894 4914 suscipit
1923 4844 1991 4898 ad

417 4945 876 5000 conservandum.
906 4942 1041 4997 Nam
1070 4942 1174 4996 illa:
1203 4940 1453 5011 primitiae
1481 4953 1598 5007 quae
1623 4934 1992 4992 efferebantur

417 5037 472 5091 in
503 5037 638 5105 lege,
677 5037 1141 5092 consumebantur
1182 5051 1279 5105 per
1326 5033 1498 5095 cibos,
1527 5040 1583 5086 et
1631 5030 1890 5099 ingressa:
1936 5028 1990 5081 in

415 5137 682 5195 ventrem,
725 5128 1114 5198 dirigebantur,
1151 5138 1209 5180 ut
1255 5121 1604 5193 Evangelium
1646 5120 1780 5174 dicit
1814 5119 1878 5182 ",
1936 5118 1989 5171 in

417 5234 716 5276 secessum.
745 5219 883 5275 Istas
924 5230 1100 5274 autem
1143 5218 1412 5287 primitias
1442 5215 1532 5285 qui
1562 5209 1989 5276 manducaverit,

417 5324 473 5368 et
500 5313 798 5384 gustaverit
843 5326 1038 5383 panem
1093 5314 1183 5381 qui
1231 5313 1296 5364 de
1358 5308 1497 5363 cado
1548 5303 1848 5367 descendit,
1885 5316 1989 5355 non

419 5409 703 5477 morietur,
735 5407 829 5463 sed
854 5415 1135 5477 permanet
1160 5404 1213 5459 in
1259 5404 1422 5459 vitam
1456 5410 1737 5456 aeternam.
1769 5398 1871 5452 Istc
1908 5402 1993 5450 est

1166 5587 1208 5619 ³³
1243 5586 1395 5642 Cant.
1426 5600 1485 5638 ιι.

1318 5657 1359 5688 ³⁷
1392 5657 1413 5711 ι
1443 5656 1569 5712 Cor.
1621 5670 1676 5712 ιι.

488 5591 533 5623 ³ο
560 5590 697 5645 Psal.
735 5587 975 5653 tht,10,
1004 5588 1088 5642 II.

418 5678 572 5729 xun,
608 5662 661 5716 8.
740 5663 782 5695 ³⁸⁵
806 5660 998 5715 Matth.
1028 5675 1115 5727 xv,
1158 5660 1240 5713 Π.

1590 5583 1632 5615 ³³
1660 5581 1790 5637 Luc.
1823 5594 1942 5643 xm,
1968 5574 2059 5632 32.

1752 5653 1795 5685 ³⁸
1827 5651 1985 5707 Νιιιιι.
2018 5658 2174 5713 xvm,
2214 5648 2270 5702 8.

2096 4469 2206 4522 Deo
2258 4461 2625 4517 testimonium
2687 4457 2870 4518 datur,
2930 4451 3146 4505 diﬁicile
3194 4452 3353 4518 ﬁlias,
3386 4449 3481 4505 sed
3523 4449 3664 4505 ﬁlios

2094 4558 2365 4630 genuisse.
2396 4554 2667 4608 Abraham
2700 4563 2805 4602 non
2829 4546 3015 4616 genuit
3048 4545 3204 4609 ﬁlias,
3244 4543 3392 4596 Isaac
3426 4555 3524 4595 nec
3551 4541 3664 4609 ipse

2094 4650 2333 4721 quidem,
2366 4646 2513 4700 solus
2536 4643 2706 4698 Jacob
2730 4655 2894 4694 unam
2918 4637 3125 4706 genuit,
3150 4645 3204 4689 et
3220 4635 3388 4703 ipsam
3405 4632 3663 4687 fratribus

2097 4758 2159 4797 ac
2187 4740 2500 4810 parentibus
2531 4751 2776 4807 gravem.
2814 4728 3194 4787 Coutaminata
3240 4728 3382 4782 enim
3407 4726 3473 4781 ab
3499 4724 3664 4778 Emor

2096 4835 2210 4889 ﬁlio
2234 4833 2476 4895 Sichem,
2492 4827 2841 4898 cpprobrium
2876 4824 3059 4894 generi
3082 4830 3136 4875 et
3153 4820 3404 4874 vindicta:
3425 4816 3663 4872 furorem

2093 4927 2357 4982 fratribus
2374 4924 2652 4978 excitavit.
2683 4920 2790 4976 Sed
2809 4927 2864 4973 et
2894 4926 2976 4971 ter
3011 4919 3064 4971 in
3098 4928 3240 4968 anno
3265 4923 3526 4982 apparere
3554 4909 3665 4964 Do-

2094 5021 2241 5074 mino
2267 5017 2486 5085 jubetur
2511 5028 2673 5069 omne
2709 5010 3086 5066 masculinum.
3132 5006 3355 5061 Femina
3391 5003 3458 5057 ad
3493 5016 3665 5071 appa-

2092 5115 2320 5170 rendum
2348 5111 2572 5165 Domino
2607 5123 2710 5163 non
2742 5113 2989 5161 vocatur.
3018 5101 3112 5156 Sic
3139 5114 3267 5168 ergo
3294 5098 3339 5152 si
3363 5097 3487 5167 quis
3514 5094 3663 5149 Scri-
3694 5101 3717 5116 "

2091 5207 2268 5279 pluris
2295 5204 2492 5258 divinis
2520 5201 2808 5270 diligenter
2841 5195 3104 5256 intendat,
3135 5192 3374 5247 inveniet
3398 5205 3504 5244 non
3535 5188 3670 5242 Otio-

2093 5314 2209 5355 sum
2238 5295 2382 5366 quod
2422 5293 2550 5347 alibi
2587 5290 2806 5361 quidem
2862 5287 3108 5342 nominat
3154 5299 3277 5339 cum
3327 5281 3453 5337 ﬁliis
3499 5280 3667 5334 etiam

2094 5391 2254 5456 ﬁlias,
2282 5388 2413 5445 alibi
2460 5396 2638 5441 autem
2687 5383 2919 5437 ﬁliarum
2974 5396 3080 5435 non
3132 5377 3264 5431 facit
3311 5375 3662 5430 mentionem.

2135 5575 2178 5606 ³³
2202 5572 2414 5629 Coloss.
2446 5586 2528 5635 ιιι,
2562 5572 2612 5634 l,
2640 5567 2693 5621 2.
2773 5566 2818 5597 ³⁸
2840 5562 3045 5619 Coloss.
3072 5578 3130 5632 ιι,
3155 5560 3244 5629 2i,
3271 5557 3361 5615 22.
3438 5556 3483 5589 ³⁸
3503 5552 3666 5612 Num.

2352 5644 2395 5675 ³³
2437 5642 2592 5697 Deut.
2631 5653 2785 5706 um,
2818 5635 2868 5702 7,
2894 5636 2949 5691 8.
