4074 6156
522 162 628 218 653

1737 152 1803 206 ΙΝ
1840 150 2172 206 Νυιιιςιιυδ
2210 149 2497 203 HOMILIA
2530 148 2624 208 XI.

3668 145 3772 204 651

525 285 590 338 Et
619 282 706 337 hic
730 294 862 351 ergo
903 277 1154 350 primitiae
1189 289 1307 341 quae
1343 271 1664 335 offeruntur,
1690 286 1717 324 a
1746 269 2099 326 sanctiﬁcatis
2127 271 2174 326 Α
2201 276 2320 322 ctus
2373 267 2476 322 dici
2527 273 2742 336 potest:
2770 279 2898 321 vere
2943 273 3122 320 autem
3171 274 3226 318 et
3271 279 3482 334 semper
3549 276 3772 334 sanctus

525 374 651 429 ﬁliis
683 369 871 437 Israel,
900 385 1008 425 non
1043 367 1206 422 etiam
1251 380 1282 418 a
1331 363 1544 418 ﬁliabus
1578 361 1837 430 iubentur
1867 361 2048 417 offerri
2080 379 2093 416 :

522 481 642 535 quae
673 474 854 518 tamen
903 459 1200 516 secundum
1249 456 1548 528 spiritalem
1593 455 1947 520 intellectum,
1988 469 2095 509 non

523 539 591 609 ad
637 569 846 616 sexus,
897 550 989 606 sed
1037 551 1341 604 animarum
1386 546 1770 602 discretionem
1815 545 2096 601 referenda

521 653 669 699 sunt.
706 663 725 696 ι
761 642 879 697 Tibi
911 643 1079 706 enim,
1123 641 1298 711 inqttit
1325 637 1400 703 ⁸ο,
1428 638 1547 693 dedi
1604 653 1665 693 ea
1717 638 1768 692 in
1813 638 2094 700 honorem,

520 747 578 792 et
603 736 726 790 ﬁliis
757 736 860 790 tuis
890 744 1012 802 post
1045 745 1094 788 te
1128 733 1428 803 legitimum
1463 743 1745 787 aeternum.
1790 749 1808 781 ι
1839 729 1982 794 Tibi,
2009 730 2096 782 in-

520 829 658 898 quit.
681 827 818 883 Cui?
839 828 1162 894 Aaron,sine
1186 828 1347 881 dubio
1377 824 1745 895 respondebis.
1779 821 1884 878 Sed
1917 839 2096 880 sermo

519 922 612 991 qui
661 923 924 988 sequitur,
955 920 1126 989 magis
1175 921 1240 972 de
1297 933 1424 972 vero
1469 917 1724 986 pontiﬁce
1771 916 2008 980 Christo,
2043 926 2098 970 et

520 1016 648 1070 ﬁliis
671 1015 833 1085 310
862 1013 976 1083 ejus
1004 1012 1284 1082 apostolis,
1311 1021 1365 1066 et
1390 1011 1702 1064 ductoribus
1728 1010 2093 1066 Ecclesiarutn

521 1108 717 1161 suadet
743 1104 993 1172 intelligi.
1025 1104 1114 1156 Ait
1137 1102 1281 1158 enim
1317 1119 1330 1155 :
1357 1120 1376 1153 ι
1408 1102 1730 1172 Legitimum
1754 1110 2039 1157 zeternum.
2071 1120 2089 1152 ι

521 1197 802 1264 Quomodo
845 1211 974 1264 ergo
1006 1204 1272 1247 aeternum
1307 1204 1483 1262 potest
1527 1208 1650 1247 esse
1697 1193 1837 1262 quod
1883 1192 2096 1246 visibile

519 1289 637 1343 est?
669 1304 789 1341 cum
822 1285 1111 1355 Apostolus
1151 1284 1297 1338 dicat
1325 1282 1367 1313 “
1400 1301 1414 1337 :
1450 1301 1467 1334 ‹
1503 1283 1632 1348 Quae
1657 1283 1800 1337 enirn
1819 1277 2090 1340 videntur,

520 1379 835 1450 temporalia
870 1388 1035 1444 sunt;
1073 1392 1190 1444 qua:
1224 1384 1402 1429 autem
1430 1390 1534 1428 non
1589 1374 1857 1438 videntur,
1889 1383 2092 1426 aeterna

518 1483 663 1530 sunt.
706 1492 724 1525 ι
763 1471 818 1527 Si
868 1486 996 1542 ergo
1032 1469 1272 1525 visibiles
1323 1477 1450 1524 sunt
1495 1468 1748 1538 primitiae
1793 1483 1913 1537 quae
1962 1467 2096 1522 οπρ-

519 1575 714 1621 runtur
742 1569 942 1627 Aaron,
976 1578 1096 1632 quae
1145 1561 1375 1616 visibilia
1415 1573 1564 1628 sunt,
1603 1563 1706 1616 dici
1753 1571 1952 1615 aeterna
1989 1577 2092 1614 non

517 1670 763 1729 possunt.
796 1658 1062 1713 Similiter
1091 1665 1147 1710 et
1177 1655 1524 1711 circumcisio
1552 1654 1801 1718 visibilis,
1827 1665 1880 1709 et
1904 1669 2091 1724 azyma

518 1753 759 1816 visibile,
799 1760 853 1806 et
903 1751 1106 1820 pascha
1152 1747 1366 1802 visibile
1425 1762 1646 1803 necesse
1691 1757 1775 1802 est
1829 1757 2091 1801 :uternuut

523 1862 628 1900 non
657 1859 795 1910 esse,
819 1845 911 1898 sed
949 1842 1260 1912 temporale,
1287 1842 1413 1911 quia
1440 1857 1562 1910 qua:
1589 1841 1858 1904 videntur,
1890 1849 2093 1908 tempo-

521 1939 653 1993 ralia
702 1949 850 1993 sunt.
909 1936 974 1990 Et
1027 1950 1218 1990 rursus
1263 1935 1308 1966 "
1340 1953 1354 1987 :
1387 1934 1433 1988 si
1489 1948 1610 2002 quae
1659 1948 1766 1986 nou
1815 1932 2092 1994 videntur,

519 2043 721 2088 aeterna
773 2041 920 2094 sunt,
957 2047 1086 2100 ergo
1135 2039 1186 2083 et
1236 2031 1521 2084 invisibilis
1565 2029 1931 2094 circumcisio,
1975 2044 2095 2098 quae

518 2132 604 2177 est
635 2125 688 2176 in
716 2124 948 2186 occulto,
981 2136 1182 2177 aeterna
1219 2132 1322 2188 est,
1360 2131 1413 2173 et
1444 2136 1638 2191 azyma
1672 2121 2002 2176 sinceritatis
2041 2131 2096 2173 ct

524 2212 792 2278 veritatis,
811 2222 864 2265 et
896 2212 1070 2280 ipsum
1105 2213 1229 2280 quia
1255 2228 1320 2265 cx
1341 2211 1407 2266 iis
1436 2219 1656 2280 estquze
1685 2225 1792 2264 non
1822 2210 2092 2272 videntur,

520 2317 784 2360 aiternum
824 2315 928 2364 est.
971 2305 1145 2359 Simili
1191 2319 1320 2375 ergo
1365 2303 1522 2358 modo
1551 2312 1605 2357 et.
1648 2302 1764 2356 haec
1794 2317 1897 2356 non
1928 2302 1977 2356 ei
2005 2303 2094 2370 qui

523 2398 576 2452 in
607 2397 920 2462 manifesto,
955 2398 1051 2451 scd
1084 2398 1157 2451 illi
1203 2399 1294 2464 qui
1326 2398 1376 2451 in
1409 2396 1620 2452 occulto
1649 2395 1864 2452 Judaeus
1906 2404 2010 2460 est,
2039 2405 2096 2448 et

520 2488 612 2558 qui
661 2489 883 2558 spiritu,
935 2504 1044 2543 non
1079 2489 1258 2544 littera
1304 2489 1475 2560 legem
1524 2489 1761 2544 custodit
1799 2488 2094 2543 secundum

520 2581 835 2636 interiorem
869 2582 1164 2647 hominem,
1195 2581 1434 2650 legitima
1488 2589 1542 2635 et
1578 2585 1778 2635 aeterna
1816 2579 2092 2634 dicuntur.

524 2691 548 2726 α
584 2673 649 2727 Et
687 2675 791 2728 hoc
829 2674 901 2730 sit
943 2674 1097 2729 vobis
1141 2689 1209 2729 ex
1257 2673 1324 2728 iis
1368 2687 1489 2744 quae
1530 2671 1934 2728 sanctiﬁcantur
1970 2687 2095 2728 sau-

521 2767 628 2823 etis
659 2765 725 2819 “.
763 2785 784 2818 ι

592 2859 646 2914 8.
678 2857 754 2913 De
782 2856 1063 2913 sacriﬁciis
1088 2856 1376 2926 aliquoties
1419 2857 1558 2927 apud
1587 2856 1963 2926 mcmetipsum
1995 2857 2094 2911 ista

522 2967 849 3023 percurrens
895 2949 1152 3019 requisivi
1191 2966 1206 3002 :
1239 2964 1482 3018 quaenam
1527 2959 1714 3004 essent
1757 2949 2092 3004 sanctiﬁcata
2124 2985 2168 3042 ο

522 3053 733 3108 sancta,
760 3053 815 3098 et
840 3042 1053 3097 videtur
1093 3040 1225 3094 mihi
1263 3042 1416 3111 quasi
1465 3043 1532 3096 ad
1579 3041 1979 3096 distinctionem
2008 3058 2100 3095 eo-

527 3151 644 3190 rum
673 3150 793 3204 quae
831 3149 934 3188 non
966 3133 1305 3188 sanctiﬁcata
1339 3145 1527 3188 sancta
1569 3145 1715 3196 sunt,
1745 3134 1830 3188 hic
1861 3133 2101 3190 sanctiﬁ-

523 3237 645 3282 cata
682 3237 867 3283 sancta
907 3227 1130 3280 dixisse.
1165 3225 1303 3281 Puto
1332 3241 1460 3296 ergo
1490 3227 1630 3296 quod
1668 3235 1887 3282 sanctus
1922 3226 2097 3294 Spiri-

527 3330 613 3375 tus
646 3320 717 3374 ita
767 3330 988 3374 sanctus
1035 3318 1126 3382 sit,
1172 3329 1229 3371 ut
1269 3334 1374 3372 non
1422 3319 1496 3374 sit
1540 3319 1930 3374 sanctilicatus.
1983 3317 2098 3374 Non

525 3413 672 3466 enim
699 3411 747 3464 ei
773 3409 1116 3465 extrinsecus
1137 3419 1193 3461 et
1219 3409 1435 3464 aliunde
1460 3412 1693 3464 accessit
1718 3409 2096 3475 sanctilicatio,

528 3517 648 3568 qua:
683 3511 807 3556 ante
851 3515 956 3557 non
986 3496 1181 3563 fuerat,
1218 3500 1311 3554 sed
1350 3515 1564 3570 semper
1605 3499 1706 3553 fuit
1740 3508 1976 3567 sanctus,
2003 3516 2100 3555 nec

529 3591 741 3645 initium
781 3596 1038 3649 sanctitas
1083 3596 1198 3664 ejus
1239 3593 1467 3663 accepit.
1515 3590 1794 3662 Similique
1831 3593 1991 3646 modo
2033 3595 2100 3648 de

527 3682 688 3738 Patre
717 3697 769 3739 et
796 3685 932 3741 Filio
961 3689 1362 3759 intelligendum
1397 3695 1498 3741 est.
1535 3685 1660 3740 Sola
1689 3685 1833 3740 enim
1863 3685 2099 3742 Trinita-

531 3776 600 3830 tis
629 3779 934 3832 substantia
981 3790 1086 3845 est,
1129 3797 1249 3850 quae
1305 3794 1410 3833 non
1495 3780 1831 3834 extrinsecus
1879 3792 2098 3850 accepta

529 3869 979 3935 sanctiﬁcatione,
1020 3873 1114 3927 sed
1163 3873 1246 3927 sui
1291 3883 1483 3927 natura
1533 3875 1604 3926 sit
1657 3883 1868 3927 sancta.
1912 3871 2100 3928 Omnis

527 3974 659 4014 vero
684 3972 930 4016 creatura
959 3963 1038 4018 vel
1063 3963 1376 4033 dignatione
1396 3965 1566 4019 sancti
1599 3965 1856 4034 Spiritus,
1883 3967 1964 4020 vel
1989 3983 2102 4022 me-

530 4051 757 4106 riturum
823 4055 1038 4108 ratione
1105 4055 1442 4110 sanctiﬁcata
1492 4067 1675 4110 sancta
1728 4058 1956 4112 dicetur.
2008 4060 2102 4113 Sic

529 4158 657 4213 ergo
686 4153 743 4198 et
771 4147 1032 4214 scriptum
1079 4147 1306 4216 legimus
1332 4147 1378 4178 ⁸⁵
1404 4165 1417 4200 :
1448 4166 1466 4199 t
1502 4147 1686 4202 Sancti
1729 4160 1923 4214 estote,
1966 4166 2102 4219 quo—

531 4235 676 4289 niam
696 4252 795 4307 ego
823 4249 1042 4292 sanctus
1083 4255 1224 4305 sum,
1261 4259 1281 4290 ι
1316 4240 1446 4294 dicit
1476 4239 1738 4295 Dominus
1784 4242 1943 4297 Deus.
1980 4243 2096 4298 Non

2199 359 2345 414 solus
2373 369 2455 415 est
2478 359 2640 414 Deus.
2671 357 2765 414 Vis
2813 367 2993 412 autem
3031 357 3123 412 tibi
3168 369 3222 412 et
3255 359 3321 413 de
3361 358 3663 428 Scripturis
3689 361 3771 413 di-

2197 452 2340 507 vinis
2373 451 2534 522 hujus
2575 451 2748 523 apicis
2788 448 2903 522 (24)
2935 450 3180 519 aperiam
3208 450 3605 506 diﬁ‘erentiam?
3636 453 3772 506 Audi

2198 545 2472 613 quomodo
2516 544 2714 601 Paulus
2769 547 2836 600 ad
2899 544 3155 601 Hebraeos
3208 544 3455 600 scribens
3506 543 3638 599 dicit
3672 543 3770 600 “z

2205 653 2224 685 ι
2259 634 2360 701 Qui
2394 635 2536 689 enim
2563 637 2888 704 sanctiﬁcat,
2910 646 2966 691 et
2988 637 3078 706 qui
3115 636 3539 700 sauctiﬁcantur,
3567 652 3633 690 ex
3666 652 3772 691 uno

2197 740 2408 780 omnes.
2442 745 2461 778 ι
2495 726 2627 794 Quis
2651 742 2779 797 ergo
2806 727 3141 782 sanctiﬁcat?
3162 727 3410 781 Christus
3434 727 3550 781 sine
3571 727 3769 782 dubio:

2201 827 2255 871 et
2295 819 2384 887 qui
2432 818 2876 872 sanctiﬁcantur‘?
2917 819 3200 872 credentes
3231 818 3281 870 in
3313 817 3550 875 Christo.
3597 817 3775 873 Mani-

2199 907 2395 963 festum
2429 923 2559 979 ergo
2600 921 2683 964 est
2717 911 2860 979 quod
2897 909 2986 977 qui
3019 909 3345 973 sanctiﬁcat,
3399 924 3622 964 sanctus
3669 919 3773 974 est,

2198 1002 2322 1069 quia
2353 1016 2566 1070 semper
2593 1011 2818 1056 sanctus
2841 1011 2944 1056 est.
2976 1001 3075 1066 Qui
3127 1012 3305 1055 autem
3340 1005 3770 1070 sanctilicanttn-,

2198 1109 2303 1147 non
2341 1093 2663 1162 simpliciter
2707 1094 2906 1158 sancti,
2955 1094 3047 1148 sed
3090 1094 3409 1149 sanctiﬁcati
3462 1097 3633 1150 Sancti
3684 1097 3771 1149 di-

2197 1187 2351 1241 cendi
2386 1194 2528 1240 sunt.
2558 1185 2667 1241 Nec
2693 1196 2849 1256 putes
2893 1187 3019 1242 huic
3050 1189 3232 1242 sensui
3277 1203 3397 1242 esse
3438 1189 3770 1244 contrarium

2198 1277 2327 1330 illud
2352 1279 2492 1346 quod
2528 1278 2592 1333 de
2615 1277 2830 1333 Christo
2874 1280 3135 1349 scriptum
3167 1281 3394 1349 legimus
3421 1281 3466 1312 “
3497 1296 3510 1333 :
3549 1298 3570 1332 ο
3604 1287 3772 1348 Quem

2200 1374 2357 1428 Pater
2386 1375 2747 1431 sanctiﬁcavit
2773 1387 2825 1432 et
2857 1378 3002 1432 misit
3032 1379 3085 1432 in
3119 1379 3262 1434 hunc
3297 1382 3577 1434 mundum.
3618 1400 3636 1433 ι
3672 1381 3775 1436 Hic

2197 1471 2343 1524 enim
2370 1471 2460 1540 qui
2489 1469 2884 1536 sanctiﬁcatur,
2935 1475 3230 1527 secundum
3263 1489 3482 1529 carnem
3524 1473 3776 1530 Christus

2199 1569 2303 1626 est,
2338 1576 2445 1616 non
2477 1563 2774 1616 secundum
2801 1560 3072 1629 spiritum.
3104 1561 3236 1616 Nam
3286 1565 3583 1618 secundum
3614 1564 3777 1634 spiri-

2202 1663 2314 1706 tum
2346 1653 2550 1722 pariter
2578 1663 2630 1708 et
2669 1654 2966 1708 secundum
3003 1667 3222 1709 carnem
3253 1652 3501 1709 Christus
3527 1654 3665 1709 dixit
3689 1655 3772 1711 ιτς

2204 1765 2222 1798 ι
2261 1745 2373 1816 Ego
2407 1748 2694 1802 sanctilicu
2729 1749 2992 1818 meipsum
3033 1762 3129 1817 pro
3157 1749 3236 1803 eis
3269 1765 3283 1802 :
3320 1769 3338 1800 ι
3365 1757 3422 1802 ut
3455 1749 3542 1816 qui
3573 1751 3775 1805 saucti-

2202 1839 2355 1904 licat,
2406 1840 2697 1894 secundum
2738 1841 2986 1910 spiritum
3039 1842 3419 1912 intelligatur:
3460 1843 3548 1912 qui
3597 1853 3774 1898 autem

2199 1931 2566 1986 sanctiﬁcatur
2593 1947 2690 2000 pro
2719 1933 3015 2002 discipulis,
3042 1935 3340 1987 secundum
3370 1950 3610 2001 carnem,
3637 1952 3776 1990 unus

2203 2033 2379 2076 tamen
2407 2033 2567 2092 atque
2590 2023 2730 2078 idem
2773 2022 3021 2080 Christus
3044 2028 3135 2092 sit,
3161 2027 3251 2095 qui
3301 2043 3443 2080 nunc
3488 2025 3542 2080 in
3579 2028 3773 2096 spiritu

2200 2115 2523 2182 sanctiﬁcat,
2556 2130 2698 2170 nunc
2740 2117 3117 2173 sauctilicatur
3153 2119 3204 2173 iu
3243 2134 3429 2174 carne.
3475 2121 3556 2172 Ab
3593 2121 3778 2174 ornui-

2201 2207 2300 2262 bus
2317 2223 2446 2278 ergo
2464 2208 2726 2264 fructibus
2748 2211 3097 2265 sanctiﬁcata:
3113 2222 3312 2266 sanctae
3336 2221 3462 2265 sunt
3486 2210 3774 2266 oliereudaa

2203 2301 2472 2368 primitiaa,
2502 2303 2595 2356 sed
2619 2302 2854 2372 spiritali
2882 2305 3147 2372 pontilici.
3180 2304 3256 2357 Ex
3287 2303 3481 2374 quibus
3503 2319 3632 2371 ergo
3659 2307 3774 2358 l'rn-

2201 2393 2378 2448 ctibus
2431 2395 2701 2464 spiritales
2747 2397 3016 2465 primitias
3077 2396 3407 2452 oﬂeremus?
3453 2399 3594 2451 Audi
3643 2411 3774 2466 quot

2201 2484 2411 2540 fructus
2463 2496 2748 2541 euumeret
2805 2487 3093 2555 Apostolus
3119 2487 3163 2519 ⁸⁸
3213 2507 3275 2541 ει
3310 2487 3546 2544 Fructus
3593 2501 3772 2543 autem

2201 2578 2424 2647 spiritus
2450 2588 2553 2641 est,
2589 2580 2844 2642 charitas,
2869 2582 3144 2650 gaudium,
3186 2597 3312 2651 pax,
3355 2582 3636 2651 patientia,
3670 2602 3687 2634 ι
3720 2594 3777 2637 et

2201 2678 2422 2724 cartera.
2465 2670 2609 2736 Quas
2657 2671 2820 2740 igitur
2849 2672 3114 2738 primitias
3157 2688 3220 2725 ex
3260 2673 3546 2726 cbaritatis
3575 2672 3771 2734 fructu,

2202 2763 2292 2831 qui
2319 2765 2524 2832 primus
2548 2773 2632 2818 est
2669 2764 2878 2818 fructus
2904 2765 3144 2834 spiritus,
3169 2765 3456 2820 olferamus
3485 2781 3610 2820 vero
3641 2783 3742 2833 pou
3760 2795 3777 2808 ο

2206 2856 2372 2911 tilici?
2423 2856 2544 2910 Ilias
2587 2871 2689 2926 ego
2736 2865 2866 2926 puto
2910 2871 3030 2912 esse
3074 2857 3343 2927 primitias
3385 2858 3688 2922 cbaritatis,
3718 2869 3776 2912 ut

2202 2951 2422 3020 diligam
2457 2949 2742 3004 Dominum
2772 2952 2939 3006 Deum
2977 2968 3156 3008 meum
3185 2969 3249 3008 ex
3284 2961 3400 3008 toto
3437 2953 3600 3008 corde
3631 2968 3772 3017 meo,

2201 3055 2253 3098 et
2280 3059 2344 3098 ex
2366 3053 2474 3098 tota
2493 3044 2672 3096 anima
2693 3059 2831 3111 mea,
2853 3055 2907 3100 et
2929 3061 2994 3100 ex
3020 3055 3124 3100 tota
3148 3055 3328 3100 mente
3350 3060 3488 3100 mea.
3505 3045 3624 3099 Istae
3650 3058 3777 3100 sunt

2203 3141 2472 3208 primitiae.
2499 3141 2636 3207 Quid
2665 3150 2842 3195 autem
2869 3149 2953 3193 est
2975 3139 3115 3206 quod
3140 3153 3206 3193 ex
3230 3138 3332 3192 isto
3358 3138 3646 3192 cbaritatis
3668 3137 3794 3191 fru—

2201 3243 2287 3286 ctu
2312 3233 2550 3288 Secundo
2578 3233 2699 3288 loco
2721 3233 2923 3287 habere
2955 3230 3219 3286 debeam?
3243 3230 3311 3286 Ut
3336 3230 3558 3298 diligam
3587 3231 3773 3300 proxi-

2202 3340 2347 3378 mum
2376 3339 2553 3378 meum
2589 3327 2728 3378 sicut
2761 3324 3047 3392 meipsum.
3075 3322 3182 3376 Illae
3203 3336 3330 3392 ergo
3369 3321 3617 3392 primitiae
3644 3321 3777 3375 cha-

2202 3415 2377 3470 ritatis
2400 3415 2508 3470 Deo
2530 3415 2831 3471 oﬁ‘eruutur
2869 3430 2965 3484 per
2995 3414 3324 3485 pontiﬁcem,
3360 3415 3474 3470 haec
3503 3427 3634 3469 vero
3655 3429 3776 3484 quia:

2200 3507 2255 3560 in
2298 3508 2536 3562 secundo
2573 3515 2702 3562 sunt
2747 3506 2888 3572 loco,
2951 3508 3083 3562 meis
3142 3506 3327 3562 usibus
3371 3507 3773 3577 relinqutmtur.

2198 3597 2337 3652 Puto
2389 3612 2509 3653 esse
2552 3597 2755 3668 aliquid
2787 3613 2854 3653 ex
2901 3597 3005 3652 hoc
3045 3597 3223 3652 fructu
3277 3599 3417 3666 quod
3463 3598 3621 3652 tertio
3658 3598 3778 3654 loco

2201 3693 2510 3747 habendum
2548 3693 2653 3756 sit,
2708 3700 2768 3744 ut
2819 3690 3040 3758 diligam
3079 3692 3245 3744 etiam
3300 3691 3554 3747 inimicos
3602 3707 3775 3748 meos.

2201 3785 2338 3840 Vide
2367 3794 2570 3848 autem,
2609 3783 2654 3837 si
2701 3791 2876 3852 potes,
2905 3781 3155 3835 similiter
3186 3783 3324 3836 etde
3346 3783 3558 3838 ueteris
3589 3783 3780 3838 fructi-

2201 3879 2302 3930 bus
2363 3877 2588 3943 spiritus
2635 3875 2838 3929 similes
2889 3873 3136 3928 invenire
3176 3873 3458 3942 primitias.
3504 3859 3775 3928 Gaudium

2201 3969 2438 4022 secundo
2493 3969 2610 4022 loco
2667 3967 2876 4021 fructus
2925 3966 3146 4036 spiritus
3200 3966 3476 4022 scribitur.
3534 3967 3592 4021 Si
3647 3983 3778 4033 ergo

2202 4061 2254 4116 in
2304 4061 2530 4115 Domino
2579 4061 2880 4132 gaudeam,
2926 4070 2982 4115 et
3031 4075 3126 4130 spe
3165 4062 3448 4130 gaudeam,
3473 4069 3529 4116 et
3570 4061 3614 4116 si
3643 4077 3776 4129 gau-

2203 4154 2357 4207 deam
2407 4168 2505 4222 pro
2545 4152 2764 4208 nomine
2803 4152 3011 4206 Domini
3053 4166 3244 4221 passus
3281 4152 3555 4221 injuriam,
3599 4155 3651 4209 in
3691 4154 3778 4210 his

2201 4248 2452 4302 omnibus
2482 4247 2710 4317 aliisque
2748 4247 2939 4302 horum
2975 4247 3264 4312 similibus,
3296 4247 3563 4316 primitias
3595 4250 3777 4318 gaudii

531 4328 788 4382 continuo
808 4330 1103 4384 similitudo
1123 4330 1431 4384 sanctitatis
1458 4331 1510 4384 in
1541 4332 1650 4385 Deo
1675 4343 1838 4400 atque
1865 4333 2098 4388 homiui-
2132 4339 2179 4398 ι)
2205 4355 2303 4410 per
2325 4341 2630 4410 pontiﬁcem
2659 4356 2846 4396 verum
2879 4340 2988 4396 Deo
3013 4342 3202 4398 obtuli.
3241 4342 3343 4397 Sed
3375 4353 3430 4397 et
3465 4345 3506 4397 si
3536 4346 3778 4415 rapinam

527 4420 631 4474 bus
661 4423 927 4490 ponenda.
963 4424 1034 4477 De
1065 4422 1172 4476 Deo
1197 4423 1341 4476 enim
1363 4421 1564 4478 dicitur
1591 4425 1715 4495 quia
1751 4436 1970 4480 sanctus
1996 4438 2098 4492 est,

533 4513 777 4570 homines
805 4525 983 4570 autem
1019 4518 1172 4585 quasi
1217 4519 1310 4586 qui
1353 4532 1460 4572 non
1509 4534 1722 4588 semper
1766 4518 1984 4585 fuerint,
2016 4520 2098 4588 ju-

531 4607 730 4660 beutur
753 4617 809 4660 ut
845 4608 974 4662 ﬁant
1005 4610 1197 4663 sancti.
1227 4610 1466 4678 Denique
1497 4624 1676 4665 sermo
1701 4613 1788 4665 hic
1809 4611 1861 4664 in
1888 4610 2099 4679 Graeco,

536 4697 623 4750 tibi
666 4713 764 4753 nos
794 4700 1074 4766 habemus,
1112 4720 1130 4751 ι
1167 4703 1337 4755 sancti
1368 4710 1563 4767 estote,
1603 4720 1622 4752 ι
1659 4703 1761 4756 hoc
1801 4704 1969 4772 magis
2015 4719 2104 4758 so-

537 4797 651 4849 nat,
693 4807 711 4838 ι
748 4792 920 4844 sancti
959 4791 1252 4846 elﬁcimini.
1294 4811 1313 4844 ›
1345 4791 1451 4848 Sed
1481 4794 1648 4848 nostri
1679 4796 2000 4864 interpretes
2027 4798 2108 4850 iu-

533 4878 869 4945 diﬁ'erenter,
914 4902 934 4937 ι
971 4896 1140 4941 estote
1175 4907 1191 4938 ›
1229 4903 1324 4955 pro
1368 4906 1386 4938 ι
1427 4887 1703 4942 ellicimini
1741 4907 1760 4940 ›
1791 4902 2104 4958 posuerunt.

544 4970 924 5043 Unusquisque
948 4993 1075 5046 ergo
1101 4991 1344 5034 nostrum
1373 4995 1439 5034 ex
1473 4995 1580 5047 quo
1612 4979 1825 5034 accedit
1857 4981 1922 5034 ad
1953 4982 2110 5038 timo-

541 5077 653 5114 rem
693 5064 804 5127 Dci,
831 5078 884 5120 et
911 5067 1148 5123 divinam
1178 5071 1365 5140 recipit
1391 5071 1443 5123 in
1469 5084 1528 5122 se
1553 5069 1881 5134 doctrinam,
1913 5086 1977 5126 ex
2000 5088 2107 5141 quo

541 5169 600 5206 se
627 5159 954 5226 inaucipavit
990 5160 1119 5220 Deo.
1155 5164 1198 5214 si
1226 5173 1404 5218 tamen
1436 5178 1498 5216 ex
1523 5167 1720 5236 .animo
1758 5166 2105 5236 mancipavit,

538 5263 606 5301 ex
639 5260 950 5306 eosanctus
981 5252 1230 5313 elﬁcitur.
1269 5257 1375 5312 Sed
1422 5259 1510 5313 hic
1560 5259 1932 5314 sanctiﬁcatus
1978 5275 2106 5314 sau-

611 5406 658 5440 “
684 5407 842 5463 Num.
869 5425 1020 5476 xvm,
1045 5411 1100 5466 8.

559 5477 604 5506 ’δ’
625 5476 787 5536 llebr.
808 5497 870 5547 ιι,
889 5485 976 5542 ll.
1039 5485 1082 5514 ⁵⁵
1097 5481 1252 5541 Joan.
1271 5486 1430 5550 1,36.

614 5593 722 5662 (25)
751 5593 916 5663 Loco,
950 5615 968 5647 ι
1008 5596 1196 5665 apicis,
1236 5617 1256 5650 ι
1297 5597 1351 5655 in
1397 5604 1528 5656 mss."
1573 5599 1788 5669 legitur,
1825 5619 1843 5653 ι
1880 5603 2044 5658 modi.
2082 5624 2102 5656 ›

1570 5485 1613 5517 ’⁸⁷
1638 5484 1795 5539 Joan.
1842 5503 1973 5546 xvu.
2019 5491 2101 5546 19.

1177 5412 1220 5444 ⁸⁸
1251 5412 1290 5468 ll
1325 5413 1450 5468 Cor.
1483 5430 1557 5478 tv,
1588 5415 1673 5469 l8.
1749 5415 1833 5469 "l
1864 5416 1987 5471 Cor.
2017 5434 2050 5470 v
2081 5432 2133 5478 et
2173 5421 2329 5478 Rom.
2364 5440 2423 5478 ιι.
2499 5424 2544 5457 ⁸⁸
2570 5425 2642 5478 Nu

1177 5486 1430 5550 m.x,36.
1570 5484 1795 5539 “Joan.
1842 5503 1973 5546 xvu.
2019 5491 2101 5546 l9.
2181 5492 2425 5552 “Galat.
2481 5511 2531 5552 v.
2573 5497 2642 5552 2'2

2299 5505 2425 5552 alat.
2481 5511 2531 5564 v,
2573 5505 2661 5552 22.

2209 4435 2470 4488 bonorum
2505 4447 2750 4486 meorum
2777 4447 2898 4486 cum
2929 4434 3123 4503 gaudio
3167 4435 3461 4488 sustineam
3492 4435 3558 4502 ",
3589 4445 3643 4489 et
3680 4437 3779 4490 tri-

2209 4526 2534 4592 bulationes,
2562 4527 2603 4579 si
2635 4538 3030 4596 paupertatem,
3062 4529 3105 4582 si
3137 4527 3564 4599 qualemcunque
3585 4541 3780 4585 cautu-

2211 4619 2425 4673 meliam
2458 4622 2696 4690 gaudens
2743 4619 2985 4684 tolerent,
3018 4630 3107 4674 est
3149 4621 3276 4674 mihi
3312 4629 3366 4674 el.
3396 4620 3498 4675 iste
3541 4624 3779 4676 secundo

2208 4711 2262 4765 in
2299 4711 2418 4766 loco
2452 4728 2518 4766 ex
2553 4711 2816 4767 fructibus
2867 4713 3111 4782 spiritus,
3149 4712 3354 4766 fructus
3402 4715 3609 4782 gaudii.
3639 4713 3776 4768 Nam

2204 4805 2248 4858 si
2279 4803 2541 4874 gaudeam
2572 4803 2639 4858 de
2674 4805 2830 4860 rebus
2861 4805 3062 4866 saeculi,
3092 4805 3159 4859 de
3191 4805 3510 4872 honoribus,
3543 4809 3608 4860 de
3641 4806 3782 4860 divi:

2207 4897 2317 4960 tiis,
2351 4897 2484 4952 falsa
2532 4907 2657 4974 sunt
2701 4898 2913 4967 gaudia,
2963 4913 3030 4952 ex
3075 4900 3402 4956 vanitatibus
3458 4901 3778 4959 vanitatum.

2214 4989 2271 5043 Si
2305 5005 2432 5044 vero
2468 4992 2520 5044 in
2555 4991 2707 5046 malis
2737 4993 3020 5060 gaudeam,
3048 5003 3105 5049 et
3142 4995 3404 5048 exsultem
3448 4995 3514 5050 de
3551 4995 3778 5050 aliorum

2214 5083 2406 5145 ruinis,
2441 5083 2540 5138 ista
2571 5084 2682 5154 jam
2721 5100 2826 5138 non
2872 5086 3044 5140 solum
3096 5102 3256 5155 vana,
3303 5091 3394 5144 sed
3428 5101 3483 5144 et
3515 5089 3778 5144 diabolica

2213 5176 2429 5245 gaudia,
2457 5176 2564 5230 imo
2592 5191 2689 5232 nec
2719 5181 2912 5248 gaudia
2954 5184 3278 5238 nominanda
3315 5194 3456 5239 sunt.
3491 5202 3511 5235 ι
3552 5183 3667 5238 Non
3700 5191 3784 5238 est

2213 5267 2448 5336 gaudere
2479 5269 2679 5338 impiis,
2710 5270 2845 5326 dicit
2888 5271 3148 5332 Dominus
3178 5276 3244 5330 '°.
3282 5295 3301 5329 ι
3342 5276 3470 5331 Volo
3519 5278 3693 5333 adhuc
3727 5289 3784 5336 et

2499 5424 2544 5457 “
2570 5425 2727 5482 Nutu.
2756 5429 2986 5488 xvtn.9.
3116 5430 3161 5461 “
3192 5427 3358 5484 Levit.
3398 5443 3492 5493 xx,
3529 5429 3558 5480 7
3597 5437 3650 5482 et
3686 5430 3774 5482 26.

2738 5500 2782 5530 ⁸9
2819 5500 2978 5555 Hebr.
3028 5517 3079 5566 ι,
3116 5501 3205 5554 54.
3254 5502 3324 5572 ’⁸ο
3362 5500 3462 5554 lsa.
3521 5517 3651 5567 Lm,
3688 5503 3780 5559 21.
