4074 6156
402 152 510 209 655

396 451 661 520 gaudeam
695 453 762 508 de
798 454 1022 508 scientia
1067 457 1448 526 mysteriorum
1482 457 1597 524 Dei,
1633 459 1677 514 si
1704 460 1970 530 gaudeam

397 544 541 614 quod
568 545 760 614 dignus
801 544 1020 600 habitus
1055 560 1171 600 sum
1226 548 1504 617 sapientia:
1546 549 1642 604 Dei
1681 561 1888 606 secreta
1917 562 1974 606 et

397 649 592 689 arcana
627 649 968 705 cognoscere,
1009 637 1052 690 si
1084 641 1346 707 gaudeam
1376 642 1521 709 quod
1561 642 1765 698 relictis
1790 644 1968 698 omni-

396 725 497 780 bus
525 740 642 793 quae
678 734 804 780 sunt
837 726 888 780 in
920 727 1019 781 hoc
1050 731 1271 796 mundo,
1310 747 1415 786 non
1446 733 1621 788 solum
1658 735 1966 800 inutilibus,

396 819 492 868 sed
519 823 575 869 et
602 814 840 880 utilibus,
874 832 979 871 non
1013 817 1185 873 solum
1215 821 1387 886 vanis,
1414 824 1507 877 sed
1536 833 1590 878 et
1619 827 1963 893 necessariis,

395 905 492 960 soli
521 921 604 962 me
624 907 791 962 verbo
815 909 906 964 Dei
937 919 1098 980 atque
1125 912 1244 981 ejus
1274 915 1550 982 sapientia:
1575 917 1960 988 maneiparim;

393 996 446 1050 in
487 997 553 1050 iis
579 997 830 1052 omnibus
873 1001 1025 1067 satis,
1069 999 1225 1070 311
1279 1012 1337 1054 ut
1382 1009 1531 1071 puto,
1577 1013 1810 1072 accepta:
1855 1004 1964 1059 Deo

393 1087 645 1156 primitiae
677 1089 856 1156 gaudii
882 1088 1194 1145 oﬂerentur.
1230 1089 1338 1146 Sed
1364 1101 1419 1146 et
1443 1093 1512 1148 de
1539 1095 1752 1150 caeteris
1779 1093 1965 1149 fructi.

394 1183 491 1236 bus
521 1182 744 1250 spiritus
773 1198 841 1237 ex
872 1182 984 1238 otio
1016 1183 1305 1253 unicuique
1329 1199 1451 1254 quae
1494 1195 1801 1256 competunt
1833 1186 1961 1240 lice-

393 1273 471 1326 hit
497 1283 705 1343 aptare,
747 1289 813 1330 ne
845 1290 944 1331 uos
975 1292 1277 1334 sermonem
1313 1277 1463 1348 justo
1498 1279 1708 1350 longius
1748 1288 1961 1349 protra-

391 1364 604 1418 halitus.

461 1482 512 1536 9.
546 1499 566 1531 σ
593 1481 655 1534 Ει
685 1482 751 1536 ab
780 1483 1047 1551 omnibus,
1085 1485 1339 1555 inquit",
1363 1487 1678 1542 muneribus
1709 1500 1950 1544 eorum.)

1849 164 2008 222 0R!G
2018 167 2168 224 ENIS

398 269 564 322 alium
598 266 834 323 fructum
865 271 1049 341 gaudii
1099 271 1396 343 requirere,
1430 285 1539 329 nu‘o
1581 284 1638 330 et
1687 264 1820 332 alias
1863 285 1975 348 pri-
2005 287 2050 343 Α

397 359 581 413 mitias
611 360 950 432 gaudiorum.
979 362 1035 417 Si
1075 365 1338 432 gaudeam
1379 365 1432 419 in
1466 367 1630 422 verbo
1657 367 1892 434 Domini,
1925 371 1972 426 si

3544 191 3647 248 656

2638 286 2915 344 llOMlLlA
2963 288 3070 348 XII.

2453 377 2528 433 De
2574 389 2731 448 puteo
2774 391 2826 436 et
2877 386 3084 442 cantico
3128 389 3262 458 ejus.

2145 489 2192 543 Ι.
2233 487 2418 546 Lectio
2449 491 2606 546 nobis
2632 494 2798 560 putei,
2832 507 2886 551 et
2915 499 3113 556 cantici
3146 504 3290 572 quod
3349 507 3492 575 apud
3548 524 3644 578 pu-

2075 580 2653 647 teumcecinitlsrael,
2684 597 2750 637 ex
2803 585 3162 646 Numerorum
3209 592 3347 648 libro
3406 596 3640 654 recitata

2068 677 2171 734 est,
2199 684 2358 738 quam
2385 670 2578 735 solitis,
2611 672 2718 725 imo
2746 671 2886 731 forte
2917 686 2972 730 et
3001 680 3232 749 amplius
3283 684 3442 741 solito
3493 689 3642 742 vide-

2067 781 2187 822 mus
2219 767 2519 827 redundare
2551 771 2851 845 mysteriis.
2895 775 2988 831 Ait
3017 778 3159 832 enim
3185 779 3233 812 ⁸⁸
3267 797 3279 832 :
3329 800 3349 833 ‹
3382 782 3447 836 Ει
3501 785 3640 840 bibit

2066 857 2132 913 de
2164 867 2322 928 puteo
2350 862 2599 930 populus.
2637 866 2735 923 Hic
2767 876 2849 923 est
2873 879 3089 937 puteus,
3133 886 3292 938 quem
3343 873 3482 929 dixit
3530 870 3638 930 Do.

2065 949 2243 1006 minus
2273 953 2339 1006 ad
2367 953 2584 1024 Moysen
2617 973 2630 1010 :
2659 957 2935 1030 Congrega
2976 963 3254 1030 populum,
3283 975 3335 1020 et
3382 969 3523 1022 dabo
3551 969 3635 1024 eis

2064 1055 2256 1110 aquam
2284 1045 2494 1101 bibere.
2538 1067 2558 1100 ι
2626 1049 2733 1105 Sed
2789 1052 2840 1105 in
2891 1051 2975 1104 his
3023 1053 3182 1111 dictis
3240 1073 3345 1111 non
3406 1059 3630 1113 multum

2061 1133 2194 1188 mihi
2222 1135 2360 1205 juris
2386 1137 2599 1194 videtur
2627 1142 2885 1198 historica
2941 1145 3118 1201 littera
3157 1149 3457 1216 possidere.
3491 1151 3629 1218 Quid

2058 1234 2142 1281 est
2165 1228 2310 1281 enim
2349 1231 2492 1299 quod
2520 1247 2850 1304 magnopere
2890 1239 3146 1308 pnecepit
3179 1241 3435 1296 Dominus
3459 1241 3627 1314 Moysi

2057 1318 2314 1388 pupulum
2343 1335 2694 1392 congregare,
2733 1335 2790 1380 ut
2822 1327 2914 1381 det
2970 1329 3051 1383 eis
3096 1345 3290 1400 aquam
3340 1333 3408 1386 de
3464 1345 3624 1400 puteo

2056 1407 2284 1464 bibere?
2309 1412 2463 1481 quasi
2491 1428 2618 1467 vero
2638 1429 2744 1469 non
2772 1416 2934 1470 etiam
2960 1430 3153 1488 sponte
3176 1421 3404 1488 pupulus
3433 1421 3626 1476 biben-

2057 1498 2109 1553 di
2135 1500 2306 1570 gratia
2337 1503 2652 1558 convenerit
2680 1506 2746 1559 ad
2793 1517 3035 1574 puteum.
3083 1508 3222 1575 Quid
3258 1524 3391 1578 ergo
3444 1519 3624 1566 tantov

388 1571 581 1625 Minius
607 1575 729 1641 quis
756 1573 952 1628 obtulit
979 1575 1109 1640 Deo,
1138 1583 1194 1630 et
1220 1591 1407 1682 rursus
1453 1592 1520 1632 ex
1548 1593 1774 1634 munere
1823 1579 1954 1636 oll‘e-
1987 1627 2028 1682 Β
2058 1605 2184 1660 pere
2214 1593 2486 1662 propheta:
2513 1571 2844 1666 praecipitur,
2874 1609 2931 1654 ιιι
2960 1571 3178 1668 prop-rio
3235 1571 3416 1656 studio
3446 1610 3501 1655 ei,
3545 1601 3623 1654 la.

387 1667 567 1719 renda:
596 1674 721 1719 sunt
745 1667 999 1734 primitiae
1031 1669 1292 1736 pontiﬁci.
1353 1668 1467 1724 Hoc
1518 1671 1571 1724 in
1611 1673 1950 1741 expositione

385 1755 682 1823 allegorica
719 1756 793 1810 ita
837 1759 1075 1813 arbitror
1104 1773 1262 1828 posse
1283 1772 1558 1816 constare.
1594 1763 1650 1818 Si
1686 1766 1807 1832 quis
1863 1766 1947 1822 vel

385 1848 663 1918 egentibus
695 1848 1001 1915 distribuat,
1026 1851 1109 1908 vel
1145 1851 1309 1908 faciat
1339 1853 1540 1923 aliquid
1573 1856 1696 1909 honi
1743 1858 1945 1927 operis,

382 1955 480 2010 pro
519 1941 774 1996 mandato
804 1958 999 1997 munus
1030 1943 1224 1998 obtulit
1273 1943 1404 2000 Deo.
1455 1944 1558 2000 Sed
1601 1963 1786 2004 rursus
1833 1948 1946 2020 (25)

383 2033 630 2088 muneris
661 2034 821 2090 oiTert
854 2036 1152 2105 primitias,
1180 2039 1223 2091 si
1259 2053 1366 2093 non
1400 2037 1573 2092 solum
1599 2039 1769 2108 cibos,
1798 2043 1944 2098 verbi

379 2125 576 2196 gratia,
611 2129 693 2180 vel
721 2127 1004 2196 pecuniam
1031 2127 1312 2197 largiatur,
1343 2131 1437 2184 sed
1470 2141 1525 2185 et
1567 2131 1816 2188 allectum
1844 2135 1946 2187 nii-

379 2217 593 2272 sercndi
630 2218 848 2279 haheat,
879 2227 934 2272 et
956 2219 1341 2286 compaticndi.
1375 2221 1487 2276 lloc
1517 2224 1660 2278 enim
1693 2235 1771 2278 est
1801 2227 1943 2294 quod

381 2309 603 2378 requirit
632 2309 700 2364 ab
743 2310 958 2364 homine
988 2309 1149 2374 Deus,
1173 2322 1231 2364 ut
1261 2328 1414 2367 mens
1455 2315 1569 2383 ipsa
1605 2317 1709 2384 piis
1753 2328 1806 2371 et
1844 2320 1944 2372 mi-

376 2399 744 2455 scricordihus
779 2399 1049 2468 repleatur
1075 2412 1130 2455 et
1163 2401 1424 2458 formetur
1474 2403 1776 2462 all‘ectibus.
1818 2427 1837 2460 t
1879 2411 1941 2464 Et

376 2495 444 2545 ah
483 2490 734 2547 omnibus
775 2491 1239 2548 immolatiouibus
1299 2510 1509 2550 eorum.
1554 2516 1572 2548 ι
1639 2497 1942 2556 Immolatio

376 2581 632 2652 apiritalis
655 2597 738 2638 cSt
780 2582 871 2636 illa
912 2598 1076 2652 quam
1107 2584 1334 2650 legimus
1353 2587 1399 2618 δ’
1439 2604 1451 2641 :
1491 2607 1510 2640 ι
1550 2589 1770 2644 lmmola
1832 2592 1940 2647 Deo

379 2678 712 2732 sacriﬁcium
745 2677 940 2745 laudis,
967 2689 1024 2733 et
1073 2679 1240 2734 redde
1269 2681 1552 2737 Altissimo
1578 2693 1703 2738 vota
1761 2692 1871 2738 tua.
1915 2703 1934 2737 ι

377 2769 618 2826 Laudare
645 2786 777 2840 ergo
812 2770 1002 2834 Deum,
1038 2780 1095 2826 et
1118 2781 1240 2827 vota
1266 2774 1530 2830 orationis
1555 2774 1770 2842 offerre,
1831 2779 1938 2832 im-

376 2864 578 2917 undare
597 2873 680 2919 cst
710 2862 838 2918 Deo.
863 2862 967 2918 Sed
995 2863 1154 2930 hujus
1185 2865 1574 2923 immolationis
1594 2869 1842 2939 primitiae
1862 2871 1935 2925 ita

2055 1681 2187 1738 bore
2235 1696 2530 1756 eongreget
2593 1689 2850 1758 pupulum
2925 1693 2992 1746 ad
3057 1693 3409 1748 hauriendam
3473 1693 3620 1764 putei

2055 1775 2297 1843 aquam?
2324 1775 2479 1832 Unde
2515 1779 2696 1834 vilitas
2730 1781 2842 1852 (26)
2891 1780 3088 1837 litterae
3115 1785 3180 1838 ad
3227 1785 3618 1852 pretiositatem

2053 1882 2153 1921 nos
2185 1868 2447 1936 spiritalis
2472 1872 2695 1926 remittit
2731 1873 3128 1945 intelligentiae.
3177 1875 3245 1931 Et
3274 1875 3392 1931 ideo
3417 1891 3619 1932 conve-

2053 1957 2206 2011 niens
2224 1968 2352 2026 puto
2383 1960 2544 2014 etiam
2577 1962 2646 2017 de
2680 1963 2805 2017 aliis
2839 1963 3140 2033 Scriptura!
3164 1965 3300 2020 locis
3327 1975 3614 2038 puteorum

2050 2062 2382 2118 congregare
2419 2053 2698 2123 mysteria,
2731 2063 2784 2110 ut
2812 2069 2877 2109 ex
2917 2057 3324 2126 comparatione
3346 2059 3612 2128 plurimo-

2052 2155 2192 2206 rum,
2217 2143 2260 2195 si
2291 2144 2417 2212 quid
2458 2160 2696 2214 praisens
2727 2162 2907 2204 sermo
2942 2150 3294 2205 obscuritatis
3344 2152 3607 2217 continet,

2050 2232 2337 2289 elucescat.
2375 2236 2466 2290 Ait
2499 2252 2627 2308 ergo
2653 2239 2876 2308 Spiritus
2908 2241 2998 2296 Dei
3047 2255 3142 2312 per
3186 2240 3528 2296 Salomonem
3559 2242 3610 2295 in

2051 2324 2358 2383 Proverbiis
2397 2329 2442 2360 ⁸⁸
2469 2345 2482 2381 :
2519 2348 2537 2380 ι
2571 2329 2701 2385 Bibe
2727 2347 2900 2401 aquas
2925 2333 2992 2388 de
3021 2334 3129 2389 tuis
3157 2334 3302 2389 vasis
3329 2343 3384 2389 et
3415 2336 3480 2390 de
3520 2350 3611 2405 pu-

2051 2428 2256 2474 teorum
2283 2428 2498 2474 tuorum
2530 2420 2698 2488 fonte,
2726 2432 2780 2478 et
2819 2441 2923 2480 non
2956 2423 3468 2494 supereli'undantur
3496 2426 3610 2497 (9.7)

2048 2511 2141 2564 tibi
2185 2526 2337 2580 aqua:
2364 2521 2518 2568 extra
2547 2523 2700 2567 tuum
2733 2513 2962 2572 fontem.
2995 2534 3015 2568 ι
3070 2515 3329 2582 Quamvis
3377 2518 3428 2572 in
3489 2519 3611 2572 aliis

2045 2605 2445 2674 exemplaribus
2469 2606 2801 2678 legerimus:
2835 2610 2930 2664 «Et
2953 2608 3298 2664 eﬂ‘undantur
3330 2610 3423 2665 tibi
3455 2625 3608 2680 aquae

2045 2709 2197 2753 extra
2223 2706 2370 2751 tuum
2399 2697 2623 2755 fontem.
2662 2718 2683 2752 ι
2724 2700 2892 2770 Λαιιειι
2942 2712 3046 2755 tute
3095 2701 3202 2756 sint
3243 2702 3335 2756 tibi
3391 2703 3510 2765 soli,
3555 2717 3611 2757 et

2047 2801 2205 2843 nemo
2225 2788 2434 2845 alienus
2459 2789 2746 2860 participet
2773 2807 2840 2847 ex
2877 2793 2977 2848 eis.
3005 2791 3179 2848 Habet
3203 2807 3331 2862 ergo
3354 2792 3436 2863 (ut
3464 2793 3514 2846 in
3543 2794 3609 2848 iis

2045 2880 2384 2950 designatur)
2414 2883 2788 2952 unusquisque
2810 2871 3054 2938 nostrum
3087 2885 3141 2938 in
3166 2884 3457 2954 semetipso
3509 2901 3607 2952 pn-

373 2968 466 3023 per
482 2953 790 3023 pontiﬁcem
811 2952 1128 3019 oll'erentur,
1145 2957 1188 3010 si
1210 2970 1312 3011 nou
1326 2955 1496 3010 solum
1514 2958 1692 3013 verbis
1708 2968 1763 3014 et
1784 2974 1936 3027 voce,
1962 2982 2011 3045 ρ
2045 2981 2214 3028 leum,
2243 2973 2355 3028 lmo
2379 2983 2434 3028 et
2455 2973 2658 3044 aliquid
2679 2973 2908 3043 amplius
2933 2975 3193 3040 dicemus,
3239 2952 3607 3047 unusquisque

373 3045 465 3102 sed
489 3057 542 3099 et
574 3055 758 3098 mente
778 3059 998 3100 oremus
1026 3054 1079 3100 et
1105 3047 1288 3108 corde,
1316 3047 1612 3102 secundum
1631 3049 1771 3118 quod
1790 3059 1844 3104 et
1863 3050 1936 3103 A-

373 3139 614 3208 postolus
641 3137 872 3192 monet”
903 3155 916 3192 :
944 3134 1153 3192 «Orabo
1180 3137 1398 3206 spiritu,
1424 3139 1592 3194 orabo
1618 3148 1674 3194 et
1709 3149 1892 3194 mente
1917 3158 1932 3194 :

375 3232 638 3299 |-S;tll|ttlll|
675 3231 850 3284 dicant
874 3231 1089 3300 Spiritu,
1134 3231 1398 3300 psalmum
1423 3231 1602 3285 dicam
1630 3237 1924 3286 etmente.»

369 3325 644 3376 Assistunt
667 3336 809 3376 enim
846 3331 899 3375 et
933 3336 1075 3375 nunc
1107 3320 1283 3388 angeli
1318 3320 1410 3374 Dei
1442 3320 1678 3377 cultores
1705 3331 1760 3378 et
1793 3323 1937 3392 agri-

370 3419 498 3471 cola:
553 3416 734 3470 cordis
769 3415 961 3478 nostri,
991 3424 1045 3469 et
1067 3413 1349 3482 requirunt
1371 3412 1414 3466 si
1441 3423 1525 3468 est
1556 3413 1608 3468 in
1634 3413 1814 3484 aliquo
1839 3430 1935 3469 no-

369 3517 544 3560 strum
577 3505 949 3575 hujuscemodi
972 3503 1521 3567 utenstatnsollicita,
1559 3514 1666 3557 tam
1702 3505 1932 3572 intenta,

367 3611 486 3669 qua:
507 3599 728 3652 verbum
749 3596 840 3651 Dei
863 3606 1114 3665 tanquam
1145 3609 1327 3650 semen
1357 3595 1597 3648 divinum
1630 3605 1736 3649 tota
1766 3597 1936 3650 avidi-

371 3702 480 3745 tate
527 3690 826 3758 susceperit
854 3729 868 3751 ,
901 3689 946 3744 si
980 3689 1212 3743 fructum
1239 3690 1419 3743 statim
1451 3699 1509 3742 ut
1538 3691 1605 3743 ad
1630 3689 1932 3745 orationem

369 3782 642 3853 surgimus
668 3781 994 3846 ostenderit,
1018 3781 1069 3835 id
1097 3791 1198 3842 est,
1219 3780 1262 3834 si
1281 3781 1522 3837 collectis
1541 3791 1597 3837 et
1629 3796 1899 3853 congrcga
1917 3812 1931 3825 -

371 3876 604 3929 ttsintra
646 3885 705 3927 se
726 3871 975 3928 sensibus
1005 3881 1126 3927 oret
1173 3870 1362 3938 Deum,
1422 3873 1468 3926 si
1515 3888 1621 3927 non
1676 3884 1935 3944 evagetur

369 3977 571 4025 mente.
598 3975 652 4019 et
686 3961 1105 4034 cogitationibus
1132 3963 1326 4029 evolet,
1372 3964 1444 4018 ita
1474 3974 1531 4018 ιιι
1565 3979 1793 4034 corpore
1817 3966 1932 4034 qui-

369 4061 491 4112 dem
524 4059 575 4110 in
606 4055 852 4109 oratione
874 4064 1150 4117 curvetur,
1183 4055 1434 4110 sensibus
1465 4064 1649 4110 autem
1706 4071 1802 4125 per
1849 4057 1933 4110 di-

371 4162 524 4201 versa
566 4148 853 4201 discurrat.
881 4143 936 4199 Si
968 4146 1106 4214 quis,
1157 4145 1376 4214 inquam
1399 4186 1414 4206 ,
1444 4145 1709 4199 intentam
1758 4154 1812 4199 et
1853 4144 1931 4198 di-

371 4249 574 4293 rectam
613 4235 1304 4294 senseritobsecrationem
1331 4252 1507 4304 suam,
1536 4245 1592 4292 et
1646 4237 1776 4305 ipsis
1832 4235 1926 4290 Dei

2039 3072 2280 3120 nostrum
2317 3065 2484 3121 habet
2511 3082 2616 3122 non
2646 3077 2868 3138 puteum
2899 3083 3090 3131 unum,
3118 3069 3211 3123 sed
3237 3078 3426 3137 puteos
3467 3069 3604 3124 mul-

2038 3166 2142 3221 tos,
2170 3166 2223 3211 ct
2253 3173 2356 3212 non
2384 3172 2546 3212 unum
2571 3171 2668 3212 vas
2693 3172 2867 3227 aquai,
2917 3159 3010 3213 sed
3066 3173 3192 3212 vasa
3245 3158 3432 3214 multa.
3485 3159 3601 3216 Non

2036 3247 2180 3304 enim
2205 3247 2365 3312 dixit,
2400 3266 2418 3300 ι
2453 3246 2574 3302 bibe
2599 3262 2771 3317 aquas
2798 3265 2818 3298 ι
2845 3247 2913 3301 de
2945 3257 3036 3302 tuo
3057 3262 3205 3314 vase,
3234 3249 3326 3304 sed
3355 3267 3373 3300 ι
3405 3251 3470 3305 de
3499 3252 3604 3304 tuis

2037 3338 2212 3391 vasis:
2247 3357 2266 3391 ι
2292 3346 2348 3391 et
2381 3352 2485 3391 non
2511 3337 2667 3404 dixit,
2700 3345 2753 3392 et
2775 3335 2843 3390 de
2867 3338 3009 3405 putei
3031 3340 3106 3391 tui
3137 3337 3310 3402 fonte,
3341 3340 3432 3393 sed
3471 3358 3490 3391 ι
3539 3341 3605 3395 de

2035 3440 2320 3500 puteorum
2347 3437 2559 3485 tuormn
2603 3429 2770 3484 fonte.
2809 3447 2830 3481 ι
2875 3428 3127 3500 Legimus
3153 3431 3200 3462 ⁸⁸
3252 3433 3508 3488 habuisse
3548 3441 3603 3488 et

2035 3525 2372 3594 patriarchas
2422 3535 2658 3594 puteos;
2713 3524 2901 3578 habuit
2958 3525 3262 3587 Abraham,
3307 3527 3494 3582 habuit
3546 3537 3603 3581 et

2034 3615 2202 3672 Isaac.
2233 3616 2370 3672 Puto
2400 3625 2581 3670 autem
2608 3615 2860 3671 habuisse
2882 3626 2938 3670 et
2959 3615 3146 3673 Iacob.
3170 3618 3237 3672 Et
3257 3618 3325 3673 ab
3362 3620 3484 3675 istis
3510 3637 3605 3690 pu-

2035 3709 2139 3764 teis
2153 3717 2368 3776 sumpto
2390 3706 2566 3771 initio,
2588 3719 2846 3774 percurre
2870 3720 3085 3763 omnem
3112 3708 3468 3779 Seriptnram,
3503 3725 3598 3780 pu-

2035 3809 2152 3856 teos
2177 3801 2486 3869 requirens,
2515 3807 2568 3852 et
2609 3797 2830 3866 perveni
2866 3812 3037 3867 usque
3070 3801 3136 3854 ad
3183 3799 3488 3871 Evangelia,
3545 3812 3599 3857 et

2035 3893 2105 3948 ibi
2135 3891 2378 3946 invenies
2419 3901 2639 3960 puteum
2688 3902 2850 3958 supra
2899 3904 3062 3958 quem
3115 3891 3365 3948 Salvator
3413 3887 3618 3948 noster‘

2033 3984 2253 4039 sedebat
2279 3984 2622 4052 requiescens
2651 3993 2770 4051 post
2792 3985 2998 4039 itineris
3022 3984 3282 4049 laborem,
3315 3996 3440 4040 tunc
3475 4004 3594 4040 cum

2032 4077 2282 4129 veniente
2325 4075 2552 4130 muliere
2593 4074 2959 4137 Samaritana,
2991 4086 3047 4128 et
3097 4076 3313 4130 volente
3363 4079 3577 4131 haurire

2034 4184 2228 4238 aquam
2259 4169 2328 4224 de
2357 4179 2539 4239 puteo,
2564 4185 2684 4239 quae
2708 4176 2852 4223 esset
2895 4170 2946 4222 in
2986 4167 3282 4238 Scripturis
3319 4171 3466 4238 putei
3514 4169 3593 4223 vel

2032 4273 2318 4333 puteorum
2341 4262 2515 4317 virtus
2540 4264 2847 4333 exponitur,
2877 4271 2932 4317 et
2971 4265 3306 4331 comparatio
3337 4264 3399 4318 lit
3429 4278 3596 4333 aqua-

368 4331 764 4398 conspectibus,
796 4337 956 4396 atque
982 4327 1236 4381 itteﬂ'abili
1273 4327 1461 4382 lumini
1493 4344 1553 4424 se
1595 4327 1928 4424 intellexerit
1957 4351 2004 4407 ι)
2033 4327 2176 4418 him,
2206 4352 2296 4406 ubi
2324 4361 2380 4406 ει
2403 4353 2568 4407 divini
2592 4327 2837 4424 ,ξηειθτίί
2867 4327 3174 4420 pandum—ur
3200 4367 3420 4407 arcana.
3447 4327 3594 4408 mei.

365 4421 732 4488 assisteutcm,
783 4419 962 4487 ibique
1021 4418 1332 4486 orationes,
1390 4427 1445 4474 et
1497 4418 1923 4486 obsecratiOnes,

365 4511 859 4582 postulationesque
885 4518 940 4564 et
966 4509 1260 4579 gratiarum
1325 4509 1570 4565 actiones
1609 4525 1740 4564 suas
1795 4525 1929 4579 pro-

365 4605 586 4666 fuderit,
618 4602 813 4658 nullius
847 4601 1188 4658 extrinsecus
1256 4600 1547 4671 phantasia:
1599 4601 1925 4657 sollicitatus

365 4696 599 4765 imagine
630 4711 643 4747 :
670 4695 756 4750 hic
790 4709 849 4750 se
894 4695 1108 4749 noverit
1143 4707 1238 4763 per
1281 4692 1530 4761 angelum
1577 4693 1670 4764 qui
1719 4693 1926 4748 assistit

364 4787 552 4852 altari,
593 4785 859 4841 obtulisse
904 4784 1293 4840 immolationis
1335 4799 1444 4839 suae
1485 4785 1754 4854 primitias
1797 4801 1933 4855 pon-

360 4879 494 4935 tiliei
537 4894 729 4949 magno
764 4889 818 4933 et
849 4893 1000 4942 vero,
1036 4877 1254 4932 Christo
1281 4875 1408 4931 Jesu
1451 4875 1678 4931 Domino
1715 4888 1923 4944 nostro,

359 4973 543 5026 cuiesl
575 4969 742 5041 gloria
783 4979 839 5024 et
886 4971 1172 5039 imperium
1222 4969 1275 5023 in
1325 4967 1522 5025 saecula
1578 4967 1921 5024 saeculorum.

357 5064 551 5118 Amen.

427 5269 472 5301 ⁵⁸
495 5267 652 5322 Num.
678 5282 831 5334 xvttt,
863 5266 916 5321 9.
995 5267 1040 5298 "
1069 5266 1216 5322 Psal.
1244 5281 1389 5330 xuii,
1415 5265 1505 5320 14.

355 5354 458 5396 xm
490 5349 544 5393 et
589 5353 738 5393 xxvi.
839 5336 881 5368 ⁵⁷
904 5335 1059 5391 Joan.
1094 5337 1284 5402 "1,14.
1388 5337 1434 5369 ⁸⁸
1461 5335 1619 5393 Joan.
1649 5353 1743 5402 vn,
1781 5339 1871 5395 58.

428 5431 541 5503 (25)
571 5430 754 5486 Codex
784 5431 1151 5496 Belvacensis,
1183 5448 1200 5484 ι
1231 5446 1437 5487 rursus.
1470 5450 1490 5485 ι
1532 5431 1686 5487 Libb.
1737 5433 1872 5490 editi
1898 5476 1914 5503 ,

360 5502 751 5642 Ηέἕὲςεῖὶῖκιά.
808 5570 1192 5642 Ebroicensis,
1245 5571 1592 5628 Carnotensis
1641 5581 1695 5628 et
1743 5573 1918 5630 sancti

357 5641 706 5709 Theoderici,
732 5660 752 5694 ι
783 5641 982 5698 vilitas.
1029 5659 1052 5694 ι
1089 5641 1258 5711 Alias,
1295 5661 1316 5695 o
1347 5643 1644 5699 humilitas.
1691 5661 1713 5696 ι

1586 5266 1630 5299 ⁵³
1659 5267 1674 5320 l
1703 5266 1844 5343 Cor:
1880 5289 1995 5343 xiv,
2028 5276 2115 5331 15.

2035 4454 2124 4498 tur
2161 4444 2304 4498 enim
2333 4444 2457 4514 quia
2489 4445 2535 4498 si
2583 4445 2704 4514 quis
2733 4445 2880 4498 bibat
2909 4459 2973 4497 ex
3001 4444 3068 4498 iis
3095 4445 3272 4514 aquis,
3307 4460 3441 4514 quas
3463 4463 3594 4500 con-

2035 4535 2244 4591 tinebat
2270 4545 2464 4605 puteus
2491 4535 2579 4589 ille
2615 4547 2886 4600 terrenus,
2923 4537 3072 4590 sitiet
3101 4551 3348 4602 rursum;
3388 4540 3478 4608 qui
3502 4555 3597 4591 au-

2033 4639 2140 4684 tem
2162 4644 2231 4683 ex
2259 4629 2362 4682 illis
2392 4629 2610 4694 biberit,
2632 4644 2770 4698 quas
2805 4627 3094 4693 datJesus,
3128 4649 3146 4681 ι
3181 4632 3341 4686 lietin
3381 4647 3446 4685 eo
3476 4633 3594 4687 fons

2036 4735 2188 4790 aqua:
2209 4719 2450 4773 salientis
2479 4721 2528 4773 in
2561 4721 2724 4774 vitam
2755 4722 3097 4776 aeternam".
3146 4741 3164 4776 ι
3199 4722 3255 4776 ln
3283 4724 3388 4776 alio
3414 4733 3590 4776 autem

2029 4811 2309 4880 Evangelii
2337 4810 2453 4865 loco
2473 4810 2584 4878 jam
2614 4827 2720 4866 non
2754 4811 2896 4875 fons,
2923 4827 3098 4881 neque
3120 4823 3336 4883 puteus,
3365 4815 3458 4868 sed
3483 4829 3595 4867 am-

2027 4903 2168 4975 plius
2190 4903 2389 4974 aliquid
2414 4904 2631 4959 dicitur.
2671 4923 2688 4956 ι
2718 4903 2817 4970 Qui
2848 4904 3041 4971 credit,
3068 4905 3323 4976 inquit”,
3357 4906 3409 4960 in
3443 4921 3590 4970 eum,

2028 4997 2174 5052 sicut
2205 4995 2485 5065 Scriptura
2511 4996 2667 5058 dicit,
2699 4996 2926 5053 flumina
2965 4999 3032 5053 de
3055 5010 3244 5054 ventre
3270 4999 3387 5069 ejus
3427 4997 3594 5053 ﬂuent
3620 5059 3644 5084 ἡ

2027 5103 2182 5157 aqua:
2211 5089 2364 5142 vivae.
2411 5107 2430 5140 ι
2468 5089 2624 5144 Vides
2651 5104 2780 5160 ergo
2810 5091 2934 5160 quia
2980 5091 3076 5160 qui
3138 5092 3312 5145 credit
3353 5092 3404 5145 in
3443 5106 3589 5155 eum,

2028 5196 2134 5235 non
2160 5179 2333 5236 solum
2365 5191 2610 5249 puteum,
2638 5183 2729 5236 sed
2746 5192 2800 5236 et
2827 5192 3038 5252 puteos,
3068 5192 3123 5237 et
3144 5199 3249 5236 non
3278 5183 3450 5236 solum
3474 5181 3590 5236 ton-

2216 5275 2262 5307 "
2303 5274 2459 5328 Num.
2489 5292 2602 5343 xxi,
2643 5277 2734 5331 l6.
2837 5277 2884 5309 "
2912 5276 3072 5330 Prov.
3111 5278 3279 5344 v,15.
3380 5278 3427 5310 ⁸⁸
3449 5275 3586 5332 Gen.

2096 5432 2208 5505 (27)
2246 5433 2429 5506 Codex
2451 5435 2823 5497 Carnotensis,
2852 5454 2871 5486 ι
2909 5435 3312 5506 supercllluant.
3348 5459 3366 5491 ι
3419 5439 3586 5492 Paulo

2022 5513 2147 5573 post
2175 5506 2228 5556 in
2258 5505 2441 5558 codice
2465 5506 2646 5558 sancti
2694 5505 3018 5561 Theudorici
3062 5509 3444 5563 desiderantur
3471 5512 3584 5563 lucc

2023 5575 2188 5647 verba
2225 5590 2290 5647 ενι
2318 5576 2566 5647 quamvis
2591 5577 2643 5627 in
2674 5576 2792 5629 aliis
2822 5578 3225 5645 exemplaribus
3256 5579 3583 5647 legerimus.-

2019 5657 2074 5701 e‘.
2095 5641 2438 5700 eﬁundantur
2458 5646 2549 5700 tibi
2566 5661 2720 5713 aquae
2749 5653 2901 5702 extra
2923 5641 3072 5704 tuum
3105 5641 3360 5705 fontem?»
