  <div class='ocr_page' id='page_1' title='image "/cluster/home/n/w/nwhite01/storage/ocr_20150623/12/mdp.39015028786690/338.png"; bbox 0 0 4074 6156; ppageno 0'>
   <div class='ocr_carea' id='block_1_1' title="bbox 415 337 3644 417">
    <p class='ocr_par' dir='ltr' id='par_1_1' title="bbox 415 337 3644 417">
     <span class='ocr_line' id='line_1_1' title="bbox 415 337 3644 417; baseline -0.007 -5"><span class='ocrx_word' id='word_1_1' title='bbox 415 355 522 417; x_wconf 85' lang='lat'><strong>657</strong></span> <span class='ocrx_word' id='word_1_2' title='bbox 1579 352 1644 407; x_wconf 83' lang='lat' dir='ltr'><strong>IN</strong></span> <span class='ocrx_word' id='word_1_3' title='bbox 1683 350 2015 409; x_wconf 81' lang='lat' dir='ltr'><strong>NUMEROS</strong></span> <span class='ocrx_word' id='word_1_4' title='bbox 2049 352 2333 410; x_wconf 80' lang='lat' dir='ltr'><strong>HOMILIA</strong></span> <span class='ocrx_word' id='word_1_5' title='bbox 2379 345 2486 404; x_wconf 80' lang='lat' dir='ltr'><strong>XII.</strong></span> <span class='ocrx_word' id='word_1_6' title='bbox 3540 337 3644 392; x_wconf 75' lang='lat'><strong>658</strong></span> 
     </span>
    </p>
   </div>
   <div class='ocr_carea' id='block_1_2' title="bbox 416 461 3642 539">
    <p class='ocr_par' dir='ltr' id='par_1_2' title="bbox 416 461 3642 539">
     <span class='ocr_line' id='line_1_2' title="bbox 416 461 3642 539; baseline -0.003 -13"><span class='ocrx_word' id='word_1_7' title='bbox 416 484 520 539; x_wconf 84' lang='lat' dir='ltr'><strong>tes,</strong></span> <span class='ocrx_word' id='word_1_8' title='bbox 553 472 649 528; x_wconf 86' lang='lat' dir='ltr'><strong>sed</strong></span> <span class='ocrx_word' id='word_1_9' title='bbox 669 481 725 527; x_wconf 89' lang='lat' dir='ltr'><strong>et</strong></span> <span class='ocrx_word' id='word_1_10' title='bbox 764 471 985 527; x_wconf 83' lang='lat' dir='ltr'><strong>flumina</strong></span> <span class='ocrx_word' id='word_1_11' title='bbox 1012 474 1172 528; x_wconf 85' lang='lat' dir='ltr'><strong>habet</strong></span> <span class='ocrx_word' id='word_1_12' title='bbox 1199 473 1342 528; x_wconf 83' lang='lat' dir='ltr'><strong>intra</strong></span> <span class='ocrx_word' id='word_1_13' title='bbox 1371 489 1455 530; x_wconf 90' lang='lat' dir='ltr'><strong>se.</strong></span> <span class='ocrx_word' id='word_1_14' title='bbox 1482 475 1682 529; x_wconf 79' lang='lat' dir='ltr'><strong>Fontes</strong></span> <span class='ocrx_word' id='word_1_15' title='bbox 1725 485 1901 530; x_wconf 85' lang='lat' dir='ltr'><strong>autem</strong></span> <span class='ocrx_word' id='word_1_16' title='bbox 1933 485 1986 529; x_wconf 92' lang='lat' dir='ltr'><strong>et</strong></span> <span class='ocrx_word' id='word_1_17' title='bbox 2012 479 2061 535; x_wconf 80' lang='grc' dir='ltr'><strong>Α</strong></span> <span class='ocrx_word' id='word_1_18' title='bbox 2090 474 2484 536; x_wconf 88' lang='lat' dir='ltr'><strong>neratiouihus,</strong></span> <span class='ocrx_word' id='word_1_19' title='bbox 2519 480 2666 526; x_wconf 89' lang='lat' dir='ltr'><strong>recte</strong></span> <span class='ocrx_word' id='word_1_20' title='bbox 2691 469 2883 524; x_wconf 88' lang='lat' dir='ltr'><strong>horum</strong></span> <span class='ocrx_word' id='word_1_21' title='bbox 2914 465 3141 523; x_wconf 86' lang='lat' dir='ltr'><strong>scientia</strong></span> <span class='ocrx_word' id='word_1_22' title='bbox 3181 462 3324 531; x_wconf 87' lang='lat' dir='ltr'><strong>putei</strong></span> <span class='ocrx_word' id='word_1_23' title='bbox 3386 461 3642 530; x_wconf 80' lang='lat' dir='ltr'><strong>appellati</strong></span> 
     </span>
    </p>
   </div>
   <div class='ocr_carea' id='block_1_3' title="bbox 410 552 3642 637">
    <p class='ocr_par' dir='ltr' id='par_1_3' title="bbox 410 552 3642 637">
     <span class='ocr_line' id='line_1_3' title="bbox 410 552 3642 637; baseline -0.004 -19"><span class='ocrx_word' id='word_1_24' title='bbox 410 563 656 629; x_wconf 87' lang='lat' dir='ltr'><strong>ﬂumina,</strong></span> <span class='ocrx_word' id='word_1_25' title='bbox 689 581 793 617; x_wconf 93' lang='lat' dir='ltr'><strong>non</strong></span> <span class='ocrx_word' id='word_1_26' title='bbox 824 580 943 634; x_wconf 71' lang='lat' dir='ltr'><strong>quas</strong></span> <span class='ocrx_word' id='word_1_27' title='bbox 969 564 1080 635; x_wconf 74' lang='lat'><strong>(28)</strong></span> <span class='ocrx_word' id='word_1_28' title='bbox 1106 565 1263 621; x_wconf 86' lang='lat' dir='ltr'><strong>istam</strong></span> <span class='ocrx_word' id='word_1_29' title='bbox 1290 566 1569 621; x_wconf 79' lang='lat' dir='ltr'><strong>mortalem</strong></span> <span class='ocrx_word' id='word_1_30' title='bbox 1604 568 1765 637; x_wconf 78' lang='lat'><strong>312</strong></span> <span class='ocrx_word' id='word_1_31' title='bbox 1811 568 1976 621; x_wconf 87' lang='lat' dir='ltr'><strong>vitam</strong></span> <span class='ocrx_word' id='word_1_32' title='bbox 2082 575 2208 619; x_wconf 90' lang='lat' dir='ltr'><strong>sunt</strong></span> <span class='ocrx_word' id='word_1_33' title='bbox 2241 579 2256 617; x_wconf 87' lang='lat'><strong>:</strong></span> <span class='ocrx_word' id='word_1_34' title='bbox 2289 579 2408 618; x_wconf 92' lang='lat' dir='ltr'><strong>cum</strong></span> <span class='ocrx_word' id='word_1_35' title='bbox 2436 572 2614 616; x_wconf 87' lang='lat' dir='ltr'><strong>autem</strong></span> <span class='ocrx_word' id='word_1_36' title='bbox 2637 562 2776 616; x_wconf 90' lang='lat' dir='ltr'><strong>sicut</strong></span> <span class='ocrx_word' id='word_1_37' title='bbox 2809 558 3011 613; x_wconf 84' lang='lat' dir='ltr'><strong>Paulus</strong></span> <span class='ocrx_word' id='word_1_38' title='bbox 3033 556 3163 610; x_wconf 85' lang='lat' dir='ltr'><strong>dicit</strong></span> <span class='ocrx_word' id='word_1_39' title='bbox 3187 555 3252 620; x_wconf 80' lang='grc'>⁸⁸,</span> <span class='ocrx_word' id='word_1_40' title='bbox 3297 552 3642 609; x_wconf 68' lang='lat' dir='ltr'><strong>credentibus</strong></span> 
     </span>
    </p>
   </div>
   <div class='ocr_carea' id='block_1_4' title="bbox 411 643 3642 728">
    <p class='ocr_par' dir='ltr' id='par_1_4' title="bbox 411 643 3642 728">
     <span class='ocr_line' id='line_1_4' title="bbox 411 643 3642 728; baseline -0.003 -20"><span class='ocrx_word' id='word_1_41' title='bbox 411 655 675 720; x_wconf 88' lang='lat' dir='ltr'><strong>solentur,</strong></span> <span class='ocrx_word' id='word_1_42' title='bbox 705 654 797 709; x_wconf 90' lang='lat' dir='ltr'><strong>sed</strong></span> <span class='ocrx_word' id='word_1_43' title='bbox 821 670 941 723; x_wconf 84' lang='lat' dir='ltr'><strong>quae</strong></span> <span class='ocrx_word' id='word_1_44' title='bbox 967 665 1228 711; x_wconf 77' lang='lat' dir='ltr'><strong>aeternam</strong></span> <span class='ocrx_word' id='word_1_45' title='bbox 1255 657 1553 713; x_wconf 73' lang='lat' dir='ltr'><strong>conferant.</strong></span> <span class='ocrx_word' id='word_1_46' title='bbox 1587 658 1756 728; x_wconf 90' lang='lat' dir='ltr'><strong>Igitur</strong></span> <span class='ocrx_word' id='word_1_47' title='bbox 1784 674 1979 714; x_wconf 78' lang='lat' dir='ltr'><strong>secun-</strong></span> <span class='ocrx_word' id='word_1_48' title='bbox 2086 675 2105 708; x_wconf 67' lang='grc' dir='ltr'>ι</span> <span class='ocrx_word' id='word_1_49' title='bbox 2145 653 2507 710; x_wconf 84' lang='lat' dir='ltr'><strong>manifestavit</strong></span> <span class='ocrx_word' id='word_1_50' title='bbox 2536 653 2678 707; x_wconf 87' lang='lat' dir='ltr'><strong>Deus</strong></span> <span class='ocrx_word' id='word_1_51' title='bbox 2723 667 2821 722; x_wconf 90' lang='lat' dir='ltr'><strong>per</strong></span> <span class='ocrx_word' id='word_1_52' title='bbox 2841 649 3101 718; x_wconf 76' lang='lat' dir='ltr'><strong>Spiritum</strong></span> <span class='ocrx_word' id='word_1_53' title='bbox 3133 663 3309 712; x_wconf 91' lang='lat' dir='ltr'><strong>suum,</strong></span> <span class='ocrx_word' id='word_1_54' title='bbox 3347 664 3367 698; x_wconf 70' lang='grc' dir='ltr'><strong>ι</strong></span> <span class='ocrx_word' id='word_1_55' title='bbox 3410 643 3642 700; x_wconf 74' lang='lat' dir='ltr'><strong>efﬁcien-</strong></span> 
     </span>
    </p>
   </div>
   <div class='ocr_carea' id='block_1_5' title="bbox 411 736 3636 818">
    <p class='ocr_par' dir='ltr' id='par_1_5' title="bbox 411 736 3636 818">
     <span class='ocr_line' id='line_1_5' title="bbox 411 736 3636 818; baseline -0.003 -18"><span class='ocrx_word' id='word_1_56' title='bbox 411 748 536 800; x_wconf 90' lang='lat' dir='ltr'><strong>dum</strong></span> <span class='ocrx_word' id='word_1_57' title='bbox 561 761 621 799; x_wconf 89' lang='lat' dir='ltr'><strong>ea</strong></span> <span class='ocrx_word' id='word_1_58' title='bbox 659 761 778 814; x_wconf 65' lang='lat' dir='ltr'><strong>quae</strong></span> <span class='ocrx_word' id='word_1_59' title='bbox 805 747 856 799; x_wconf 92' lang='lat' dir='ltr'><strong>in</strong></span> <span class='ocrx_word' id='word_1_60' title='bbox 887 746 1194 803; x_wconf 86' lang='lat' dir='ltr'><strong>Proverbiis</strong></span> <span class='ocrx_word' id='word_1_61' title='bbox 1227 751 1428 818; x_wconf 82' lang='lat' dir='ltr'><strong>scripta</strong></span> <span class='ocrx_word' id='word_1_62' title='bbox 1455 751 1858 818; x_wconf 84' lang='lat' dir='ltr'><strong>proposuimus,</strong></span> <span class='ocrx_word' id='word_1_63' title='bbox 1888 751 1976 804; x_wconf 91' lang='lat' dir='ltr'><strong>nbi</strong></span> <span class='ocrx_word' id='word_1_64' title='bbox 2082 759 2168 803; x_wconf 90' lang='lat' dir='ltr'><strong>tur</strong></span> <span class='ocrx_word' id='word_1_65' title='bbox 2193 751 2309 802; x_wconf 66' lang='lat' dir='ltr'><strong>haec</strong></span> <span class='ocrx_word' id='word_1_66' title='bbox 2327 746 2506 800; x_wconf 85' lang='lat' dir='ltr'><strong>omnia</strong></span> <span class='ocrx_word' id='word_1_67' title='bbox 2535 745 2729 804; x_wconf 85' lang='lat' dir='ltr'><strong>fontes,</strong></span> <span class='ocrx_word' id='word_1_68' title='bbox 2755 752 2810 797; x_wconf 92' lang='lat' dir='ltr'><strong>et</strong></span> <span class='ocrx_word' id='word_1_69' title='bbox 2841 743 3060 797; x_wconf 86' lang='lat' dir='ltr'><strong>ﬂumina</strong></span> <span class='ocrx_word' id='word_1_70' title='bbox 3088 758 3102 794; x_wconf 90' lang='lat'><strong>:</strong></span> <span class='ocrx_word' id='word_1_71' title='bbox 3137 749 3194 794; x_wconf 91' lang='lat' dir='ltr'><strong>ut</strong></span> <span class='ocrx_word' id='word_1_72' title='bbox 3235 739 3346 808; x_wconf 88' lang='lat' dir='ltr'><strong>jam</strong></span> <span class='ocrx_word' id='word_1_73' title='bbox 3402 753 3506 792; x_wconf 89' lang='lat' dir='ltr'><strong>non</strong></span> <span class='ocrx_word' id='word_1_74' title='bbox 3561 736 3636 789; x_wconf 87' lang='lat' dir='ltr'><strong>ita</strong></span> 
     </span>
    </p>
   </div>
   <div class='ocr_carea' id='block_1_6' title="bbox 414 828 3642 909">
    <p class='ocr_par' dir='ltr' id='par_1_6' title="bbox 414 828 3642 909">
     <span class='ocr_line' id='line_1_6' title="bbox 414 828 3642 909; baseline -0.002 -21"><span class='ocrx_word' id='word_1_75' title='bbox 414 835 560 904; x_wconf 81' lang='lat' dir='ltr'><strong>pulei</strong></span> <span class='ocrx_word' id='word_1_76' title='bbox 599 836 760 889; x_wconf 88' lang='lat' dir='ltr'><strong>simul</strong></span> <span class='ocrx_word' id='word_1_77' title='bbox 814 853 934 890; x_wconf 88' lang='lat' dir='ltr'><strong>cmn</strong></span> <span class='ocrx_word' id='word_1_78' title='bbox 989 837 1140 893; x_wconf 88' lang='lat' dir='ltr'><strong>fonte</strong></span> <span class='ocrx_word' id='word_1_79' title='bbox 1197 841 1562 904; x_wconf 75' lang='lat' dir='ltr'><strong>nominantur,</strong></span> <span class='ocrx_word' id='word_1_80' title='bbox 1605 841 1978 909; x_wconf 70' lang='lat' dir='ltr'><strong>accipiendum</strong></span> <span class='ocrx_word' id='word_1_81' title='bbox 2080 839 2347 892; x_wconf 78' lang='lat' dir='ltr'><strong>habeatur</strong></span> <span class='ocrx_word' id='word_1_82' title='bbox 2378 839 2428 891; x_wconf 93' lang='lat' dir='ltr'><strong>in</strong></span> <span class='ocrx_word' id='word_1_83' title='bbox 2459 837 2671 892; x_wconf 83' lang='lat' dir='ltr'><strong>occulto</strong></span> <span class='ocrx_word' id='word_1_84' title='bbox 2701 837 2896 891; x_wconf 85' lang='lat' dir='ltr'><strong>horum</strong></span> <span class='ocrx_word' id='word_1_85' title='bbox 2931 833 3181 897; x_wconf 88' lang='lat' dir='ltr'><strong>scientia,</strong></span> <span class='ocrx_word' id='word_1_86' title='bbox 3209 831 3304 887; x_wconf 91' lang='lat' dir='ltr'><strong>sed</strong></span> <span class='ocrx_word' id='word_1_87' title='bbox 3332 828 3642 900; x_wconf 84' lang='lat' dir='ltr'><strong>proferatur</strong></span> 
     </span>
    </p>
   </div>
   <div class='ocr_carea' id='block_1_7' title="bbox 410 919 3642 1002">
    <p class='ocr_par' dir='ltr' id='par_1_7' title="bbox 410 919 3642 1002">
     <span class='ocr_line' id='line_1_7' title="bbox 410 919 3642 1002; baseline -0.002 -21"><span class='ocrx_word' id='word_1_88' title='bbox 410 939 495 981; x_wconf 89' lang='lat' dir='ltr'><strong>est</strong></span> <span class='ocrx_word' id='word_1_89' title='bbox 520 931 743 981; x_wconf 88' lang='lat' dir='ltr'><strong>verbum</strong></span> <span class='ocrx_word' id='word_1_90' title='bbox 780 929 893 984; x_wconf 87' lang='lat' dir='ltr'><strong>Dei.</strong></span> <span class='ocrx_word' id='word_1_91' title='bbox 921 929 1119 983; x_wconf 88' lang='lat' dir='ltr'><strong>Puteus</strong></span> <span class='ocrx_word' id='word_1_92' title='bbox 1163 931 1383 1000; x_wconf 86' lang='lat' dir='ltr'><strong>quidem</strong></span> <span class='ocrx_word' id='word_1_93' title='bbox 1411 932 1454 984; x_wconf 90' lang='lat' dir='ltr'><strong>si</strong></span> <span class='ocrx_word' id='word_1_94' title='bbox 1496 932 1748 1002; x_wconf 90' lang='lat' dir='ltr'><strong>profundi</strong></span> <span class='ocrx_word' id='word_1_95' title='bbox 1779 931 1976 1000; x_wconf 89' lang='lat' dir='ltr'><strong>aliquid</strong></span> <span class='ocrx_word' id='word_1_96' title='bbox 2079 929 2146 984; x_wconf 91' lang='lat' dir='ltr'><strong>ad</strong></span> <span class='ocrx_word' id='word_1_97' title='bbox 2172 929 2391 994; x_wconf 84' lang='lat' dir='ltr'><strong>multos,</strong></span> <span class='ocrx_word' id='word_1_98' title='bbox 2427 937 2483 983; x_wconf 86' lang='lat' dir='ltr'><strong>et</strong></span> <span class='ocrx_word' id='word_1_99' title='bbox 2521 929 2660 1000; x_wconf 85' lang='lat' dir='ltr'><strong>riget</strong></span> <span class='ocrx_word' id='word_1_100' title='bbox 2718 927 3000 982; x_wconf 79' lang='lat' dir='ltr'><strong>credentes</strong></span> <span class='ocrx_word' id='word_1_101' title='bbox 3054 940 3115 978; x_wconf 91' lang='lat' dir='ltr'><strong>ac</strong></span> <span class='ocrx_word' id='word_1_102' title='bbox 3173 924 3354 977; x_wconf 82' lang='lat' dir='ltr'><strong>saliet.</strong></span> <span class='ocrx_word' id='word_1_103' title='bbox 3403 919 3471 975; x_wconf 87' lang='lat' dir='ltr'><strong>Et</strong></span> <span class='ocrx_word' id='word_1_104' title='bbox 3518 920 3642 974; x_wconf 87' lang='lat' dir='ltr'><strong>ideo</strong></span> 
     </span>
    </p>
   </div>
   <div class='ocr_carea' id='block_1_8' title="bbox 413 1010 3638 1092">
    <p class='ocr_par' dir='ltr' id='par_1_8' title="bbox 413 1010 3638 1092">
     <span class='ocr_line' id='line_1_8' title="bbox 413 1010 3638 1092; baseline -0.003 -18"><span class='ocrx_word' id='word_1_105' title='bbox 413 1021 656 1091; x_wconf 88' lang='lat' dir='ltr'><strong>mysterii</strong></span> <span class='ocrx_word' id='word_1_106' title='bbox 683 1022 834 1090; x_wconf 85' lang='lat' dir='ltr'><strong>tegit,</strong></span> <span class='ocrx_word' id='word_1_107' title='bbox 863 1020 982 1074; x_wconf 89' lang='lat' dir='ltr'><strong>fons</strong></span> <span class='ocrx_word' id='word_1_108' title='bbox 1015 1032 1195 1076; x_wconf 88' lang='lat' dir='ltr'><strong>autem</strong></span> <span class='ocrx_word' id='word_1_109' title='bbox 1218 1022 1262 1077; x_wconf 89' lang='lat' dir='ltr'><strong>si</strong></span> <span class='ocrx_word' id='word_1_110' title='bbox 1292 1023 1360 1076; x_wconf 91' lang='lat' dir='ltr'><strong>ad</strong></span> <span class='ocrx_word' id='word_1_111' title='bbox 1391 1023 1620 1092; x_wconf 91' lang='lat' dir='ltr'><strong>populos</strong></span> <span class='ocrx_word' id='word_1_112' title='bbox 1652 1024 1889 1077; x_wconf 90' lang='lat' dir='ltr'><strong>abundat</strong></span> <span class='ocrx_word' id='word_1_113' title='bbox 1924 1033 1978 1077; x_wconf 89' lang='lat' dir='ltr'><strong>et</strong></span> <span class='ocrx_word' id='word_1_114' title='bbox 2081 1021 2273 1088; x_wconf 89' lang='lat' dir='ltr'><strong>credo,</strong></span> <span class='ocrx_word' id='word_1_115' title='bbox 2299 1020 2549 1076; x_wconf 83' lang='lat' dir='ltr'><strong>Salvator</strong></span> <span class='ocrx_word' id='word_1_116' title='bbox 2580 1019 2792 1075; x_wconf 79' lang='lat' dir='ltr'><strong>dicebat</strong></span> <span class='ocrx_word' id='word_1_117' title='bbox 2819 1018 2884 1070; x_wconf 87' lang='lat' dir='ltr'><strong>ad</strong></span> <span class='ocrx_word' id='word_1_118' title='bbox 2911 1015 3198 1084; x_wconf 87' lang='lat' dir='ltr'><strong>discipulos</strong></span> <span class='ocrx_word' id='word_1_119' title='bbox 3215 1029 3362 1076; x_wconf 88' lang='lat' dir='ltr'><strong>suos,</strong></span> <span class='ocrx_word' id='word_1_120' title='bbox 3394 1012 3516 1081; x_wconf 88' lang='lat' dir='ltr'><strong>quia</strong></span> <span class='ocrx_word' id='word_1_121' title='bbox 3548 1010 3638 1080; x_wconf 89' lang='lat' dir='ltr'><strong>qui</strong></span> 
     </span>
    </p>
   </div>
   <div class='ocr_carea' id='block_1_9' title="bbox 409 1102 3637 1184">
    <p class='ocr_par' dir='ltr' id='par_1_9' title="bbox 409 1102 3637 1184">
     <span class='ocr_line' id='line_1_9' title="bbox 409 1102 3637 1184; baseline -0.003 -18"><span class='ocrx_word' id='word_1_122' title='bbox 409 1113 600 1167; x_wconf 85' lang='lat' dir='ltr'><strong>ellluit.</strong></span> <span class='ocrx_word' id='word_1_123' title='bbox 629 1113 734 1168; x_wconf 91' lang='lat' dir='ltr'><strong>Sed</strong></span> <span class='ocrx_word' id='word_1_124' title='bbox 767 1128 870 1166; x_wconf 93' lang='lat' dir='ltr'><strong>non</strong></span> <span class='ocrx_word' id='word_1_125' title='bbox 915 1113 1095 1169; x_wconf 89' lang='lat' dir='ltr'><strong>otiose</strong></span> <span class='ocrx_word' id='word_1_126' title='bbox 1135 1113 1519 1184; x_wconf 90' lang='lat' dir='ltr'><strong>requirendum</strong></span> <span class='ocrx_word' id='word_1_127' title='bbox 1571 1124 1656 1170; x_wconf 91' lang='lat' dir='ltr'><strong>est</strong></span> <span class='ocrx_word' id='word_1_128' title='bbox 1708 1115 1978 1184; x_wconf 92' lang='lat' dir='ltr'><strong>quomodo</strong></span> <span class='ocrx_word' id='word_1_129' title='bbox 2077 1112 2248 1167; x_wconf 86' lang='lat' dir='ltr'><strong>credit</strong></span> <span class='ocrx_word' id='word_1_130' title='bbox 2291 1113 2344 1165; x_wconf 93' lang='lat' dir='ltr'><strong>in</strong></span> <span class='ocrx_word' id='word_1_131' title='bbox 2373 1126 2520 1178; x_wconf 90' lang='lat' dir='ltr'><strong>eum,</strong></span> <span class='ocrx_word' id='word_1_132' title='bbox 2543 1117 2596 1164; x_wconf 81' lang='lat' dir='ltr'><strong>et</strong></span> <span class='ocrx_word' id='word_1_133' title='bbox 2620 1123 2816 1178; x_wconf 13' lang='lat' dir='ltr'><strong>aquaam</strong></span> <span class='ocrx_word' id='word_1_134' title='bbox 2841 1106 3103 1161; x_wconf 69' lang='lat' dir='ltr'><strong>doctrinae</strong></span> <span class='ocrx_word' id='word_1_135' title='bbox 3137 1104 3254 1172; x_wconf 79' lang='lat' dir='ltr'><strong>ejus</strong></span> <span class='ocrx_word' id='word_1_136' title='bbox 3280 1102 3496 1166; x_wconf 91' lang='lat' dir='ltr'><strong>biberit,</strong></span> <span class='ocrx_word' id='word_1_137' title='bbox 3527 1117 3637 1157; x_wconf 91' lang='lat' dir='ltr'><strong>non</strong></span> 
     </span>
    </p>
   </div>
   <div class='ocr_carea' id='block_1_10' title="bbox 409 1195 3640 1277">
    <p class='ocr_par' dir='ltr' id='par_1_10' title="bbox 409 1195 3640 1277">
     <span class='ocr_line' id='line_1_10' title="bbox 409 1195 3640 1277; baseline -0.004 -18"><span class='ocrx_word' id='word_1_138' title='bbox 409 1207 684 1277; x_wconf 86' lang='lat' dir='ltr'><strong>possimus</strong></span> <span class='ocrx_word' id='word_1_139' title='bbox 707 1205 969 1276; x_wconf 77' lang='lat' dir='ltr'><strong>pluralem</strong></span> <span class='ocrx_word' id='word_1_140' title='bbox 998 1221 1282 1260; x_wconf 90' lang='lat' dir='ltr'><strong>numerum</strong></span> <span class='ocrx_word' id='word_1_141' title='bbox 1317 1205 1382 1260; x_wconf 88' lang='lat' dir='ltr'><strong>de</strong></span> <span class='ocrx_word' id='word_1_142' title='bbox 1410 1207 1586 1275; x_wconf 79' lang='lat' dir='ltr'><strong>puteis</strong></span> <span class='ocrx_word' id='word_1_143' title='bbox 1607 1222 1900 1276; x_wconf 78' lang='lat' dir='ltr'><strong>exponere,</strong></span> <span class='ocrx_word' id='word_1_144' title='bbox 1922 1217 1978 1262; x_wconf 90' lang='lat' dir='ltr'><strong>et</strong></span> <span class='ocrx_word' id='word_1_145' title='bbox 2073 1203 2184 1274; x_wconf 87' lang='lat' dir='ltr'><strong>jam</strong></span> <span class='ocrx_word' id='word_1_146' title='bbox 2216 1213 2431 1270; x_wconf 85' lang='lat' dir='ltr'><strong>puteus,</strong></span> <span class='ocrx_word' id='word_1_147' title='bbox 2460 1216 2557 1255; x_wconf 90' lang='lat' dir='ltr'><strong>nec</strong></span> <span class='ocrx_word' id='word_1_148' title='bbox 2581 1199 2732 1263; x_wconf 75' lang='lat' dir='ltr'><strong>fons,</strong></span> <span class='ocrx_word' id='word_1_149' title='bbox 2753 1199 2845 1253; x_wconf 87' lang='lat' dir='ltr'><strong>sed</strong></span> <span class='ocrx_word' id='word_1_150' title='bbox 2875 1199 3004 1251; x_wconf 84' lang='lat' dir='ltr'><strong>fient</strong></span> <span class='ocrx_word' id='word_1_151' title='bbox 3037 1197 3090 1250; x_wconf 87' lang='lat' dir='ltr'><strong>in</strong></span> <span class='ocrx_word' id='word_1_152' title='bbox 3126 1211 3191 1250; x_wconf 89' lang='lat' dir='ltr'><strong>eo</strong></span> <span class='ocrx_word' id='word_1_153' title='bbox 3217 1195 3434 1250; x_wconf 84' lang='lat' dir='ltr'><strong>ﬂumina</strong></span> <span class='ocrx_word' id='word_1_154' title='bbox 3488 1207 3640 1261; x_wconf 61' lang='lat' dir='ltr'><strong>aqua:</strong></span> 
     </span>
    </p>
   </div>
   <div class='ocr_carea' id='block_1_11' title="bbox 409 1287 3633 1367">
    <p class='ocr_par' dir='ltr' id='par_1_11' title="bbox 409 1287 3633 1367">
     <span class='ocr_line' id='line_1_11' title="bbox 409 1287 3633 1367; baseline -0.006 -14"><span class='ocrx_word' id='word_1_155' title='bbox 409 1298 740 1365; x_wconf 75' lang='lat' dir='ltr'><strong>singularem</strong></span> <span class='ocrx_word' id='word_1_156' title='bbox 783 1297 850 1353; x_wconf 91' lang='lat' dir='ltr'><strong>de</strong></span> <span class='ocrx_word' id='word_1_157' title='bbox 877 1297 1048 1362; x_wconf 83' lang='lat' dir='ltr'><strong>fonte,</strong></span> <span class='ocrx_word' id='word_1_158' title='bbox 1073 1297 1198 1367; x_wconf 88' lang='lat' dir='ltr'><strong>quia</strong></span> <span class='ocrx_word' id='word_1_159' title='bbox 1247 1297 1300 1349; x_wconf 89' lang='lat' dir='ltr'><strong>in</strong></span> <span class='ocrx_word' id='word_1_160' title='bbox 1341 1294 1655 1351; x_wconf 84' lang='lat' dir='ltr'><strong>Proverbiis</strong></span> <span class='ocrx_word' id='word_1_161' title='bbox 1703 1297 1834 1352; x_wconf 89' lang='lat' dir='ltr'><strong>dicit</strong></span> <span class='ocrx_word' id='word_1_162' title='bbox 1879 1297 1978 1352; x_wconf 82' lang='lat' dir='ltr'><strong>Sa-</strong></span> <span class='ocrx_word' id='word_1_163' title='bbox 2077 1295 2212 1348; x_wconf 69' lang='lat' dir='ltr'><strong>viva:</strong></span> <span class='ocrx_word' id='word_1_164' title='bbox 2240 1293 2304 1351; x_wconf 76' lang='grc'><strong>⁸⁸⁵.</strong></span> <span class='ocrx_word' id='word_1_165' title='bbox 2339 1293 2489 1348; x_wconf 88' lang='lat' dir='ltr'><strong>Sicut</strong></span> <span class='ocrx_word' id='word_1_166' title='bbox 2517 1292 2663 1345; x_wconf 88' lang='lat' dir='ltr'><strong>enim</strong></span> <span class='ocrx_word' id='word_1_167' title='bbox 2695 1306 2832 1345; x_wconf 82' lang='lat' dir='ltr'><strong>unus</strong></span> <span class='ocrx_word' id='word_1_168' title='bbox 2859 1290 2964 1344; x_wconf 85' lang='lat' dir='ltr'><strong>iste</strong></span> <span class='ocrx_word' id='word_1_169' title='bbox 2989 1295 3198 1357; x_wconf 82' lang='lat' dir='ltr'><strong>puteus.</strong></span> <span class='ocrx_word' id='word_1_170' title='bbox 3225 1287 3316 1355; x_wconf 91' lang='lat' dir='ltr'><strong>qui</strong></span> <span class='ocrx_word' id='word_1_171' title='bbox 3344 1293 3427 1339; x_wconf 88' lang='lat' dir='ltr'><strong>est</strong></span> <span class='ocrx_word' id='word_1_172' title='bbox 3455 1296 3633 1338; x_wconf 88' lang='lat' dir='ltr'><strong>sermo</strong></span> 
     </span>
    </p>
   </div>
   <div class='ocr_carea' id='block_1_12' title="bbox 407 1375 3634 1462">
    <p class='ocr_par' dir='ltr' id='par_1_12' title="bbox 407 1375 3634 1462">
     <span class='ocr_line' id='line_1_12' title="bbox 407 1375 3634 1462; baseline -0.006 -16"><span class='ocrx_word' id='word_1_173' title='bbox 407 1391 614 1462; x_wconf 87' lang='lat' dir='ltr'><strong>pientia</strong></span> <span class='ocrx_word' id='word_1_174' title='bbox 665 1391 710 1422; x_wconf 81' lang='lat'><strong>&quot;</strong></span> <span class='ocrx_word' id='word_1_175' title='bbox 765 1411 776 1446; x_wconf 90' lang='lat'>:</span> <span class='ocrx_word' id='word_1_176' title='bbox 843 1409 861 1442; x_wconf 71' lang='grc' dir='ltr'>ι</span> <span class='ocrx_word' id='word_1_177' title='bbox 911 1390 1041 1445; x_wconf 88' lang='lat' dir='ltr'><strong>Bibe</strong></span> <span class='ocrx_word' id='word_1_178' title='bbox 1101 1404 1271 1458; x_wconf 89' lang='lat' dir='ltr'><strong>aquas</strong></span> <span class='ocrx_word' id='word_1_179' title='bbox 1327 1389 1392 1442; x_wconf 89' lang='lat' dir='ltr'><strong>de</strong></span> <span class='ocrx_word' id='word_1_180' title='bbox 1433 1397 1718 1458; x_wconf 87' lang='lat' dir='ltr'><strong>puteorum</strong></span> <span class='ocrx_word' id='word_1_181' title='bbox 1763 1399 1974 1444; x_wconf 88' lang='lat' dir='ltr'><strong>tuormn</strong></span> <span class='ocrx_word' id='word_1_182' title='bbox 2077 1386 2191 1448; x_wconf 87' lang='lat' dir='ltr'><strong>Dei,</strong></span> <span class='ocrx_word' id='word_1_183' title='bbox 2215 1384 2447 1438; x_wconf 69' lang='lat' dir='ltr'><strong>edicitur</strong></span> <span class='ocrx_word' id='word_1_184' title='bbox 2471 1383 2638 1452; x_wconf 88' lang='lat' dir='ltr'><strong>putei,</strong></span> <span class='ocrx_word' id='word_1_185' title='bbox 2669 1391 2723 1435; x_wconf 90' lang='lat' dir='ltr'><strong>et</strong></span> <span class='ocrx_word' id='word_1_186' title='bbox 2751 1379 2945 1444; x_wconf 85' lang='lat' dir='ltr'><strong>fontes,</strong></span> <span class='ocrx_word' id='word_1_187' title='bbox 2985 1385 3038 1433; x_wconf 87' lang='lat' dir='ltr'><strong>et</strong></span> <span class='ocrx_word' id='word_1_188' title='bbox 3069 1377 3286 1432; x_wconf 82' lang='lat' dir='ltr'><strong>ﬂumina</strong></span> <span class='ocrx_word' id='word_1_189' title='bbox 3320 1375 3634 1430; x_wconf 59' lang='lat' dir='ltr'><strong>innumera.</strong></span> 
     </span>
    </p>
   </div>
   <div class='ocr_carea' id='block_1_13' title="bbox 408 1468 3636 1552">
    <p class='ocr_par' dir='ltr' id='par_1_13' title="bbox 408 1468 3636 1552">
     <span class='ocr_line' id='line_1_13' title="bbox 408 1468 3636 1552; baseline -0.005 -14"><span class='ocrx_word' id='word_1_190' title='bbox 408 1483 580 1538; x_wconf 84' lang='lat' dir='ltr'><strong>fonte.</strong></span> <span class='ocrx_word' id='word_1_191' title='bbox 623 1501 641 1533; x_wconf 71' lang='grc' dir='ltr'><strong><em>ι</em></strong></span> <span class='ocrx_word' id='word_1_192' title='bbox 685 1481 974 1538; x_wconf 82' lang='lat' dir='ltr'><strong>Videamus</strong></span> <span class='ocrx_word' id='word_1_193' title='bbox 1014 1497 1143 1552; x_wconf 87' lang='lat' dir='ltr'><strong>ergo</strong></span> <span class='ocrx_word' id='word_1_194' title='bbox 1188 1496 1417 1551; x_wconf 85' lang='lat' dir='ltr'><strong>quorum</strong></span> <span class='ocrx_word' id='word_1_195' title='bbox 1469 1491 1752 1550; x_wconf 89' lang='lat' dir='ltr'><strong>puteorum</strong></span> <span class='ocrx_word' id='word_1_196' title='bbox 1809 1499 1974 1537; x_wconf 91' lang='lat' dir='ltr'><strong>unum</strong></span> <span class='ocrx_word' id='word_1_197' title='bbox 2075 1483 2206 1538; x_wconf 87' lang='lat' dir='ltr'><strong>bilia</strong></span> <span class='ocrx_word' id='word_1_198' title='bbox 2241 1499 2254 1534; x_wconf 90' lang='lat'><strong>:</strong></span> <span class='ocrx_word' id='word_1_199' title='bbox 2287 1481 2358 1534; x_wconf 87' lang='lat' dir='ltr'><strong>ita</strong></span> <span class='ocrx_word' id='word_1_200' title='bbox 2380 1490 2432 1534; x_wconf 93' lang='lat' dir='ltr'><strong>et</strong></span> <span class='ocrx_word' id='word_1_201' title='bbox 2455 1480 2632 1533; x_wconf 88' lang='lat' dir='ltr'><strong>anima</strong></span> <span class='ocrx_word' id='word_1_202' title='bbox 2665 1477 2920 1536; x_wconf 85' lang='lat' dir='ltr'><strong>hominis,</strong></span> <span class='ocrx_word' id='word_1_203' title='bbox 2944 1491 3062 1544; x_wconf 66' lang='lat' dir='ltr'><strong>quae</strong></span> <span class='ocrx_word' id='word_1_204' title='bbox 3086 1475 3152 1528; x_wconf 89' lang='lat' dir='ltr'><strong>ad</strong></span> <span class='ocrx_word' id='word_1_205' title='bbox 3195 1473 3482 1541; x_wconf 77' lang='lat' dir='ltr'><strong>imaginem</strong></span> <span class='ocrx_word' id='word_1_206' title='bbox 3538 1468 3636 1524; x_wconf 88' lang='lat' dir='ltr'><strong>Dei</strong></span> 
     </span>
    </p>
   </div>
   <div class='ocr_carea' id='block_1_14' title="bbox 405 1563 3648 1648">
    <p class='ocr_par' dir='ltr' id='par_1_14' title="bbox 405 1563 3648 1648">
     <span class='ocr_line' id='line_1_14' title="bbox 405 1563 3648 1648; baseline -0.004 -20"><span class='ocrx_word' id='word_1_207' title='bbox 405 1574 605 1628; x_wconf 78' lang='lat' dir='ltr'><strong>dixerit</strong></span> <span class='ocrx_word' id='word_1_208' title='bbox 631 1571 856 1628; x_wconf 88' lang='lat' dir='ltr'><strong>fontem.</strong></span> <span class='ocrx_word' id='word_1_209' title='bbox 893 1573 1001 1642; x_wconf 86' lang='lat' dir='ltr'><strong>Ego</strong></span> <span class='ocrx_word' id='word_1_210' title='bbox 1030 1583 1158 1642; x_wconf 90' lang='lat' dir='ltr'><strong>pnto</strong></span> <span class='ocrx_word' id='word_1_211' title='bbox 1190 1571 1330 1641; x_wconf 91' lang='lat' dir='ltr'><strong>quod</strong></span> <span class='ocrx_word' id='word_1_212' title='bbox 1353 1568 1576 1624; x_wconf 90' lang='lat' dir='ltr'><strong>scientia</strong></span> <span class='ocrx_word' id='word_1_213' title='bbox 1614 1570 1832 1641; x_wconf 86' lang='lat' dir='ltr'><strong>ingeniti</strong></span> <span class='ocrx_word' id='word_1_214' title='bbox 1876 1570 1976 1624; x_wconf 83' lang='lat' dir='ltr'><strong>Pa-</strong></span> <span class='ocrx_word' id='word_1_215' title='bbox 2078 1573 2190 1648; x_wconf 73' lang='grc'><strong>(29)</strong></span> <span class='ocrx_word' id='word_1_216' title='bbox 2216 1574 2355 1628; x_wconf 82' lang='lat' dir='ltr'><strong>facta</strong></span> <span class='ocrx_word' id='word_1_217' title='bbox 2393 1583 2498 1635; x_wconf 81' lang='lat' dir='ltr'><strong>est,</strong></span> <span class='ocrx_word' id='word_1_218' title='bbox 2526 1579 2709 1641; x_wconf 78' lang='lat' dir='ltr'><strong>potest</strong></span> <span class='ocrx_word' id='word_1_219' title='bbox 2731 1570 2784 1624; x_wconf 93' lang='lat' dir='ltr'><strong>in</strong></span> <span class='ocrx_word' id='word_1_220' title='bbox 2807 1584 2864 1624; x_wconf 90' lang='lat' dir='ltr'><strong>se</strong></span> <span class='ocrx_word' id='word_1_221' title='bbox 2898 1569 3118 1633; x_wconf 79' lang='lat' dir='ltr'><strong>habere,</strong></span> <span class='ocrx_word' id='word_1_222' title='bbox 3142 1574 3195 1622; x_wconf 89' lang='lat' dir='ltr'><strong>et</strong></span> <span class='ocrx_word' id='word_1_223' title='bbox 3228 1563 3532 1634; x_wconf 88' lang='lat' dir='ltr'><strong>producere</strong></span> <span class='ocrx_word' id='word_1_224' title='bbox 3562 1575 3648 1616; x_wconf 69' lang='lat' dir='ltr'><strong>ex.</strong></span> 
     </span>
    </p>
   </div>
   <div class='ocr_carea' id='block_1_15' title="bbox 407 1652 2016 1735">
    <p class='ocr_par' dir='ltr' id='par_1_15' title="bbox 407 1662 1972 1735">
     <span class='ocr_line' id='line_1_15' title="bbox 407 1662 1972 1735; baseline -0.002 -15"><span class='ocrx_word' id='word_1_225' title='bbox 407 1668 530 1729; x_wconf 91' lang='lat' dir='ltr'><strong>tris,</strong></span> <span class='ocrx_word' id='word_1_226' title='bbox 559 1682 700 1720; x_wconf 91' lang='lat' dir='ltr'><strong>unus</strong></span> <span class='ocrx_word' id='word_1_227' title='bbox 723 1666 894 1735; x_wconf 87' lang='lat' dir='ltr'><strong>possit</strong></span> <span class='ocrx_word' id='word_1_228' title='bbox 923 1665 1145 1734; x_wconf 90' lang='lat' dir='ltr'><strong>intelligi</strong></span> <span class='ocrx_word' id='word_1_229' title='bbox 1195 1677 1383 1733; x_wconf 89' lang='lat' dir='ltr'><strong>puteus</strong></span> <span class='ocrx_word' id='word_1_230' title='bbox 1409 1704 1424 1730; x_wconf 91' lang='lat'><strong>,</strong></span> <span class='ocrx_word' id='word_1_231' title='bbox 1466 1663 1560 1718; x_wconf 85' lang='lat' dir='ltr'><strong>sed</strong></span> <span class='ocrx_word' id='word_1_232' title='bbox 1604 1671 1659 1715; x_wconf 79' lang='lat' dir='ltr'><strong>et</strong></span> <span class='ocrx_word' id='word_1_233' title='bbox 1713 1662 1972 1731; x_wconf 89' lang='lat' dir='ltr'><strong>unigeniti</strong></span> 
     </span>
    </p>
   </div>
   <div class='ocr_carea' id='block_1_16' title="bbox 2030 1652 3639 1735">
    <p class='ocr_par' dir='ltr' id='par_1_16' title="bbox 2077 1652 3639 1732">
     <span class='ocr_line' id='line_1_16' title="bbox 2077 1652 3639 1732; baseline -0.01 -14"><span class='ocrx_word' id='word_1_234' title='bbox 2077 1679 2155 1730; x_wconf 89' lang='lat' dir='ltr'><strong>se,</strong></span> <span class='ocrx_word' id='word_1_235' title='bbox 2186 1674 2238 1718; x_wconf 90' lang='lat' dir='ltr'><strong>et</strong></span> <span class='ocrx_word' id='word_1_236' title='bbox 2269 1673 2479 1732; x_wconf 90' lang='lat' dir='ltr'><strong>puteos,</strong></span> <span class='ocrx_word' id='word_1_237' title='bbox 2511 1672 2567 1716; x_wconf 89' lang='lat' dir='ltr'><strong>et</strong></span> <span class='ocrx_word' id='word_1_238' title='bbox 2592 1660 2792 1722; x_wconf 84' lang='lat' dir='ltr'><strong>fontes,</strong></span> <span class='ocrx_word' id='word_1_239' title='bbox 2827 1667 2885 1712; x_wconf 89' lang='lat' dir='ltr'><strong>et</strong></span> <span class='ocrx_word' id='word_1_240' title='bbox 2924 1655 3165 1709; x_wconf 78' lang='lat' dir='ltr'><strong>flumina.</strong></span> <span class='ocrx_word' id='word_1_241' title='bbox 3203 1652 3308 1708; x_wconf 91' lang='lat' dir='ltr'><strong>Sed</strong></span> <span class='ocrx_word' id='word_1_242' title='bbox 3359 1661 3425 1706; x_wconf 91' lang='lat' dir='ltr'><strong>et-</strong></span> <span class='ocrx_word' id='word_1_243' title='bbox 3445 1662 3639 1704; x_wconf 81' lang='lat' dir='ltr'><strong>revera</strong></span> 
     </span>
    </p>
   </div>
   <div class='ocr_carea' id='block_1_17' title="bbox 403 1741 3631 1824">
    <p class='ocr_par' dir='ltr' id='par_1_17' title="bbox 403 1741 3631 1824">
     <span class='ocr_line' id='line_1_17' title="bbox 403 1741 3631 1824; baseline -0.005 -14"><span class='ocrx_word' id='word_1_244' title='bbox 403 1752 528 1810; x_wconf 86' lang='lat' dir='ltr'><strong>Filii</strong></span> <span class='ocrx_word' id='word_1_245' title='bbox 551 1753 668 1824; x_wconf 86' lang='lat' dir='ltr'><strong>ejus</strong></span> <span class='ocrx_word' id='word_1_246' title='bbox 688 1754 912 1822; x_wconf 86' lang='lat' dir='ltr'><strong>agnitio,</strong></span> <span class='ocrx_word' id='word_1_247' title='bbox 939 1753 1079 1808; x_wconf 90' lang='lat' dir='ltr'><strong>alius</strong></span> <span class='ocrx_word' id='word_1_248' title='bbox 1102 1763 1294 1823; x_wconf 88' lang='lat' dir='ltr'><strong>puteus</strong></span> <span class='ocrx_word' id='word_1_249' title='bbox 1319 1753 1541 1823; x_wconf 78' lang='lat' dir='ltr'><strong>intelligi</strong></span> <span class='ocrx_word' id='word_1_250' title='bbox 1573 1750 1784 1806; x_wconf 87' lang='lat' dir='ltr'><strong>debeat.</strong></span> <span class='ocrx_word' id='word_1_251' title='bbox 1821 1753 1974 1808; x_wconf 80' lang='lat' dir='ltr'><strong>Alius</strong></span> <span class='ocrx_word' id='word_1_252' title='bbox 2008 1813 2046 1824; x_wconf 76' lang='lat'><strong><em>_</em></strong></span> <span class='ocrx_word' id='word_1_253' title='bbox 2077 1757 2221 1824; x_wconf 91' lang='lat' dir='ltr'><strong>putei</strong></span> <span class='ocrx_word' id='word_1_254' title='bbox 2249 1755 2338 1824; x_wconf 91' lang='lat' dir='ltr'><strong>qui</strong></span> <span class='ocrx_word' id='word_1_255' title='bbox 2367 1763 2495 1809; x_wconf 92' lang='lat' dir='ltr'><strong>sunt</strong></span> <span class='ocrx_word' id='word_1_256' title='bbox 2518 1753 2571 1806; x_wconf 92' lang='lat' dir='ltr'><strong>in</strong></span> <span class='ocrx_word' id='word_1_257' title='bbox 2621 1752 2800 1806; x_wconf 88' lang='lat' dir='ltr'><strong>anima</strong></span> <span class='ocrx_word' id='word_1_258' title='bbox 2827 1759 3011 1804; x_wconf 92' lang='lat' dir='ltr'><strong>nostra</strong></span> <span class='ocrx_word' id='word_1_259' title='bbox 3053 1746 3298 1814; x_wconf 76' lang='lat' dir='ltr'><strong>indigent</strong></span> <span class='ocrx_word' id='word_1_260' title='bbox 3349 1741 3587 1798; x_wconf 77' lang='lat' dir='ltr'><strong>iodiente</strong></span> <span class='ocrx_word' id='word_1_261' title='bbox 3614 1755 3631 1794; x_wconf 90' lang='lat'><strong>:</strong></span> 
     </span>
    </p>
   </div>
   <div class='ocr_carea' id='block_1_18' title="bbox 404 1813 3656 1909">
    <p class='ocr_par' dir='ltr' id='par_1_18' title="bbox 404 1813 3656 1909">
     <span class='ocr_line' id='line_1_18' title="bbox 404 1813 3656 1909; baseline -0.004 -12"><span class='ocrx_word' id='word_1_262' title='bbox 404 1846 548 1898; x_wconf 91' lang='lat' dir='ltr'><strong>enim</strong></span> <span class='ocrx_word' id='word_1_263' title='bbox 577 1813 604 1897; x_wconf 66' lang='lat'><strong>:2</strong></span> <span class='ocrx_word' id='word_1_264' title='bbox 631 1844 791 1898; x_wconf 84' lang='lat' dir='ltr'><strong>Patre</strong></span> <span class='ocrx_word' id='word_1_265' title='bbox 814 1844 1001 1908; x_wconf 84' lang='lat' dir='ltr'><strong>Filius,</strong></span> <span class='ocrx_word' id='word_1_266' title='bbox 1024 1853 1078 1898; x_wconf 91' lang='lat' dir='ltr'><strong>et</strong></span> <span class='ocrx_word' id='word_1_267' title='bbox 1101 1860 1205 1898; x_wconf 91' lang='lat' dir='ltr'><strong>non</strong></span> <span class='ocrx_word' id='word_1_268' title='bbox 1231 1845 1371 1898; x_wconf 91' lang='lat' dir='ltr'><strong>idem</strong></span> <span class='ocrx_word' id='word_1_269' title='bbox 1401 1843 1573 1898; x_wconf 92' lang='lat' dir='ltr'><strong>Filius</strong></span> <span class='ocrx_word' id='word_1_270' title='bbox 1595 1842 1683 1909; x_wconf 87' lang='lat' dir='ltr'><strong>qui</strong></span> <span class='ocrx_word' id='word_1_271' title='bbox 1709 1853 1762 1896; x_wconf 92' lang='lat' dir='ltr'><strong>et</strong></span> <span class='ocrx_word' id='word_1_272' title='bbox 1791 1843 1971 1908; x_wconf 84' lang='lat' dir='ltr'><strong>Pater,</strong></span> <span class='ocrx_word' id='word_1_273' title='bbox 2005 1813 2048 1868; x_wconf 75' lang='grc' dir='ltr'>Β</span> <span class='ocrx_word' id='word_1_274' title='bbox 2074 1813 2440 1901; x_wconf 45' lang='lat' dir='ltr'><strong>debent-enim</strong></span> <span class='ocrx_word' id='word_1_275' title='bbox 2469 1841 2739 1905; x_wconf 90' lang='lat' dir='ltr'><strong>mundari,</strong></span> <span class='ocrx_word' id='word_1_276' title='bbox 2764 1849 2819 1894; x_wconf 93' lang='lat' dir='ltr'><strong>et</strong></span> <span class='ocrx_word' id='word_1_277' title='bbox 2846 1854 3008 1894; x_wconf 91' lang='lat' dir='ltr'><strong>omne</strong></span> <span class='ocrx_word' id='word_1_278' title='bbox 3036 1837 3197 1908; x_wconf 49' lang='lat' dir='ltr'><strong>quod’</strong></span> <span class='ocrx_word' id='word_1_279' title='bbox 3223 1845 3497 1890; x_wconf 81' lang='lat' dir='ltr'><strong>terrenum</strong></span> <span class='ocrx_word' id='word_1_280' title='bbox 3551 1838 3656 1884; x_wconf 79' lang='lat' dir='ltr'><strong>est-</strong></span> 
     </span>
    </p>
   </div>
   <div class='ocr_carea' id='block_1_19' title="bbox 405 1923 3640 2002">
    <p class='ocr_par' dir='ltr' id='par_1_19' title="bbox 405 1923 3640 2002">
     <span class='ocr_line' id='line_1_19' title="bbox 405 1923 3640 2002; baseline -0.003 -18"><span class='ocrx_word' id='word_1_281' title='bbox 405 1931 546 1984; x_wconf 84' lang='lat' dir='ltr'><strong>sicut</strong></span> <span class='ocrx_word' id='word_1_282' title='bbox 570 1931 682 2000; x_wconf 92' lang='lat' dir='ltr'><strong>ipse</strong></span> <span class='ocrx_word' id='word_1_283' title='bbox 721 1930 1106 2000; x_wconf 86' lang='lat' dir='ltr'><strong>inEvangeliis</strong></span> <span class='ocrx_word' id='word_1_284' title='bbox 1137 1931 1369 1987; x_wconf 78' lang='lat' dir='ltr'><strong>dicit“:</strong></span> <span class='ocrx_word' id='word_1_285' title='bbox 1419 1951 1439 1984; x_wconf 70' lang='grc' dir='ltr'>ι</span> <span class='ocrx_word' id='word_1_286' title='bbox 1492 1931 1646 1987; x_wconf 85' lang='lat' dir='ltr'><strong>Alius</strong></span> <span class='ocrx_word' id='word_1_287' title='bbox 1680 1942 1761 1986; x_wconf 90' lang='lat' dir='ltr'><strong>est</strong></span> <span class='ocrx_word' id='word_1_288' title='bbox 1785 1933 1873 2002; x_wconf 91' lang='lat' dir='ltr'><strong>qui</strong></span> <span class='ocrx_word' id='word_1_289' title='bbox 1917 1942 1973 1988; x_wconf 88' lang='lat' dir='ltr'><strong>et</strong></span> <span class='ocrx_word' id='word_1_290' title='bbox 2071 1939 2140 1993; x_wconf 89' lang='lat' dir='ltr'><strong>ab</strong></span> <span class='ocrx_word' id='word_1_291' title='bbox 2161 1938 2241 1993; x_wconf 90' lang='lat' dir='ltr'><strong>eis</strong></span> <span class='ocrx_word' id='word_1_292' title='bbox 2289 1937 2450 1992; x_wconf 86' lang='lat' dir='ltr'><strong>debet</strong></span> <span class='ocrx_word' id='word_1_293' title='bbox 2479 1936 2711 1998; x_wconf 89' lang='lat' dir='ltr'><strong>auferri,</strong></span> <span class='ocrx_word' id='word_1_294' title='bbox 2769 1942 2829 1986; x_wconf 87' lang='lat' dir='ltr'><strong>ut</strong></span> <span class='ocrx_word' id='word_1_295' title='bbox 2876 1946 3028 1985; x_wconf 65' lang='lat' dir='ltr'><strong>venae</strong></span> <span class='ocrx_word' id='word_1_296' title='bbox 3069 1930 3172 1986; x_wconf 73' lang='lat' dir='ltr'><strong>illa:</strong></span> <span class='ocrx_word' id='word_1_297' title='bbox 3227 1923 3640 1982; x_wconf 45' lang='lat' dir='ltr'><strong>rationabilium»</strong></span> 
     </span>
    </p>
   </div>
   <div class='ocr_carea' id='block_1_20' title="bbox 408 2015 3651 2097">
    <p class='ocr_par' dir='ltr' id='par_1_20' title="bbox 408 2015 3651 2097">
     <span class='ocr_line' id='line_1_20' title="bbox 408 2015 3651 2097; baseline -0.003 -23"><span class='ocrx_word' id='word_1_298' title='bbox 408 2021 774 2075; x_wconf 90' lang='lat' dir='ltr'><strong>testimonium</strong></span> <span class='ocrx_word' id='word_1_299' title='bbox 814 2022 881 2076; x_wconf 90' lang='lat' dir='ltr'><strong>de</strong></span> <span class='ocrx_word' id='word_1_300' title='bbox 912 2038 997 2076; x_wconf 91' lang='lat' dir='ltr'><strong>me</strong></span> <span class='ocrx_word' id='word_1_301' title='bbox 1027 2023 1158 2077; x_wconf 90' lang='lat' dir='ltr'><strong>dicit</strong></span> <span class='ocrx_word' id='word_1_302' title='bbox 1183 2021 1361 2080; x_wconf 86' lang='lat' dir='ltr'><strong>Pater.</strong></span> <span class='ocrx_word' id='word_1_303' title='bbox 1405 2041 1423 2077; x_wconf 74' lang='grc' dir='ltr'><strong><em>ι</em></strong></span> <span class='ocrx_word' id='word_1_304' title='bbox 1452 2023 1514 2078; x_wconf 87' lang='grc' dir='ltr'><strong>Ει</strong></span> <span class='ocrx_word' id='word_1_305' title='bbox 1541 2039 1733 2079; x_wconf 90' lang='lat' dir='ltr'><strong>rursus</strong></span> <span class='ocrx_word' id='word_1_306' title='bbox 1755 2023 1969 2077; x_wconf 90' lang='lat' dir='ltr'><strong>tertium</strong></span> <span class='ocrx_word' id='word_1_307' title='bbox 2073 2043 2509 2097; x_wconf 69' lang='lat' dir='ltr'><strong>sensuum,qnas</strong></span> <span class='ocrx_word' id='word_1_308' title='bbox 2551 2027 2601 2082; x_wconf 84' lang='lat' dir='ltr'><strong>ei</strong></span> <span class='ocrx_word' id='word_1_309' title='bbox 2643 2023 2871 2079; x_wconf 79' lang='lat' dir='ltr'><strong>inseruit</strong></span> <span class='ocrx_word' id='word_1_310' title='bbox 2925 2022 3262 2092; x_wconf 28' lang='lat' dir='ltr'><strong>Deus,.pura</strong></span> <span class='ocrx_word' id='word_1_311' title='bbox 3309 2032 3373 2071; x_wconf 88' lang='lat' dir='ltr'><strong>ac</strong></span> <span class='ocrx_word' id='word_1_312' title='bbox 3420 2015 3651 2070; x_wconf 56' lang='lat' dir='ltr'><strong>sincera.</strong></span> 
     </span>
    </p>
   </div>
   <div class='ocr_carea' id='block_1_21' title="bbox 404 2105 3632 2187">
    <p class='ocr_par' dir='ltr' id='par_1_21' title="bbox 404 2105 3632 2187">
     <span class='ocr_line' id='line_1_21' title="bbox 404 2105 3632 2187; baseline -0.002 -24"><span class='ocrx_word' id='word_1_313' title='bbox 404 2123 533 2182; x_wconf 87' lang='lat' dir='ltr'><strong>puto</strong></span> <span class='ocrx_word' id='word_1_314' title='bbox 583 2112 753 2166; x_wconf 89' lang='lat' dir='ltr'><strong>videri</strong></span> <span class='ocrx_word' id='word_1_315' title='bbox 812 2122 1030 2182; x_wconf 87' lang='lat' dir='ltr'><strong>puteum</strong></span> <span class='ocrx_word' id='word_1_316' title='bbox 1083 2129 1278 2182; x_wconf 87' lang='lat' dir='ltr'><strong>posse,</strong></span> <span class='ocrx_word' id='word_1_317' title='bbox 1324 2115 1687 2184; x_wconf 88' lang='lat' dir='ltr'><strong>cognitionem</strong></span> <span class='ocrx_word' id='word_1_318' title='bbox 1737 2113 1970 2183; x_wconf 89' lang='lat' dir='ltr'><strong>Spiritus</strong></span> <span class='ocrx_word' id='word_1_319' title='bbox 2069 2119 2268 2175; x_wconf 84' lang='lat' dir='ltr'><strong>ﬂuenta</strong></span> <span class='ocrx_word' id='word_1_320' title='bbox 2293 2118 2610 2187; x_wconf 84' lang='lat' dir='ltr'><strong>producant.</strong></span> <span class='ocrx_word' id='word_1_321' title='bbox 2644 2115 2820 2169; x_wconf 89' lang='lat' dir='ltr'><strong>Donec</strong></span> <span class='ocrx_word' id='word_1_322' title='bbox 2845 2113 2986 2166; x_wconf 90' lang='lat' dir='ltr'><strong>enim</strong></span> <span class='ocrx_word' id='word_1_323' title='bbox 3022 2120 3165 2164; x_wconf 84' lang='lat' dir='ltr'><strong>terra</strong></span> <span class='ocrx_word' id='word_1_324' title='bbox 3200 2105 3431 2176; x_wconf 73' lang='lat' dir='ltr'><strong>contegit</strong></span> <span class='ocrx_word' id='word_1_325' title='bbox 3464 2119 3632 2172; x_wconf 84' lang='lat' dir='ltr'><strong>aqua-</strong></span> 
     </span>
    </p>
   </div>
   <div class='ocr_carea' id='block_1_22' title="bbox 405 2200 3636 2276">
    <p class='ocr_par' dir='ltr' id='par_1_22' title="bbox 405 2200 3636 2276">
     <span class='ocr_line' id='line_1_22' title="bbox 405 2200 3636 2276; baseline -0.008 -4"><span class='ocrx_word' id='word_1_326' title='bbox 405 2204 597 2256; x_wconf 63' lang='grc' dir='ltr'><strong>δδηοῑίο</strong></span> <span class='ocrx_word' id='word_1_327' title='bbox 627 2203 779 2257; x_wconf 60' lang='lat' dir='ltr'><strong>“ius</strong></span> <span class='ocrx_word' id='word_1_328' title='bbox 799 2203 944 2258; x_wconf 73' lang='lat' dir='ltr'><strong>enim</strong></span> <span class='ocrx_word' id='word_1_329' title='bbox 975 2213 1030 2258; x_wconf 78' lang='grc' dir='ltr'><strong>θῑ</strong></span> <span class='ocrx_word' id='word_1_330' title='bbox 1058 2205 1171 2272; x_wconf 64' lang='lat' dir='ltr'><strong>ipse</strong></span> <span class='ocrx_word' id='word_1_331' title='bbox 1195 2215 1276 2259; x_wconf 73' lang='grc' dir='ltr'><strong>εει</strong></span> <span class='ocrx_word' id='word_1_332' title='bbox 1309 2220 1338 2258; x_wconf 78' lang='grc'><strong>³</strong></span> <span class='ocrx_word' id='word_1_333' title='bbox 1364 2205 1542 2266; x_wconf 65' lang='grc' dir='ltr'><strong>Ρθῑνθο</strong></span> <span class='ocrx_word' id='word_1_334' title='bbox 1577 2215 1631 2259; x_wconf 57' lang='lat' dir='ltr'><strong>ei</strong></span> <span class='ocrx_word' id='word_1_335' title='bbox 1655 2202 1810 2267; x_wconf 61' lang='lat' dir='ltr'><strong>Filio:</strong></span> <span class='ocrx_word' id='word_1_336' title='bbox 1832 2204 1972 2257; x_wconf 74' lang='grc' dir='ltr'><strong>δῖειιι</strong></span> <span class='ocrx_word' id='word_1_337' title='bbox 2071 2229 2189 2269; x_wconf 90' lang='lat' dir='ltr'><strong>rum</strong></span> <span class='ocrx_word' id='word_1_338' title='bbox 2222 2228 2407 2276; x_wconf 84' lang='lat' dir='ltr'><strong>venas,</strong></span> <span class='ocrx_word' id='word_1_339' title='bbox 2435 2223 2489 2267; x_wconf 86' lang='lat' dir='ltr'><strong>et</strong></span> <span class='ocrx_word' id='word_1_340' title='bbox 2521 2211 2740 2266; x_wconf 91' lang='lat' dir='ltr'><strong>obturat</strong></span> <span class='ocrx_word' id='word_1_341' title='bbox 2769 2205 3034 2262; x_wconf 87' lang='lat' dir='ltr'><strong>occultmn</strong></span> <span class='ocrx_word' id='word_1_342' title='bbox 3066 2200 3287 2264; x_wconf 83' lang='lat' dir='ltr'><strong>ﬂuenti,</strong></span> <span class='ocrx_word' id='word_1_343' title='bbox 3325 2213 3427 2251; x_wconf 90' lang='lat' dir='ltr'><strong>non</strong></span> <span class='ocrx_word' id='word_1_344' title='bbox 3457 2202 3636 2264; x_wconf 79' lang='lat' dir='ltr'><strong>potest</strong></span> 
     </span>
    </p>
   </div>
   <div class='ocr_carea' id='block_1_23' title="bbox 403 2294 3626 2376">
    <p class='ocr_par' dir='ltr' id='par_1_23' title="bbox 403 2294 3626 2376">
     <span class='ocr_line' id='line_1_23' title="bbox 403 2294 3626 2376; baseline 0.001 -30"><span class='ocrx_word' id='word_1_345' title='bbox 403 2294 548 2348; x_wconf 88' lang='lat' dir='ltr'><strong>etde</strong></span> <span class='ocrx_word' id='word_1_346' title='bbox 578 2295 692 2362; x_wconf 84' lang='lat' dir='ltr'><strong>ipso</strong></span> <span class='ocrx_word' id='word_1_347' title='bbox 721 2295 1074 2350; x_wconf 86' lang='lat' dir='ltr'><strong>nihilominus</strong></span> <span class='ocrx_word' id='word_1_348' title='bbox 1097 2296 1146 2349; x_wconf 88' lang='lat' dir='ltr'><strong>in</strong></span> <span class='ocrx_word' id='word_1_349' title='bbox 1175 2294 1465 2365; x_wconf 89' lang='lat' dir='ltr'><strong>Evangelio</strong></span> <span class='ocrx_word' id='word_1_350' title='bbox 1486 2296 1783 2351; x_wconf 81' lang='lat' dir='ltr'><strong>dicitur“:</strong></span> <span class='ocrx_word' id='word_1_351' title='bbox 1816 2294 1968 2349; x_wconf 74' lang='lat' dir='ltr'><strong>«Mit-</strong></span> <span class='ocrx_word' id='word_1_352' title='bbox 2069 2307 2190 2376; x_wconf 64' lang='lat' dir='ltr'><strong>puri</strong></span> <span class='ocrx_word' id='word_1_353' title='bbox 2248 2304 2426 2362; x_wconf 77' lang='lat' dir='ltr'><strong>laticis</strong></span> <span class='ocrx_word' id='word_1_354' title='bbox 2484 2300 2626 2356; x_wconf 91' lang='lat' dir='ltr'><strong>unda</strong></span> <span class='ocrx_word' id='word_1_355' title='bbox 2667 2297 2958 2369; x_wconf 83' lang='lat' dir='ltr'><strong>proﬂuere.</strong></span> <span class='ocrx_word' id='word_1_356' title='bbox 3034 2295 3278 2362; x_wconf 87' lang='lat' dir='ltr'><strong>Denique</strong></span> <span class='ocrx_word' id='word_1_357' title='bbox 3341 2300 3626 2360; x_wconf 71' lang='lat' dir='ltr'><strong>propterea</strong></span> 
     </span>
    </p>
   </div>
   <div class='ocr_carea' id='block_1_24' title="bbox 405 2380 3630 2465">
    <p class='ocr_par' dir='ltr' id='par_1_24' title="bbox 405 2380 3630 2465">
     <span class='ocr_line' id='line_1_24' title="bbox 405 2380 3630 2465; baseline -0.003 -24"><span class='ocrx_word' id='word_1_358' title='bbox 405 2396 480 2441; x_wconf 87' lang='lat' dir='ltr'><strong>tet</strong></span> <span class='ocrx_word' id='word_1_359' title='bbox 503 2387 658 2441; x_wconf 83' lang='lat' dir='ltr'><strong>vobis</strong></span> <span class='ocrx_word' id='word_1_360' title='bbox 679 2385 845 2442; x_wconf 89' lang='lat' dir='ltr'><strong>Pater</strong></span> <span class='ocrx_word' id='word_1_361' title='bbox 875 2387 1039 2441; x_wconf 92' lang='lat' dir='ltr'><strong>alium</strong></span> <span class='ocrx_word' id='word_1_362' title='bbox 1078 2387 1418 2444; x_wconf 89' lang='lat' dir='ltr'><strong>Paracletum</strong></span> <span class='ocrx_word' id='word_1_363' title='bbox 1465 2388 1714 2459; x_wconf 90' lang='lat' dir='ltr'><strong>spiritum</strong></span> <span class='ocrx_word' id='word_1_364' title='bbox 1770 2388 1970 2443; x_wconf 88' lang='lat' dir='ltr'><strong>verita—</strong></span> <span class='ocrx_word' id='word_1_365' title='bbox 2069 2394 2330 2465; x_wconf 86' lang='lat' dir='ltr'><strong>scriptum</strong></span> <span class='ocrx_word' id='word_1_366' title='bbox 2355 2392 2530 2458; x_wconf 77' lang='lat' dir='ltr'><strong>est“,</strong></span> <span class='ocrx_word' id='word_1_367' title='bbox 2563 2391 2688 2461; x_wconf 88' lang='lat' dir='ltr'><strong>quia</strong></span> <span class='ocrx_word' id='word_1_368' title='bbox 2729 2388 2876 2459; x_wconf 87' lang='lat' dir='ltr'><strong>pueri</strong></span> <span class='ocrx_word' id='word_1_369' title='bbox 2901 2384 3175 2441; x_wconf 81' lang='lat' dir='ltr'><strong>Abraham</strong></span> <span class='ocrx_word' id='word_1_370' title='bbox 3213 2380 3483 2436; x_wconf 85' lang='lat' dir='ltr'><strong>fodiebant</strong></span> <span class='ocrx_word' id='word_1_371' title='bbox 3530 2394 3630 2443; x_wconf 86' lang='lat' dir='ltr'><strong>pu-</strong></span> 
     </span>
    </p>
   </div>
   <div class='ocr_carea' id='block_1_25' title="bbox 403 2469 3629 2553">
    <p class='ocr_par' dir='ltr' id='par_1_25' title="bbox 403 2469 3629 2553">
     <span class='ocr_line' id='line_1_25' title="bbox 403 2469 3629 2553; baseline -0.004 -22"><span class='ocrx_word' id='word_1_372' title='bbox 403 2479 495 2532; x_wconf 91' lang='lat' dir='ltr'><strong>tis.</strong></span> <span class='ocrx_word' id='word_1_373' title='bbox 542 2497 560 2529; x_wconf 76' lang='grc' dir='ltr'><strong><em>ι</em></strong></span> <span class='ocrx_word' id='word_1_374' title='bbox 594 2479 686 2534; x_wconf 81' lang='lat' dir='ltr'><strong>Est</strong></span> <span class='ocrx_word' id='word_1_375' title='bbox 712 2494 842 2548; x_wconf 90' lang='lat' dir='ltr'><strong>ergo</strong></span> <span class='ocrx_word' id='word_1_376' title='bbox 871 2479 986 2534; x_wconf 67' lang='lat' dir='ltr'><strong>haec</strong></span> <span class='ocrx_word' id='word_1_377' title='bbox 1017 2479 1180 2535; x_wconf 86' lang='lat' dir='ltr'><strong>trium</strong></span> <span class='ocrx_word' id='word_1_378' title='bbox 1213 2481 1490 2536; x_wconf 88' lang='lat' dir='ltr'><strong>distinctio</strong></span> <span class='ocrx_word' id='word_1_379' title='bbox 1528 2496 1876 2548; x_wconf 84' lang='lat' dir='ltr'><strong>personarum</strong></span> <span class='ocrx_word' id='word_1_380' title='bbox 1912 2481 1966 2536; x_wconf 88' lang='lat' dir='ltr'><strong>in</strong></span> <span class='ocrx_word' id='word_1_381' title='bbox 2070 2495 2207 2548; x_wconf 90' lang='lat' dir='ltr'><strong>teos,</strong></span> <span class='ocrx_word' id='word_1_382' title='bbox 2236 2484 2329 2540; x_wconf 87' lang='lat' dir='ltr'><strong>sed</strong></span> <span class='ocrx_word' id='word_1_383' title='bbox 2357 2483 2636 2553; x_wconf 91' lang='lat' dir='ltr'><strong>replebant</strong></span> <span class='ocrx_word' id='word_1_384' title='bbox 2668 2492 2827 2550; x_wconf 88' lang='lat' dir='ltr'><strong>atque</strong></span> <span class='ocrx_word' id='word_1_385' title='bbox 2853 2478 3173 2547; x_wconf 89' lang='lat' dir='ltr'><strong>operiebant</strong></span> <span class='ocrx_word' id='word_1_386' title='bbox 3195 2491 3290 2530; x_wconf 92' lang='lat' dir='ltr'><strong>eos</strong></span> <span class='ocrx_word' id='word_1_387' title='bbox 3331 2482 3475 2524; x_wconf 84' lang='lat' dir='ltr'><strong>terra</strong></span> <span class='ocrx_word' id='word_1_388' title='bbox 3508 2469 3629 2522; x_wconf 82' lang='grc' dir='ltr'><strong>ΡΙιὶ-</strong></span> 
     </span>
    </p>
   </div>
   <div class='ocr_carea' id='block_1_26' title="bbox 402 2568 3629 2642">
    <p class='ocr_par' dir='ltr' id='par_1_26' title="bbox 402 2568 3629 2642">
     <span class='ocr_line' id='line_1_26' title="bbox 402 2568 3629 2642; baseline -0.003 -18"><span class='ocrx_word' id='word_1_389' title='bbox 402 2570 563 2625; x_wconf 82' lang='lat' dir='ltr'><strong>Patre</strong></span> <span class='ocrx_word' id='word_1_390' title='bbox 598 2580 651 2625; x_wconf 91' lang='lat' dir='ltr'><strong>et</strong></span> <span class='ocrx_word' id='word_1_391' title='bbox 674 2569 812 2625; x_wconf 86' lang='lat' dir='ltr'><strong>Filio</strong></span> <span class='ocrx_word' id='word_1_392' title='bbox 835 2583 888 2626; x_wconf 90' lang='lat' dir='ltr'><strong>et</strong></span> <span class='ocrx_word' id='word_1_393' title='bbox 915 2571 1120 2640; x_wconf 89' lang='lat' dir='ltr'><strong>Spiritu</strong></span> <span class='ocrx_word' id='word_1_394' title='bbox 1175 2583 1387 2637; x_wconf 86' lang='lat' dir='ltr'><strong>sancto,</strong></span> <span class='ocrx_word' id='word_1_395' title='bbox 1415 2587 1534 2640; x_wconf 71' lang='lat' dir='ltr'><strong>qua:</strong></span> <span class='ocrx_word' id='word_1_396' title='bbox 1592 2573 1658 2626; x_wconf 83' lang='lat' dir='ltr'><strong>ad</strong></span> <span class='ocrx_word' id='word_1_397' title='bbox 1703 2572 1967 2641; x_wconf 87' lang='lat' dir='ltr'><strong>pluralem</strong></span> <span class='ocrx_word' id='word_1_398' title='bbox 2069 2575 2274 2630; x_wconf 91' lang='lat' dir='ltr'><strong>listiim.</strong></span> <span class='ocrx_word' id='word_1_399' title='bbox 2309 2574 2414 2629; x_wconf 88' lang='lat' dir='ltr'><strong>Sed</strong></span> <span class='ocrx_word' id='word_1_400' title='bbox 2445 2583 2500 2628; x_wconf 89' lang='lat' dir='ltr'><strong>et</strong></span> <span class='ocrx_word' id='word_1_401' title='bbox 2539 2571 2709 2638; x_wconf 86' lang='lat' dir='ltr'><strong>Isaac,</strong></span> <span class='ocrx_word' id='word_1_402' title='bbox 2748 2571 2837 2642; x_wconf 81' lang='lat' dir='ltr'><strong>qui</strong></span> <span class='ocrx_word' id='word_1_403' title='bbox 2890 2569 3256 2624; x_wconf 72' lang='lat' dir='ltr'><strong>hmreditatem</strong></span> <span class='ocrx_word' id='word_1_404' title='bbox 3313 2568 3629 2630; x_wconf 86' lang='lat' dir='ltr'><strong>susceperat</strong></span> 
     </span>
    </p>
   </div>
   <div class='ocr_carea' id='block_1_27' title="bbox 399 2651 3626 2738">
    <p class='ocr_par' dir='ltr' id='par_1_27' title="bbox 399 2651 3626 2738">
     <span class='ocr_line' id='line_1_27' title="bbox 399 2651 3626 2738; baseline -0.003 -22"><span class='ocrx_word' id='word_1_405' title='bbox 399 2673 684 2732; x_wconf 89' lang='lat' dir='ltr'><strong>puteorum</strong></span> <span class='ocrx_word' id='word_1_406' title='bbox 726 2679 1008 2718; x_wconf 91' lang='lat' dir='ltr'><strong>numerum</strong></span> <span class='ocrx_word' id='word_1_407' title='bbox 1040 2674 1346 2719; x_wconf 85' lang='lat' dir='ltr'><strong>revocatur.</strong></span> <span class='ocrx_word' id='word_1_408' title='bbox 1402 2665 1508 2720; x_wconf 90' lang='lat' dir='ltr'><strong>Sed</strong></span> <span class='ocrx_word' id='word_1_409' title='bbox 1547 2665 1739 2719; x_wconf 91' lang='lat' dir='ltr'><strong>horum</strong></span> <span class='ocrx_word' id='word_1_410' title='bbox 1774 2675 1964 2735; x_wconf 88' lang='lat' dir='ltr'><strong>puteo-</strong></span> <span class='ocrx_word' id='word_1_411' title='bbox 2065 2670 2262 2738; x_wconf 89' lang='lat' dir='ltr'><strong>patris,</strong></span> <span class='ocrx_word' id='word_1_412' title='bbox 2287 2681 2498 2721; x_wconf 91' lang='lat' dir='ltr'><strong>rursum</strong></span> <span class='ocrx_word' id='word_1_413' title='bbox 2529 2665 2663 2720; x_wconf 87' lang='lat' dir='ltr'><strong>fodit</strong></span> <span class='ocrx_word' id='word_1_414' title='bbox 2697 2675 2911 2734; x_wconf 88' lang='lat' dir='ltr'><strong>puteos,</strong></span> <span class='ocrx_word' id='word_1_415' title='bbox 2934 2674 2987 2717; x_wconf 90' lang='lat' dir='ltr'><strong>et</strong></span> <span class='ocrx_word' id='word_1_416' title='bbox 3015 2670 3218 2733; x_wconf 63' lang='lat' dir='ltr'><strong>terram</strong></span> <span class='ocrx_word' id='word_1_417' title='bbox 3249 2653 3482 2712; x_wconf 82' lang='lat' dir='ltr'><strong>removit</strong></span> <span class='ocrx_word' id='word_1_418' title='bbox 3503 2651 3626 2706; x_wconf 85' lang='lat' dir='ltr'><strong>Phi-</strong></span> 
     </span>
    </p>
   </div>
   <div class='ocr_carea' id='block_1_28' title="bbox 400 2745 3622 2829">
    <p class='ocr_par' dir='ltr' id='par_1_28' title="bbox 400 2745 3622 2829">
     <span class='ocr_line' id='line_1_28' title="bbox 400 2745 3622 2829; baseline -0.003 -22"><span class='ocrx_word' id='word_1_419' title='bbox 400 2771 519 2808; x_wconf 88' lang='lat' dir='ltr'><strong>rmn</strong></span> <span class='ocrx_word' id='word_1_420' title='bbox 549 2772 688 2811; x_wconf 92' lang='lat' dir='ltr'><strong>unus</strong></span> <span class='ocrx_word' id='word_1_421' title='bbox 713 2766 797 2811; x_wconf 92' lang='lat' dir='ltr'><strong>est</strong></span> <span class='ocrx_word' id='word_1_422' title='bbox 818 2756 959 2812; x_wconf 88' lang='lat' dir='ltr'><strong>fons.</strong></span> <span class='ocrx_word' id='word_1_423' title='bbox 989 2757 1104 2812; x_wconf 86' lang='lat' dir='ltr'><strong>Una</strong></span> <span class='ocrx_word' id='word_1_424' title='bbox 1135 2758 1278 2811; x_wconf 86' lang='lat' dir='ltr'><strong>enim</strong></span> <span class='ocrx_word' id='word_1_425' title='bbox 1312 2757 1614 2811; x_wconf 88' lang='lat' dir='ltr'><strong>substantia</strong></span> <span class='ocrx_word' id='word_1_426' title='bbox 1645 2766 1746 2824; x_wconf 85' lang='lat' dir='ltr'><strong>est,</strong></span> <span class='ocrx_word' id='word_1_427' title='bbox 1779 2765 1832 2810; x_wconf 87' lang='lat' dir='ltr'><strong>et</strong></span> <span class='ocrx_word' id='word_1_428' title='bbox 1871 2771 1967 2810; x_wconf 76' lang='grc' dir='ltr'><strong>ηει-</strong></span> <span class='ocrx_word' id='word_1_429' title='bbox 2066 2759 2392 2826; x_wconf 90' lang='lat' dir='ltr'><strong>listinorum,</strong></span> <span class='ocrx_word' id='word_1_430' title='bbox 2448 2771 2610 2829; x_wconf 84' lang='lat' dir='ltr'><strong>quam</strong></span> <span class='ocrx_word' id='word_1_431' title='bbox 2659 2773 2755 2828; x_wconf 89' lang='lat' dir='ltr'><strong>per</strong></span> <span class='ocrx_word' id='word_1_432' title='bbox 2805 2754 3061 2810; x_wconf 87' lang='lat' dir='ltr'><strong>invidiam</strong></span> <span class='ocrx_word' id='word_1_433' title='bbox 3117 2749 3418 2820; x_wconf 84' lang='lat' dir='ltr'><strong>injecerant</strong></span> <span class='ocrx_word' id='word_1_434' title='bbox 3448 2745 3622 2814; x_wconf 83' lang='lat' dir='ltr'><strong>aquis.</strong></span> 
     </span>
    </p>
   </div>
   <div class='ocr_carea' id='block_1_29' title="bbox 402 2837 3623 2908">
    <p class='ocr_par' dir='ltr' id='par_1_29' title="bbox 402 2837 3623 2908">
     <span class='ocr_line' id='line_1_29' title="bbox 402 2837 3623 2908; baseline -0.002 -12"><span class='ocrx_word' id='word_1_435' title='bbox 402 2857 523 2900; x_wconf 84' lang='lat' dir='ltr'><strong>tura</strong></span> <span class='ocrx_word' id='word_1_436' title='bbox 549 2845 855 2903; x_wconf 90' lang='lat' dir='ltr'><strong>Trinitatis.</strong></span> <span class='ocrx_word' id='word_1_437' title='bbox 886 2849 955 2903; x_wconf 88' lang='lat' dir='ltr'><strong>Et</strong></span> <span class='ocrx_word' id='word_1_438' title='bbox 989 2850 1094 2903; x_wconf 87' lang='lat' dir='ltr'><strong>hoc</strong></span> <span class='ocrx_word' id='word_1_439' title='bbox 1122 2849 1279 2902; x_wconf 88' lang='lat' dir='ltr'><strong>modo</strong></span> <span class='ocrx_word' id='word_1_440' title='bbox 1314 2864 1418 2903; x_wconf 92' lang='lat' dir='ltr'><strong>non</strong></span> <span class='ocrx_word' id='word_1_441' title='bbox 1453 2851 1630 2903; x_wconf 90' lang='lat' dir='ltr'><strong>otiosa</strong></span> <span class='ocrx_word' id='word_1_442' title='bbox 1662 2849 1966 2904; x_wconf 84' lang='lat' dir='ltr'><strong>invenietur</strong></span> <span class='ocrx_word' id='word_1_443' title='bbox 2066 2849 2172 2907; x_wconf 88' lang='lat' dir='ltr'><strong>Sed</strong></span> <span class='ocrx_word' id='word_1_444' title='bbox 2199 2861 2254 2907; x_wconf 88' lang='lat' dir='ltr'><strong>et</strong></span> <span class='ocrx_word' id='word_1_445' title='bbox 2282 2851 2410 2906; x_wconf 92' lang='lat' dir='ltr'><strong>illud</strong></span> <span class='ocrx_word' id='word_1_446' title='bbox 2437 2849 2848 2906; x_wconf 86' lang='lat' dir='ltr'><strong>observavimus</strong></span> <span class='ocrx_word' id='word_1_447' title='bbox 2872 2847 2923 2901; x_wconf 93' lang='lat' dir='ltr'><strong>in</strong></span> <span class='ocrx_word' id='word_1_448' title='bbox 2951 2845 3170 2908; x_wconf 86' lang='lat' dir='ltr'><strong>Genesi,</strong></span> <span class='ocrx_word' id='word_1_449' title='bbox 3201 2841 3342 2895; x_wconf 86' lang='lat' dir='ltr'><strong>unde</strong></span> <span class='ocrx_word' id='word_1_450' title='bbox 3371 2850 3424 2894; x_wconf 93' lang='lat' dir='ltr'><strong>et</strong></span> <span class='ocrx_word' id='word_1_451' title='bbox 3453 2837 3623 2892; x_wconf 79' lang='lat' dir='ltr'><strong>histo-</strong></span> 
     </span>
    </p>
   </div>
   <div class='ocr_carea' id='block_1_30' title="bbox 401 2928 3628 3010">
    <p class='ocr_par' dir='ltr' id='par_1_30' title="bbox 401 2928 3628 3010">
     <span class='ocr_line' id='line_1_30' title="bbox 401 2928 3628 3010; baseline -0.003 -19"><span class='ocrx_word' id='word_1_452' title='bbox 401 2939 702 3008; x_wconf 72' lang='lat' dir='ltr'><strong>Scripturas</strong></span> <span class='ocrx_word' id='word_1_453' title='bbox 731 2949 936 2994; x_wconf 87' lang='lat' dir='ltr'><strong>sanctae</strong></span> <span class='ocrx_word' id='word_1_454' title='bbox 964 2939 1255 3002; x_wconf 86' lang='lat' dir='ltr'><strong>distinctio,</strong></span> <span class='ocrx_word' id='word_1_455' title='bbox 1289 2955 1405 3007; x_wconf 64' lang='lat' dir='ltr'><strong>qum</strong></span> <span class='ocrx_word' id='word_1_456' title='bbox 1431 2941 1580 3008; x_wconf 87' lang='lat' dir='ltr'><strong>dicit,</strong></span> <span class='ocrx_word' id='word_1_457' title='bbox 1617 2960 1634 2992; x_wconf 75' lang='grc' dir='ltr'>ι</span> <span class='ocrx_word' id='word_1_458' title='bbox 1675 2940 1741 2994; x_wconf 91' lang='lat' dir='ltr'><strong>de</strong></span> <span class='ocrx_word' id='word_1_459' title='bbox 1774 2950 1962 3009; x_wconf 85' lang='lat' dir='ltr'><strong>putco-</strong></span> <span class='ocrx_word' id='word_1_460' title='bbox 2065 2944 2146 3000; x_wconf 90' lang='lat' dir='ltr'><strong>ria</strong></span> <span class='ocrx_word' id='word_1_461' title='bbox 2172 2945 2288 2998; x_wconf 63' lang='lat' dir='ltr'><strong>haec</strong></span> <span class='ocrx_word' id='word_1_462' title='bbox 2313 2943 2526 2998; x_wconf 68' lang='lat' dir='ltr'><strong>videtur</strong></span> <span class='ocrx_word' id='word_1_463' title='bbox 2549 2951 2847 3009; x_wconf 87' lang='lat' dir='ltr'><strong>assumpta,</strong></span> <span class='ocrx_word' id='word_1_464' title='bbox 2872 2939 3010 3010; x_wconf 90' lang='lat' dir='ltr'><strong>quod</strong></span> <span class='ocrx_word' id='word_1_465' title='bbox 3037 2939 3207 2992; x_wconf 90' lang='lat' dir='ltr'><strong>donec</strong></span> <span class='ocrx_word' id='word_1_466' title='bbox 3232 2936 3434 2987; x_wconf 87' lang='lat' dir='ltr'><strong>viveret</strong></span> <span class='ocrx_word' id='word_1_467' title='bbox 3453 2928 3628 2983; x_wconf 75' lang='lat' dir='ltr'><strong>Abra-</strong></span> 
     </span>
    </p>
   </div>
   <div class='ocr_carea' id='block_1_31' title="bbox 399 3023 3627 3104">
    <p class='ocr_par' dir='ltr' id='par_1_31' title="bbox 399 3023 3627 3104">
     <span class='ocr_line' id='line_1_31' title="bbox 399 3023 3627 3104; baseline -0.001 -22"><span class='ocrx_word' id='word_1_468' title='bbox 399 3045 517 3082; x_wconf 90' lang='lat' dir='ltr'><strong>rum</strong></span> <span class='ocrx_word' id='word_1_469' title='bbox 557 3039 774 3084; x_wconf 88' lang='lat' dir='ltr'><strong>tuorum</strong></span> <span class='ocrx_word' id='word_1_470' title='bbox 805 3031 977 3086; x_wconf 86' lang='lat' dir='ltr'><strong>fonte.</strong></span> <span class='ocrx_word' id='word_1_471' title='bbox 1013 3051 1032 3084; x_wconf 77' lang='grc' dir='ltr'><strong><em>ι</em></strong></span> <span class='ocrx_word' id='word_1_472' title='bbox 1079 3031 1183 3087; x_wconf 88' lang='lat' dir='ltr'><strong>Sed</strong></span> <span class='ocrx_word' id='word_1_473' title='bbox 1230 3035 1589 3087; x_wconf 85' lang='lat' dir='ltr'><strong>observanter</strong></span> <span class='ocrx_word' id='word_1_474' title='bbox 1616 3034 1842 3104; x_wconf 80' lang='lat' dir='ltr'><strong>mystica</strong></span> <span class='ocrx_word' id='word_1_475' title='bbox 1883 3033 1962 3087; x_wconf 76' lang='lat' dir='ltr'><strong>si-</strong></span> <span class='ocrx_word' id='word_1_476' title='bbox 2066 3035 2212 3098; x_wconf 84' lang='lat' dir='ltr'><strong>ham,</strong></span> <span class='ocrx_word' id='word_1_477' title='bbox 2264 3049 2369 3088; x_wconf 92' lang='lat' dir='ltr'><strong>non</strong></span> <span class='ocrx_word' id='word_1_478' title='bbox 2406 3031 2622 3086; x_wconf 89' lang='lat' dir='ltr'><strong>fuerunt</strong></span> <span class='ocrx_word' id='word_1_479' title='bbox 2672 3030 2788 3084; x_wconf 88' lang='lat' dir='ltr'><strong>ausi</strong></span> <span class='ocrx_word' id='word_1_480' title='bbox 2828 3027 3115 3082; x_wconf 89' lang='lat' dir='ltr'><strong>Philistiim</strong></span> <span class='ocrx_word' id='word_1_481' title='bbox 3159 3023 3365 3092; x_wconf 85' lang='lat' dir='ltr'><strong>replere</strong></span> <span class='ocrx_word' id='word_1_482' title='bbox 3413 3027 3627 3088; x_wconf 71' lang='lat' dir='ltr'><strong>puteOa&#39;.</strong></span> 
     </span>
    </p>
   </div>
   <div class='ocr_carea' id='block_1_32' title="bbox 397 3112 3627 3210">
    <p class='ocr_par' dir='ltr' id='par_1_32' title="bbox 397 3112 3627 3210">
     <span class='ocr_line' id='line_1_32' title="bbox 397 3112 3627 3210; baseline -0.003 -38"><span class='ocrx_word' id='word_1_483' title='bbox 397 3120 581 3188; x_wconf 87' lang='lat' dir='ltr'><strong>gnavit</strong></span> <span class='ocrx_word' id='word_1_484' title='bbox 610 3120 842 3189; x_wconf 88' lang='lat' dir='ltr'><strong>eloquia,</strong></span> <span class='ocrx_word' id='word_1_485' title='bbox 864 3131 921 3174; x_wconf 93' lang='lat' dir='ltr'><strong>ut</strong></span> <span class='ocrx_word' id='word_1_486' title='bbox 945 3123 1086 3190; x_wconf 66' lang='lat' dir='ltr'><strong>qum</strong></span> <span class='ocrx_word' id='word_1_487' title='bbox 1105 3121 1384 3190; x_wconf 91' lang='lat' dir='ltr'><strong>pluraliter</strong></span> <span class='ocrx_word' id='word_1_488' title='bbox 1399 3122 1599 3176; x_wconf 91' lang='lat' dir='ltr'><strong>dictum</strong></span> <span class='ocrx_word' id='word_1_489' title='bbox 1637 3132 1721 3177; x_wconf 90' lang='lat' dir='ltr'><strong>est</strong></span> <span class='ocrx_word' id='word_1_490' title='bbox 1747 3123 1812 3176; x_wconf 89' lang='lat' dir='ltr'><strong>de</strong></span> <span class='ocrx_word' id='word_1_491' title='bbox 1837 3138 1962 3193; x_wconf 89' lang='lat' dir='ltr'><strong>per-</strong></span> <span class='ocrx_word' id='word_1_492' title='bbox 1989 3153 2033 3210; x_wconf 66' lang='grc' dir='ltr'>ο</span> <span class='ocrx_word' id='word_1_493' title='bbox 2066 3137 2163 3182; x_wconf 91' lang='lat' dir='ltr'><strong>aut</strong></span> <span class='ocrx_word' id='word_1_494' title='bbox 2195 3126 2419 3196; x_wconf 87' lang='lat' dir='ltr'><strong>injicere</strong></span> <span class='ocrx_word' id='word_1_495' title='bbox 2445 3126 2523 3180; x_wconf 89' lang='lat' dir='ltr'><strong>eis</strong></span> <span class='ocrx_word' id='word_1_496' title='bbox 2552 3133 2772 3178; x_wconf 90' lang='lat' dir='ltr'><strong>terram.</strong></span> <span class='ocrx_word' id='word_1_497' title='bbox 2820 3121 2926 3175; x_wconf 89' lang='lat' dir='ltr'><strong>Sed</strong></span> <span class='ocrx_word' id='word_1_498' title='bbox 2969 3136 3090 3175; x_wconf 90' lang='lat' dir='ltr'><strong>cum</strong></span> <span class='ocrx_word' id='word_1_499' title='bbox 3141 3117 3379 3174; x_wconf 79' lang='lat' dir='ltr'><strong>excessit</strong></span> <span class='ocrx_word' id='word_1_500' title='bbox 3419 3129 3483 3169; x_wconf 90' lang='lat' dir='ltr'><strong>ex</strong></span> <span class='ocrx_word' id='word_1_501' title='bbox 3527 3112 3627 3164; x_wconf 86' lang='lat' dir='ltr'><strong>hac</strong></span> 
     </span>
    </p>
   </div>
   <div class='ocr_carea' id='block_1_33' title="bbox 397 3206 3624 3285">
    <p class='ocr_par' dir='ltr' id='par_1_33' title="bbox 397 3206 3624 3285">
     <span class='ocr_line' id='line_1_33' title="bbox 397 3206 3624 3285; baseline -0.002 -21"><span class='ocrx_word' id='word_1_502' title='bbox 397 3210 571 3274; x_wconf 82' lang='lat' dir='ltr'><strong>sonis,</strong></span> <span class='ocrx_word' id='word_1_503' title='bbox 603 3209 946 3280; x_wconf 84' lang='lat' dir='ltr'><strong>singulariter</strong></span> <span class='ocrx_word' id='word_1_504' title='bbox 975 3211 1290 3265; x_wconf 65' lang='lat' dir='ltr'><strong>substantia:</strong></span> <span class='ocrx_word' id='word_1_505' title='bbox 1342 3213 1678 3266; x_wconf 87' lang='lat' dir='ltr'><strong>conveniret.</strong></span> <span class='ocrx_word' id='word_1_506' title='bbox 1735 3211 1965 3268; x_wconf 89' lang='lat' dir='ltr'><strong>Possunt</strong></span> <span class='ocrx_word' id='word_1_507' title='bbox 1997 3206 2032 3210; x_wconf 70' lang='grc'><em>’</em></span> <span class='ocrx_word' id='word_1_508' title='bbox 2064 3221 2196 3285; x_wconf 81' lang='lat' dir='ltr'><strong>vita,</strong></span> <span class='ocrx_word' id='word_1_509' title='bbox 2226 3229 2352 3272; x_wconf 89' lang='lat' dir='ltr'><strong>tunc</strong></span> <span class='ocrx_word' id='word_1_510' title='bbox 2387 3216 2726 3271; x_wconf 83' lang='lat' dir='ltr'><strong>invaluerunt</strong></span> <span class='ocrx_word' id='word_1_511' title='bbox 2771 3214 3056 3269; x_wconf 70' lang='lat' dir='ltr'><strong>Philistiim</strong></span> <span class='ocrx_word' id='word_1_512' title='bbox 3103 3220 3157 3266; x_wconf 90' lang='lat' dir='ltr'><strong>et</strong></span> <span class='ocrx_word' id='word_1_513' title='bbox 3202 3206 3442 3264; x_wconf 90' lang='lat' dir='ltr'><strong>insidiati</strong></span> <span class='ocrx_word' id='word_1_514' title='bbox 3497 3211 3624 3257; x_wconf 82' lang='lat' dir='ltr'><strong>Sunt</strong></span> 
     </span>
    </p>
   </div>
   <div class='ocr_carea' id='block_1_34' title="bbox 396 3296 3623 3382">
    <p class='ocr_par' dir='ltr' id='par_1_34' title="bbox 396 3296 3623 3382">
     <span class='ocr_line' id='line_1_34' title="bbox 396 3296 3623 3382; baseline 0.002 -32"><span class='ocrx_word' id='word_1_515' title='bbox 396 3307 576 3351; x_wconf 88' lang='lat' dir='ltr'><strong>autem</strong></span> <span class='ocrx_word' id='word_1_516' title='bbox 601 3307 654 3354; x_wconf 89' lang='lat' dir='ltr'><strong>et</strong></span> <span class='ocrx_word' id='word_1_517' title='bbox 683 3299 758 3352; x_wconf 91' lang='lat' dir='ltr'><strong>illi</strong></span> <span class='ocrx_word' id='word_1_518' title='bbox 795 3299 938 3368; x_wconf 87' lang='lat' dir='ltr'><strong>putei</strong></span> <span class='ocrx_word' id='word_1_519' title='bbox 967 3299 1160 3363; x_wconf 88' lang='lat' dir='ltr'><strong>videri,</strong></span> <span class='ocrx_word' id='word_1_520' title='bbox 1191 3301 1258 3354; x_wconf 89' lang='lat' dir='ltr'><strong>de</strong></span> <span class='ocrx_word' id='word_1_521' title='bbox 1291 3315 1521 3369; x_wconf 91' lang='lat' dir='ltr'><strong>quorum</strong></span> <span class='ocrx_word' id='word_1_522' title='bbox 1558 3301 1785 3355; x_wconf 88' lang='lat' dir='ltr'><strong>scientia</strong></span> <span class='ocrx_word' id='word_1_523' title='bbox 1818 3303 1966 3357; x_wconf 81' lang='lat' dir='ltr'><strong>dice-</strong></span> <span class='ocrx_word' id='word_1_524' title='bbox 2064 3311 2244 3382; x_wconf 77' lang='lat' dir='ltr'><strong>puteis</strong></span> <span class='ocrx_word' id='word_1_525' title='bbox 2267 3308 2406 3376; x_wconf 83' lang='lat' dir='ltr'><strong>ejus.</strong></span> <span class='ocrx_word' id='word_1_526' title='bbox 2433 3309 2538 3363; x_wconf 80' lang='lat' dir='ltr'><strong>Sed</strong></span> <span class='ocrx_word' id='word_1_527' title='bbox 2565 3315 2888 3377; x_wconf 87' lang='lat' dir='ltr'><strong>reparantur</strong></span> <span class='ocrx_word' id='word_1_528' title='bbox 2909 3303 3249 3373; x_wconf 83' lang='lat' dir='ltr'><strong>postmodum</strong></span> <span class='ocrx_word' id='word_1_529' title='bbox 3302 3314 3399 3368; x_wconf 83' lang='lat' dir='ltr'><strong>per</strong></span> <span class='ocrx_word' id='word_1_530' title='bbox 3451 3296 3623 3358; x_wconf 75' lang='lat' dir='ltr'><strong>Isaac.</strong></span> 
     </span>
    </p>
   </div>
   <div class='ocr_carea' id='block_1_35' title="bbox 405 3387 3626 3462">
    <p class='ocr_par' dir='ltr' id='par_1_35' title="bbox 405 3387 3626 3462">
     <span class='ocr_line' id='line_1_35' title="bbox 405 3387 3626 3462; baseline -0.006 -6"><span class='ocrx_word' id='word_1_531' title='bbox 405 3389 500 3442; x_wconf 53' lang='lat' dir='ltr'><strong>bat</strong></span> <span class='ocrx_word' id='word_1_532' title='bbox 525 3387 635 3455; x_wconf 62' lang='lat' dir='ltr'><strong>me,</strong></span> <span class='ocrx_word' id='word_1_533' title='bbox 662 3388 755 3457; x_wconf 74' lang='grc' dir='ltr'><strong>αυῑ</strong></span> <span class='ocrx_word' id='word_1_534' title='bbox 789 3388 1027 3457; x_wconf 58' lang='lat' dir='ltr'><strong>repletus</strong></span> <span class='ocrx_word' id='word_1_535' title='bbox 1055 3403 1138 3444; x_wconf 68' lang='grc' dir='ltr'><strong>εει</strong></span> <span class='ocrx_word' id='word_1_536' title='bbox 1167 3391 1430 3456; x_wconf 56' lang='lat' dir='ltr'><strong>sapienti“</strong></span> <span class='ocrx_word' id='word_1_537' title='bbox 1467 3389 1557 3445; x_wconf 70' lang='lat' dir='ltr'><strong>Dei</strong></span> <span class='ocrx_word' id='word_1_538' title='bbox 1620 3393 1665 3426; x_wconf 82' lang='grc'>⁸³</span> <span class='ocrx_word' id='word_1_539' title='bbox 1709 3411 1722 3446; x_wconf 73' lang='grc' dir='ltr'>ε</span> <span class='ocrx_word' id='word_1_540' title='bbox 1769 3410 1788 3444; x_wconf 79' lang='grc'><strong>⁴</strong></span> <span class='ocrx_word' id='word_1_541' title='bbox 1847 3391 1964 3462; x_wconf 73' lang='lat' dir='ltr'><strong>lPSe</strong></span> <span class='ocrx_word' id='word_1_542' title='bbox 2063 3411 2119 3456; x_wconf 86' lang='lat' dir='ltr'><strong>et</strong></span> <span class='ocrx_word' id='word_1_543' title='bbox 2147 3399 2442 3456; x_wconf 78' lang='lat' dir='ltr'><strong>redeuntia</strong></span> <span class='ocrx_word' id='word_1_544' title='bbox 2469 3409 2666 3455; x_wconf 88' lang='lat' dir='ltr'><strong>statum</strong></span> <span class='ocrx_word' id='word_1_545' title='bbox 2697 3415 2873 3455; x_wconf 89' lang='lat' dir='ltr'><strong>suum.</strong></span> <span class='ocrx_word' id='word_1_546' title='bbox 2905 3398 3170 3452; x_wconf 58' lang='lat' dir='ltr'><strong>Praeterea</strong></span> <span class='ocrx_word' id='word_1_547' title='bbox 3209 3402 3261 3447; x_wconf 91' lang='lat' dir='ltr'><strong>et</strong></span> <span class='ocrx_word' id='word_1_548' title='bbox 3286 3405 3417 3460; x_wconf 89' lang='lat' dir='ltr'><strong>puer</strong></span> <span class='ocrx_word' id='word_1_549' title='bbox 3455 3387 3626 3440; x_wconf 85' lang='lat' dir='ltr'><strong>Abra-</strong></span> 
     </span>
    </p>
   </div>
   <div class='ocr_carea' id='block_1_36' title="bbox 397 3477 3628 3560">
    <p class='ocr_par' dir='ltr' id='par_1_36' title="bbox 397 3477 3628 3560">
     <span class='ocr_line' id='line_1_36' title="bbox 397 3477 3628 3560; baseline 0.002 -28"><span class='ocrx_word' id='word_1_550' title='bbox 397 3477 544 3532; x_wconf 90' lang='lat' dir='ltr'><strong>enim</strong></span> <span class='ocrx_word' id='word_1_551' title='bbox 569 3478 696 3533; x_wconf 86' lang='lat' dir='ltr'><strong>mihi</strong></span> <span class='ocrx_word' id='word_1_552' title='bbox 721 3479 1074 3536; x_wconf 88' lang='lat' dir='ltr'><strong>dediteorum</strong></span> <span class='ocrx_word' id='word_1_553' title='bbox 1113 3496 1234 3550; x_wconf 69' lang='lat' dir='ltr'><strong>quae</strong></span> <span class='ocrx_word' id='word_1_554' title='bbox 1265 3491 1392 3536; x_wconf 89' lang='lat' dir='ltr'><strong>sunt</strong></span> <span class='ocrx_word' id='word_1_555' title='bbox 1439 3482 1723 3537; x_wconf 79' lang='lat' dir='ltr'><strong>scientiam</strong></span> <span class='ocrx_word' id='word_1_556' title='bbox 1755 3499 1960 3554; x_wconf 84' lang='lat' dir='ltr'><strong>veram,</strong></span> <span class='ocrx_word' id='word_1_557' title='bbox 2063 3490 2187 3547; x_wconf 85' lang='lat' dir='ltr'><strong>ham</strong></span> <span class='ocrx_word' id='word_1_558' title='bbox 2218 3506 2339 3545; x_wconf 89' lang='lat' dir='ltr'><strong>cum</strong></span> <span class='ocrx_word' id='word_1_559' title='bbox 2373 3491 2547 3560; x_wconf 74' lang='lat' dir='ltr'><strong>pergit</strong></span> <span class='ocrx_word' id='word_1_560' title='bbox 2601 3504 2826 3546; x_wconf 78' lang='lat' dir='ltr'><strong>uxorem</strong></span> <span class='ocrx_word' id='word_1_561' title='bbox 2883 3489 3166 3558; x_wconf 83' lang='lat' dir='ltr'><strong>spondere,</strong></span> <span class='ocrx_word' id='word_1_562' title='bbox 3220 3483 3302 3538; x_wconf 85' lang='lat' dir='ltr'><strong>vel</strong></span> <span class='ocrx_word' id='word_1_563' title='bbox 3363 3482 3628 3536; x_wconf 71' lang='grc' dir='ltr'><strong>ἀεάυιὲθτθ</strong></span> 
     </span>
    </p>
   </div>
   <div class='ocr_carea' id='block_1_37' title="bbox 399 3571 3623 3656">
    <p class='ocr_par' dir='ltr' id='par_1_37' title="bbox 399 3571 3623 3656">
     <span class='ocr_line' id='line_1_37' title="bbox 399 3571 3623 3656; baseline -0.003 -33"><span class='ocrx_word' id='word_1_564' title='bbox 399 3571 678 3626; x_wconf 88' lang='lat' dir='ltr'><strong>utscirem</strong></span> <span class='ocrx_word' id='word_1_565' title='bbox 708 3572 1068 3628; x_wconf 88' lang='lat' dir='ltr'><strong>substantiam</strong></span> <span class='ocrx_word' id='word_1_566' title='bbox 1097 3575 1303 3641; x_wconf 90' lang='lat' dir='ltr'><strong>mundi,</strong></span> <span class='ocrx_word' id='word_1_567' title='bbox 1331 3583 1384 3628; x_wconf 91' lang='lat' dir='ltr'><strong>et</strong></span> <span class='ocrx_word' id='word_1_568' title='bbox 1421 3575 1811 3631; x_wconf 87' lang='lat' dir='ltr'><strong>elementorum</strong></span> <span class='ocrx_word' id='word_1_569' title='bbox 1853 3576 1963 3631; x_wconf 82' lang='lat' dir='ltr'><strong>vir-</strong></span> <span class='ocrx_word' id='word_1_570' title='bbox 2062 3584 2238 3650; x_wconf 68' lang='lat' dir='ltr'><strong>Isaac,</strong></span> <span class='ocrx_word' id='word_1_571' title='bbox 2266 3585 2404 3656; x_wconf 62' lang='lat' dir='ltr'><strong>apud</strong></span> <span class='ocrx_word' id='word_1_572' title='bbox 2463 3594 2682 3656; x_wconf 55' lang='lat' dir='ltr'><strong>pureum</strong></span> <span class='ocrx_word' id='word_1_573' title='bbox 2719 3582 2919 3638; x_wconf 69' lang='grc' dir='ltr'><strong>ίηνεηει</strong></span> <span class='ocrx_word' id='word_1_574' title='bbox 2975 3581 3274 3635; x_wconf 62' lang='lat' dir='ltr'><strong>Rebecca&quot;,</strong></span> <span class='ocrx_word' id='word_1_575' title='bbox 3312 3616 3329 3642; x_wconf 55' lang='lat'><strong>,</strong></span> <span class='ocrx_word' id='word_1_576' title='bbox 3373 3590 3494 3646; x_wconf 57' lang='lat' dir='ltr'><strong>qua;</strong></span> <span class='ocrx_word' id='word_1_577' title='bbox 3540 3573 3623 3628; x_wconf 75' lang='lat' dir='ltr'><strong>in-</strong></span> 
     </span>
    </p>
   </div>
   <div class='ocr_carea' id='block_1_38' title="bbox 397 3663 3622 3746">
    <p class='ocr_par' dir='ltr' id='par_1_38' title="bbox 397 3663 3622 3746">
     <span class='ocr_line' id='line_1_38' title="bbox 397 3663 3622 3746; baseline -0.003 -17"><span class='ocrx_word' id='word_1_578' title='bbox 397 3668 588 3728; x_wconf 72' lang='lat' dir='ltr'><strong>tetem.</strong></span> <span class='ocrx_word' id='word_1_579' title='bbox 617 3663 828 3718; x_wconf 84' lang='lat' dir='ltr'><strong>initium</strong></span> <span class='ocrx_word' id='word_1_580' title='bbox 854 3673 908 3720; x_wconf 84' lang='lat' dir='ltr'><strong>et</strong></span> <span class='ocrx_word' id='word_1_581' title='bbox 935 3663 1093 3719; x_wconf 78' lang='lat' dir='ltr'><strong>ﬁnem</strong></span> <span class='ocrx_word' id='word_1_582' title='bbox 1136 3674 1191 3720; x_wconf 88' lang='lat' dir='ltr'><strong>et</strong></span> <span class='ocrx_word' id='word_1_583' title='bbox 1238 3666 1611 3732; x_wconf 77' lang='lat' dir='ltr'><strong>medietatem.</strong></span> <span class='ocrx_word' id='word_1_584' title='bbox 1653 3675 1958 3735; x_wconf 83' lang='lat' dir='ltr'><strong>temporum</strong></span> <span class='ocrx_word' id='word_1_585' title='bbox 2063 3686 2392 3746; x_wconf 84' lang='lat' dir='ltr'><strong>terpretatur</strong></span> <span class='ocrx_word' id='word_1_586' title='bbox 2462 3677 2712 3742; x_wconf 77' lang='lat' dir='ltr'><strong>patientia</strong></span> <span class='ocrx_word' id='word_1_587' title='bbox 2785 3674 2895 3745; x_wconf 74' lang='grc' dir='ltr'><strong>(δυ)</strong></span> <span class='ocrx_word' id='word_1_588' title='bbox 2952 3689 2967 3726; x_wconf 85' lang='lat'><strong>:</strong></span> <span class='ocrx_word' id='word_1_589' title='bbox 3024 3672 3138 3726; x_wconf 78' lang='lat' dir='ltr'><strong>haec</strong></span> <span class='ocrx_word' id='word_1_590' title='bbox 3198 3669 3427 3723; x_wconf 72' lang='lat' dir='ltr'><strong>elﬁcitur</strong></span> <span class='ocrx_word' id='word_1_591' title='bbox 3485 3683 3622 3722; x_wconf 90' lang='lat' dir='ltr'><strong>uxor</strong></span> 
     </span>
    </p>
   </div>
   <div class='ocr_carea' id='block_1_39' title="bbox 394 3751 2003 3836">
    <p class='ocr_par' dir='ltr' id='par_1_39' title="bbox 394 3751 1963 3822">
     <span class='ocr_line' id='line_1_39' title="bbox 394 3751 1963 3822; baseline 0.008 -19"><span class='ocrx_word' id='word_1_592' title='bbox 394 3751 825 3808; x_wconf 86' lang='lat' dir='ltr'><strong>vicissitudinem</strong></span> <span class='ocrx_word' id='word_1_593' title='bbox 854 3794 869 3820; x_wconf 87' lang='lat'><strong>,</strong></span> <span class='ocrx_word' id='word_1_594' title='bbox 929 3755 1354 3822; x_wconf 88' lang='lat' dir='ltr'><strong>permutationes</strong></span> <span class='ocrx_word' id='word_1_595' title='bbox 1403 3767 1457 3811; x_wconf 92' lang='lat' dir='ltr'><strong>et</strong></span> <span class='ocrx_word' id='word_1_596' title='bbox 1506 3759 1963 3816; x_wconf 89' lang='lat' dir='ltr'><strong>commutationes</strong></span> 
     </span>
    </p>
   </div>
   <div class='ocr_carea' id='block_1_40' title="bbox 2012 3751 3621 3836">
    <p class='ocr_par' dir='ltr' id='par_1_40' title="bbox 2061 3759 3621 3836">
     <span class='ocr_line' id='line_1_40' title="bbox 2061 3759 3621 3836; baseline -0.009 -12"><span class='ocrx_word' id='word_1_597' title='bbox 2061 3769 2227 3832; x_wconf 88' lang='lat' dir='ltr'><strong>lsaac,</strong></span> <span class='ocrx_word' id='word_1_598' title='bbox 2257 3785 2361 3823; x_wconf 92' lang='lat' dir='ltr'><strong>non</strong></span> <span class='ocrx_word' id='word_1_599' title='bbox 2385 3767 2515 3823; x_wconf 87' lang='lat' dir='ltr'><strong>alibi</strong></span> <span class='ocrx_word' id='word_1_600' title='bbox 2549 3768 2648 3827; x_wconf 88' lang='lat' dir='ltr'><strong>nisi</strong></span> <span class='ocrx_word' id='word_1_601' title='bbox 2681 3767 2818 3836; x_wconf 91' lang='lat' dir='ltr'><strong>apud</strong></span> <span class='ocrx_word' id='word_1_602' title='bbox 2870 3774 3079 3832; x_wconf 92' lang='lat' dir='ltr'><strong>puteos.</strong></span> <span class='ocrx_word' id='word_1_603' title='bbox 3117 3761 3379 3817; x_wconf 89' lang='lat' dir='ltr'><strong>Similiter</strong></span> <span class='ocrx_word' id='word_1_604' title='bbox 3433 3770 3487 3814; x_wconf 90' lang='lat' dir='ltr'><strong>et</strong></span> <span class='ocrx_word' id='word_1_605' title='bbox 3533 3759 3621 3811; x_wconf 87' lang='lat' dir='ltr'><strong>.la-</strong></span> 
     </span>
    </p>
   </div>
   <div class='ocr_carea' id='block_1_41' title="bbox 396 3845 3626 3928">
    <p class='ocr_par' dir='ltr' id='par_1_41' title="bbox 396 3845 3626 3928">
     <span class='ocr_line' id='line_1_41' title="bbox 396 3845 3626 3928; baseline -0.001 -34"><span class='ocrx_word' id='word_1_606' title='bbox 396 3851 724 3912; x_wconf 86' lang='lat' dir='ltr'><strong>temporum,</strong></span> <span class='ocrx_word' id='word_1_607' title='bbox 755 3845 880 3900; x_wconf 91' lang='lat' dir='ltr'><strong>anni</strong></span> <span class='ocrx_word' id='word_1_608' title='bbox 915 3845 1147 3901; x_wconf 87' lang='lat' dir='ltr'><strong>circulos</strong></span> <span class='ocrx_word' id='word_1_609' title='bbox 1195 3854 1251 3900; x_wconf 85' lang='lat' dir='ltr'><strong>et</strong></span> <span class='ocrx_word' id='word_1_610' title='bbox 1308 3857 1578 3902; x_wconf 88' lang='lat' dir='ltr'><strong>astrorum</strong></span> <span class='ocrx_word' id='word_1_611' title='bbox 1625 3850 1958 3918; x_wconf 88' lang='lat' dir='ltr'><strong>positiones,</strong></span> <span class='ocrx_word' id='word_1_612' title='bbox 2061 3862 2183 3926; x_wconf 68' lang='grc' dir='ltr'><strong>σοι),</strong></span> <span class='ocrx_word' id='word_1_613' title='bbox 2222 3876 2344 3916; x_wconf 77' lang='lat' dir='ltr'><strong>cum</strong></span> <span class='ocrx_word' id='word_1_614' title='bbox 2395 3860 2446 3914; x_wconf 73' lang='lat' dir='ltr'><strong>in</strong></span> <span class='ocrx_word' id='word_1_615' title='bbox 2511 3858 2953 3928; x_wconf 54' lang='lat' dir='ltr'><strong>Mesopotamiam</strong></span> <span class='ocrx_word' id='word_1_616' title='bbox 3005 3856 3174 3918; x_wconf 72' lang='grc' dir='ltr'><strong>νρηῑι,</strong></span> <span class='ocrx_word' id='word_1_617' title='bbox 3233 3855 3438 3909; x_wconf 65' lang='lat' dir='ltr'><strong>habens</strong></span> <span class='ocrx_word' id='word_1_618' title='bbox 3489 3867 3626 3920; x_wconf 60' lang='grc' dir='ltr'>ρι-ω-</span> 
     </span>
    </p>
   </div>
   <div class='ocr_carea' id='block_1_42' title="bbox 395 3937 2004 4022">
    <p class='ocr_par' dir='ltr' id='par_1_42' title="bbox 395 3937 1957 4009">
     <span class='ocr_line' id='line_1_42' title="bbox 395 3937 1957 4009; baseline 0.006 -23"><span class='ocrx_word' id='word_1_619' title='bbox 395 3941 618 3991; x_wconf 85' lang='lat' dir='ltr'><strong>naturas</strong></span> <span class='ocrx_word' id='word_1_620' title='bbox 669 3937 1004 4002; x_wconf 89' lang='lat' dir='ltr'><strong>animalium,</strong></span> <span class='ocrx_word' id='word_1_621' title='bbox 1061 3946 1116 3994; x_wconf 89' lang='lat' dir='ltr'><strong>et.</strong></span> <span class='ocrx_word' id='word_1_622' title='bbox 1153 3938 1260 3992; x_wconf 90' lang='lat' dir='ltr'><strong>iras</strong></span> <span class='ocrx_word' id='word_1_623' title='bbox 1315 3939 1634 4006; x_wconf 73' lang='lat' dir='ltr'><strong>bestiarum,</strong></span> <span class='ocrx_word' id='word_1_624' title='bbox 1668 3942 1957 4009; x_wconf 88' lang='lat' dir='ltr'><strong>spirituum</strong></span> 
     </span>
    </p>
   </div>
   <div class='ocr_carea' id='block_1_43' title="bbox 2011 3937 3620 4022">
    <p class='ocr_par' dir='ltr' id='par_1_43' title="bbox 2062 3946 3620 4022">
     <span class='ocr_line' id='line_1_43' title="bbox 2062 3946 3620 4022; baseline -0.007 -14"><span class='ocrx_word' id='word_1_625' title='bbox 2062 3961 2271 4022; x_wconf 89' lang='lat' dir='ltr'><strong>ceptum</strong></span> <span class='ocrx_word' id='word_1_626' title='bbox 2307 3953 2494 4020; x_wconf 87' lang='lat' dir='ltr'><strong>patris,</strong></span> <span class='ocrx_word' id='word_1_627' title='bbox 2529 3965 2595 4003; x_wconf 91' lang='lat' dir='ltr'><strong>ne</strong></span> <span class='ocrx_word' id='word_1_628' title='bbox 2621 3948 2782 4004; x_wconf 85' lang='lat' dir='ltr'><strong>alieni</strong></span> <span class='ocrx_word' id='word_1_629' title='bbox 2838 3947 3055 4017; x_wconf 81' lang='lat' dir='ltr'><strong>generis</strong></span> <span class='ocrx_word' id='word_1_630' title='bbox 3085 3947 3167 4002; x_wconf 89' lang='lat' dir='ltr'><strong>vel</strong></span> <span class='ocrx_word' id='word_1_631' title='bbox 3202 3946 3444 4001; x_wconf 80' lang='lat' dir='ltr'><strong>extranei</strong></span> <span class='ocrx_word' id='word_1_632' title='bbox 3494 3960 3620 3998; x_wconf 86' lang='lat' dir='ltr'><strong>san-</strong></span> 
     </span>
    </p>
   </div>
   <div class='ocr_carea' id='block_1_44' title="bbox 393 4022 3617 4113">
    <p class='ocr_par' dir='ltr' id='par_1_44' title="bbox 393 4022 3617 4113">
     <span class='ocr_line' id='line_1_44' title="bbox 393 4022 3617 4113; baseline 0.003 -41"><span class='ocrx_word' id='word_1_633' title='bbox 393 4022 701 4089; x_wconf 87' lang='lat' dir='ltr'><strong>violentias,</strong></span> <span class='ocrx_word' id='word_1_634' title='bbox 726 4033 779 4080; x_wconf 89' lang='lat' dir='ltr'><strong>et</strong></span> <span class='ocrx_word' id='word_1_635' title='bbox 823 4027 1186 4094; x_wconf 82' lang='lat' dir='ltr'><strong>cogitationes</strong></span> <span class='ocrx_word' id='word_1_636' title='bbox 1245 4026 1521 4082; x_wconf 90' lang='lat' dir='ltr'><strong>hominum</strong></span> <span class='ocrx_word' id='word_1_637' title='bbox 1553 4071 1567 4093; x_wconf 92' lang='lat'><strong>,</strong></span> <span class='ocrx_word' id='word_1_638' title='bbox 1626 4030 1960 4090; x_wconf 73' lang='lat' dir='ltr'><strong>iliﬂ‘erentias</strong></span> <span class='ocrx_word' id='word_1_639' title='bbox 2061 4041 2238 4113; x_wconf 79' lang='lat' dir='ltr'><strong>guinis</strong></span> <span class='ocrx_word' id='word_1_640' title='bbox 2266 4040 2543 4109; x_wconf 86' lang='lat' dir='ltr'><strong>conjugem</strong></span> <span class='ocrx_word' id='word_1_641' title='bbox 2591 4046 2846 4100; x_wconf 86' lang='lat' dir='ltr'><strong>sumeret,</strong></span> <span class='ocrx_word' id='word_1_642' title='bbox 2891 4035 3031 4104; x_wconf 90' lang='lat' dir='ltr'><strong>apud</strong></span> <span class='ocrx_word' id='word_1_643' title='bbox 3067 4043 3256 4104; x_wconf 90' lang='lat' dir='ltr'><strong>puteos</strong></span> <span class='ocrx_word' id='word_1_644' title='bbox 3289 4033 3450 4088; x_wconf 87' lang='lat' dir='ltr'><strong>etiam</strong></span> <span class='ocrx_word' id='word_1_645' title='bbox 3500 4033 3617 4099; x_wconf 87' lang='lat' dir='ltr'><strong>ipse</strong></span> 
     </span>
    </p>
   </div>
   <div class='ocr_carea' id='block_1_45' title="bbox 393 4113 3616 4202">
    <p class='ocr_par' dir='ltr' id='par_1_45' title="bbox 393 4113 3616 4202">
     <span class='ocr_line' id='line_1_45' title="bbox 393 4113 3616 4202; baseline 0.005 -37"><span class='ocrx_word' id='word_1_646' title='bbox 393 4113 772 4183; x_wconf 84' lang='lat' dir='ltr'><strong>virgultorum,</strong></span> <span class='ocrx_word' id='word_1_647' title='bbox 799 4125 853 4171; x_wconf 92' lang='lat' dir='ltr'><strong>et</strong></span> <span class='ocrx_word' id='word_1_648' title='bbox 882 4119 1107 4172; x_wconf 89' lang='lat' dir='ltr'><strong>virtutes</strong></span> <span class='ocrx_word' id='word_1_649' title='bbox 1143 4118 1406 4174; x_wconf 86' lang='lat' dir='ltr'><strong>radicum.</strong></span> <span class='ocrx_word' id='word_1_650' title='bbox 1460 4138 1479 4172; x_wconf 74' lang='grc' dir='ltr'><strong><em>ι</em></strong></span> <span class='ocrx_word' id='word_1_651' title='bbox 1548 4119 1707 4177; x_wconf 85' lang='lat' dir='ltr'><strong>Vides</strong></span> <span class='ocrx_word' id='word_1_652' title='bbox 1765 4125 1955 4194; x_wconf 82' lang='lat' dir='ltr'><strong>quanti</strong></span> <span class='ocrx_word' id='word_1_653' title='bbox 2061 4134 2265 4189; x_wconf 80' lang='lat' dir='ltr'><strong>invenit</strong></span> <span class='ocrx_word' id='word_1_654' title='bbox 2295 4131 2518 4186; x_wconf 83' lang='lat' dir='ltr'><strong>Rachel.</strong></span> <span class='ocrx_word' id='word_1_655' title='bbox 2561 4132 2627 4186; x_wconf 86' lang='lat' dir='ltr'><strong>Et</strong></span> <span class='ocrx_word' id='word_1_656' title='bbox 2655 4131 2863 4202; x_wconf 74' lang='lat' dir='ltr'><strong>Moyses</strong></span> <span class='ocrx_word' id='word_1_657' title='bbox 2894 4128 3194 4200; x_wconf 88' lang='lat' dir='ltr'><strong>Sephoram</strong></span> <span class='ocrx_word' id='word_1_658' title='bbox 3244 4127 3382 4196; x_wconf 91' lang='lat' dir='ltr'><strong>apud</strong></span> <span class='ocrx_word' id='word_1_659' title='bbox 3427 4136 3616 4194; x_wconf 87' lang='lat' dir='ltr'><strong>puteos</strong></span> 
     </span>
    </p>
   </div>
   <div class='ocr_carea' id='block_1_46' title="bbox 393 4207 2002 4296">
    <p class='ocr_par' dir='ltr' id='par_1_46' title="bbox 393 4207 1956 4279">
     <span class='ocr_line' id='line_1_46' title="bbox 393 4207 1956 4279; baseline 0.008 -17"><span class='ocrx_word' id='word_1_660' title='bbox 393 4217 518 4262; x_wconf 87' lang='lat' dir='ltr'><strong>sunt</strong></span> <span class='ocrx_word' id='word_1_661' title='bbox 545 4207 691 4276; x_wconf 88' lang='lat' dir='ltr'><strong>putei</strong></span> <span class='ocrx_word' id='word_1_662' title='bbox 743 4209 795 4264; x_wconf 92' lang='lat' dir='ltr'><strong>in</strong></span> <span class='ocrx_word' id='word_1_663' title='bbox 855 4224 1032 4264; x_wconf 90' lang='lat' dir='ltr'><strong>rerum</strong></span> <span class='ocrx_word' id='word_1_664' title='bbox 1074 4211 1343 4266; x_wconf 75' lang='lat' dir='ltr'><strong>scientia?</strong></span> <span class='ocrx_word' id='word_1_665' title='bbox 1384 4209 1584 4266; x_wconf 90' lang='lat' dir='ltr'><strong>Puteus</strong></span> <span class='ocrx_word' id='word_1_666' title='bbox 1626 4225 1745 4279; x_wconf 88' lang='lat' dir='ltr'><strong>est,</strong></span> <span class='ocrx_word' id='word_1_667' title='bbox 1805 4219 1956 4274; x_wconf 90' lang='lat' dir='ltr'><strong>verbi</strong></span> 
     </span>
    </p>
   </div>
   <div class='ocr_carea' id='block_1_47' title="bbox 2007 4207 3616 4296">
    <p class='ocr_par' dir='ltr' id='par_1_47' title="bbox 2059 4219 3616 4296">
     <span class='ocr_line' id='line_1_47' title="bbox 2059 4219 3616 4296; baseline -0.008 -14"><span class='ocrx_word' id='word_1_668' title='bbox 2059 4225 2345 4296; x_wconf 84' lang='lat' dir='ltr'><strong>reperit“.</strong></span> <span class='ocrx_word' id='word_1_669' title='bbox 2378 4225 2434 4279; x_wconf 90' lang='lat' dir='ltr'><strong>Si</strong></span> <span class='ocrx_word' id='word_1_670' title='bbox 2462 4241 2590 4296; x_wconf 84' lang='lat' dir='ltr'><strong>ergo</strong></span> <span class='ocrx_word' id='word_1_671' title='bbox 2634 4223 2942 4279; x_wconf 84' lang='lat' dir='ltr'><strong>intellexisti</strong></span> <span class='ocrx_word' id='word_1_672' title='bbox 3001 4237 3120 4291; x_wconf 62' lang='lat' dir='ltr'><strong>quae</strong></span> <span class='ocrx_word' id='word_1_673' title='bbox 3155 4221 3457 4290; x_wconf 83' lang='lat' dir='ltr'><strong>qualesque</strong></span> <span class='ocrx_word' id='word_1_674' title='bbox 3505 4219 3616 4272; x_wconf 87' lang='lat' dir='ltr'><strong>sint</strong></span> 
     </span>
    </p>
   </div>
   <div class='ocr_carea' id='block_1_48' title="bbox 393 4300 3617 4383">
    <p class='ocr_par' dir='ltr' id='par_1_48' title="bbox 393 4300 3617 4383">
     <span class='ocr_line' id='line_1_48' title="bbox 393 4300 3617 4383; baseline 0.006 -30"><span class='ocrx_word' id='word_1_675' title='bbox 393 4300 584 4368; x_wconf 82' lang='lat' dir='ltr'><strong>gratia,</strong></span> <span class='ocrx_word' id='word_1_676' title='bbox 614 4301 841 4355; x_wconf 86' lang='lat' dir='ltr'><strong>scientia</strong></span> <span class='ocrx_word' id='word_1_677' title='bbox 865 4303 1248 4371; x_wconf 88' lang='lat' dir='ltr'><strong>virgultorum,</strong></span> <span class='ocrx_word' id='word_1_678' title='bbox 1282 4315 1336 4361; x_wconf 90' lang='lat' dir='ltr'><strong>et</strong></span> <span class='ocrx_word' id='word_1_679' title='bbox 1371 4307 1509 4363; x_wconf 85' lang='lat' dir='ltr'><strong>forte</strong></span> <span class='ocrx_word' id='word_1_680' title='bbox 1535 4309 1957 4379; x_wconf 87' lang='lat' dir='ltr'><strong>uniuscujusque</strong></span> <span class='ocrx_word' id='word_1_681' title='bbox 2061 4334 2259 4374; x_wconf 79' lang='lat' dir='ltr'><strong>uxores</strong></span> <span class='ocrx_word' id='word_1_682' title='bbox 2280 4326 2612 4383; x_wconf 86' lang='lat' dir='ltr'><strong>sanctorum,</strong></span> <span class='ocrx_word' id='word_1_683' title='bbox 2639 4316 2801 4372; x_wconf 83' lang='lat' dir='ltr'><strong>etiam</strong></span> <span class='ocrx_word' id='word_1_684' title='bbox 2850 4327 2902 4370; x_wconf 93' lang='lat' dir='ltr'><strong>tu</strong></span> <span class='ocrx_word' id='word_1_685' title='bbox 2968 4314 3013 4369; x_wconf 86' lang='lat' dir='ltr'><strong>si</strong></span> <span class='ocrx_word' id='word_1_686' title='bbox 3065 4316 3142 4368; x_wconf 85' lang='lat' dir='ltr'><strong>vis</strong></span> <span class='ocrx_word' id='word_1_687' title='bbox 3198 4311 3512 4383; x_wconf 73' lang='lat' dir='ltr'><strong>patientiam</strong></span> <span class='ocrx_word' id='word_1_688' title='bbox 3563 4309 3617 4364; x_wconf 77' lang='lat' dir='ltr'><strong>in</strong></span> 
     </span>
    </p>
   </div>
   <div class='ocr_carea' id='block_1_49' title="bbox 390 4391 3622 4478">
    <p class='ocr_par' dir='ltr' id='par_1_49' title="bbox 390 4391 3622 4478">
     <span class='ocr_line' id='line_1_49' title="bbox 390 4391 3622 4478; baseline 0.004 -35"><span class='ocrx_word' id='word_1_689' title='bbox 390 4391 612 4461; x_wconf 82' lang='lat' dir='ltr'><strong>virgulti</strong></span> <span class='ocrx_word' id='word_1_690' title='bbox 635 4403 833 4447; x_wconf 88' lang='lat' dir='ltr'><strong>natura</strong></span> <span class='ocrx_word' id='word_1_691' title='bbox 858 4394 1022 4450; x_wconf 89' lang='lat' dir='ltr'><strong>habet</strong></span> <span class='ocrx_word' id='word_1_692' title='bbox 1055 4397 1335 4466; x_wconf 89' lang='lat' dir='ltr'><strong>proprium</strong></span> <span class='ocrx_word' id='word_1_693' title='bbox 1370 4410 1610 4468; x_wconf 89' lang='lat' dir='ltr'><strong>puteum.</strong></span> <span class='ocrx_word' id='word_1_694' title='bbox 1665 4400 1731 4454; x_wconf 90' lang='lat' dir='ltr'><strong>Et</strong></span> <span class='ocrx_word' id='word_1_695' title='bbox 1759 4405 1954 4456; x_wconf 90' lang='lat' dir='ltr'><strong>iterum</strong></span> <span class='ocrx_word' id='word_1_696' title='bbox 2060 4406 2370 4478; x_wconf 90' lang='lat' dir='ltr'><strong>conjugimu</strong></span> <span class='ocrx_word' id='word_1_697' title='bbox 2404 4407 2496 4461; x_wconf 92' lang='lat' dir='ltr'><strong>tibi</strong></span> <span class='ocrx_word' id='word_1_698' title='bbox 2525 4407 2865 4472; x_wconf 86' lang='lat' dir='ltr'><strong>adsciscere,</strong></span> <span class='ocrx_word' id='word_1_699' title='bbox 2888 4406 2930 4461; x_wconf 90' lang='lat' dir='ltr'><strong>si</strong></span> <span class='ocrx_word' id='word_1_700' title='bbox 2959 4405 3311 4474; x_wconf 84' lang='lat' dir='ltr'><strong>sapientiam,</strong></span> <span class='ocrx_word' id='word_1_701' title='bbox 3335 4411 3389 4457; x_wconf 92' lang='lat' dir='ltr'><strong>et</strong></span> <span class='ocrx_word' id='word_1_702' title='bbox 3421 4403 3466 4455; x_wconf 90' lang='lat' dir='ltr'><strong>si</strong></span> <span class='ocrx_word' id='word_1_703' title='bbox 3502 4415 3622 4470; x_wconf 67' lang='lat' dir='ltr'><strong>qua:</strong></span> 
     </span>
    </p>
   </div>
   <div class='ocr_carea' id='block_1_50' title="bbox 391 4485 3624 4566">
    <p class='ocr_par' dir='ltr' id='par_1_50' title="bbox 391 4485 3624 4566">
     <span class='ocr_line' id='line_1_50' title="bbox 391 4485 3624 4566; baseline 0.003 -31"><span class='ocrx_word' id='word_1_704' title='bbox 391 4493 585 4551; x_wconf 88' lang='lat' dir='ltr'><strong>puteus</strong></span> <span class='ocrx_word' id='word_1_705' title='bbox 616 4493 700 4540; x_wconf 90' lang='lat' dir='ltr'><strong>est</strong></span> <span class='ocrx_word' id='word_1_706' title='bbox 725 4485 792 4540; x_wconf 92' lang='lat' dir='ltr'><strong>de</strong></span> <span class='ocrx_word' id='word_1_707' title='bbox 818 4486 1138 4542; x_wconf 89' lang='lat' dir='ltr'><strong>animalium</strong></span> <span class='ocrx_word' id='word_1_708' title='bbox 1163 4489 1411 4555; x_wconf 91' lang='lat' dir='ltr'><strong>scientia,</strong></span> <span class='ocrx_word' id='word_1_709' title='bbox 1439 4501 1490 4545; x_wconf 93' lang='lat' dir='ltr'><strong>et</strong></span> <span class='ocrx_word' id='word_1_710' title='bbox 1530 4490 1670 4546; x_wconf 88' lang='lat' dir='ltr'><strong>forte</strong></span> <span class='ocrx_word' id='word_1_711' title='bbox 1699 4507 1956 4561; x_wconf 65' lang='lat' dir='ltr'><strong>unaquas-</strong></span> <span class='ocrx_word' id='word_1_712' title='bbox 1987 4491 2030 4546; x_wconf 91' lang='lat' dir='ltr'><strong>D</strong></span> <span class='ocrx_word' id='word_1_713' title='bbox 2059 4497 2178 4552; x_wconf 73' lang='lat' dir='ltr'><strong>aliae</strong></span> <span class='ocrx_word' id='word_1_714' title='bbox 2210 4509 2336 4552; x_wconf 89' lang='lat' dir='ltr'><strong>sunt</strong></span> <span class='ocrx_word' id='word_1_715' title='bbox 2365 4498 2561 4552; x_wconf 73' lang='lat' dir='ltr'><strong>animae</strong></span> <span class='ocrx_word' id='word_1_716' title='bbox 2585 4497 2830 4561; x_wconf 86' lang='lat' dir='ltr'><strong>virtutes,</strong></span> <span class='ocrx_word' id='word_1_717' title='bbox 2859 4506 2911 4551; x_wconf 90' lang='lat' dir='ltr'><strong>et</strong></span> <span class='ocrx_word' id='word_1_718' title='bbox 2946 4497 3127 4551; x_wconf 77' lang='lat' dir='ltr'><strong>dicere</strong></span> <span class='ocrx_word' id='word_1_719' title='bbox 3156 4495 3296 4566; x_wconf 89' lang='lat' dir='ltr'><strong>quod</strong></span> <span class='ocrx_word' id='word_1_720' title='bbox 3331 4497 3394 4548; x_wconf 88' lang='lat' dir='ltr'><strong>de</strong></span> <span class='ocrx_word' id='word_1_721' title='bbox 3417 4492 3624 4561; x_wconf 87' lang='lat' dir='ltr'><strong>sapien-</strong></span> 
     </span>
    </p>
   </div>
   <div class='ocr_carea' id='block_1_51' title="bbox 390 4576 3624 4654">
    <p class='ocr_par' dir='ltr' id='par_1_51' title="bbox 390 4576 3624 4654">
     <span class='ocr_line' id='line_1_51' title="bbox 390 4576 3624 4654; baseline 0.003 -26"><span class='ocrx_word' id='word_1_722' title='bbox 390 4589 498 4644; x_wconf 86' lang='lat' dir='ltr'><strong>que</strong></span> <span class='ocrx_word' id='word_1_723' title='bbox 528 4576 740 4645; x_wconf 87' lang='lat' dir='ltr'><strong>species</strong></span> <span class='ocrx_word' id='word_1_724' title='bbox 761 4578 1070 4634; x_wconf 89' lang='lat' dir='ltr'><strong>animalium</strong></span> <span class='ocrx_word' id='word_1_725' title='bbox 1109 4581 1385 4649; x_wconf 85' lang='lat' dir='ltr'><strong>proprium</strong></span> <span class='ocrx_word' id='word_1_726' title='bbox 1419 4581 1584 4636; x_wconf 88' lang='lat' dir='ltr'><strong>habet</strong></span> <span class='ocrx_word' id='word_1_727' title='bbox 1606 4590 1848 4650; x_wconf 88' lang='lat' dir='ltr'><strong>puteum.</strong></span> <span class='ocrx_word' id='word_1_728' title='bbox 1889 4584 1958 4641; x_wconf 85' lang='lat' dir='ltr'><strong>Et</strong></span> <span class='ocrx_word' id='word_1_729' title='bbox 2060 4591 2130 4644; x_wconf 88' lang='lat' dir='ltr'><strong>tia</strong></span> <span class='ocrx_word' id='word_1_730' title='bbox 2158 4589 2359 4645; x_wconf 83' lang='lat' dir='ltr'><strong>dictum</strong></span> <span class='ocrx_word' id='word_1_731' title='bbox 2379 4598 2462 4644; x_wconf 92' lang='lat' dir='ltr'><strong>est</strong></span> <span class='ocrx_word' id='word_1_732' title='bbox 2484 4589 2526 4621; x_wconf 82' lang='lat'><strong>&quot;</strong></span> <span class='ocrx_word' id='word_1_733' title='bbox 2552 4605 2564 4642; x_wconf 93' lang='lat'><strong>:</strong></span> <span class='ocrx_word' id='word_1_734' title='bbox 2596 4588 2773 4644; x_wconf 70' lang='lat' dir='ltr'><strong>«Hanc</strong></span> <span class='ocrx_word' id='word_1_735' title='bbox 2797 4587 2998 4652; x_wconf 84' lang='lat' dir='ltr'><strong>amavi,</strong></span> <span class='ocrx_word' id='word_1_736' title='bbox 3033 4587 3174 4640; x_wconf 87' lang='lat' dir='ltr'><strong>hanc</strong></span> <span class='ocrx_word' id='word_1_737' title='bbox 3201 4584 3421 4654; x_wconf 77' lang='grc' dir='ltr'><strong>(μιωείνί</strong></span> <span class='ocrx_word' id='word_1_738' title='bbox 3449 4585 3624 4640; x_wconf 90' lang='lat' dir='ltr'><strong>addu-</strong></span> 
     </span>
    </p>
   </div>
   <div class='ocr_carea' id='block_1_52' title="bbox 389 4667 3619 4748">
    <p class='ocr_par' dir='ltr' id='par_1_52' title="bbox 389 4667 3619 4748">
     <span class='ocr_line' id='line_1_52' title="bbox 389 4667 3619 4748; baseline 0.003 -26"><span class='ocrx_word' id='word_1_739' title='bbox 389 4667 584 4724; x_wconf 90' lang='lat' dir='ltr'><strong>iterum</strong></span> <span class='ocrx_word' id='word_1_740' title='bbox 611 4679 812 4740; x_wconf 87' lang='lat' dir='ltr'><strong>puteus</strong></span> <span class='ocrx_word' id='word_1_741' title='bbox 832 4680 915 4727; x_wconf 86' lang='lat' dir='ltr'><strong>est</strong></span> <span class='ocrx_word' id='word_1_742' title='bbox 943 4673 1012 4727; x_wconf 92' lang='lat' dir='ltr'><strong>de</strong></span> <span class='ocrx_word' id='word_1_743' title='bbox 1045 4673 1253 4728; x_wconf 89' lang='lat' dir='ltr'><strong>ratione</strong></span> <span class='ocrx_word' id='word_1_744' title='bbox 1283 4682 1606 4744; x_wconf 87' lang='lat' dir='ltr'><strong>temporum,</strong></span> <span class='ocrx_word' id='word_1_745' title='bbox 1639 4683 1693 4730; x_wconf 88' lang='lat' dir='ltr'><strong>et</strong></span> <span class='ocrx_word' id='word_1_746' title='bbox 1739 4675 1954 4733; x_wconf 88' lang='lat' dir='ltr'><strong>vicissi-</strong></span> <span class='ocrx_word' id='word_1_747' title='bbox 2056 4696 2183 4737; x_wconf 91' lang='lat' dir='ltr'><strong>cere</strong></span> <span class='ocrx_word' id='word_1_748' title='bbox 2210 4681 2339 4736; x_wconf 89' lang='lat' dir='ltr'><strong>mihi</strong></span> <span class='ocrx_word' id='word_1_749' title='bbox 2368 4696 2587 4736; x_wconf 82' lang='lat' dir='ltr'><strong>uxorem</strong></span> <span class='ocrx_word' id='word_1_750' title='bbox 2625 4699 2638 4735; x_wconf 89' lang='lat'><strong>:</strong></span> <span class='ocrx_word' id='word_1_751' title='bbox 2676 4701 2695 4734; x_wconf 73' lang='grc' dir='ltr'><strong><em>ι</em></strong></span> <span class='ocrx_word' id='word_1_752' title='bbox 2724 4691 2841 4735; x_wconf 89' lang='lat' dir='ltr'><strong>esto</strong></span> <span class='ocrx_word' id='word_1_753' title='bbox 2869 4679 3145 4748; x_wconf 83' lang='lat' dir='ltr'><strong>frequens,</strong></span> <span class='ocrx_word' id='word_1_754' title='bbox 3203 4689 3322 4733; x_wconf 89' lang='lat' dir='ltr'><strong>esto</strong></span> <span class='ocrx_word' id='word_1_755' title='bbox 3368 4678 3619 4733; x_wconf 88' lang='lat' dir='ltr'><strong>assiduus</strong></span> 
     </span>
    </p>
   </div>
   <div class='ocr_carea' id='block_1_53' title="bbox 389 4761 3626 4841">
    <p class='ocr_par' dir='ltr' id='par_1_53' title="bbox 389 4761 3626 4841">
     <span class='ocr_line' id='line_1_53' title="bbox 389 4761 3626 4841; baseline 0.002 -25"><span class='ocrx_word' id='word_1_756' title='bbox 389 4761 594 4825; x_wconf 90' lang='lat' dir='ltr'><strong>tudine,</strong></span> <span class='ocrx_word' id='word_1_757' title='bbox 625 4777 691 4818; x_wconf 85' lang='lat' dir='ltr'><strong>ac</strong></span> <span class='ocrx_word' id='word_1_758' title='bbox 717 4764 1133 4833; x_wconf 88' lang='lat' dir='ltr'><strong>permutatione.</strong></span> <span class='ocrx_word' id='word_1_759' title='bbox 1168 4764 1236 4823; x_wconf 87' lang='lat' dir='ltr'><strong>Et</strong></span> <span class='ocrx_word' id='word_1_760' title='bbox 1275 4766 1390 4821; x_wconf 71' lang='lat' dir='ltr'><strong>haec</strong></span> <span class='ocrx_word' id='word_1_761' title='bbox 1427 4767 1637 4837; x_wconf 78' lang='lat' dir='ltr'><strong>singula</strong></span> <span class='ocrx_word' id='word_1_762' title='bbox 1695 4771 1952 4837; x_wconf 81' lang='lat' dir='ltr'><strong>quoniam</strong></span> <span class='ocrx_word' id='word_1_763' title='bbox 2055 4772 2204 4827; x_wconf 87' lang='lat' dir='ltr'><strong>circa</strong></span> <span class='ocrx_word' id='word_1_764' title='bbox 2235 4785 2428 4841; x_wconf 89' lang='lat' dir='ltr'><strong>puteos</strong></span> <span class='ocrx_word' id='word_1_765' title='bbox 2459 4774 2612 4837; x_wconf 90' lang='lat' dir='ltr'><strong>istos,</strong></span> <span class='ocrx_word' id='word_1_766' title='bbox 2640 4781 2694 4825; x_wconf 90' lang='lat' dir='ltr'><strong>et</strong></span> <span class='ocrx_word' id='word_1_767' title='bbox 2723 4771 2798 4826; x_wconf 92' lang='lat' dir='ltr'><strong>ibi</strong></span> <span class='ocrx_word' id='word_1_768' title='bbox 2835 4771 3073 4841; x_wconf 86' lang='lat' dir='ltr'><strong>reperies</strong></span> <span class='ocrx_word' id='word_1_769' title='bbox 3101 4768 3408 4840; x_wconf 84' lang='lat' dir='ltr'><strong>hujusmodi</strong></span> <span class='ocrx_word' id='word_1_770' title='bbox 3439 4768 3626 4838; x_wconf 88' lang='lat' dir='ltr'><strong>conju-</strong></span> 
     </span>
    </p>
   </div>
   <div class='ocr_carea' id='block_1_54' title="bbox 387 4853 3621 4935">
    <p class='ocr_par' dir='ltr' id='par_1_54' title="bbox 387 4853 3621 4935">
     <span class='ocr_line' id='line_1_54' title="bbox 387 4853 3621 4935; baseline 0.003 -29"><span class='ocrx_word' id='word_1_771' title='bbox 387 4853 552 4908; x_wconf 89' lang='lat' dir='ltr'><strong>altam</strong></span> <span class='ocrx_word' id='word_1_772' title='bbox 603 4855 1032 4929; x_wconf 86' lang='lat' dir='ltr'><strong>profundamque</strong></span> <span class='ocrx_word' id='word_1_773' title='bbox 1089 4859 1288 4912; x_wconf 90' lang='lat' dir='ltr'><strong>habent</strong></span> <span class='ocrx_word' id='word_1_774' title='bbox 1319 4858 1630 4924; x_wconf 89' lang='lat' dir='ltr'><strong>scientiam,</strong></span> <span class='ocrx_word' id='word_1_775' title='bbox 1664 4861 1857 4917; x_wconf 91' lang='lat' dir='ltr'><strong>merito</strong></span> <span class='ocrx_word' id='word_1_776' title='bbox 1891 4863 1954 4916; x_wconf 85' lang='lat' dir='ltr'><strong>ll-</strong></span> <span class='ocrx_word' id='word_1_777' title='bbox 2057 4880 2199 4933; x_wconf 88' lang='lat' dir='ltr'><strong>gem.</strong></span> <span class='ocrx_word' id='word_1_778' title='bbox 2227 4865 2379 4934; x_wconf 84' lang='lat' dir='ltr'><strong>Apud</strong></span> <span class='ocrx_word' id='word_1_779' title='bbox 2405 4880 2572 4935; x_wconf 74' lang='lat' dir='ltr'><strong>aquas</strong></span> <span class='ocrx_word' id='word_1_780' title='bbox 2593 4865 2737 4920; x_wconf 91' lang='lat' dir='ltr'><strong>enim</strong></span> <span class='ocrx_word' id='word_1_781' title='bbox 2771 4865 2938 4928; x_wconf 90' lang='lat' dir='ltr'><strong>vivas,</strong></span> <span class='ocrx_word' id='word_1_782' title='bbox 2968 4863 3020 4916; x_wconf 90' lang='lat' dir='ltr'><strong>id</strong></span> <span class='ocrx_word' id='word_1_783' title='bbox 3054 4874 3157 4928; x_wconf 91' lang='lat' dir='ltr'><strong>est,</strong></span> <span class='ocrx_word' id='word_1_784' title='bbox 3192 4863 3334 4933; x_wconf 89' lang='lat' dir='ltr'><strong>apud</strong></span> <span class='ocrx_word' id='word_1_785' title='bbox 3387 4860 3621 4916; x_wconf 88' lang='lat' dir='ltr'><strong>viventis</strong></span> 
     </span>
    </p>
   </div>
   <div class='ocr_carea' id='block_1_55' title="bbox 385 4951 3622 5028">
    <p class='ocr_par' dir='ltr' id='par_1_55' title="bbox 385 4951 3622 5028">
     <span class='ocr_line' id='line_1_55' title="bbox 385 4951 3622 5028; baseline 0.002 -24"><span class='ocrx_word' id='word_1_786' title='bbox 385 4951 645 5020; x_wconf 80' lang='lat' dir='ltr'><strong>gulariter</strong></span> <span class='ocrx_word' id='word_1_787' title='bbox 669 4955 819 5023; x_wconf 89' lang='lat' dir='ltr'><strong>putei</strong></span> <span class='ocrx_word' id='word_1_788' title='bbox 855 4955 1211 5026; x_wconf 86' lang='lat' dir='ltr'><strong>appellantur.</strong></span> <span class='ocrx_word' id='word_1_789' title='bbox 1243 4957 1310 5012; x_wconf 88' lang='lat' dir='ltr'><strong>Et</strong></span> <span class='ocrx_word' id='word_1_790' title='bbox 1361 4957 1532 5014; x_wconf 91' lang='lat' dir='ltr'><strong>donec</strong></span> <span class='ocrx_word' id='word_1_791' title='bbox 1578 4957 1795 5028; x_wconf 90' lang='lat' dir='ltr'><strong>quidem</strong></span> <span class='ocrx_word' id='word_1_792' title='bbox 1823 4959 1949 5012; x_wconf 86' lang='lat' dir='ltr'><strong>abs-</strong></span> <span class='ocrx_word' id='word_1_793' title='bbox 2054 4955 2206 5012; x_wconf 89' lang='lat' dir='ltr'><strong>verbi</strong></span> <span class='ocrx_word' id='word_1_794' title='bbox 2236 4955 2466 5019; x_wconf 77' lang='lat' dir='ltr'><strong>ﬂuenta,</strong></span> <span class='ocrx_word' id='word_1_795' title='bbox 2508 4968 2715 5011; x_wconf 88' lang='lat' dir='ltr'><strong>certmn</strong></span> <span class='ocrx_word' id='word_1_796' title='bbox 2749 4966 2831 5011; x_wconf 81' lang='lat' dir='ltr'><strong>es:</strong></span> <span class='ocrx_word' id='word_1_797' title='bbox 2891 4972 3085 5012; x_wconf 91' lang='lat' dir='ltr'><strong>omnes</strong></span> <span class='ocrx_word' id='word_1_798' title='bbox 3142 4955 3305 5012; x_wconf 91' lang='lat' dir='ltr'><strong>animi</strong></span> <span class='ocrx_word' id='word_1_799' title='bbox 3374 4955 3622 5010; x_wconf 88' lang='lat' dir='ltr'><strong>habitare</strong></span> 
     </span>
    </p>
   </div>
   <div class='ocr_carea' id='block_1_56' title="bbox 384 5045 3621 5122">
    <p class='ocr_par' dir='ltr' id='par_1_56' title="bbox 384 5045 3621 5122">
     <span class='ocr_line' id='line_1_56' title="bbox 384 5045 3621 5122; baseline 0.002 -25"><span class='ocrx_word' id='word_1_800' title='bbox 384 5045 664 5100; x_wconf 74' lang='lat' dir='ltr'><strong>conditura</strong></span> <span class='ocrx_word' id='word_1_801' title='bbox 699 5046 799 5103; x_wconf 89' lang='lat' dir='ltr'><strong>fuit</strong></span> <span class='ocrx_word' id='word_1_802' title='bbox 836 5051 1150 5121; x_wconf 80' lang='lat' dir='ltr'><strong>mysterium</strong></span> <span class='ocrx_word' id='word_1_803' title='bbox 1179 5050 1378 5107; x_wconf 82' lang='lat' dir='ltr'><strong>Christi</strong></span> <span class='ocrx_word' id='word_1_804' title='bbox 1413 5067 1443 5106; x_wconf 87' lang='lat' dir='ltr'><strong>a</strong></span> <span class='ocrx_word' id='word_1_805' title='bbox 1481 5052 1689 5106; x_wconf 73' lang='lat' dir='ltr'><strong>saeculis</strong></span> <span class='ocrx_word' id='word_1_806' title='bbox 1749 5065 1802 5105; x_wconf 91' lang='lat' dir='ltr'><strong>et</strong></span> <span class='ocrx_word' id='word_1_807' title='bbox 1863 5066 1951 5122; x_wconf 85' lang='lat' dir='ltr'><strong>ge-</strong></span> <span class='ocrx_word' id='word_1_808' title='bbox 2056 5050 2308 5104; x_wconf 89' lang='lat' dir='ltr'><strong>virtutes.</strong></span> <span class='ocrx_word' id='word_1_809' title='bbox 2359 5048 2499 5103; x_wconf 91' lang='lat' dir='ltr'><strong>Sunt</strong></span> <span class='ocrx_word' id='word_1_810' title='bbox 2554 5065 2682 5119; x_wconf 84' lang='lat' dir='ltr'><strong>ergo</strong></span> <span class='ocrx_word' id='word_1_811' title='bbox 2746 5050 2902 5104; x_wconf 89' lang='lat' dir='ltr'><strong>multi</strong></span> <span class='ocrx_word' id='word_1_812' title='bbox 2952 5050 3135 5120; x_wconf 89' lang='lat' dir='ltr'><strong>putei,</strong></span> <span class='ocrx_word' id='word_1_813' title='bbox 3186 5064 3324 5119; x_wconf 87' lang='lat' dir='ltr'><strong>quos</strong></span> <span class='ocrx_word' id='word_1_814' title='bbox 3378 5048 3621 5102; x_wconf 78' lang='lat' dir='ltr'><strong>diximus</strong></span> 
     </span>
    </p>
   </div>
   <div class='ocr_carea' id='block_1_57' title="bbox 384 5178 1993 5282">
    <p class='ocr_par' dir='ltr' id='par_1_57' title="bbox 384 5178 1993 5282">
     <span class='ocr_line' id='line_1_57' title="bbox 467 5178 1993 5250; baseline 0.005 -18"><span class='ocrx_word' id='word_1_815' title='bbox 467 5180 520 5212; x_wconf 67' lang='grc'>⁸⁸</span> <span class='ocrx_word' id='word_1_816' title='bbox 539 5178 799 5238; x_wconf 88' lang='lat' dir='ltr'><strong>Proverb.</strong></span> <span class='ocrx_word' id='word_1_817' title='bbox 833 5199 887 5249; x_wconf 89' lang='lat' dir='ltr'><strong>v,</strong></span> <span class='ocrx_word' id='word_1_818' title='bbox 925 5185 1010 5238; x_wconf 77' lang='lat' dir='ltr'><strong>l5.</strong></span> <span class='ocrx_word' id='word_1_819' title='bbox 1124 5187 1169 5219; x_wconf 83' lang='grc' dir='ltr'><strong>⁸ο</strong></span> <span class='ocrx_word' id='word_1_820' title='bbox 1193 5185 1348 5243; x_wconf 77' lang='lat' dir='ltr'><strong>Joan.</strong></span> <span class='ocrx_word' id='word_1_821' title='bbox 1376 5204 1491 5250; x_wconf 85' lang='lat' dir='ltr'><strong>vm,</strong></span> <span class='ocrx_word' id='word_1_822' title='bbox 1524 5189 1608 5242; x_wconf 79' lang='lat'><strong>18.</strong></span> <span class='ocrx_word' id='word_1_823' title='bbox 1728 5187 1766 5219; x_wconf 85' lang='grc'><strong>⁶¹</strong></span> <span class='ocrx_word' id='word_1_824' title='bbox 1797 5187 1953 5243; x_wconf 66' lang='lat' dir='ltr'><strong>Jnau.</strong></span> <span class='ocrx_word' id='word_1_825' title='bbox 1991 5206 1993 5211; x_wconf 51' lang='lat'><em>‘</em></span> 
     </span>
     <span class='ocr_line' id='line_1_58' title="bbox 384 5248 1993 5282; baseline 0 0"><span class='ocrx_word' id='word_1_826' title='bbox 384 5248 430 5282; x_wconf 66' lang='grc' dir='ltr'><strong>κ</strong></span> <span class='ocrx_word' id='word_1_827' title='bbox 467 5248 590 5282; x_wconf 54' lang='grc' dir='ltr'><strong>Ιλη....</strong></span> <span class='ocrx_word' id='word_1_828' title='bbox 645 5269 716 5282; x_wconf 75' lang='grc' dir='ltr'><strong>υ..</strong></span> <span class='ocrx_word' id='word_1_829' title='bbox 772 5254 838 5282; x_wconf 68' lang='grc' dir='ltr'><strong>ἰο</strong></span> <span class='ocrx_word' id='word_1_830' title='bbox 935 5257 981 5282; x_wconf 68' lang='grc' dir='ltr'>ει</span> <span class='ocrx_word' id='word_1_831' title='bbox 1009 5254 1121 5282; x_wconf 70' lang='lat' dir='ltr'><strong>n..-</strong></span> <span class='ocrx_word' id='word_1_832' title='bbox 1179 5275 1301 5282; x_wconf 88' lang='grc'><strong>-...-..</strong></span> <span class='ocrx_word' id='word_1_833' title='bbox 1402 5259 1448 5282; x_wconf 72' lang='grc' dir='ltr'>ιιι</span> <span class='ocrx_word' id='word_1_834' title='bbox 1489 5259 1593 5282; x_wconf 62' lang='grc' dir='ltr'><strong>ι)-..</strong></span> <span class='ocrx_word' id='word_1_835' title='bbox 1622 5261 1633 5282; x_wconf 92' lang='lat' dir='ltr'><strong>I</strong></span> <span class='ocrx_word' id='word_1_836' title='bbox 1685 5276 1718 5282; x_wconf 90' lang='grc'><strong>-.</strong></span> <span class='ocrx_word' id='word_1_837' title='bbox 1822 5259 1862 5282; x_wconf 72' lang='grc' dir='ltr'><strong>οισι</strong></span> <span class='ocrx_word' id='word_1_838' title='bbox 1900 5260 1993 5282; x_wconf 64' lang='grc' dir='ltr'><strong>υ-..</strong></span> 
     </span>
    </p>
   </div>
   <div class='ocr_carea' id='block_1_58' title="bbox 2009 5178 3618 5282">
    <p class='ocr_par' dir='ltr' id='par_1_58' title="bbox 2009 5188 3618 5282">
     <span class='ocr_line' id='line_1_59' title="bbox 2009 5188 3618 5282; baseline 0.001 -39"><span class='ocrx_word' id='word_1_839' title='bbox 2009 5205 2102 5282; x_wconf 72' lang='lat' dir='ltr'><strong>nv,</strong></span> <span class='ocrx_word' id='word_1_840' title='bbox 2141 5188 2250 5282; x_wconf 55' lang='lat'><strong>19.“</strong></span> <span class='ocrx_word' id='word_1_841' title='bbox 2329 5189 2373 5220; x_wconf 84' lang='grc'><strong><em>⁶²</em></strong></span> <span class='ocrx_word' id='word_1_842' title='bbox 2415 5188 2545 5260; x_wconf 86' lang='lat' dir='ltr'><strong>Sap.</strong></span> <span class='ocrx_word' id='word_1_843' title='bbox 2577 5205 2664 5257; x_wconf 88' lang='lat' dir='ltr'><strong>vn,</strong></span> <span class='ocrx_word' id='word_1_844' title='bbox 2703 5191 2768 5245; x_wconf 81' lang='lat' dir='ltr'><strong>l&#39;.’</strong></span> <span class='ocrx_word' id='word_1_845' title='bbox 2792 5201 2848 5246; x_wconf 85' lang='lat' dir='ltr'><strong>et</strong></span> <span class='ocrx_word' id='word_1_846' title='bbox 2892 5206 3043 5262; x_wconf 83' lang='lat' dir='ltr'><strong>seqq.</strong></span> <span class='ocrx_word' id='word_1_847' title='bbox 3147 5189 3384 5247; x_wconf 81' lang='lat' dir='ltr'><strong>“lCor.</strong></span> <span class='ocrx_word' id='word_1_848' title='bbox 3425 5205 3489 5259; x_wconf 85' lang='lat' dir='ltr'><strong>ll,</strong></span> <span class='ocrx_word' id='word_1_849' title='bbox 3528 5189 3618 5248; x_wconf 72' lang='lat' dir='ltr'><strong>l0.</strong></span> 
     </span>
    </p>
   </div>
   <div class='ocr_carea' id='block_1_59' title="bbox 456 5248 2270 5330">
    <p class='ocr_par' dir='ltr' id='par_1_59' title="bbox 456 5248 2270 5330">
     <span class='ocr_line' id='line_1_60' title="bbox 456 5248 2270 5330; baseline 0.004 -24"><span class='ocrx_word' id='word_1_850' title='bbox 456 5248 614 5306; x_wconf 73' lang='lat' dir='ltr'><strong>Joan.</strong></span> <span class='ocrx_word' id='word_1_851' title='bbox 645 5269 740 5316; x_wconf 78' lang='grc' dir='ltr'><strong>νη,</strong></span> <span class='ocrx_word' id='word_1_852' title='bbox 771 5248 878 5308; x_wconf 54' lang='grc' dir='ltr'><strong>58ρ</strong></span> <span class='ocrx_word' id='word_1_853' title='bbox 935 5257 981 5288; x_wconf 79' lang='grc'><strong>⁸⁵</strong></span> <span class='ocrx_word' id='word_1_854' title='bbox 1009 5254 1147 5312; x_wconf 89' lang='lat' dir='ltr'><strong>Gen.</strong></span> <span class='ocrx_word' id='word_1_855' title='bbox 1179 5275 1326 5314; x_wconf 71' lang='grc' dir='ltr'><strong>χχι-ι.</strong></span> <span class='ocrx_word' id='word_1_856' title='bbox 1402 5259 1448 5290; x_wconf 78' lang='grc'>⁸⁸</span> <span class='ocrx_word' id='word_1_857' title='bbox 1481 5248 1654 5314; x_wconf 66' lang='lat' dir='ltr'><strong>Exod.</strong></span> <span class='ocrx_word' id='word_1_858' title='bbox 1685 5276 1744 5313; x_wconf 84' lang='grc' dir='ltr'><strong>ιι.</strong></span> <span class='ocrx_word' id='word_1_859' title='bbox 1822 5259 1862 5289; x_wconf 80' lang='grc'><strong>⁸⁷</strong></span> <span class='ocrx_word' id='word_1_860' title='bbox 1899 5260 2028 5330; x_wconf 85' lang='lat' dir='ltr'><strong>Sap.</strong></span> <span class='ocrx_word' id='word_1_861' title='bbox 2060 5248 2154 5326; x_wconf 82' lang='lat' dir='ltr'><strong>vn,</strong></span> <span class='ocrx_word' id='word_1_862' title='bbox 2184 5260 2270 5315; x_wconf 73' lang='lat'><strong>10.</strong></span> 
     </span>
    </p>
   </div>
   <div class='ocr_carea' id='block_1_60' title="bbox 455 5410 3618 5512">
    <p class='ocr_par' dir='ltr' id='par_1_60' title="bbox 455 5410 3618 5512">
     <span class='ocr_line' id='line_1_61' title="bbox 455 5410 3618 5512; baseline 0.002 -42"><span class='ocrx_word' id='word_1_863' title='bbox 455 5410 1369 5512; x_wconf 33' lang='lat' dir='ltr'><strong>“SanctiTheo-dorici</strong></span> <span class='ocrx_word' id='word_1_864' title='bbox 1396 5437 1461 5512; x_wconf 54' lang='grc' dir='ltr'><strong>εξ</strong></span> <span class='ocrx_word' id='word_1_865' title='bbox 1501 5435 1606 5474; x_wconf 89' lang='lat' dir='ltr'><strong>non</strong></span> <span class='ocrx_word' id='word_1_866' title='bbox 1641 5435 1762 5512; x_wconf 64' lang='lat' dir='ltr'><strong>quae</strong></span> <span class='ocrx_word' id='word_1_867' title='bbox 1789 5419 1945 5476; x_wconf 89' lang='lat' dir='ltr'><strong>istam</strong></span> <span class='ocrx_word' id='word_1_868' title='bbox 2053 5426 2316 5512; x_wconf 56' lang='lat' dir='ltr'><strong>spectavit</strong></span> <span class='ocrx_word' id='word_1_869' title='bbox 2351 5444 2370 5478; x_wconf 73' lang='grc' dir='ltr'><strong><em>ι</em></strong></span> <span class='ocrx_word' id='word_1_870' title='bbox 2405 5426 2638 5512; x_wconf 61' lang='lat' dir='ltr'><strong>deducta</strong></span> <span class='ocrx_word' id='word_1_871' title='bbox 2689 5427 2902 5512; x_wconf 68' lang='lat' dir='ltr'><strong>videtur</strong></span> <span class='ocrx_word' id='word_1_872' title='bbox 2969 5427 3083 5512; x_wconf 68' lang='lat' dir='ltr'><strong>htec</strong></span> <span class='ocrx_word' id='word_1_873' title='bbox 3125 5423 3471 5512; x_wconf 56' lang='lat' dir='ltr'><strong>etymologia.</strong></span> 
     </span>
    </p>
   </div>
   <div class='ocr_carea' id='block_1_61' title="bbox 381 5483 3619 5569">
    <p class='ocr_par' dir='ltr' id='par_1_61' title="bbox 381 5483 3619 5569">
     <span class='ocr_line' id='line_1_62' title="bbox 381 5483 3619 5569; baseline 0.005 -37"><span class='ocrx_word' id='word_1_874' title='bbox 381 5483 860 5569; x_wconf 43' lang='lat' dir='ltr'><strong>mqggle‘rusolent</strong></span> <span class='ocrx_word' id='word_1_875' title='bbox 893 5489 1326 5569; x_wconf 81' lang='lat' dir='ltr'><strong>nutrire_vi_tam,_</strong></span> <span class='ocrx_word' id='word_1_876' title='bbox 1359 5493 1452 5545; x_wconf 82' lang='lat' dir='ltr'><strong>sed</strong></span> <span class='ocrx_word' id='word_1_877' title='bbox 1477 5483 1673 5569; x_wconf 68' lang='lat' dir='ltr'><strong>quae,</strong></span> <span class='ocrx_word' id='word_1_878' title='bbox 1697 5501 1804 5569; x_wconf 83' lang='lat' dir='ltr'><strong>etc.</strong></span> <span class='ocrx_word' id='word_1_879' title='bbox 1931 5560 1945 5569; x_wconf 83' lang='lat'><em>_</em></span> <span class='ocrx_word' id='word_1_880' title='bbox 2053 5483 2354 5569; x_wconf 69' lang='lat' dir='ltr'><strong>Rebeccarn</strong></span> <span class='ocrx_word' id='word_1_881' title='bbox 2386 5497 2583 5569; x_wconf 80' lang='lat' dir='ltr'><strong>dictam</strong></span> <span class='ocrx_word' id='word_1_882' title='bbox 2613 5497 2826 5569; x_wconf 86' lang='lat' dir='ltr'><strong>_volnnt_</strong></span> <span class='ocrx_word' id='word_1_883' title='bbox 2865 5513 2894 5569; x_wconf 80' lang='lat' dir='ltr'><strong>a</strong></span> <span class='ocrx_word' id='word_1_884' title='bbox 2944 5497 3114 5569; x_wconf 70' lang='lat' dir='ltr'><strong>verbo</strong></span> <span class='ocrx_word' id='word_1_885' title='bbox 3168 5483 3456 5569; x_wconf 55' lang='lat' dir='ltr'><strong>Chalda&#39;i&#39;co</strong></span> <span class='ocrx_word' id='word_1_886' title='bbox 3498 5501 3619 5569; x_wconf 65' lang='grc' dir='ltr'><strong>’.κῃ</strong></span> 
     </span>
    </p>
   </div>
   <div class='ocr_carea' id='block_1_62' title="bbox 453 5550 3615 5672">
    <p class='ocr_par' dir='ltr' id='par_1_62' title="bbox 453 5550 3615 5672">
     <span class='ocr_line' id='line_1_63' title="bbox 453 5550 3615 5672; baseline 0.003 -68"><span class='ocrx_word' id='word_1_887' title='bbox 453 5550 563 5672; x_wconf 42' lang='lat'><strong>‘29)</strong></span> <span class='ocrx_word' id='word_1_888' title='bbox 595 5551 764 5636; x_wconf 75' lang='lat' dir='ltr'><strong>Alias,</strong></span> <span class='ocrx_word' id='word_1_889' title='bbox 817 5577 834 5606; x_wconf 69' lang='grc' dir='ltr'><em>ς</em></span> <span class='ocrx_word' id='word_1_890' title='bbox 872 5559 996 5624; x_wconf 82' lang='lat' dir='ltr'><strong>quia</strong></span> <span class='ocrx_word' id='word_1_891' title='bbox 1052 5560 1117 5613; x_wconf 88' lang='lat' dir='ltr'><strong>ad</strong></span> <span class='ocrx_word' id='word_1_892' title='bbox 1167 5550 1455 5630; x_wconf 83' lang='lat' dir='ltr'><strong>imaginem</strong></span> <span class='ocrx_word' id='word_1_893' title='bbox 1495 5550 1755 5627; x_wconf 28' lang='lat' dir='ltr'><strong>&#39;est&#39;Dei,</strong></span> <span class='ocrx_word' id='word_1_894' title='bbox 1789 5579 1808 5613; x_wconf 74' lang='grc' dir='ltr'><strong><em>ι</em></strong></span> <span class='ocrx_word' id='word_1_895' title='bbox 1853 5560 1947 5616; x_wconf 84' lang='lat' dir='ltr'><strong>sed</strong></span> <span class='ocrx_word' id='word_1_896' title='bbox 2061 5550 2549 5634; x_wconf 68' lang='lat' dir='ltr'><strong>«sagitavit,rquia</strong></span> <span class='ocrx_word' id='word_1_897' title='bbox 2580 5563 2772 5621; x_wconf 85' lang='lat' dir='ltr'><strong>similis</strong></span> <span class='ocrx_word' id='word_1_898' title='bbox 2803 5566 2905 5622; x_wconf 85' lang='lat' dir='ltr'><strong>fuit</strong></span> <span class='ocrx_word' id='word_1_899' title='bbox 2950 5566 3130 5620; x_wconf 65' lang='lat' dir='ltr'><strong>vitula)</strong></span> <span class='ocrx_word' id='word_1_900' title='bbox 3183 5550 3470 5633; x_wconf 64' lang='lat' dir='ltr'><strong>saginatae:</strong></span> <span class='ocrx_word' id='word_1_901' title='bbox 3505 5550 3615 5616; x_wconf 51' lang='lat' dir='ltr'><strong>alii</strong></span> 
     </span>
     <span class='ocr_line' id='line_1_64' title="bbox 453 5623 3615 5672; baseline 0 0"><span class='ocrx_word' id='word_1_902' title='bbox 453 5638 550 5672; x_wconf 77' lang='lat' dir='ltr'><strong>tex</strong></span> <span class='ocrx_word' id='word_1_903' title='bbox 579 5623 764 5672; x_wconf 75' lang='lat' dir='ltr'><strong>Sancti</strong></span> <span class='ocrx_word' id='word_1_904' title='bbox 796 5627 1142 5672; x_wconf 40' lang='lat' dir='ltr'><strong>Themlnrini-</strong></span> <span class='ocrx_word' id='word_1_905' title='bbox 1174 5639 1234 5672; x_wconf 75' lang='lat' dir='ltr'><strong>ut</strong></span> <span class='ocrx_word' id='word_1_906' title='bbox 1269 5631 1537 5672; x_wconf 63' lang='lat' dir='ltr'><strong>in,nnstrn</strong></span> <span class='ocrx_word' id='word_1_907' title='bbox 1566 5639 1731 5672; x_wconf 71' lang='grc' dir='ltr'><strong>Ιρτιιι-</strong></span> <span class='ocrx_word' id='word_1_908' title='bbox 2057 5633 2354 5672; x_wconf 66' lang='lat' dir='ltr'><strong>Rnhnnnnm</strong></span> <span class='ocrx_word' id='word_1_909' title='bbox 2383 5635 2809 5672; x_wconf 69' lang='lat' dir='ltr'><strong>intnrnratamnp</strong></span> <span class='ocrx_word' id='word_1_910' title='bbox 2837 5653 2856 5672; x_wconf 77' lang='grc' dir='ltr'>ι</span> <span class='ocrx_word' id='word_1_911' title='bbox 2891 5637 3293 5672; x_wconf 72' lang='grc' dir='ltr'><strong>ιοηηιοηιίιιηοηι</strong></span> <span class='ocrx_word' id='word_1_912' title='bbox 3333 5654 3352 5672; x_wconf 77' lang='grc' dir='ltr'>ι</span> <span class='ocrx_word' id='word_1_913' title='bbox 3381 5650 3408 5672; x_wconf 70' lang='lat' dir='ltr'><strong>n</strong></span> <span class='ocrx_word' id='word_1_914' title='bbox 3451 5631 3615 5672; x_wconf 69' lang='lat' dir='ltr'><strong>vim-ha</strong></span> 
     </span>
    </p>
   </div>
   <div class='ocr_carea' id='block_1_63' title="bbox 381 5623 3615 5704">
    <p class='ocr_par' dir='ltr' id='par_1_63' title="bbox 381 5623 3615 5704">
     <span class='ocr_line' id='line_1_65' title="bbox 381 5623 3615 5704; baseline 0.004 -29"><span class='ocrx_word' id='word_1_915' title='bbox 381 5623 558 5704; x_wconf 31' lang='lat' dir='ltr'><strong>code}.</strong></span> <span class='ocrx_word' id='word_1_916' title='bbox 579 5623 764 5704; x_wconf 57' lang='lat' dir='ltr'><strong>sancti</strong></span> <span class='ocrx_word' id='word_1_917' title='bbox 796 5623 1145 5704; x_wconf 63' lang='lat' dir='ltr'><strong>Theudorici,</strong></span> <span class='ocrx_word' id='word_1_918' title='bbox 1174 5639 1234 5684; x_wconf 89' lang='lat' dir='ltr'><strong>ut</strong></span> <span class='ocrx_word' id='word_1_919' title='bbox 1269 5623 1749 5704; x_wconf 37' lang='lat' dir='ltr'><strong>i&#39;u.nostro_textu._’</strong></span> <span class='ocrx_word' id='word_1_920' title='bbox 2056 5623 2363 5688; x_wconf 43' lang='lat' dir='ltr'><strong>Rebéccam&#39;</strong></span> <span class='ocrx_word' id='word_1_921' title='bbox 2383 5623 2809 5704; x_wconf 76' lang='lat' dir='ltr'><strong>inierpretantur</strong></span> <span class='ocrx_word' id='word_1_922' title='bbox 2837 5653 2856 5687; x_wconf 80' lang='grc' dir='ltr'>ι</span> <span class='ocrx_word' id='word_1_923' title='bbox 2891 5623 3293 5694; x_wconf 67' lang='lat' dir='ltr'><strong>contentionem</strong></span> <span class='ocrx_word' id='word_1_924' title='bbox 3331 5654 3352 5689; x_wconf 75' lang='grc' dir='ltr'><strong><em>ι</em></strong></span> <span class='ocrx_word' id='word_1_925' title='bbox 3380 5650 3410 5689; x_wconf 92' lang='lat' dir='ltr'><strong>a</strong></span> <span class='ocrx_word' id='word_1_926' title='bbox 3451 5631 3615 5688; x_wconf 77' lang='lat' dir='ltr'><strong>verbo</strong></span> 
     </span>
    </p>
   </div>
   <div class='ocr_carea' id='block_1_64' title="bbox 455 5689 2908 5775">
    <p class='ocr_par' dir='ltr' id='par_1_64' title="bbox 455 5689 2908 5775">
     <span class='ocr_line' id='line_1_66' title="bbox 455 5689 2908 5775; baseline 0.007 -31"><span class='ocrx_word' id='word_1_927' title='bbox 613 5690 746 5757; x_wconf 75' lang='lat' dir='ltr'><strong>Qua:</strong></span> <span class='ocrx_word' id='word_1_928' title='bbox 792 5689 1166 5775; x_wconf 68' lang='lat' dir='ltr'><strong>interpretatur</strong></span> <span class='ocrx_word' id='word_1_929' title='bbox 1214 5700 1502 5775; x_wconf 64' lang='lat' dir='ltr'><strong>patientia._</strong></span> <span class='ocrx_word' id='word_1_930' title='bbox 1535 5701 1580 5754; x_wconf 80' lang='grc' dir='ltr'><strong>Α</strong></span> <span class='ocrx_word' id='word_1_931' title='bbox 1634 5701 1786 5758; x_wconf 82' lang='lat' dir='ltr'><strong>verb.</strong></span> <span class='ocrx_word' id='word_1_932' title='bbox 1833 5710 1951 5758; x_wconf 60' lang='lat' dir='ltr'><strong>m1</strong></span> <span class='ocrx_word' id='word_1_933' title='bbox 2055 5712 2155 5769; x_wconf 61' lang='grc' dir='ltr'><strong>ξιτ-π</strong></span> <span class='ocrx_word' id='word_1_934' title='bbox 2209 5689 2908 5775; x_wconf 36' lang='lat' dir='ltr'><strong>cIitigavitfcoutendit.1</strong></span> 
     </span>
    </p>
   </div>
   <div class='ocr_carea' id='block_1_65' title="bbox 383 5762 1948 5840">
    <p class='ocr_par' dir='ltr' id='par_1_65' title="bbox 383 5762 1948 5840">
     <span class='ocr_line' id='line_1_67' title="bbox 383 5762 1948 5840; baseline -0.001 -11"><span class='ocrx_word' id='word_1_935' title='bbox 383 5762 467 5816; x_wconf 72' lang='grc' dir='ltr'><strong>νει</strong></span> <span class='ocrx_word' id='word_1_936' title='bbox 501 5772 620 5830; x_wconf 63' lang='lat'><strong>3:1</strong></span> <span class='ocrx_word' id='word_1_937' title='bbox 661 5779 680 5814; x_wconf 73' lang='grc' dir='ltr'>ι</span> <span class='ocrx_word' id='word_1_938' title='bbox 719 5762 950 5827; x_wconf 77' lang='lat' dir='ltr'><strong>multum</strong></span> <span class='ocrx_word' id='word_1_939' title='bbox 985 5783 1127 5838; x_wconf 87' lang='lat' dir='ltr'><strong>esse,</strong></span> <span class='ocrx_word' id='word_1_940' title='bbox 1164 5762 1765 5840; x_wconf 45' lang='lat' dir='ltr'><strong>m&#39;ultiplicarigetn&#39;l‘a</strong></span> <span class='ocrx_word' id='word_1_941' title='bbox 1803 5789 1821 5822; x_wconf 79' lang='grc' dir='ltr'>ι</span> <span class='ocrx_word' id='word_1_942' title='bbox 1851 5785 1948 5828; x_wconf 72' lang='lat' dir='ltr'><strong>ex-</strong></span> 
     </span>
    </p>
   </div>
  </div>
