4074 6156
467 267 570 322 ϐῖίθ

1937 247 2256 308 ORIGENIS

3596 257 3697 314 660

467 401 588 441 esse
610 383 747 438 intra
783 381 1041 435 animam.
1100 377 1240 456 Sunt
1291 385 1346 432 et
1400 376 1490 432 alii
1537 374 1778 447 plurimi,
1835 371 1928 442 qui
1979 371 2030 424 in
2063 377 2108 430 Α
2135 377 2312 438 potest
2349 368 2554 424 habere
2600 371 2930 439 peccatum?
2975 368 3080 427 Sed
3119 378 3175 425 et
3225 369 3456 442 amplius
3493 372 3693 442 aliquid

467 475 692 546 singulis
760 476 1065 544 quibusque
1106 472 1508 540 Scripturarnm
1561 468 1902 524 sermonibus
1948 465 2031 518 in-

473 569 793 634 telliguntur
849 575 903 620 et
955 565 1224 620 sensibus.
1286 565 1378 618 Est
1447 573 1626 616 tamen
1708 558 2032 614 eminentior

464 656 624 726 313
665 657 874 710 cmteris
927 655 1026 708 iste
1073 663 1286 723 puteus,
1329 662 1383 707 et
1435 651 1685 716 eximius,
1722 651 1788 703 de
1820 661 1924 716 quo
1974 647 2027 700 in

464 748 714 816 praesenti
766 748 886 802 loco
923 747 1199 816 Scriptura
1256 746 1406 812 dicit,
1463 744 1587 814 quia
1629 741 1862 797 foderint
1902 754 2026 794 eum

463 855 570 895 non
602 841 914 910 quicunque
961 853 1278 895 communes
1319 837 1588 901 homines,
1628 836 1720 890 sed
1757 834 2028 902 principes

460 941 509 986 et
533 933 709 986 adhuc
739 934 930 987 horum
965 931 1329 992 snblimiores,
1363 944 1497 998 quos
1523 942 1677 997 reges
1713 925 2023 996 appellavit.

461 1022 690 1092 Propter
719 1025 857 1091 quod
891 1032 945 1078 et
1005 1024 1236 1094 hymnus
1267 1023 1484 1076 canitur
1533 1020 1644 1074 Deo
1692 1019 1834 1088 apud
1882 1018 2026 1070 hunc

459 1117 708 1170 eumdem
763 1127 1003 1184 puteum.
1035 1115 1094 1169 Et
1141 1115 1258 1169 ideo
1288 1115 1546 1184 scriptum
1584 1122 1694 1168 est:
1734 1131 1751 1162 ι
1793 1109 1961 1172 Vade,
1999 1128 2018 1160 ι

427 1211 657 1280 ·ἰιι‹ιιιίι,
687 1229 705 1262 ι
744 1211 808 1265 ad
836 1219 1077 1278 puteum.
1103 1228 1123 1260 ι
1160 1208 1260 1263 Hic
1294 1217 1381 1264 est
1428 1215 1618 1276 puteus
1673 1220 1830 1273 quem
1883 1203 2021 1260 dixit

466 1304 722 1356 Dominus
768 1303 832 1355 ad
887 1301 1104 1371 Moysen
1131 1303 1175 1333 ⁸⁸
1208 1320 1271 1356 τι
1309 1302 1586 1371 Congrega
1635 1298 1912 1368 populum,
1969 1306 2022 1354 et

463 1395 600 1448 dabo
626 1394 703 1449 eis
743 1409 937 1462 aquam
971 1395 1037 1448 de
1061 1402 1244 1463 puteo,
1290 1412 1308 1444 ι
1348 1393 1483 1446 dixit
1509 1391 1788 1446 Dominus.
1815 1391 2024 1460 Moyses

461 1501 792 1556 congregare
832 1485 1056 1554 jubetur
1111 1486 1389 1556 populum,
1427 1493 1483 1539 ιιι
1515 1484 1803 1539 conveniat
1832 1485 1895 1538 ad
1926 1501 2024 1553 pu-

461 1589 632 1644 teum,
661 1591 714 1631 et
761 1579 912 1632 bibat
943 1594 1161 1647 aquam.
1192 1579 1408 1649 Moysen
1435 1585 1612 1632 autem
1643 1576 1816 1644 legem
1850 1576 2020 1643 accipi

461 1668 660 1722 debere
708 1684 846 1736 saepe
873 1671 1229 1724 ostendimus.
1275 1669 1383 1723 Lex
1414 1683 1542 1736 ergo
1577 1669 1668 1722 Dei
1703 1678 1786 1722 est
1818 1683 1936 1734 quae
1972 1679 2022 1724 te

456 1771 741 1824 convocat,
775 1773 830 1814 ut
872 1764 937 1815 ad
971 1772 1190 1831 puteum
1219 1762 1531 1815 convenias.
1576 1759 1746 1826 Quem
1775 1773 2020 1828 puteum,

459 1853 558 1906 nisi
594 1853 741 1906 illum
784 1856 847 1907 de
875 1869 981 1922 quo
1023 1867 1186 1921 supra
1236 1854 1471 1907 diximus
1517 1851 1698 1907 Jesum
1743 1852 2024 1908 Christum

457 1943 651 1999 Filium
683 1943 1023 2016 Dei,propria
1047 1943 1262 2015 quidem
1291 1945 1593 1998 substantia
1613 1944 2021 2008 subsistentem,

456 2051 567 2089 uno
603 2046 781 2091 tamen
821 2054 940 2091 cum
991 2036 1153 2092 Patre
1206 2047 1259 2091 et
1315 2036 1518 2104 Spiritu
1567 2045 1756 2089 sancto
1795 2036 2020 2089 Deitatis

454 2124 605 2180 fonte
664 2130 1043 2182 nominatum?-
1088 2130 1166 2182 Ad
1216 2129 1358 2182 hunc
1415 2143 1544 2197 ergo
1580 2136 1822 2194 puteum,
1857 2127 1909 2181 id
1938 2135 2019 2181 est

455 2219 520 2272 ad
557 2217 712 2273 iidem
745 2219 946 2274 Christi
981 2236 1079 2274 nos
1117 2230 1381 2275 convocat
1417 2220 1523 2274 lex.
1559 2221 1673 2287 Ipse
1689 2219 1834 2274 enim
1857 2217 2016 2281 dixit,

460 2325 479 2359 ι
505 2309 628 2377 quia
658 2309 866 2380 Moyses
881 2311 948 2366 de
962 2327 1044 2366 me
1061 2312 1332 2381 scripsit.)
1360 2311 1564 2381 thuid
1597 2328 1693 2366 nos
1715 2313 2018 2366 convocat?

453 2398 526 2455 Ut
560 2401 808 2457 bibamus
839 2418 1057 2472 aquam,
1099 2413 1153 2458 et
1187 2415 1472 2458 cantemus
1499 2404 1549 2459 ei
1574 2405 1846 2459 canticum
1875 2423 1888 2458 :
1915 2404 2017 2459 hoc

448 2501 533 2546 est
560 2497 724 2548 corde
745 2495 1034 2552 credamus
1064 2497 1129 2551 ad
1154 2497 1439 2568 justitiam,
1464 2506 1630 2552 etore
1659 2496 2019 2551 conﬁteamur

451 2583 517 2635 ad
541 2583 790 2638 salutem.

519 2675 573 2729 2.
603 2694 620 2726 ι
653 2675 892 2740 lnitiate,
928 2695 947 2728 ι
981 2677 1154 2746 inquit
1178 2678 1244 2745 ⁸ο,
1283 2697 1301 2730 ι
1337 2679 1412 2732 illi
1447 2688 1690 2748 puteum.
1733 2699 1752 2734 ι
1783 2679 1881 2736 Hic
1932 2689 2021 2737 est-

447 2781 660 2824 sensus.
697 2770 935 2834 Initium,
961 2771 1055 2835 ait,
1097 2773 1334 2825 omnium
1365 2783 1583 2840 puteum
1619 2774 1824 2840 ponite,
1871 2774 2013 2828 sicut

447 2871 503 2917 et
541 2863 831 2930 Apostolus
887 2863 1113 2928 dicit",
1158 2865 1280 2931 quia
1338 2865 1450 2934 ipse
1493 2874 1576 2920 est
1621 2886 1640 2918 ι
1681 2865 2008 2937 principium

444 2961 502 3006 et
544 2955 933 3022 primogenitus
975 2957 1150 3009 omnis
1181 2965 1467 3022 creatum,
1499 2969 1552 3013 et
1577 2960 1629 3013 in
1680 2960 1798 3026 ipso
1828 2968 2007 3014 creata

2135 461 2324 516 habet.
2361 459 2417 514 Si
2447 462 2591 514 enim
2629 463 2844 516 veneris
2868 463 2933 515 ad
2981 463 3292 517 haereticam
3347 466 3688 526 sententiam,

2131 553 2174 608 si
2221 554 2437 607 veneris
2498 555 2563 607 ad
2612 553 3026 609 amaritudinem
3097 557 3322 623 peccati,
3388 558 3582 612 venisti
3629 559 3694 611 ad

2135 657 2326 716 puteos
2385 646 2697 702 bituminis.
2742 646 3020 711 Bitumen,
3067 665 3189 704 esca
3218 659 3271 704 et
3304 652 3691 705 nutrimentum

2131 739 2272 806 ignis
2303 749 2411 798 est.
2446 741 2500 796 Si
2536 757 2667 811 ergo
2719 752 2773 797 et
2805 753 2858 797 tu
2893 744 3198 812 gustaveris
3225 759 3423 811 aquam
3473 743 3541 797 de
3575 744 3694 797 istis

2130 837 2336 904 puteis,
2375 835 2417 891 si
2454 837 2756 905 sumpseris
2780 835 3098 890 hmreticum
3145 851 3388 898 sensum,
3418 837 3459 889 si
3478 837 3691 906 peccati

2127 930 2545 985 amaritudinem
2589 931 2818 1000 ceperis,
2857 929 3094 986 fomenta
3126 929 3178 982 in
3221 940 3272 984 te
3321 931 3460 999 ignis
3515 938 3575 984 et
3599 945 3694 1000 ge-

2129 1023 2322 1078 hcnnm
2361 1020 2612 1076 incendia
2661 1021 3006 1090 praeparabis.
3061 1021 3128 1075 Et
3161 1029 3446 1091 propterea
3493 1022 3559 1075 ad
3599 1037 3695 1076 eos

2127 1116 2221 1185 qui
2261 1116 2452 1170 nolunt
2482 1115 2547 1169 de
2570 1115 2659 1170 illo
2682 1127 2846 1183 puteo
2876 1129 3074 1183 aquam
3109 1115 3320 1180 bibere,
3353 1128 3509 1183 quem
3536 1117 3690 1182 prin-

2128 1210 2276 1278 cipes
2311 1207 2567 1263 foderunt
2618 1218 2673 1261 et
2722 1223 2898 1277 reges,
2935 1207 3026 1262 sed
3065 1222 3130 1260 ex
3178 1207 3298 1262 istis
3338 1208 3429 1277 qui
3469 1209 3521 1262 in
3552 1209 3691 1266 valle

2127 1299 2335 1368 peccati
2397 1306 2546 1364 sunt,
2595 1309 2648 1351 et
2701 1299 2841 1365 ignis
2889 1299 3146 1353 materias
3201 1297 3385 1364 alunt,
3441 1300 3688 1355 dicitur:

2133 1410 2152 1441 ι
2201 1391 2442 1445 Incedite
2472 1390 2525 1444 in
2557 1390 2759 1443 lumine
2788 1389 2930 1458 ignis
2973 1390 3136 1443 vestri
3179 1398 3233 1444 et
3271 1388 3502 1448 ﬂamma:
3528 1406 3690 1459 quam

2127 1487 2279 1540 vobis
2324 1487 2675 1541 accendistis.
2730 1504 2748 1536 ι
2779 1484 2916 1550 Quid
2971 1499 3103 1553 ergo
3129 1485 3346 1538 canitur
3373 1485 3510 1554 apud
3549 1487 3694 1542 hunc

2127 1577 2393 1646 puteum?
2426 1595 2446 1629 ι
2476 1578 2688 1633 luitiate
2718 1578 2790 1644 ei,
2832 1597 2849 1628 ι
2883 1577 3139 1646 inquit",
3182 1597 3199 1629 ι
3243 1590 3482 1647 puteum.
3517 1579 3693 1636 Fode-

2095 1679 2254 1741 _runt
2296 1668 2446 1724 illum
2485 1668 2771 1738 principes,
2809 1670 3142 1723 excuderunt
3200 1683 3372 1737 reges.
3410 1689 3429 1721 ι
3453 1668 3693 1724 Possunt

2124 1763 2334 1831 quidem
2396 1760 2668 1830 principes
2695 1769 2749 1813 et
2794 1774 2945 1827 reges
2982 1760 3142 1814 iidem
3184 1760 3403 1816 videri:
3461 1762 3505 1815 si
3558 1775 3693 1816 vero

2124 1853 2377 1924 distingui
2405 1866 2626 1908 necesse
2666 1861 2770 1915 est,
2795 1850 3066 1920 principes
3087 1849 3383 1920 Prophetas
3414 1852 3689 1921 intelliga-

2123 1959 2262 1999 mus.
2312 1943 2417 2014 lpsi
2448 1945 2588 1998 enim
2624 1957 2844 1998 sensum
2893 1954 2946 1997 et
2985 1943 3324 2012 prophetiam
3369 1945 3435 1999 de
3464 1944 3693 2002 Christo

2122 2037 2388 2091 defossam
2425 2047 2476 2092 et
2509 2035 2808 2090 demersam
2845 2035 2897 2088 in
2925 2033 3192 2104 profundo
3229 2035 3423 2091 litterae
3452 2037 3690 2093 colloca-

2122 2137 2266 2191 runt,
2304 2137 2359 2182 et
2403 2129 2524 2182 ideo
2575 2128 2790 2197 quidam
2847 2141 2909 2180 ex
2971 2127 3101 2196 ipsis
3131 2127 3345 2183 dicebat
3375 2130 3419 2160 ⁷³
3452 2148 3466 2183 :
3499 2149 3516 2182 ι
3569 2129 3690 2186 Nisi

2121 2219 2337 2274 occulte
2371 2220 2674 2281 audieritis,
2704 2217 2938 2287 plorabit
2968 2219 3148 2272 anima
3175 2229 3374 2276 vestra.
3415 2240 3433 2273 ι
3463 2220 3530 2274 Ει
3554 2223 3687 2275 item

2121 2312 2260 2364 alius
2289 2310 2554 2380 Propheta
2610 2310 2740 2362 dicit
2765 2310 2830 2363 ad
2861 2309 3145 2362 Dominum
3177 2310 3224 2342 7"
3258 2329 3271 2364 :
3310 2329 3330 2362 ι
3368 2310 3538 2376 Quam
3569 2328 3689 2366 ma-

2118 2421 2221 2474 gna
2265 2402 2553 2458 multitudo
2589 2401 2885 2458 dulcedinis
2925 2411 3050 2467 tuae,
3075 2402 3319 2469 Domine,
3355 2419 3514 2473 quam
3553 2405 3686 2462 ab:-

2114 2496 2346 2554 condisti
2416 2495 2733 2550 timentibus
2769 2497 2851 2550 te!
2889 2514 2906 2546 ι
2946 2496 3032 2550 Ιειί
3069 2510 3198 2564 ergo
3237 2506 3363 2550 sunt
3390 2497 3685 2565 principes,

2118 2590 2207 2657 qui
2243 2589 2498 2643 foderunt
2534 2588 2678 2642 hunc
2707 2596 2950 2657 puteum,
2991 2603 3143 2658 reges
3175 2597 3355 2642 autem
3387 2589 3477 2656 qui
3518 2603 3689 2643 excu-

2116 2683 2310 2736 derunt
2342 2694 2488 2734 eum.
2521 2680 2671 2744 Quod
2717 2679 2871 2741 dixit,
2911 2697 2929 2728 ι
2977 2679 3331 2741 excuderunt,
3380 2696 3398 2728 ι
3433 2679 3500 2733 ab
3527 2693 3690 2732 excu-

2117 2773 2311 2839 dendo,
2343 2787 2448 2825 non
2483 2771 2550 2825 ab
2580 2771 2876 2824 excideudo
2909 2771 3113 2824 dictum
3157 2778 3263 2824 est.
3295 2770 3497 2823 Excudi
3536 2771 3682 2824 enim

2114 2866 2334 2929 dicitur,
2373 2865 2512 2933 quod
2562 2864 2617 2918 in
2660 2878 2795 2917 saxo
2851 2862 2936 2916 vel
2987 2863 3228 2928 caeditur,
3273 2863 3356 2916 vel
3394 2863 3679 2917 formatur.

2114 2958 2392 3026 Principes
2416 2972 2546 3027 ergo
2587 2967 2840 3026 tanquam
2867 2957 3205 3026 aliquantulo
3233 2955 3541 3022 inferiores,
3591 2955 3680 3010 fo-

445 3052 573 3096 su-nt
624 3047 827 3097 ontnia.
885 3063 908 3098 ›
959 3045 1175 3101 lnitiate
1227 3062 1360 3117 ergo
1412 3051 1460 3102 ei
1499 3058 1734 3118 puteum.
1774 3051 1875 3104 hoc
1903 3061 2007 3112 est,
2036 3043 2080 3101 C
2117 3051 2245 3104 dere
2275 3050 2530 3106 dicuntur
2554 3058 2796 3119 puteum,
2825 3051 2928 3104 hoc
2978 3059 3062 3105 est
3094 3050 3249 3119 quasi
3281 3049 3332 3103 in
3364 3059 3520 3104 terrae
3546 3048 3682 3103 mol-

446 3134 659 3188 initium
711 3137 950 3189 omnium
984 3139 1314 3193 conlitemini
1372 3155 1493 3195 esse
1533 3151 1771 3210 puteum.
1823 3141 2009 3195 Potest

445 3235 624 3280 autem
653 3229 822 3280 ethoc
850 3230 1006 3283 modo
1036 3230 1283 3301 intelligi,
1321 3241 1378 3284 ιιι
1401 3233 1563 3286 verba
1593 3234 1751 3304 dirigi
1791 3234 2009 3288 videan-

447 3329 534 3370 tur
574 3335 640 3372 ex
690 3335 916 3388 persona
978 3321 1144 3389 Moysi
1201 3323 1268 3376 ad
1308 3324 1565 3392 populum
1597 3365 1612 3391 ,
1665 3326 2005 3380 cohortantis

442 3421 499 3467 et
525 3413 756 3469 dicentis
786 3434 797 3469 :
833 3416 963 3470 Date
1004 3415 1218 3471 initium
1261 3419 1409 3473 cordi
1444 3430 1648 3484 vestro,
1686 3430 1746 3474 ut
1782 3421 2011 3490 incipiat

443 3507 745 3579 intelligere
769 3510 892 3579 quis
943 3511 1014 3564 sit
1053 3520 1244 3576 puteus
1272 3513 1338 3568 de
1383 3529 1491 3582 quo
1531 3529 1685 3583 aquae
1731 3515 2004 3582 spiritales

442 3601 756 3657 bauriendae
782 3612 928 3669 sunt,
957 3613 1010 3656 et
1044 3604 1367 3662 reﬁciendas
1398 3615 1483 3662 est
1526 3608 1865 3662 credentium
1904 3622 1999 3677 po-

440 3693 624 3762 pulus.
671 3694 886 3752 lnitiate
916 3712 1045 3764 ergo
1074 3699 1146 3761 ei,
1198 3697 1302 3753 hoc
1358 3709 1445 3754 est
1481 3700 1859 3762 lsraeli,hunc
1897 3717 1999 3771 pu-

441 3795 582 3838 teum
615 3803 630 3840 :
661 3795 719 3841 ut
743 3802 957 3843 sensum
1001 3789 1289 3860 mysticum
1320 3790 1363 3844 si
1393 3792 1514 3860 quis
1540 3801 1622 3846 est
1640 3794 1801 3847 corde
1833 3793 1998 3848 Deum

439 3881 654 3944 videns,
691 3881 756 3935 de
792 3883 1073 3948 profundis
1099 3883 1272 3949 possit
1302 3884 1542 3940 haurire.
1570 3886 1650 3942 Ad
1688 3886 1850 3942 istum
1871 3903 2000 3960 ergo

440 3979 660 4040 puteum
699 3981 758 4025 ut.
783 3972 1020 4042 Moyses,
1051 3974 1101 4027 id
1149 3982 1233 4029 est
1280 3974 1386 4043 lex,
1411 3993 1512 4035 nos
1549 3991 1862 4051 congregct,
1893 3999 1995 4037 non

434 4065 641 4120 frustra
674 4067 877 4122 dictum
905 4066 1140 4120 videtur.
1166 4068 1350 4125 Potest
1382 4072 1524 4125 enim
1555 4074 1692 4142 ﬁeri,
1719 4085 1777 4129 ut
1802 4076 1996 4145 aliquis

431 4156 623 4211 venire
668 4159 733 4211 ad
792 4157 952 4210 istum
993 4164 1212 4226 puteum
1261 4160 1529 4230 videatur,
1589 4165 1684 4218 sed
1743 4165 1845 4218 nisi
1901 4181 1997 4234 per

431 4246 653 4319 Moysen
681 4258 1055 4318 congregetur,
1089 4265 1193 4304 non
1219 4260 1571 4322 estacceptus
1599 4255 1730 4310 Deo.
1758 4256 1992 4312 Marcion

430 4341 646 4395 venisse
667 4343 768 4396 sibi
799 4343 1011 4395 videtur
1047 4344 1111 4396 ad
1145 4345 1306 4399 istum
1338 4355 1584 4415 puteum,
1615 4357 1672 4400 et
1700 4347 1993 4414 Basilides,

428 4430 848 4498 etValentinus,
879 4439 974 4490 sed
1007 4438 1133 4505 quia
1181 4453 1285 4492 non
1322 4449 1588 4493 venerunt
1617 4455 1716 4508 per
1755 4441 1993 4514 Moysen,

428 4537 532 4577 nec
577 4537 899 4592 receperunt
940 4529 1112 4598 legem
1158 4541 1211 4585 et
1260 4531 1578 4600 Prophetas,
1615 4550 1720 4588 non
1770 4547 1998 4603 possunt

427 4615 650 4672 laudare
698 4619 984 4676 Dominum
1031 4623 1200 4678 Deum
1246 4624 1312 4678 de
1360 4624 1605 4681 fontibus
1642 4627 1825 4684 Israel.
1876 4628 1991 4684 Non

426 4723 560 4775 ergo
585 4711 804 4766 veniunt
837 4715 926 4782 qui
958 4714 1266 4783 hujusmodi
1293 4727 1442 4782 sunt,
1486 4719 1550 4772 ad
1587 4728 1806 4788 puteum
1833 4736 1990 4789 quem

430 4802 686 4858 foderunt
713 4806 1006 4886 principes,
1035 4818 1087 4864 et
1119 4812 1456 4864 excuderunt
1489 4827 1661 4878 reges.
1692 4813 1798 4866 Sed
1826 4815 1992 4868 vultis

425 4897 711 4950 ostendam
757 4887 919 4954 vobis
955 4901 1020 4954 de
1067 4900 1392 4971 Scripturis,
1423 4903 1644 4972 adquos
1670 4903 1757 4958 isti
1803 4915 1994 4974 puteos

423 4989 694 5044 veniunt?
722 4990 815 5045 Est
847 4991 1001 5046 vallis
1022 4994 1267 5061 quaedam
1291 4995 1454 5059 salsa,
1491 4996 1541 5048 in
1567 5011 1672 5064 qua
1698 4997 1835 5052 valle
1867 5008 1995 5053 sunt

423 5081 569 5147 putei
619 5080 916 5137 bituminis.
943 5082 1134 5138 Omnis
1157 5099 1285 5152 ergo
1319 5085 1565 5155 haeresis,
1596 5097 1650 5143 et
1677 5102 1839 5143 omne
1865 5105 1992 5158 pec-

422 5181 604 5226 catum
632 5173 684 5226 in
710 5173 851 5226 valle
874 5183 978 5240 est,
1004 5186 1056 5229 et
1086 5175 1138 5229 in
1168 5177 1308 5229 valle
1338 5176 1502 5233 salsa.
1522 5176 1812 5233 Peccatum
1843 5183 1985 5235 enim

420 5272 478 5317 et
514 5264 775 5341 iniquitas
819 5281 926 5320 non
963 5267 1212 5321 ascendit
1255 5283 1492 5329 sursum.
1541 5271 1636 5328 sed
1675 5286 1892 5342 semper
1919 5274 1984 5327 ad

419 5356 528 5411 ima
559 5369 615 5412 et
659 5359 875 5412 inferna
907 5361 1212 5437 descendit.
1244 5362 1338 5415 Est
1369 5378 1498 5433 ergo
1527 5364 1579 5418 in
1609 5364 1749 5420 valle
1778 5369 1985 5435 positus

416 5459 468 5501 et
501 5448 672 5504 salsus
703 5461 870 5519 atque
901 5467 1119 5507 amarus
1150 5455 1326 5509 omnis
1373 5455 1660 5514 haereticus
1695 5474 1911 5526 sensus,
1930 5469 1984 5522 et

414 5541 598 5596 omnis
637 5551 793 5597 actus
818 5545 1050 5613 peccati.
1085 5545 1226 5612 Quid
1268 5543 1412 5601 enim
1446 5549 1625 5614 dulce,
1658 5552 1786 5620 quid
1817 5567 1981 5607 suave

2119 3143 2230 3198 litie
2285 3144 2625 3198 altitudinem
2681 3144 2970 3214 quamdam
3001 3143 3336 3213 demergere.
3395 3142 3485 3196 lsti
3549 3157 3682 3197 vero

2113 3251 2252 3304 quos
2286 3250 2439 3305 reges
2470 3235 2726 3305 appellat,
2780 3237 2928 3305 quasi
2957 3235 3346 3290 eminentiores
3399 3250 3464 3290 ac
3484 3235 3672 3290 fortio-

2113 3343 2221 3394 res,
2254 3343 2358 3381 nou
2390 3327 2560 3381 solum
2596 3338 2756 3381 terra:
2783 3325 3130 3396 profundum,
3179 3329 3273 3382 sed
3306 3336 3360 3382 et
3386 3329 3499 3382 saxi
3531 3327 3680 3381 duri-

2115 3422 2240 3474 tiam
2275 3427 2582 3489 penetrant,
2616 3429 2675 3472 ut
2717 3420 3002 3483 pervenire
3027 3419 3235 3488 possint
3265 3419 3332 3473 ad
3360 3418 3679 3487 profundio-

2115 3527 2200 3565 res
2232 3525 2422 3580 aquas,
2449 3521 2501 3565 et
2533 3510 2681 3578 ipsas
2704 3510 2768 3580 (si
2795 3509 2900 3564 dici
2920 3508 3118 3581 potest)
3146 3511 3197 3564 in
3223 3524 3287 3564 eo
3317 3525 3479 3563 venas
3497 3509 3675 3581 abyssi

2111 3610 2556 3669 perserutentur,
2590 3601 2825 3655 scientes
2867 3599 3073 3669 judicia
3107 3602 3198 3654 Dei
3247 3615 3372 3654 esse
3417 3601 3673 3670 abyssum

2110 3694 2358 3747 inultam.
2395 3693 2529 3746 Istos
2579 3707 2706 3761 ergo
2743 3707 2918 3761 reges,
2952 3693 3042 3760 qui
3082 3702 3190 3745 tam
3245 3691 3512 3760 profunda
3549 3707 3676 3761 pos-

2109 3799 2230 3840 sunt
2283 3797 2339 3838 et
2389 3796 2497 3839 tam
2554 3784 2869 3838 abscondita
2900 3785 3049 3853 putei
3081 3786 3439 3854 perscrutari,
3475 3786 3672 3839 merito

2111 3879 2385 3947 apostolos
2431 3879 2751 3942 dixerimus,
2782 3893 2846 3932 ex
2883 3879 3079 3946 quibus
3119 3879 3314 3947 aliquis
3340 3877 3618 3932 dicebat"
3654 3895 3669 3931 :

2112 3991 2128 4020 (
2192 3971 2356 4024 Nobis
2393 3979 2570 4023 autem
2620 3969 2878 4023 revelavit
2919 3969 3057 4025 Deus
3094 3985 3188 4039 per
3227 3969 3492 4037 Spiritum
3543 3985 3670 4024 san-

2105 4071 2271 4115 ctum.
2307 4061 2539 4129 Spiritus
2592 4060 2733 4114 enim
2767 4061 2945 4114 omnia
3000 4072 3293 4124 scrutatur.
3332 4062 3494 4115 etiam
3556 4062 3662 4115 alta

2107 4152 2222 4203 Dei.
2268 4168 2286 4200 ι
2325 4149 2460 4216 Quia
2497 4164 2625 4219 ergo
2660 4164 2756 4218 per
2788 4149 3047 4218 Spiritum
3093 4163 3322 4221 possunt
3371 4155 3532 4208 etiam
3563 4155 3667 4223 ipsi

2102 4243 2435 4312 perscrutari
2469 4242 2576 4295 alta
2604 4243 2717 4306 Dei,
2753 4241 2931 4296 etalta
2972 4260 3034 4299 ac
3065 4245 3328 4314 profunda
3387 4251 3532 4318 putei
3578 4263 3668 4318 pe-

2106 4345 2322 4389 netrare
2355 4336 2634 4404 mysteria,
2673 4335 2878 4390 idcirco
2908 4352 3068 4407 reges
3099 4355 3218 4394 esse
3247 4343 3522 4405 dicuntur,
3573 4344 3664 4411 qui

2106 4436 2327 4494 puteum
2357 4429 2520 4481 etiam
2551 4428 2714 4483 istum
2757 4427 2810 4480 in
2863 4441 3018 4497 petra
3055 4431 3394 4498 excuderint,
3431 4448 3494 4486 ac
3528 4431 3664 4485 dura

2099 4529 2152 4571 et
2186 4518 2426 4574 dilIicilia
2479 4531 2688 4576 secreta
2737 4526 2978 4581 scientiae
3031 4530 3455 4594 penetraverint.
3509 4527 3663 4594 Quod

2097 4623 2276 4666 autem
2319 4630 2472 4684 reges
2495 4615 2596 4670 dici
2625 4619 2832 4686 possint
2865 4621 3025 4675 etiam
3059 4621 3302 4690 apostoli,
3340 4632 3471 4690 puto
3503 4631 3554 4675 et
3596 4638 3664 4676 ex

2096 4719 2162 4758 co
2181 4704 2343 4760 facile
2379 4706 2595 4775 probari
2625 4723 2804 4776 posse,
2847 4703 2988 4781 quod
3019 4715 3085 4767 de
3118 4714 3368 4768 omnibus
3395 4714 3663 4768 credenti-

2093 4799 2193 4854 bus
2242 4800 2548 4855 dieitur":
2593 4821 2611 4852 ι
2655 4803 2764 4858 Vos
2793 4818 2971 4860 autem
3015 4823 3189 4876 genus
3240 4807 3440 4877 regale,
3477 4823 3659 4861 sacer-

2098 4895 2299 4948 dotium
2337 4913 2613 4966 magnum,
2652 4919 2785 4972 gens
2837 4913 3041 4957 sancta.
3085 4921 3105 4954 ι
3146 4903 3204 4956 Si
3237 4916 3366 4970 ergo
3398 4900 3520 4953 illos
3571 4899 3655 4953 di-

2095 5003 2226 5045 cunt
2268 5009 2442 5065 reges,
2493 4998 2582 5066 qui
2620 5012 2713 5064 per
2745 4995 2969 5049 verbum
3005 4994 3242 5062 ipsorum
3288 4992 3657 5054 crediderunt,

2097 5095 2299 5155 quanto
2329 5090 2499 5155 magis
2532 5089 2632 5157 ipsi
2662 5103 2818 5157 reges
2846 5087 3075 5140 habendi
3135 5096 3284 5150 sunt,
3321 5084 3412 5153 qui
3446 5082 3658 5137 faciunt

2096 5178 2294 5246 reges?
2327 5178 2430 5232 Sed
2481 5189 2536 5234 et
2565 5182 2687 5235 inde
2711 5177 2868 5232 facile
2897 5179 3189 5249 colligitur.
3225 5179 3279 5232 Si
3309 5176 3454 5232 enim
3498 5188 3655 5244 reges

2094 5284 2123 5321 a
2182 5271 2414 5338 regendo
2464 5272 2738 5338 dicuntur,
2771 5289 2958 5328 omnes
3013 5273 3199 5340 utique
3255 5269 3350 5341 qui
3379 5267 3655 5323 Ecclesias

2092 5366 2186 5421 Dei
2225 5378 2438 5436 regunt,
2469 5382 2622 5438 reges
2649 5369 2844 5422 merito
2877 5366 3306 5436 appellabuntur,
3345 5366 3516 5419 multo
3558 5378 3655 5415 au-

2088 5471 2196 5518 tem
2236 5464 2440 5517 rectius
2474 5463 2571 5528 illi,
2596 5463 2687 5531 qui
2719 5471 2772 5516 et
2796 5463 2917 5518 illos
2946 5465 3090 5532 ipsos
3129 5465 3288 5519 dictis
3317 5473 3477 5528 atque
3518 5461 3652 5516 scri-

2089 5559 2196 5627 ptis
2253 5555 2368 5611 suis
2403 5565 2615 5625 regunt,
2645 5572 2673 5609 a
2706 5559 2900 5625 quibus
2942 5567 3201 5629 reguntur
3256 5556 3530 5611 Ecclesiae.
3584 5556 3650 5610 Et

487 5636 533 5667 "
554 5637 713 5720 Ιξῖιιιιι-ζ
733 5654 846 5720 xxi,
868 5640 953 5694 l6.
1031 5641 1344 5720 “Libidzj'l.
1372 5715 1400 5720 _
1420 5645 1466 5676 ⁷⁰
1489 5644 1698 5702 Coloss.
1729 5665 1768 5713 ι,
1795 5649 1986 5720 “5,16.

2132 5653 2253 5706 lsai.
2292 5669 2342 5719 ι,
2381 5653 2467 5706 ll.
2543 5652 2761 5707 "Num.
2803 5671 2913 5720 xxr,
2940 5656 3024 5719 l7,
3056 5656 3140 5710 18.
3218 5655 3263 5686 ⁷³
3292 5652 3492 5708 Jerem.
3526 5668 3647 5719 xm,

416 5704 501 5761 Π.
577 5706 624 5738 τ⁸
677 5708 815 5764 Psal.
870 5726 1020 5774 xxxr,
1060 5710 1148 5765 20.
1227 5713 1320 5769 ⁷⁵1
1363 5715 1486 5770 Cor.
1529 5733 1585 5781 ll,
1634 5720 1718 5773 lO.

1797 5719 1881 5773 "l
1911 5723 2025 5779 l'ct.
2051 5741 2111 5788 ll,
2138 5726 2190 5779 9.
