4074 6156
404 303 523 359 1³171·

1578 294 1643 351 ΙΝ
1676 293 2011 351 NUMEROS
2043 293 2328 351 HOMILIA
2365 292 2497 349 ΧΠ(

3528 283 3657 347 (162.

404 423 626 487 propter
647 417 753 472 hoc
775 414 939 488 3η
975 413 1173 470 merito
1199 410 1462 467 Dominus
1490 410 1601 467 Rex
1633 427 1817 483 regum
1843 413 1977 468 dici-
2002 417 2050 472 A
2079 411 2239 481 spicit
2282 410 2347 465 ad
2379 410 2571 466 faciem
2598 407 2825 464 deserti.
2853 424 2870 456 ι
2906 402 3130 459 Nomina
3160 403 3270 457 hmc
3294 414 3414 470 quae
3442 395 3633 453 viden-

403 518 496 565 tur
517 508 588 562 ".
615 507 728 564 Nisi
759 509 905 564 enim
932 507 1045 572 isti,
1110 516 1165 561 et
1187 505 1372 561 caeteri
1415 505 1507 575 qui
1535 519 1629 559 eos
1668 506 1973 568 imitantur,

402 614 567 672 reges
606 600 844 663 fuerint,
874 598 968 654 ille
1011 613 1120 652 non
1174 598 1446 651 videbitur
1477 610 1571 650 rex
1610 610 1817 667 regum.
1870 595 1974 651 Sed

402 704 461 749 et
505 693 622 762 ipse
665 692 938 762 apostolus
981 690 1178 747 Paulus
1225 690 1521 746 Corinthiis
1579 689 1858 753 scribens,
1922 697 1977 744 et

403 786 555 841 velut
611 799 709 857 per
786 787 1078 856 quamdam
1158 784 1390 838 ironiam
1459 781 1758 852 corripiens
1837 796 1973 849 eos,

405 880 554 935 ait"
589 899 603 936 :
641 897 662 931 ι
704 878 835 934 Sine
860 878 1018 933 nobis
1046 878 1311 947 regnatis.
1359 885 1415 931 et
1465 877 1671 930 utinam
1717 875 1973 946 regnetis,

405 978 466 1024 ut
494 977 548 1026 et
576 983 678 1025 nos
704 968 982 1023 vobiscum
1011 981 1321 1036 regnemus.
1354 983 1373 1017 ι
1400 964 1455 1019 1η
1487 979 1593 1033 quo
1621 963 1804 1033 utique
1823 978 1975 1033 reges

405 1062 624 1131 quidem
649 1075 771 1116 esse
793 1059 995 1115 debere
1024 1057 1362 1120 Corinthios,
1392 1065 1447 1111 et
1474 1056 1818 1125 semetipsum
1850 1070 1974 1110 cum

402 1154 472 1208 iis
502 1166 730 1223 regnare
753 1149 888 1206 velle
924 1149 1266 1221 pronuntiat,
1302 1148 1394 1202 sed
1421 1147 1709 1202 elationem
1737 1146 1971 1200 nomium

400 1261 505 1316 pro
527 1245 723 1300 merito
755 1243 1020 1313 assumpti
1053 1242 1277 1297 honoris
1310 1243 1543 1295 incusat.
1578 1238 1813 1294 Fodiunt
1843 1253 1974 1307 ergo

402 1338 441 1391 ii
468 1351 659 1392 omnes
690 1343 909 1404 puteum
943 1335 1105 1389 istum
1139 1333 1411 1403 principes
1440 1341 1531 1387 :et
1553 1332 1827 1387 excudunt
1850 1346 1972 1385 eum

401 1444 562 1500 reges
594 1429 856 1499 gentium.
900 1426 1146 1497 Apostoli
1177 1426 1319 1479 enim
1370 1426 1639 1495 praecipue
1670 1439 1825 1493 reges
1849 1429 1975 1476 sunt

402 1523 671 1592 gentium,
709 1522 803 1591 qui
835 1530 1027 1591 gentes
1060 1520 1127 1575 ad
1180 1518 1541 1574 obedientiam
1579 1516 1699 1571 ﬁdei
1740 1528 1971 1583 congre-

402 1622 622 1686 garunt,
646 1612 917 1667 etChristi
944 1611 1231 1667 scientiam
1286 1608 1538 1664 omnibus
1566 1608 1970 1677 patefecerunt:

410 1725 430 1757 ο
490 1706 547 1761 1η
598 1720 706 1775 quo
738 1713 867 1759 sunt
898 1703 1137 1759 thesauri
1187 1701 1469 1771 sapientiae
1503 1701 1615 1766 Dei,
1654 1709 1706 1753 et
1734 1698 1973 1753 scientia

403 1800 706 1854 absconditi
738 1800 829 1851 7°:
880 1816 900 1849 ι
949 1796 1247 1851 secundum
1297 1803 1627 1864 praeceptum
1686 1790 1899 1846 Domini
1924 1788 1970 1822 ⁸ο

402 1890 807 1944 circumeuntes
865 1886 1051 1941 orbem
1094 1872 1269 1937 terra:
1301 1923 1317 1948 ,
1372 1891 1427 1937 et
1483 1881 1769 1952 implentes
1828 1879 1971 1950 quod

402 1980 718 2034 mandatum
754 1987 856 2042 est,
892 1986 952 2032 ut
986 1978 1216 2032 doceant
1238 1990 1426 2029 omnes
1451 1982 1662 2045 gentes,
1686 1974 1972 2043 baptizan-

404 2084 487 2127 tes
514 2086 609 2127 eas
629 2071 681 2125 in
706 2071 922 2125 nomine
948 2068 1149 2134 Patris,
1174 2077 1232 2122 et
1260 2067 1404 2133 Filii,
1427 2076 1482 2121 et
1504 2065 1741 2136 Spiritus
1759 2066 1969 2120 sancti:

403 2168 458 2212 et
514 2172 614 2227 per
664 2159 779 2213 haec
831 2158 1193 2223 excuderunt,
1255 2158 1356 2211 hoc
1416 2164 1543 2217 est,
1603 2155 1976 2225 patefecerunt

402 2249 692 2305 scientiam
733 2250 904 2319 putei,
936 2256 991 2303 et
1042 2249 1094 2302 in
1144 2248 1392 2302 notitiam
1427 2248 1694 2302 universis
1721 2248 1975 2318 gentibus

402 2344 773 2399 adduxerunt.
804 2342 910 2396 Sed
933 2351 987 2396 et
1016 2355 1134 2411 quae
1160 2355 1302 2395 nunc
1331 2340 1598 2396 habemus
1620 2340 1674 2394 in
1705 2342 1971 2406 manibus,

409 2450 531 2503 quae
563 2434 790 2491 recitata
823 2442 951 2488 sunt
975 2433 1154 2496 nobis,
1180 2440 1373 2499 puteus
1395 2440 1501 2488 est.
1531 2441 1586 2486 et
1611 2433 1787 2486 omnis
1812 2432 1973 2486 simul

405 2523 690 2590 Scriptura
737 2521 865 2591 legis
908 2528 964 2575 et
1011 2518 1392 2589 prophetarum
1428 2534 1442 2571 :
1474 2518 1794 2588 Evangelica
1836 2532 1973 2586 quo—

403 2628 511 2683 que
538 2622 702 2680 atque
729 2611 1037 2682 Apostolica
1075 2610 1281 2680 scripta
1308 2608 1468 2664 simul
1502 2610 1683 2663 omnia
1718 2623 1858 2662 unus
1891 2615 1975 2661 est

404 2715 622 2775 puteus,
658 2717 822 2772 quem
877 2717 983 2757 non
1043 2711 1270 2770 possunt
1316 2700 1524 2766 fodere,
1553 2700 1638 2754 vel
1680 2698 1970 2768 excudere,

405 2796 510 2850 nisi
559 2796 904 2849 inveniantur
928 2810 1083 2865 reges
1141 2802 1190 2849 et
1229 2792 1528 2863 principes.
1560 2790 1698 2847 Vere
1720 2792 1864 2847 enim
1889 2806 1975 2847 re-

407 2905 526 2959 ges,
562 2898 617 2943 et
660 2902 791 2943 vere
819 2888 1099 2958 principes
1136 2887 1370 2942 habendi
1404 2894 1551 2952 sunt,
1601 2887 1693 2956 qui
1748 2896 1991 2957 possunt.

404 2980 628 3035 auferre
657 2989 857 3034 terram
889 2980 954 3035 de
1004 2988 1196 3049 puteo,
1229 2979 1334 3034 hoc
1366 2987 1473 3045 est,
1507 2993 1759 3033 amovere
1787 2995 1975 3048 super-

2081 513 2167 560 tur
2212 505 2453 561 locorum
2502 518 2624 558 esse
2670 498 2949 563 vocabula,
2999 512 3063 551 ex
3113 494 3486 565 significandis
3523 494 3635 549 suis

2078 613 2211 667 quas
2233 599 2285 652 in
2318 598 2499 667 lingua
2530 593 2745 665 propria
2770 592 3072 660 designant,
3096 605 3275 645 rerum
3317 587 3487 658 magis
3519 603 3647 658 my~

2078 690 2336 744 sticarum
2366 683 2821 751 consequentiam,
2848 697 3007 751 quam
3037 680 3418 736 vocabulorum
3451 678 3632 748 appel-

2077 783 2329 837 lationem
2360 781 2605 836 videntur
2642 775 2950 833 ostendere.
2987 794 3006 827 ‹
3050 774 3284 830 Profecti
3308 774 3477 840 ertim,
3504 794 3522 827 ι
3552 775 3637 829 in—

2076 874 2215 944 quit,
2248 892 2266 924 ι
2306 887 2332 924 a
2365 880 2550 941 puteo,
2626 867 2850 924 veniunt
2913 868 2964 921 in
3012 867 3358 921 Mathanaim.
3406 886 3426 919 ι
3462 866 3634 922 luter-

2076 975 2320 1037 pretatur
2364 963 2504 1018 enim
2557 960 2885 1015 Mathanaim
2940 974 3157 1013 munera
3202 960 3437 1027 ipsorum
3495 958 3628 1029 (51).

2078 1059 2241 1115 Vides
2272 1071 2400 1127 ergo
2421 1054 2545 1123 quia
2578 1054 2622 1110 si
2654 1053 2774 1122 quis
2799 1054 2865 1107 de
2899 1060 3062 1121 puteo
3087 1050 3190 1105 hoc
3219 1048 3437 1113 biberit,
3474 1063 3633 1119 quem

2074 1151 2331 1206 foderunt
2372 1162 2522 1216 reges
2550 1155 2603 1199 et
2646 1144 2939 1214 principes,
2973 1142 3155 1196 statim
3186 1140 3404 1211 prolicit
3428 1142 3494 1195 ad
3533 1136 3637 1197 hoc

2076 1255 2136 1296 ut
2158 1242 2354 1295 haheat
2380 1253 2600 1292 munera
2644 1252 2762 1305 qua:
2791 1235 2982 1290 offerat
3005 1233 3135 1288 Deo.
3168 1232 3305 1299 Quid
3336 1240 3518 1286 autem
3552 1240 3638 1286 est

2076 1334 2217 1404 quod
2267 1334 2427 1386 homo
2465 1328 2657 1385 oll‘erat
2706 1327 2859 1383 Deo?
2903 1325 3015 1381 Hoc
3039 1326 3210 1395 ipsum
3240 1324 3383 1392 quod
3435 1323 3488 1377 in
3520 1322 3638 1394 lege

2076 1426 2335 1494 scriptum
2374 1431 2454 1478 est
2482 1422 2555 1473 3":
2578 1420 2830 1475 «Munera
2862 1433 3001 1484 mea,
3035 1436 3054 1470 ι
3092 1417 3195 1472 hoc
3214 1425 3313 1478 est,
3343 1416 3469 1471 data
3497 1430 3634 1470 mea.

2074 1519 2153 1573 Ex
2194 1518 2260 1572 iis
2299 1532 2429 1586 ergo
2460 1531 2577 1585 qua:
2608 1514 2748 1567 Deus
2794 1512 2964 1571 dedit.
3013 1510 3242 1565 oiferunt
3286 1510 3638 1564 nihilominus

2075 1608 2322 1663 homines
2353 1604 2482 1659 Deo.
2537 1603 2675 1671 Quid
2730 1601 2875 1655 dedit
2909 1599 3048 1653 Deus
3097 1597 3351 1653 homini?
3392 1597 3654 1665 Agnitio-.

2073 1713 2197 1753 nem
2246 1697 2354 1752 sui.
2394 1694 2536 1763 Quid
2590 1708 2722 1763 ergo
2761 1690 2919 1748 olTert
2955 1690 3108 1745 Deo?
3160 1688 3353 1749 Fidem.
3399 1703 3549 1749 suam
3583 1697 3653 1749 et

2075 1790 2345 1846 affectum.
2378 1790 2491 1844 Hoc
2542 1797 2625 1843 est
2668 1786 2807 1856 quod
2854 1783 3059 1854 expetit
3111 1784 3181 1838 ab
3216 1782 3437 1837 homine
3475 1784 3636 1838 Deus.

2075 1886 2313 1956 Denique
2333 1885 2408 1939 ita
2435 1882 2687 1952 scriptum
2717 1890 2801 1935 est
2824 1879 2910 1932 ⁸³-ε
2943 1898 2961 1929 ι
2999 1879 3065 1934 Ει
3093 1892 3257 1943 nunc,
3294 1876 3483 1944 israel,
3510 1877 3639 1946 quid

2074 1992 2156 2037 est
2199 1979 2342 2049 quod
2371 1976 2632 2032 Dominus
2666 1973 2805 2027 Deus
2840 1981 2961 2027 tuus
2987 1971 3159 2041 poscit
3187 1969 3284 2025 abs
3334 1980 3405 2037 te,
3432 1970 3534 2025 nisi
3582 1977 3640 2023 ut

2078 2075 2269 2129 timeas
2312 2071 2596 2126 Dominum
2640 2068 2805 2122 Deum
2860 2075 3034 2123 tuum.
3065 2074 3121 2120 et
3175 2063 3398 2118 incedas
3450 2064 3499 2116 in
3536 2061 3638 2117 viis

2075 2164 2215 2234 ejus,
2260 2171 2314 2217 et
2342 2160 2539 2230 diligas
2574 2173 2724 2223 eum,
2777 2168 2831 2211 et
2860 2157 3134 2211 custodias
3160 2156 3339 2209 omnia
3382 2153 3635 2208 mandata

2075 2257 2209 2324 ejus,
2227 2265 2281 2311 et
2306 2253 2511 2308 servias
2546 2250 2774 2306 Domino
2810 2250 2918 2303 Deo
2945 2257 3036 2302 tuo
3064 2262 3129 2303 ex
3175 2257 3290 2303 toto
3321 2250 3485 2303 corde
3521 2260 3632 2313 tuo,

2075 2358 2130 2404 et
2150 2364 2216 2402 ex
2249 2356 2357 2402 tota
2388 2346 2570 2399 anima
2599 2343 2732 2397 tua?
2773 2362 2791 2394 ι
2824 2342 2925 2395 Ista
2955 2349 3083 2395 sunt
3103 2355 3347 2405 munera,
3373 2340 3471 2393 ista
3497 2341 3635 2395 dona

2074 2457 2195 2512 quae
2234 2448 2450 2510 oportet
2500 2437 2726 2492 Domino
2768 2435 2906 2490 dari.
2942 2436 3139 2491 Damus
3175 2443 3355 2489 autem
3388 2433 3504 2489 hare
3526 2430 3636 2488 Do-

2077 2535 2223 2590 mino
2257 2533 2439 2588 cordis
2488 2530 2658 2587 nostri
2694 2542 2921 2583 munera
2962 2534 3312 2596 posteaquam
3353 2525 3640 2595 agnoveri-

2075 2641 2197 2681 mus
2227 2639 2372 2690 eum,
2397 2633 2452 2676 et
2473 2620 2752 2692 agnitione
2777 2618 3038 2673 bonitatis
3062 2620 3180 2687 ejus
3206 2618 3272 2671 de
3323 2616 3468 2687 putei
3520 2614 3641 2684 ejus

2075 2718 2359 2773 altitudine
2393 2714 2713 2770 biberimus.
2754 2710 2994 2766 Observa
3029 2718 3206 2762 tamen
3244 2707 3516 2776 quomodo
3552 2707 3638 2761 di-

2078 2810 2221 2865 xerit
2250 2806 2562 2876 Propheta:
2602 2821 2621 2854 (
2681 2801 2744 2855 Ει
2788 2814 2935 2855 nunc
2982 2797 3149 2852 Israel
3198 2798 3328 2866 quid
3374 2796 3638 2853 Dominus

2078 2903 2220 2958 Deus
2251 2912 2373 2954 tuus
2412 2897 2586 2967 poscit
2612 2896 2709 2949 abs
2741 2893 2837 2948 te?
2864 2891 3245 2947 tEruhescant
3269 2888 3349 2944 illi
3379 2889 3494 2943 haec
3516 2903 3639 2943 ver-

2077 2996 2167 3062 ba,
2206 2993 2296 3065 qui
2347 2998 2543 3062 negant
2598 2987 2650 3042 in
2686 2987 2924 3043 hominis
2978 2984 3205 3041 arbitrio
3234 2996 3353 3037 esse
3392 2980 3527 3050 (32),
3575 2987 3636 3034 ut

405 3074 584 3129 ficiem
633 3073 848 3138 litterae,
884 3081 939 3127 et
984 3074 1050 3127 de
1102 3072 1364 3126 interiore
1401 3081 1552 3141 petra
1599 3073 1687 3128 ubi
1720 3074 1971 3129 Christus

2078 3088 2335 3141 salvetur.
2362 3081 2642 3148 Quomodo
2671 3087 2925 3150 posceret
2962 3077 3029 3131 ab
3065 3076 3283 3131 homine
3316 3072 3480 3136 Deus,
3530 3068 3633 3125 nisi

404 3176 512 3232 est,
544 3166 819 3235 spiritales
852 3180 1047 3220 sensus
1077 3166 1227 3219 velut
1255 3179 1451 3233 aquam
1482 3165 1656 3221 vivam
1700 3168 1967 3233 proferre.

403 3259 531 3314 ﬁam
558 3272 689 3328 ergo
711 3257 888 3311 facere
923 3257 1074 3311 decet
1101 3270 1199 3311 eos
1221 3257 1388 3320 solos,
1418 3258 1508 3326 qui
1530 3258 1613 3312 vel
1642 3275 1795 3330 reges
1818 3272 1967 3324 sunt,

405 3351 493 3405 vel
533 3349 826 3420 principes.
881 3348 1052 3418 Reges
1101 3362 1168 3402 ex
1203 3362 1269 3403 eo
1307 3347 1439 3403 dicti
1475 3351 1617 3419 quod
1642 3351 1851 3419 peccati
1883 3368 1968 3407 re-

406 3453 573 3509 gnum
595 3450 661 3491 ex
683 3451 911 3507 corpore
941 3452 1040 3493 suo
1065 3436 1394 3505 depulerint,
1427 3448 1480 3495 et
1503 3438 1970 3514 iustitimrcgnum

407 3530 719 3599 paraverint
743 3531 795 3584 in
824 3530 1082 3585 membris
1102 3532 1234 3585 suis.
1262 3530 1425 3586 Decet
1456 3533 1600 3587 enim
1631 3549 1752 3588 eum
1777 3535 1974 3590 docere

407 3631 654 3685 caeteros,
688 3623 779 3692 qui
815 3622 966 3692 prius
992 3620 1185 3677 fecerit
1211 3622 1322 3691 ipsa
1347 3639 1465 3692 quae
1494 3625 1669 3681 docet.
1702 3626 1793 3682 Sic
1825 3627 1970 3682 enim

407 3714 665 3784 scriptum
689 3723 774 3771 est
793 3715 861 3776 θι,
894 3714 1025 3783 quia
1054 3733 1073 3766 ι
1100 3715 1188 3784 qui
1214 3714 1404 3771 fecerit
1435 3718 1746 3773 etdocuerit
1772 3722 1849 3774 sic
1874 3721 1973 3775 ho-

408 3805 606 3870 mines,
661 3806 747 3860 hic
776 3821 1005 3878 magnus
1030 3806 1313 3860 vocabitur
1341 3807 1396 3862 in
1434 3823 1598 3879 regno
1632 3811 1913 3866 caelorum.
1948 3832 1967 3865 ι

406 3893 662 3967 Magnum
687 3908 866 3952 autem
897 3911 1016 3952 esse
1042 3897 1094 3951 in
1120 3912 1304 3966 regno.
1334 3897 1443 3954 hoc
1486 3910 1570 3955 est
1618 3916 1796 3972 regem
1830 3919 1972 3960 esse.

414 4008 433 4040 σ
467 3989 817 4046 Excuderunt
845 4004 988 4055 eum,
1036 4008 1056 4040 ι
1093 3988 1356 4057 inquit",
1401 4009 1419 4041 ‹
1460 4006 1612 4061 reges
1634 3995 1871 4063 gentium
1908 3998 1963 4050 in

406 4100 577 4155 regno
609 4099 725 4148 suo,
758 4085 885 4140 dum
919 4086 1335 4142 dominarentur
1355 4088 1457 4142 eis.
1489 4107 1509 4140 ι
1543 4086 1622 4142 Re
1670 4089 1813 4143 enim
1846 4103 1973 4144 vera

404 4190 514 4229 non
542 4185 769 4244 possunt
798 4176 980 4232 fodere
1004 4188 1219 4248 puteum
1247 4179 1432 4242 istum,
1457 4194 1557 4233 nec
1576 4178 1803 4234 latentes
1823 4195 1975 4251 aquae

404 4268 544 4323 vivae
573 4284 739 4325 venas
767 4270 999 4339 aperire,
1027 4273 1128 4328 nisi
1157 4273 1311 4342 prius
1334 4273 1669 4328 dominatum
1704 4275 1975 4327 tenuerint

406 4360 645 4429 gentium
687 4360 1065 4421 barbararum.
1106 4362 1277 4420 Omne
1310 4365 1456 4418 enim
1501 4364 1761 4435 quidquid
1795 4366 1846 4419 in
1894 4366 1974 4421 eis

2073 3178 2296 3233 haberet
2347 3176 2510 3229 homo
2550 3173 2602 3227 in
2644 3187 2738 3225 sua
2773 3178 3057 3240 potestate,
3082 3168 3221 3236 quod
3247 3164 3489 3236 poscenti
3520 3164 3631 3219 Deo

2071 3268 2295 3322 deberet
2323 3262 2565 3319 offerre?
2617 3261 2755 3315 Sunt
2800 3275 2932 3329 ergo
2958 3273 3075 3328 quae
3108 3259 3305 3313 dantur
3337 3271 3366 3309 a
3400 3254 3532 3319 Deo,
3583 3261 3639 3309 et

2073 3364 2200 3406 sunt
2232 3367 2351 3421 quae
2381 3352 2695 3418 praebentur
2745 3348 2813 3403 ab
2862 3347 3099 3404 homine.
3149 3344 3312 3402 Verbi
3349 3345 3545 3417 gratia,
3582 3344 3637 3398 in

2072 3444 2293 3499 homine
2328 3441 2429 3495 fuit
2460 3451 2520 3496 ut
2568 3455 2674 3496 una
2712 3454 2834 3494 mna
2871 3439 3078 3495 faceret
3108 3438 3294 3494 decem
3326 3451 3505 3504 mnas,
3545 3446 3640 3493 aut

2073 3554 2177 3591 una
2224 3551 2346 3589 mna
2384 3535 2592 3589 faceret
2638 3533 2884 3603 quinque
2915 3546 3074 3587 mnas
3104 3531 3170 3584 ³³.
3211 3531 3291 3586 Ex
3319 3530 3426 3585 Deo
3456 3538 3637 3586 autem

2073 3630 2194 3689 fuit.
2220 3627 2523 3683 uthaberet
2551 3626 2713 3681 homo
2766 3639 2972 3690 mnam,
3002 3637 3066 3678 ex
3110 3638 3214 3692 qua
3259 3622 3435 3677 facere
3458 3630 3640 3691 posset

2077 3724 2261 3777 decem
2329 3734 2508 3775 mnas.
2559 3718 2693 3773 Cum
2748 3727 2927 3771 autem
2976 3714 3174 3771 obtulit
3223 3730 3289 3770 ex
3346 3730 3405 3771 se
3454 3715 3661 3777 decem.

2075 3829 2257 3878 muas,
2289 3814 2498 3882 accepit
2525 3825 2713 3866 rursus
2749 3825 2778 3863 a
2812 3809 2920 3863 Deo
2943 3823 3051 3863 non
3073 3807 3183 3874 jam
3210 3808 3519 3877 pecuniam,
3545 3806 3659 3861 sed.

2076 3914 2396 3977 potestatem
2451 3913 2506 3960 et
2543 3918 2765 3973 regnum
2815 3902 3000 3956 decem
3038 3899 3339 3954 civitatum.
3376 3898 3641 3953 Petitite-

2075 4014 2195 4053 rum
2224 3999 2363 4053 Deus
2409 3997 2476 4051 ab
2519 3996 2813 4058 Abraham,
2852 4001 2913 4047 ut
2941 3991 3159 4047 offerret
3189 3993 3240 4046 ei
3291 3991 3441 4047 Isaac
3469 3990 3637 4044 filium

2075 4103 2229 4143 suum
2290 4087 2344 4142 in
2418 4094 2657 4140 montem
2730 4095 3130 4153 quemcumque
3190 4080 3514 4136 ostendisset
3563 4081 3636 4134 ei.

2076 4177 2283 4234 Obtulit
2310 4176 2580 4231 Abraham
2620 4173 2921 4243 intrepidus
2977 4172 3312 4243 unigenitum
3344 4173 3415 4238 ⁸⁷,
3471 4173 3642 4239 impo-

2077 4270 2185 4323 suit
2206 4282 2370 4338 super
2393 4282 2567 4331 aram,
2603 4267 2838 4322 cultrum
2865 4263 3055 4319 eduxit
3084 4274 3144 4317 ut
3184 4264 3478 4336 jugularet,
3505 4265 3645 4321 inhi-

2076 4360 2538 4423 beturcontinuo,
2563 4366 2620 4411 et
2649 4358 2797 4413 aries
2826 4358 2876 4412 ei
2910 4373 3007 4428 pro
3038 4357 3150 4411 lilio
3175 4358 3335 4412 datur
3384 4356 3448 4411 ad
3480 4356 3639 4411 victi-

404 4451 580 4506 ferum
609 4450 710 4507 fuit
736 4453 788 4507 in
828 4454 1065 4519 actibus,
1114 4454 1371 4525 quidquid
1407 4455 1458 4508 in
1507 4455 1745 4511 moribus
1772 4455 1971 4511 barba-
2004 4438 2047 4492 Ῑ)
2078 4469 2241 4508 mam.
2311 4452 2469 4507 Vides
2496 4466 2625 4521 ergo
2678 4450 2803 4520 quia
2872 4465 2992 4521 quae
3043 4453 3150 4506 Deo
3188 4447 3486 4515 otIerimus,
3537 4463 3639 4505 no-

405 4558 549 4608 rum,
568 4544 612 4599 si
627 4545 966 4600 edomuerint
990 4554 1045 4600 et
1073 4546 1400 4615 subiecerint
1416 4546 1563 4616 regio
1587 4548 1792 4611 sensui,
1813 4560 1861 4603 et
1880 4548 1974 4603 do-

402 4635 599 4689 tninati
620 4634 824 4692 fuerint
842 4637 942 4699 eis,
969 4638 1039 4692 ita
1064 4649 1124 4692 ut
1144 4640 1209 4695 de
1225 4648 1423 4695 caetero
1440 4656 1542 4695 non
1572 4640 1863 4710 gentiliter,
1879 4642 1970 4697 sed

403 4725 643 4792 legitime
673 4738 851 4799 agant,
868 4729 955 4784 isti
982 4739 1105 4786 sunt
1127 4746 1252 4786 vere
1269 4745 1425 4800 reges
1453 4730 1718 4798 profunda
1733 4733 1876 4800 putei
1898 4734 1972 4787 ri-

401 4829 638 4886 mantes,
658 4831 713 4875 et
731 4820 879 4876 verbi
893 4820 986 4876 Dei
1008 4837 1035 4875 a
1046 4836 1206 4876 rcana
1226 4837 1292 4877 ac
1307 4824 1533 4893 mystica
1549 4833 1975 4891 perscrutantes.

474 4913 526 4969 5.
560 4912 688 4968 Post
714 4914 850 4982 haec,
885 4932 905 4966 ι
935 4922 991 4969 et
1020 4930 1049 4968 a
1079 4925 1264 4984 puteo,
1300 4934 1321 4968 ι
1377 4916 1549 4984 inquit
1578 4916 1653 4983 ⁸³,-
1683 4935 1703 4968 σ
1749 4917 1974 4986 profecti

401 5015 531 5060 sunt
570 5004 926 5071 Mathanaim,
960 5015 1016 5060 et
1041 5021 1071 5060 a
1105 5005 1429 5060 Mathanaim
1475 5007 1525 5059 in
1562 5005 1826 5073 Nahaliel,
1861 5020 1917 5063 et
1941 5025 1970 5062 a

2074 4549 2158 4603 bis
2205 4554 2429 4601 manent
2476 4561 2491 4599 :
2541 4547 2633 4601 sed
2687 4546 2753 4599 ad
2810 4545 2913 4599 hoc
2984 4544 3318 4615 expetimur,
3372 4553 3431 4598 ut
3475 4544 3529 4599 in
3574 4544 3642 4600 iis

2075 4637 2301 4694 aﬂ‘ectus
2361 4646 2546 4693 noster
2600 4652 2735 4708 erga
2795 4636 2963 4692 Deum
3040 4637 3299 4706 probetur
3362 4645 3419 4691 et
3485 4637 3640 4693 ﬁdes.

2078 4729 2208 4785 Haec
2259 4745 2357 4799 pro
2418 4744 2482 4785 eo
2532 4730 2674 4800 quod
2726 4729 2963 4785 diximus
3014 4732 3287 4799 profectos
3330 4743 3453 4785 esse
3499 4730 3641 4786 filios

2073 4820 2235 4877 Israel
2279 4837 2307 4875 a
2347 4830 2527 4892 puteo,
2556 4830 2610 4877 et
2639 4823 2848 4878 venisse
2889 4824 2942 4877 in
2984 4822 3336 4887 Mathanaim,
3367 4822 3509 4894 quod
3557 4824 3642 4877 in-

2075 4923 2400 4985 terpretatur
2454 4931 2671 4969 munera
2704 4930 2905 4969 eorum.
2968 4916 3009 4970 Α
3070 4915 3400 4970 Mathanaim
3459 4924 3640 4969 autem

2071 5007 2313 5060 venimus
2380 5006 2433 5060 in
2502 5006 2747 5061 Nahaliel
2799 5008 2951 5077 (53),
3027 5009 3171 5079 quod
3254 5008 3643 5077 interpretatur

401 5097 652 5154 Nahaliel
678 5100 731 5152 in
764 5097 1017 5165 Bamotb,
1045 5108 1149 5153 eta
1169 5098 1393 5152 Bamoth
1420 5099 1470 5151 in
1506 5113 1693 5154 nemus
1720 5103 1967 5169 quodest
2067 5097 2228 5169 315
2269 5113 2334 5152 ea:
2366 5097 2497 5153 Deo.
2539 5097 2675 5166 Quid
2702 5113 2766 5153 ex
2811 5100 2959 5154 Deo?
2989 5099 3344 5170 Posteaquam
3374 5098 3636 5155 obtuleri-

402 5190 457 5245 in
493 5205 686 5261 campo
714 5188 894 5255 Moab,
930 5205 960 5243 a
995 5190 1197 5244 vertice
1248 5192 1445 5246 montis
1490 5193 1689 5247 excelsi
1743 5194 1832 5262 qui
1876 5207 1963 5248 re-

762 5375 809 5407 ⁸³
865 5376 1014 5441 ibid.,
1043 5376 1127 5440 18,
1162 5376 1244 5438 19,
1276 5376 1370 5433 ‘20.

475 5492 593 5565 (3|),
618 5492 1006 5565 Interpretatur
1042 5495 1178 5547 enim
1225 5493 1556 5547 Mathamrim
1594 5504 1953 5550 IUNERAIPSO-

410 5578 542 5632 epit.
572 5564 616 5617 A
649 5564 835 5619 radice
864 5573 954 5650 In:
988 5581 1006 5613 ι
1042 5564 1219 5633 dedit,
1246 5585 1263 5617 ι
1294 5568 1348 5622 fit
1379 5574 1494 5649 1m:
1522 5565 1806 5621 «donum.»

480 5657 591 5725 ('52)
619 5657 712 5712 Sic
743 5671 932 5710 omnes
960 5671 1091 5710 mss.
1116 5656 1268 5712 Libb.
1302 5667 1479 5713 autem
1516 5658 1642 5715 editi
1684 5677 1697 5713 :
1738 5678 1755 5710 ι
1791 5660 1842 5714 iu
1873 5661 1969 5715 ho-

407 5727 555 5782 mine
578 5742 697 5783 esse
724 5726 959 5802 liberum
989 5728 1289 5783 arbitrium.
1322 5747 1339 5779 ι

400 5391 519 5441 xxI,
570 5374 655 5430 18.
762 5375 809 5407 ⁸³
865 5376 1014 5441 ibid.,
1043 5376 1127 5440 l8,
1162 5376 1244 5438 19,
1276 5376 1370 5433 ‘20.
1466 5377 1510 5407 3‘
1547 5377 1703 5431 Num.
1749 5395 1840 5435 xv.

2066 5206 2185 5246 tuus
2218 5204 2317 5245 nos
2365 5204 2486 5260 qua:
2546 5204 2613 5244 ex
2655 5188 2810 5245 nobis
2861 5199 3010 5256 sunt,
3041 5190 3290 5246 venimus
3334 5191 3401 5247 ad
3444 5190 3548 5245 hoc
3577 5199 3638 5247 ut

493 5306 538 5337 ’⁷
571 5305 738 5372 Apoc.
762 5321 879 5367 xIx.
927 5304 1017 5359 16.
1091 5306 1136 5337 ⁷⁸
1169 5305 1186 5358 Ι
1227 5305 1353 5361 Cor.
1388 5321 1463 5369 tv,
1499 5307 1551 5361 8.
1629 5308 1675 5340 ⁷⁸
1695 5306 1900 5365 Coloss.
1941 5325 1972 5363 ιι

493 5391 519 5435 ι.
570 5374 655 5430 18.
762 5375 809 5407 ⁸³
865 5376 1014 5435 ibid.,
1043 5376 1127 5435 18,
1162 5376 1244 5435 19.
1276 5376 1370 5433 ‘20.
1466 5377 1510 5407 3‘
1547 5377 1703 5431 Num.
1749 5395 1840 5435 xv.
1943 5382 1972 5414 υ

2149 5309 2194 5343 ⁸ο
2225 5307 2413 5361 Matth.
2439 5322 2629 5370 xxvm,
2671 5309 2757 5363 19.

2075 5389 2167 5435 :ut.
2215 5396 2271 5435 π..
2324 5378 2410 5431 12.
2503 5377 2549 5409 ⁸⁸
2592 5378 2757 5433 Matth

2058 5389 2167 5436 eut.
2215 5396 2271 5445 ιι,
2324 5389 2410 5431 l‘z.

2850 5309 2895 5340 ‘”
2927 5306 3177 5369 Malth’.v,
3207 5307 3321 5364 l9“
3391 5307 3437 5341 ”
3476 5305 3636 5367 Num.

2503 5377 2549 5409 ⁸⁸
2592 5378 2780 5433 Matth.
2836 5395 2958 5435 xxv.
3093 5378 3138 5411 ⁸⁷
3165 5379 3364 5435 Genes.
3393 5393 3527 5433 ιλιι.

2149 5495 2267 5565 (55)
2315 5494 2470 5560 Quod
2498 5496 2874 5563 interpretatur
2913 5512 2977 5549 ea:
3012 5494 3138 5551 Deo.
3176 5495 3395 5565 Aliquid
3422 5495 3656 5550 videtur

2076 5568 2308 5621 delicere
2357 5582 2372 5619 :
2412 5579 2585 5634 neque
2633 5564 2775 5619 enim
2817 5566 3057 5621 Mhaliel
3109 5567 3246 5621 verti
3286 5564 3472 5633 potest
3509 5581 3641 5634 εει

2080 5618 2410 5701 Βὲοζῖεθιι
2443 5618 2473 5686 ἱ
2494 5618 2774 5704 possessio
2808 5651 2923 5689 mea
2947 5618 3495 5701 ex'Deo‘tVaJradice

2075 5726 2332 5789 possedit.
2372 5738 2427 5782 et
2454 5727 2670 5782 nomine
2704 5710 2778 5786 5N
2813 5725 2947 5782 Deus
