4074 6156
493 275 600 334 eos
1969 274 2292 333 ontGENts
3277 233 3303 243 ii
3626 268 3732 325 est

491 401 885 458 consequamur
909 398 970 438 ea
996 399 1117 454 quae
1145 399 1209 439 ex
1244 387 1354 440 Deo
1390 394 1533 440 sunt.
1570 387 1703 442 Cum
1728 387 1872 441 enim
1903 387 2061 443 fidem
2088 395 2136 458 Α
2166 387 2540 442 Transibimus
2569 399 2666 455 per
2693 394 2892 439 terram
2933 390 3103 452 tuam,
3153 399 3253 456 per
3280 384 3422 443 viam
3467 384 3729 443 transibi-

493 489 734 539 nostram
762 487 817 530 et
867 475 1116 531 allectum
1166 477 1522 534 obtulerimus
1557 478 1629 541 ei,
1669 487 1798 534 tunc
1841 488 1897 534 et
1947 480 2061 548 ipse
2165 495 2306 546 mus,
2331 493 2436 534 non
2471 478 2866 533 declinabimus
2894 490 3068 544 neque
3099 477 3152 531 in
3195 491 3407 546 agrum,
3453 491 3629 546 neque
3674 477 3728 530 in

491 572 720 643 largitur
745 571 902 624 nobis
930 569 1143 624 diversa
1180 569 1321 624 dona
1349 569 1583 640 Spiritus
1608 572 1806 638 sancti,
1837 575 1902 626 de
1935 575 2057 641 qui-
2161 573 2394 627 vineam.
2435 570 2552 625 Non
2582 571 2827 625 bibemus
2857 584 3052 639 aquam
3083 569 3149 624 de
3177 569 3291 626 lacu
3321 576 3435 634 tuo,
3462 569 3546 623 via
3583 569 3728 639 regia

488 663 591 720 bus
610 662 740 716 dicit
765 659 1057 729 Apostolus
1081 660 1125 696 ³⁸
1159 678 1202 718 :r
1236 660 1425 715 Omnia
1441 670 1620 716 autem
1643 675 1706 720 ex
1741 663 1846 717 Deo
1872 673 2052 729 sunt,»
2160 663 2496 729 incedemus,
2526 674 2804 730 usquequo
2835 669 3173 716 transeamus
3192 659 3324 714 ﬁnes
3355 669 3495 714 tuos.
3530 659 3596 716 Et
3622 674 3727 712 non

489 756 556 812 Et
585 770 616 818 a
654 753 897 808 Nahaliel
928 753 1175 808 venimus
1203 753 1256 806 in
1288 753 1539 817 Bamoth,
1559 755 1702 824 quod
1734 753 2058 823 interpreta-
2158 753 2427 809 concessit
2459 751 2600 807 Seon
2627 758 2687 806 ut
2716 751 2878 806 Israel
2911 750 3167 804 transiret
3199 763 3296 820 per
3314 749 3447 804 lines
3475 763 3626 804 suos.
3664 748 3730 802 Et

487 856 574 902 tur
610 847 869 900 adventus
901 847 1080 900 mortis
1115 843 1251 914 (54).
1291 841 1458 909 Cujus
1487 841 1681 898 mortis
1731 845 1818 900 hic
1861 845 2058 899 intelli-
2158 846 2380 917 collegit
2408 844 2552 899 Seon
2591 857 2808 905 omnem
2849 841 3111 912 populum
3143 855 3325 908 suum,
3361 850 3417 896 et
3445 841 3582 895 exiit
3609 840 3728 895 bel-

485 940 666 1004 gimus
702 938 1022 994 adventum.
1054 936 1154 990 nisi
1196 936 1491 1004 illius,qua
1515 935 1732 990 Christo
1759 936 2057 991 commori-
2158 939 2390 1008 ligerare
2441 937 2726 991 adversum
2781 935 2949 990 Israel
2991 935 3044 989 in
3086 935 3326 1001 deserto,
3382 940 3438 988 et
3483 933 3635 1010 venit
3674 933 3725 986 in

486 1045 608 1084 mur
633 1030 698 1094 '9,
733 1037 791 1083 ut
814 1039 868 1084 et
893 1028 1238 1086 convivamus
1265 1027 1336 1092 ei,
1369 1037 1541 1098 etqua
1570 1028 1829 1083 debemus
1871 1027 2058 1082 morti-
2157 1033 2382 1093 Assaar,
2416 1039 2471 1085 et
2499 1042 2827 1098 congressus
2858 1037 2943 1083 est
2982 1042 3103 1082 cum
3147 1026 3335 1092 Israel,
3366 1035 3421 1080 et
3458 1024 3728 1093 percussit

487 1121 650 1175 ﬁcare
684 1121 927 1174 membra
974 1129 1178 1182 nostra.
1212 1134 1331 1188 quae
1363 1128 1488 1173 sunt
1531 1134 1691 1187 super
1741 1130 1939 1172 terram
1969 1118 2058 1172 °°?
2156 1141 2277 1179 cum
2305 1123 2470 1179 Israel
2489 1137 2622 1182 nece
2645 1121 2830 1192 gladii,
2854 1130 2909 1174 et
2935 1121 3344 1175 dominatisunt
3368 1129 3526 1175 terrai
3549 1119 3720 1189 ejus.

471 1213 551 1266 'Et
575 1215 770 1266 iterum
799 1213 843 1245 ⁹¹
885 1227 896 1259 :
942 1229 961 1261 ε
992 1210 1302 1278 Consepulti
1332 1211 1477 1264 enim
1509 1211 1584 1266 illi
1620 1226 1806 1266 sumus
1840 1226 1937 1279 per
1961 1211 2055 1266 ba-
2154 1215 2390 1271 Historia
2418 1215 2638 1284 quidem
2673 1211 2955 1267 manifesta
2989 1221 3092 1278 est,
3110 1212 3204 1266 sed
3229 1212 3585 1280 deprecemur
3616 1213 3725 1266 Do-

489 1304 743 1370 ttlismllm
779 1304 831 1358 ill
874 1313 1069 1356 morte.
1103 1322 1121 1363 η
1158 1302 1217 1356 Si
1273 1302 1396 1371 quis
1430 1315 1559 1372 ergo
1597 1303 1852 1356 salutaris
1895 1303 2054 1370 hujus
2155 1306 2389 1367 minum,
2425 1315 2483 1357 ut
2527 1303 2727 1371 aliquid
2779 1301 3003 1372 dignum
3059 1301 3334 1370 possimus
3373 1301 3723 1356 interioribus

485 1399 583 1452 vite
609 1397 852 1453 ordinem
894 1404 1062 1462 tenet,
1097 1410 1194 1464 per
1230 1395 1345 1451 hare
1375 1395 1583 1466 singula
1616 1411 1737 1466 quae
1781 1411 2054 1451 memora-
2154 1395 2274 1464 ejus
2297 1394 2547 1451 sensibus
2572 1393 2876 1464 pervidere.
2905 1391 3046 1446 Seon
3071 1391 3337 1460 duplicem
3372 1391 3536 1446 habet
3557 1393 3722 1447 inter-

488 1492 664 1545 vimus
703 1489 806 1544 iter
841 1502 999 1559 agere
1037 1488 1214 1549 debet,
1263 1497 1320 1541 et
1366 1489 1554 1542 venire
1593 1498 1717 1557 post
1770 1488 1936 1542 multa
1986 1489 2052 1542 ad
2153 1488 2531 1556 pretationem,
2587 1485 2703 1539 sive
2754 1488 2913 1536 arbor
2965 1483 3326 1551 infructuosa,
3370 1484 3484 1538 sive
3531 1484 3720 1546 elatas.

487 1582 632 1638 hunc
664 1580 866 1642 locum,
900 1594 1059 1648 quem
1115 1579 1352 1635 diximus
1393 1579 1702 1646 signiﬁcare
1734 1580 1923 1636 mortis
1957 1581 2053 1633 ad-
2153 1577 2316 1634 Mittit
2342 1578 2512 1648 igitur
2543 1575 2704 1634 Israel
2735 1577 2938 1647 legatos
2975 1576 3042 1630 ad
3068 1575 3233 1642 Seon,
3261 1575 3423 1630 mittit
3459 1576 3525 1629 ad
3561 1577 3724 1630 arbo-

482 1683 730 1729 ventum.
759 1671 827 1728 Ut
856 1682 1031 1726 autem
1063 1686 1129 1726 ex
1161 1670 1458 1740 Scripturis
1485 1670 1767 1736 docemur,
1803 1681 1884 1725 est
1907 1685 2046 1741 quae-
2156 1683 2266 1722 rcm
2293 1668 2712 1731 infructuosam,
2743 1667 2908 1721 mittit
2939 1665 3004 1720 ad
3044 1665 3270 1733 elatum,
3312 1675 3368 1720 et
3405 1665 3716 1735 superbum.

485 1764 608 1818 dum
645 1779 791 1820 mors
825 1763 1044 1817 inimica
1081 1762 1302 1831 Christi,
1334 1774 1389 1817 et
1426 1764 1669 1831 quaedam
1710 1765 1881 1819 amica
1911 1766 2047 1835 ejus.
2081 1749 2122 1805 Β
2155 1759 2250 1814 Hic
2276 1768 2455 1814 autem
2481 1759 2646 1822 Seon,
2674 1772 2766 1819 rex
2798 1767 2881 1813 est
2904 1757 3369 1821 Atuorrbaeorum,
3393 1757 3485 1826 qui
3527 1766 3582 1812 et
3617 1756 3719 1827 ipsi

483 1855 596 1909 Non
628 1869 760 1922 ergo
794 1854 936 1913 illius
963 1853 1152 1908 mortis
1175 1853 1304 1908 dicit
1327 1853 1562 1910 inimica:
1597 1853 1822 1921 Christi,
1854 1857 1918 1910 de
1945 1870 2049 1926 qua
2155 1851 2586 1919 interpretantur
2619 1853 2672 1904 in
2702 1850 3102 1910 amaritudinem
3147 1851 3482 1914 adducentes.
3523 1849 3606 1904 Vel
3639 1848 3720 1904 10-.

483 1947 684 2001 dicitur
712 1945 781 2011 ‘°,
820 1963 838 1998 ι
871 1942 1210 2004 Novissimus
1236 1945 1485 2000 inimicus
1503 1947 1819 2002 destruetur
1845 1962 2043 2013 morsu
2150 1952 2362 2015 quentes
2396 1941 2532 2012 (36).
2558 1940 2724 2000 Mittit
2749 1957 2880 2010 ergo
2905 1941 2970 1994 ad
3000 1940 3143 1996 Seon
3167 1954 3348 2010 regem
3377 1940 3718 1995 Amorrhzco-

481 2038 572 2107 qui
604 2046 688 2092 cst
721 2036 972 2093 diabolus
1001 2051 1016 2089 :
1053 2037 1145 2094 sed
1181 2036 1336 2105 hujus
1376 2035 1572 2092 mortis
1621 2051 1724 2106 qua
1759 2037 2050 2091 commori-
2150 2051 2266 2089 rum
2293 2033 2502 2104 Moyses
2533 2033 2716 2089 verbis
2756 2032 2996 2102 pacilicis
3023 2033 3208 2088 dicens
3237 2049 3252 2086 :
3281 2049 3302 2085 ‹
3343 2031 3716 2092 Transibimus

480 2143 601 2182 mur
622 2126 671 2181 ei
698 2135 755 2180 ut
782 2137 836 2180 et
857 2126 1208 2180 convivamus
1233 2126 1280 2180 ei
1320 2142 1332 2177 :
1375 2127 1673 2180 secundum
1707 2140 1869 2194 quam
1905 2141 2049 2183 mor-
2149 2144 2244 2198 per
2273 2139 2469 2184 terram
2503 2138 2670 2183 tuam.
2704 2147 2723 2180 ι
2757 2127 2812 2183 Si
2857 2127 3151 2182 secundum
3187 2125 3486 2195 spiritalem
3519 2125 3717 2180 intelli-

481 2227 588 2270 tem
623 2217 753 2271 dicit
789 2215 930 2271 Deus
959 2216 1005 2249 ⁸³
1039 2231 1054 2269 :
1095 2233 1114 2268 ι
1163 2214 1275 2285 Ego
1325 2215 1592 2280 occidam,
1641 2227 1697 2270 et
1734 2216 1918 2272 vivere
1962 2217 2048 2272 fa-
2147 2220 2384 2291 gentiam
2415 2219 2715 2282 dixerimus
2744 2219 2884 2273 Seon
2913 2233 3092 2288 regem
3121 2217 3347 2286 figuram
3385 2227 3569 2272 tenere
3601 2216 3716 2270 dia-

477 2303 642 2360 ciam.
687 2323 705 2356 ι
737 2303 951 2366 Occidit
979 2305 1121 2359 enim
1169 2313 1229 2360 ut
1263 2306 1684 2360 commoriamur
1719 2304 1958 2373 Christo,
1994 2317 2049 2362 et
2147 2311 2275 2377 boli,
2304 2313 2430 2385 quia
2472 2312 2588 2380 ipse
2641 2321 2725 2366 est
2780 2310 2956 2364 elatus
3016 2318 3071 2364 et.
3120 2309 3489 2367 infructuosus
3541 2315 3714 2378 :puto

478 2394 662 2449 vivere
697 2393 829 2449 facit
855 2403 914 2448 ut
948 2395 1300 2449 convivamus
1329 2396 1402 2448 ei.
1448 2394 1755 2464 Optandum
1785 2411 1915 2466 ergo
1945 2413 2044 2451 no-
2145 2400 2287 2467 quod
2315 2415 2420 2455 non
2447 2401 2644 2456 debeas
2683 2400 2894 2460 mirari,
2920 2401 3066 2472 quod
3091 2413 3213 2454 eum
3239 2398 3467 2454 dixerim
3509 2413 3710 2472 regem,

475 2485 560 2546 his
585 2493 688 2548 est,
731 2495 791 2542 ut
817 2485 1098 2544 veniamus
1155 2485 1206 2541 iu
1253 2485 1500 2550 Bamoth,
1543 2494 1596 2540 et
1644 2488 2046 2556 promptissime
2147 2507 2271 2546 cum
2310 2491 2498 2547 audias
2537 2493 2703 2546 etiam
2752 2493 2926 2560 ipsum
2964 2490 3245 2545 Dominum
3279 2500 3335 2544 et
3371 2489 3710 2547 Salvatorem

475 2576 832 2645 suscipiamus
859 2576 1027 2632 beata:
1053 2576 1213 2644 hujus
1244 2576 1433 2631 mortis
1457 2577 1770 2642 adventum,
1797 2586 1856 2631 ut
1883 2587 1938 2633 et
1966 2577 2045 2631 vi-
2146 2593 2388 2638 nostrum
2424 2584 2475 2638 in
2507 2583 2814 2653 Evangeliis
2867 2583 2934 2638 de
2977 2597 3042 2637 eo
3085 2583 3352 2638 dicentem
3379 2583 3421 2613 "
3457 2601 3471 2636 :
3504 2600 3523 2638 σ
3573 2581 3712 2638 Ecce

474 2667 678 2722 vilicari
733 2682 855 2723 cum
898 2666 1114 2723 Christo
1149 2682 1472 2721 mereamur.
1531 2686 1551 2725 t
1591 2666 1658 2722 Et
1690 2684 1755 2722 ex
1795 2669 2040 2734 Bamoth.
2143 2691 2287 2731 nunc
2309 2675 2458 2731 venit
2489 2675 2740 2748 princeps
2767 2673 2927 2743 hujus
2957 2675 3165 2742 mundi,
3207 2684 3262 2728 et
3300 2674 3352 2728 iu
3387 2689 3601 2729 menon
3625 2674 3709 2731 III-1

475 2757 669 2828 inquit,
708 2759 760 2812 in
795 2774 1003 2821 nemus,
1040 2760 1182 2828 quod
1213 2769 1296 2822 est
1333 2759 1384 2812 in
1415 2773 1606 2828 campo
1632 2758 1808 2824 Moab,
1851 2777 1878 2812 a
1920 2775 2044 2814 ver-

2138 2770 2287 2823 venit
2318 2767 2635 2840 quidquam.
2675 2786 2693 2820 ι
2724 2767 2792 2821 Ει
2820 2769 3017 2822 iterum
3049 2766 3133 2820 '3:
3169 2783 3190 2817 ί
3221 2766 3360 2822 Ecce
3386 2782 3529 2820 nunc
3563 2767 3708 2836 prin-

471 2853 582 2908 ticc
605 2853 802 2906 montis
834 2852 1059 2922 excelsi,
1099 2852 1189 2918 qui
1233 2852 1456 2921 respicit
1484 2854 1549 2906 ad
1581 2853 1881 2911 desertum.
1915 2873 1935 2908 ι
1982 2853 2038 2909 Si
2139 2875 2270 2932 cepa
2303 2861 2464 2932 hujus
2512 2859 2700 2914 mundi
2741 2859 2987 2913 mittetur
3023 2859 3190 2912 foras.
3226 2875 3245 2910 ι
3294 2855 3350 2911 Si
3379 2873 3512 2928 ergo
3545 2859 3708 2914 totius

479 2944 583 3010 hoc
615 2943 808 2998 itinere
838 2944 1152 2998 inccdamus
1186 2945 1327 3012 quod
1353 2958 1458 3012 non
1499 2953 1606 2998 tam
1642 2943 1883 2999 locorum
1940 2961 2037 3002 vo-.

2140 2952 2324 3008 tuundi
2353 2953 2609 3023 princeps
2640 2967 2761 3009 esse
2797 2951 2850 3004 in
2893 2949 3200 3019 Evangeliis
3222 2949 3440 3015 dicitur,
3472 2963 3579 3003 non
3611 2947 3706 3004 des

473 3038 704 3104 cabtrlis,
749 3055 910 3108 quam
967 3042 1158 3096 anima:
1216 3038 1549 3108 profectibus
1595 3046 1847 3094 constare
1895 3040 2036 3095 ratio
2066 3097 2101 3112 η
2138 3045 2228 3106 bet
2260 3045 2554 3110 absurdum
2605 3043 2773 3100 videri
2817 3041 2864 3096 si
2911 3040 3053 3096 Seon
3098 3041 3209 3112 regi
3241 3041 3704 3111 Amorrhaaorum,

473 3131 874 3200 explanationis
900 3133 1155 3198 asseruit,
1181 3142 1300 3202 post
1329 3132 1510 3187 omnia
1555 3131 1656 3186 ista
1703 3132 1949 3187 venimus
1979 3134 2033 3186 in
2061 3097 2102 3154 θ
2140 3136 2227 3193 vel
2258 3137 2422 3192 etiam
2451 3137 2573 3191 aliis
2597 3134 2928 3207 quibuslibet
2967 3133 3208 3203 gentium
3243 3134 3461 3204 regibus
3490 3147 3705 3203 compa-

475 3239 688 3288 nemus,
713 3225 825 3279 sive
858 3223 939 3296 (ut
980 3225 1034 3278 in
1085 3225 1206 3277 aliis
1253 3223 1483 3277 habetur
1532 3223 1949 3295 exemplaribus)
1981 3224 2032 3278 in
2138 3239 2312 3286 retur.
2363 3228 2623 3298 Princeps
2677 3237 2861 3282 autem
2915 3228 3114 3284 dicitur
3167 3228 3374 3294 mundi,
3425 3242 3531 3282 non
3579 3227 3704 3296 quia

470 3311 686 3378 Janam,
740 3315 881 3385 quod
938 3315 1322 3382 interpretatur
1369 3329 1639 3378 ascensus,
1695 3314 1809 3370 sive
1857 3325 2034 3369 vertex
2135 3321 2403 3376 creaverit
2458 3321 2738 3384 mundum,
2786 3320 2880 3384 sed
2928 3322 3056 3390 quia
3107 3318 3256 3376 multi
3302 3328 3432 3374 sunt
3489 3318 3542 3373 in
3604 3319 3704 3380 hoc

471 3407 662 3470 montis
695 3405 826 3478 (35).
856 3405 959 3482 Per
989 3407 1102 3460 haec
1128 3421 1260 3474 ergo
1290 3404 1502 3458 venitur
1526 3405 1591 3459 ad
1614 3404 1746 3459 illud
1784 3405 2032 3460 famosis-
2135 3413 2335 3468 mundo
2359 3427 2704 3484 peccatores.
2755 3415 2966 3487 Peccati
3001 3422 3178 3467 autem
3224 3411 3349 3480 quia
3398 3412 3515 3479 ipse
3553 3411 3704 3480 prin.

471 3497 668 3550 simum
699 3496 862 3551 divini
910 3496 1147 3567 paradisi
1200 3509 1412 3560 nemus,
1443 3505 1497 3550 et
1535 3510 1776 3550 ammnas
1808 3496 2031 3552 delicias
2133 3518 2262 3573 ceps
2281 3514 2386 3568 est,
2412 3503 2534 3558 ideo
2555 3504 2721 3560 etiam
2755 3506 2941 3560 mundi
2974 3504 3231 3590 princeps
3260 3501 3556 3572 appellatus
3576 3511 3696 3556 est:

472 3587 824 3647 habitationis
849 3587 1104 3656 antiquae,
1139 3586 1221 3650 vel
1263 3597 1409 3647 certe
1454 3588 1521 3641 ad
1556 3589 1818 3651 verticem
1850 3589 2032 3658 perfe-
2135 3595 2189 3648 in
2232 3593 2298 3649 iis
2340 3594 2615 3664 videlicet,
2646 3598 2738 3666 qui
2773 3586 3010 3664 nondum
3050 3599 3414 3668 relinquentes
3444 3598 3697 3658 mundum

469 3679 666 3734 ctionis
718 3687 774 3733 et
823 3678 1168 3736 beatitudinis
1222 3679 1586 3733 summitatem
1618 3697 1633 3734 :
1661 3680 1732 3734 ita
1774 3692 1832 3734 ut
1862 3682 2032 3750 possit
2132 3696 2520 3744 convertuntur
2542 3691 2608 3744 ad
2640 3700 2871 3761 patrem.
2909 3691 3217 3746 Secundum
3241 3691 3342 3745 hoc
3370 3690 3509 3744 enim
3533 3690 3697 3758 etiam

467 3767 631 3820 etiam
659 3767 774 3834 ipse
802 3768 1006 3832 dicere,
1035 3767 1158 3836 quia
1197 3787 1216 3819 ι
1244 3769 1585 3825 resuscitavit
1620 3785 1716 3824 nos
1743 3785 1862 3824 cum
1893 3772 2027 3840 ipso,
2133 3775 2261 3831 illud
2285 3776 2486 3834 dicitur
2519 3775 2601 3838 ”.
2655 3781 2783 3853 quia
2822 3800 2842 3834 ι
2886 3781 3064 3847 omnis
3089 3782 3320 3853 mundus
3356 3781 3409 3835 in
3463 3780 3697 3850 maligno

467 3865 524 3912 el
555 3857 745 3911 sedere
783 3857 912 3913 fecit
949 3859 1000 3912 in
1043 3858 1353 3918 coelestibus
1382 3860 1433 3912 in
1461 3857 1677 3915 Cltl'isto
1711 3860 1776 3913 ⁸-⁵.
1811 3879 1830 3914 ι
1870 3861 2030 3917 Vides
2132 3868 2340 3934 positus
2371 3851 2840 3938 estJQuidicnim
2893 3873 3048 3928 nobis
3097 3851 3318 3942 prodest
3353 3873 3534 3936 dicere
3572 3872 3694 3939 quia

467 3962 747 4018 quousque
770 3949 1083 4018 pervenitur
1107 3964 1135 4002 a
1163 3949 1359 4018 puteo?
1395 3950 1553 4004 Vides
1574 3950 1768 4017 quibus
1792 3953 2030 4008 mansio-.2
2131 3961 2386 4030 princeps
2438 3971 2622 4020 noster
2653 3963 2906 4019 Christus
2939 3975 3044 4029 εει,
3075 3965 3120 4018 si
3171 3961 3331 4019 rebus
3360 3975 3411 4018 et
3442 3961 3696 4032 opt-ribus

468 4041 651 4105 nibus,
683 4042 790 4096 imo
829 4043 1024 4111 quibus
1047 4039 1402 4110 profectibus,
1433 4041 1537 4095 iter
1573 4043 1766 4097 animae
1803 4053 2026 4111 paratur
2129 4067 2441 4120 arguamur,
2473 4053 2597 4122 quia
2635 4055 2882 4118 diabolus
2922 4055 3287 4126 principatum
3317 4063 3462 4119 tenet
3495 4055 3548 4108 in
3599 4071 3696 4108 κο-

466 4133 532 4186 ad
558 4131 794 4191 caelum?
822 4131 951 4197 Quae
1001 4133 1045 4185 si
1084 4132 1368 4202 diligenter
1411 4133 1688 4204 inspicias,
1731 4131 1844 4201 ipse
1885 4133 2026 4201 apud
2129 4141 2212 4194 bis
2229 4135 2385 4195 ?'Aut
2415 4159 2519 4196 non
2551 4143 2726 4210 palam
2754 4155 2838 4200 est
2876 4147 2974 4201 sub
3019 4161 3127 4217 quo
3173 4146 3413 4216 principe
3440 4154 3563 4215 agat
3593 4145 3694 4198 im-

467 4225 808 4295 temetipsum
858 4225 1205 4294 quotidianos
1247 4224 1524 4294 profectus
1555 4233 1677 4278 tuos
1708 4225 2019 4290 discutiens,
2127 4231 2373 4301 pudicus,
2396 4232 2629 4289 incestus
2655 4243 2708 4290 et
2732 4235 2994 4304 injustus?
3027 4223 3278 4306 Nunquid
3305 4244 3480 4305 potest
3501 4217 3693 4306 hujus-

464 4317 660 4384 quibus
687 4320 738 4372 in
765 4319 896 4375 locis
923 4319 1019 4380 sis,
1047 4327 1102 4372 et
1122 4333 1282 4388 quam
1317 4319 1592 4386 proximus
1613 4317 1679 4370 ad
1713 4332 1876 4388 regna
1912 4333 2025 4375 cm-
2128 4321 2272 4376 modi
2333 4323 2495 4387 homo
2528 4325 2725 4390 dicere,
2761 4327 2886 4400 quia
2919 4328 3019 4382 sub
3069 4327 3284 4382 Christo
3325 4327 3531 4398 positus
3579 4330 3692 4382 haec

465 4409 641 4471 lorum
675 4410 927 4465 habearis
959 4411 1208 4477 advertes
1238 4425 1256 4463 :
1284 4410 1424 4464 sicut
1459 4419 1513 4464 et
1545 4408 1653 4472 ille,
1692 4409 1756 4462 de
1779 4424 1886 4478 quo
1916 4407 2021 4466 Ι)οτ
2053 4430 2095 4485 ι)
2126 4427 2249 4484 ago,
2285 4415 2497 4470 etiamsi
2539 4419 2641 4473 sub
2671 4419 2872 4474 Christi
2907 4417 3123 4474 nomine
3151 4421 3360 4478 censeri
3405 4419 3690 4475 videatur?

461 4499 643 4553 minus
667 4501 801 4572 dixit
828 4502 895 4564 ’⁵,
932 4501 1056 4568 quia
1099 4519 1118 4554 ι
1150 4514 1256 4554 non
1284 4500 1440 4568 longe
1477 4513 1536 4552 es
1564 4514 1592 4551 a
1628 4513 1803 4566 regno
1835 4499 1950 4554 Dei.
1989 4517 2010 4555 ι

2125 4503 2181 4559 1η
2209 4521 2316 4576 quo
2336 4505 2587 4572 Christus
2611 4511 2968 4580 principatum
2998 4513 3157 4584 gerit,
3181 4513 3330 4567 nulla
3358 4513 3430 4568 ibi
3455 4513 3688 4580 immun-

531 4591 585 4644 4.
626 4591 990 4660 Subsequitur
1038 4601 1160 4663 post
1204 4591 1320 4646 lucc
1371 4599 1426 4644 et
1473 4589 1576 4647 alia
1622 4588 1873 4649 historia.
1926 4592 2018 4649 Ait
2127 4596 2279 4662 ditia,
2305 4598 2448 4653 nulla
2481 4600 2740 4670 iniquitas
2760 4601 3197 4670 admittitur,uec
3223 4604 3425 4660 habere
3452 4605 3686 4674 aliquem

459 4686 605 4748 enim
627 4685 673 4716 9°
704 4700 717 4736 :
748 4703 767 4736 ε
829 4685 893 4739 Et
943 4685 1088 4738 misit
1121 4682 1350 4758 Moyses,
1385 4699 1404 4732 ι
1451 4689 1542 4734 aut
1575 4682 1656 4749 (ut
1699 4681 1928 4737 habetur
1963 4685 2014 4744 in
2127 4689 2301 4744 locum
2336 4699 2513 4759 potest
2539 4691 2734 4760 iniusta
2768 4694 3054 4762 cupiditas.
3077 4694 3382 4751 secundum
3409 4697 3551 4750 hunc
3583 4697 3687 4758 ira-

460 4773 731 4840 "Oﬁlium-9
763 4773 1223 4842 exemplaribus)“
1257 4780 1311 4824 ει
1342 4771 1487 4824 mis"
1513 4769 1677 4831 iSI‘ae'
1712 4770 1912 4841 Ιθεθιοε
1949 4776 2015 4826 θα
2125 4797 2231 4849 que
2274 4784 2492 4839 modum
2544 4794 2692 4845 recte
2726 4796 2781 4842 et
2815 4786 3066 4844 Christus
3101 4790 3362 4844 virtutum
3411 4790 3682 4859 princeps,

461 4866 603 4922 Seon
637 4881 814 4936 regem
843 4866 1276 4924 Amorrhzcorum
1300 4863 1477 4918 verbis
1496 4862 1754 4932 pacificis,
1782 4866 2008 4921 dicens:
2123 4881 2177 4925 et
2227 4872 2476 4930 diabolus
2517 4876 2739 4934 malitia:
2794 4894 2858 4935 ac
2912 4880 3074 4935 totius
3122 4881 3424 4951 iniquitatis
3457 4883 3681 4937 dicetur.

528 4982 574 5014 ⁸⁸
601 4982 618 5036 1
650 4981 776 5061 C_oAr.
810 4997 924 5061 vrtt,
1039 5051 1050 5061 Ι
1082 4981 1127 5015 ⁸⁸
1167 4978 1448 5061 IThessal.
1484 4996 1537 5061 γ’,
1560 4981 1656 5061 _l_0.
1734 4981 1779 5030 ’θ
1812 4982 2016 5040 Coloss.
2051 5003 2132 5048 ιη.

2070 4989 2215 5061 ξιμᾳὸ.
2315 4992 2357 5024 ⁹¹
2384 4992 2543 5047 Rom.
2571 5010 2643 5060 Vl,
2674 4995 2731 5050 4.
2836 4998 2882 5045 'l
2910 4995 2929 5049 Ι
2965 4995 3092 5050 Cor.
3142 5013 3230 5061 xv,
3259 4997 3352 5054 26.
3455 4998 3500 5029 "
3530 4997 3679 5054 Deut.

458 5068 628 5134 _x_x:_ul.
675 5052 764 5106 59.
957 5051 1164 5134 Ephes.‘
1211 5067 1268 5115 ll,
1320 5051 1373 5104 6.
1429 5050 1724 5134 m9'Marc.
1764 5069 1861 5119 xtl,
1897 5055 1986 5120 34.
2064 5061 2067 5088 τ

2069 5058 2109 5116 Ρθ
2142 5058 2306 5114 Num.
2358 5079 2476 5132 xxI,
2530 5050 2642 5134 2|;
2680 5066 2773 5133 22,
2823 5067 2916 5132 25,
2951 5067 3043 5121 24.
3150 5050 3383 5124 “idean.
3431 5050 3678 5134 xrv,‘"'50.

456 5123 502 5155 ’⁸
531 5123 690 5177 Joan.
716 5138 816 5187 xu,
851 5121 940 5178 51.
1015 5122 1059 5160 θ’
1091 5121 1109 5174 l
1137 5117 1290 5180 Joau.
1335 5138 1386 5187 v,
1423 5121 1510 5177 l9.
1847 5117 1855 5119 ’
1953 5117 1959 5120 ’

1015 5122 1059 5160 θ’
1091 5121 1109 5174 l
1137 5117 1290 5180 Joau.
1335 5138 1386 5187 v,
1423 5121 1510 5177 19.
1847 5117 1855 5119 ⁷
1953 5117 1959 5120 ’
2547 5117 2553 5145 ί

527 5257 638 5344 (δέ)
674 5255 739 5337 In
765 5255 1012 5321 Bamoth,
1040 5259 1178 5344 quod
1209 5259 1579 5344 interpretatur
1595 5268 1870 5344 navesrth
1889 5273 2017 5319 mon-
2118 5285 2136 5322 ε

2118 5270 2197 5332 εἰς
2218 5270 2405 5344 Αἰάνντι
2432 5273 2626 5344 νάπην.
2660 5274 2715 5328 lu
2749 5275 2975 5331 Hebraeo
3003 5287 3179 5334 autem
3217 5279 3365 5335 fonte
3408 5279 3540 5335 nihil
3593 5294 3675 5336 re:

869 5342 943 5418 ἀ*
971 5329 1162 5418 radice
1200 5325 1389 5395 ΜΞΝ
1424 5328 1596 5394 venit.
1627 5329 1872 5413 ~igiv'enit,
1911 5349 1931 5383 ι
1963 5340 2019 5387 el.
2118 5325 2327 5418 pe'ritur
2351 5325 2715 5402 ‘uiuiéi'itbme'ii
3575 5325 3675 5404 lic:

456 5406 1112 5487 nolt'lyuvneltjwdrquiores
1133 5468 1156 5487 Δ
1601 5406 1849 5487 ηςωημ
1887 5422 1899 5427 ··
1921 5486 1927 5487 γ
1948 5471 1959 5482 _
1982 5486 2014 5487 η
2115 5409 2417 5487 bralavoce
2443 5421 2574 5487 nun
2605 5429 2699 5482 pro
2729 5406 2930 5487 ghimel'
2954 5406 3178 5487 legerint
3203 5406 3330 5472 nun.

528 5465 639 5530 (55)
675 5465 993 5552 Uictuarii,
1018 5468 1162 5552 quod
1186 5469 1564 5552 interpretatis
1595 5476 1873 5552 ASCENSU_S.
1900 5471 2019 5552 sive
2187 5477 2296 5548 (56)
2322 5465 2909 5550 Amdrrwlir'eoruquui
2929 5465 3574 5552 eti{ipsi-interpretantur
3621 5505 3669 5548 IN

458 5537 1330 5639 ζξξῖξεῗἓ.⁰ῗ.²ἐέ⁸;.ἓέ..ξὶ⁰9,ᾞ¹’ἱ¹ἔξέ
1348 5538 2018 5639 ιξὶυῗῖ,ε.2’ρ,ΈἚῨΓΕΞἯΞἹἾ
2121 5563 2906 5639 ἔθελξξῖῑῖἓὲἕῒξδὶδέ,λπξθιφιξκτεεὶ
2972 5558 3046 5632 τε(
3116 5575 3448 5635 ιθρηυεκτεεπ
3470 5559 3510 5629 Α
3544 5567 3678 5639 τη

457 5604 612 5678 bium.
643 5621 756 5678 xxI,
775 5606 865 5678 20,
894 5606 1087 5672 legitur
1115 5607 1209 5660 καὶ
1225 5606 1331 5660 ἀπὸ
1348 5605 1546 5676 Βαμὼθ
1571 5609 1650 5669 εἰς
1677 5597 1874 5678 νάπῖην,
1890 5609 2016 5662 olim

2561 5597 2906 5631 ...πη-...τηιυῆ
2974 5597 3045 5632 --τ
3116 5597 3448 5635 ιιι-ιςιυῃλμιυσπ
3470 5597 3510 5629 ιιι
3557 5597 3649 5626 «τις

2122 5635 2141 5665 ι
2172 5631 2411 5673 amarum
2443 5634 2580 5674 esse.
2615 5637 2634 5677 ι
3645 5633 3649 5637 ’

454 5673 572 5751 loco
612 5677 693 5736 sic
748 5675 924 5736 νάπην
970 5679 1127 5732 modo
1167 5673 1447 5738 legebatur
1488 5679 1568 5737 εἰς
1623 5673 1818 5738 Ἰάννηζ
1858 5681 2019 5734 modo
2205 5725 2211 5731 .
