4074 6156
373 266 484 328 665

1565 269 1633 325 ΙΝ
1669 268 2001 326 NUMEROS
2021 269 2306 328 HOMILIA
2325 271 2462 330 Xlll.

3511 277 3616 334 666

377 389 546 444 Mittit
574 389 737 471 igitur
759 387 925 444 lsracl
954 387 1160 459 legatos
1182 389 1247 444 ad
1282 405 1462 462 regem
1481 391 1941 458 Amorrhteorum,
1971 398 2019 458 Α
2047 395 2133 450 da.
2169 414 2187 447 ι
2223 397 2318 450 Via
2333 411 2462 468 ergo
2488 396 2656 466 regali
2692 396 3047 452 incedendum
3074 403 3177 459 est,
3210 409 3314 451 nec
3337 394 3615 450 declinan-

375 493 562 548 regem
603 480 657 532 in
686 479 1057 534 amaritudine
1092 484 1521 550 provocantium,
1551 498 1732 553 regem
1776 484 1942 538 infru-

371 583 644 634 ctuosum,
683 585 866 639 regem
895 571 946 641 3
964 572 1067 642 16
1097 574 1409 643 superbum.
1455 574 1734 640 Quomodo
1760 593 1944 647 super-

368 662 494 728 bus,
531 663 805 733 quomodo
834 665 1008 718 elatus
1056 663 1340 720 docebitur
1381 667 1664 722 diabolus?
1705 671 1823 738 Ipse
1859 679 1942 724 est

366 754 468 821 qui
498 754 637 808 dixit
665 752 682 786 ⁸
725 772 740 808 :
777 771 796 805 ι
830 753 1041 809 Virtute
1071 771 1188 809 mea
1217 755 1434 821 faciam,
1463 767 1518 812 et
1560 760 1824 830 sapientia
1859 763 1940 815 ins

370 848 622 903 tellectus
655 849 762 903 mei
808 848 1054 902 auferam
1088 851 1224 905 lines
1267 853 1532 922 gentium,
1561 864 1617 907 et
1657 853 1938 910 fortitudi-

370 956 495 995 nem
529 956 718 996 eorum
759 943 1134 1012 depraedabor,
1188 953 1244 999 et
1291 947 1644 1001 commovebo
1687 948 1938 1003 civitates

368 1047 491 1099 quae
527 1033 922 1098 inhabitantur,
958 1044 1008 1089 et
1053 1037 1363 1091 universum
1417 1039 1604 1092 orbem
1656 1046 1811 1093 terra:
1843 1056 1934 1094 ca-

365 1125 510 1190 piam
541 1141 701 1179 manu
735 1141 847 1180 mea
880 1126 1020 1181 sicut
1044 1129 1250 1181 nidum.
1285 1147 1304 1180 ι
1341 1128 1404 1182 Et
1433 1130 1626 1183 iterum
1666 1131 1796 1184 dicit
1821 1130 1935 1184 ela-

366 1225 454 1269 tus
478 1217 564 1269 hic
593 1225 647 1270 et
682 1218 949 1284 superbus
981 1220 1001 1251 ³
1040 1235 1055 1271 :
1088 1237 1106 1269 ι
1145 1218 1449 1273 Ascendam
1488 1220 1540 1273 in
1573 1220 1791 1288 ctelum,
1841 1237 1936 1274 su-

364 1323 461 1376 pra
493 1307 671 1362 sidera
698 1309 820 1362 cmli
855 1323 1047 1374 ponam
1078 1310 1329 1364 thronum
1362 1326 1562 1366 meum.
1611 1311 1819 1367 Sedebo
1879 1311 1931 1365 in

361 1407 547 1454 monte
571 1399 806 1463 excelso,
834 1414 997 1469 supra
1020 1410 1230 1455 montes
1259 1402 1396 1463 altos
1419 1401 1511 1470 qui
1536 1411 1661 1456 sunt
1685 1402 1750 1456 ad
1782 1403 1932 1470 aqui-

360 1488 564 1555 lonem,
592 1494 879 1545 ascendam
913 1507 1078 1560 supra
1109 1494 1307 1559 nubes,
1338 1503 1392 1547 et
1418 1509 1516 1548 ero
1550 1482 1742 1549 similis
1766 1495 1930 1549 Altis-

357 1582 520 1636 simo.
565 1601 584 1634 ι
616 1583 806 1637 Adhuc
835 1584 1066 1653 requiris
1096 1584 1141 1639 si
1181 1585 1296 1653 ipse
1325 1586 1398 1640 sit
1419 1585 1593 1641 elatus
1646 1596 1701 1641 et
1738 1603 1930 1656 super-

355 1675 497 1730 Lus?
525 1675 636 1730 lmo
666 1677 844 1746 potius
874 1684 929 1732 et
977 1677 1090 1747 ipse
1123 1679 1390 1746 superbus
1419 1690 1501 1733 est
1545 1690 1599 1733 et
1637 1681 1836 1743 elatus.
1874 1691 1927 1736 et

356 1770 450 1824 ille
483 1771 573 1837 qui
605 1772 757 1840 quasi
799 1773 1111 1842 unigenitus
1140 1772 1257 1842 ejus
1295 1782 1398 1842 est,
1423 1775 1492 1829 de
1533 1789 1640 1843 quo
1667 1776 1926 1844 scriptum

353 1873 439 1916 est
479 1862 522 1927 ⁸,
553 1863 680 1931 quia
714 1881 734 1914 ί
783 1863 1063 1917 extollitur
1109 1879 1274 1932 super
1321 1879 1481 1919 omne
1530 1865 1675 1933 quod
1728 1867 1929 1920 dicitur

355 1951 519 2018 Deus,
553 1957 808 2025 autquod
838 1956 1034 2009 colitur
1059 1975 1072 2012 :
1098 1958 1169 2010 ita
1199 1967 1255 2011 ut
1286 1959 1338 2010 in
1367 1958 1567 2025 templo
1593 1957 1682 2012 Dei
1720 1960 1922 2022 sedeat,

353 2055 640 2100 ostentans
688 2062 745 2101 se
793 2055 1047 2117 tanquam
1079 2049 1150 2102 sit
1189 2047 1347 2102 Deus.
1392 2067 1411 2100 ›
1447 2048 1640 2104 Omnis
1673 2066 1804 2119 ergo
1832 2055 1921 2118 qui

355 2141 530 2194 elatus
558 2149 644 2194 est
665 2149 720 2195 et
755 2141 1038 2209 superbus,
1067 2142 1151 2196 vel
1193 2141 1333 2197 ﬁlius
1366 2153 1448 2198 est
1474 2143 1596 2196 elati
1629 2143 1808 2210 hujus,
1840 2146 1923 2200 vel

353 2232 652 2300 discipulus
677 2240 730 2286 et
769 2233 1030 2285 imitator.
1058 2233 1120 2287 Et
1159 2243 1442 2302 propterea
1465 2237 1598 2289 dicit
1628 2235 1924 2303 Apostolus

351 2323 416 2375 de
446 2325 677 2391 quodam
717 2324 741 2355 ⁸
775 2342 785 2376 :
819 2342 838 2375 ι
871 2324 950 2378 Ne
971 2325 1117 2378 forte
1143 2324 1322 2382 elatus
1353 2325 1553 2382 incidat
1577 2331 1627 2383 in
1657 2328 1920 2397 judicium

349 2415 586 2482 diaboli;
627 2435 646 2467 ι
683 2421 978 2472 ostendens
1000 2433 1096 2485 per
1124 2419 1246 2485 hoc,
1279 2423 1402 2490 quia
1434 2423 1612 2477 omnis
1638 2422 1815 2476 elatus
1847 2422 1922 2475 si-

353 2508 463 2560 mili
503 2519 560 2560 ut
592 2509 838 2564 diabolus
874 2511 1079 2579 judicio
1113 2514 1587 2568 condemnabitur.
1648 2514 1754 2569 Nos
1789 2530 1919 2584 ergo

345 2613 537 2653 sumus
563 2601 655 2668 qui
694 2601 924 2656 transire
956 2603 1206 2661 volumus
1238 2622 1333 2675 per
1361 2607 1500 2661 hunc
1542 2611 1820 2672 muluium,
1863 2617 1918 2662 ut

345 2689 634 2760 pervenire
657 2692 928 2761 possimus
959 2694 1026 2747 ad
1059 2703 1259 2748 terram
1285 2706 1550 2760 sanctam,
1579 2712 1698 2767 qua:
1734 2712 1917 2767 repro-

344 2783 510 2836 missa
540 2795 622 2838 est
651 2786 852 2841 sanctis
899 2805 912 2852 ς
958 2795 1012 2842 et
1046 2789 1309 2844 mittimus
1343 2790 1525 2844 verbis
1563 2789 1802 2859 paciﬁcis
1848 2795 1914 2846 ad

343 2876 516 2943 Seon,
566 2881 941 2946 promittentes
990 2895 1096 2936 non
1147 2898 1244 2937 nos
1286 2883 1622 2938 habitaturos
1672 2887 1724 2939 in
1766 2895 1912 2941 terra

339 2971 481 3038 ejus,
525 2989 626 3028 nec
660 2985 962 3029 moraturos
991 2989 1112 3028 cum
1145 2989 1233 3040 eo,
1282 2977 1374 3031 sed
1422 2977 1749 3032 transituros
1794 2987 1914 3030 tan-

2045 487 2173 540 dum
2197 504 2424 558 usquam
2455 503 2630 556 neque
2655 486 2707 541 in
2728 503 2913 556 agrum
2945 486 3083 556 ejus,
3115 503 3290 556 neque
3319 488 3370 540 in
3399 485 3612 539 vineam

2043 579 2160 648 ejus
2189 597 2202 632 :
2231 579 2283 632 id
2316 589 2400 632 est
2437 593 2611 647 neque
2640 577 2706 632 ad
2737 593 2925 647 opera,
2964 593 3140 646 neque
3172 580 3236 633 ad
3273 593 3464 632 sensus
3499 577 3615 630 dia-

2044 673 2252 728 bolicos
2275 674 2552 728 declinare
2602 673 2742 726 ultra
2785 689 2940 727 "an8
2979 672 3212 726 ﬁdelium
3255 672 3430 728 debet.
3465 670 3614 736 Quo-

2042 765 2203 818 modo
2239 778 2367 832 ergo
2400 765 2647 817 volumus
2676 762 2810 816 ﬁnes
2837 764 3278 816 Amorrhmorum
3310 777 3433 816 cum
3477 775 3611 831 pace

2041 857 2318 912 transire?
2375 856 2702 919 Amorrhaei,
2749 855 3044 909 inﬁdelium
3097 855 3187 922 qui
3232 862 3358 908 sunt
3404 855 3454 907 iu
3509 855 3610 907 hoc

2039 949 2241 1002 mundo
2287 962 2391 1016 pax
2437 948 2602 1014 accipi
2643 948 2980 1014 potest:sed
3019 947 3104 999 isti
3160 947 3606 1015 interpretantur,

2039 1049 2097 1094 ιιι
2125 1055 2286 1109 supra
2324 1039 2578 1103 diximus,
2611 1040 2690 1094 vel
2734 1041 2786 1096 in
2817 1039 3229 1093 amaritudinem
3264 1040 3607 1101 adducentes,

2037 1128 2119 1182 vel
2155 1128 2445 1198 loquentes.
2473 1127 2537 1181 Et
2557 1129 2826 1195 quomoda
2854 1127 3068 1194 quidem
3097 1129 3149 1181 in
3187 1129 3604 1183 amaritudinem

2035 1220 2308 1274 adducant
2338 1219 2502 1274 Deum
2537 1220 2784 1274 inﬁdeles
2832 1229 2885 1273 et
2929 1219 3221 1282 increduli,
3264 1220 3606 1289 expositione

2035 1331 2140 1370 non
2187 1315 2392 1383 indiget
2431 1315 2619 1382 :quod
2675 1322 2852 1366 autem
2907 1315 2984 1367 ait
3027 1314 3317 1383 loquentes,
3355 1317 3420 1368 ad
3458 1315 3603 1370 illam

2032 1418 2241 1477 partem
2273 1410 2413 1462 trahi
2444 1416 2739 1478 potestqua
2757 1406 3000 1461 inﬁdeles
3025 1407 3224 1476 quique
3251 1416 3306 1462 et
3331 1407 3431 1462 sub
3457 1408 3608 1476 prin-

2031 1503 2150 1570 cipe
2179 1500 2399 1554 diabolo
2426 1510 2652 1570 agentes
2675 1498 2817 1567 loqui
2851 1509 3051 1552 norunt
3076 1499 3473 1564 tantummodo,
3506 1499 3602 1554 sed

2031 1594 2327 1662 loquuntur
2353 1593 2554 1646 inania.
2583 1591 2744 1647 Verbi
2775 1608 2962 1654 causa,
2997 1601 3056 1644 ut
3085 1601 3258 1661 poetae
3297 1607 3508 1657 eorum,
3546 1599 3604 1646 ut

2030 1685 2315 1756 astrologi,
2339 1694 2397 1738 at
2419 1683 2658 1738 nonnulli
2689 1684 2851 1738 etiam
2885 1684 3342 1753 philosophorum.
3370 1683 3459 1752 qui
3488 1683 3598 1737 ina-

2031 1779 2120 1832 nia
2181 1779 2472 1845 loquuntur
2512 1787 2567 1832 et
2603 1791 2759 1832 vana.
2822 1775 3088 1832 Fidelium
3143 1783 3323 1827 autem
3375 1789 3601 1843 regnum

2029 1871 2172 1939 quod
2202 1887 2230 1922 a
2263 1872 2370 1924 Deo
2393 1882 2495 1928 est.
2525 1885 2629 1924 nou
2664 1869 2714 1921 in
2749 1882 3000 1921 sermone
3028 1876 3131 1931 est,
3157 1865 3250 1921 sed
3287 1865 3338 1918 in
3375 1865 3598 1920 virtute.

2028 1963 2290 2018 Volumus
2317 1977 2448 2032 ergo
2490 1975 2588 2014 nos
2633 1957 2860 2028 paciﬁce
2899 1958 3133 2010 transire
3181 1972 3276 2025 per
3320 1957 3597 2020 mundum,

2027 2057 2120 2111 sed
2153 2057 2253 2110 hoc
2277 2056 2451 2122 ipsum
2481 2053 2653 2122 magis
2682 2049 3188 2118 incitatprineipem
3218 2050 3424 2111 mundi,
3452 2049 3598 2117 quod

2025 2150 2256 2202 dicimus
2279 2161 2376 2200 nos
2407 2144 2550 2198 nolle
2575 2157 2893 2212 permanere
2926 2156 3046 2194 cum
3081 2140 3216 2208 ipso,
3236 2155 3334 2194 nec
3371 2138 3594 2206 morari,

2027 2255 2124 2294 nec
2147 2239 2348 2307 aliquid
2383 2237 2499 2305 ejus
2523 2234 2658 2288 \elle
2680 2237 2995 2303 contingere
3027 2249 3040 2286 :
3078 2232 3200 2285 inde
3243 2231 3414 2301 magis
3463 2246 3596 2285 eua-

2025 2334 2293 2398 cerhatur,
2328 2329 2450 2389 inde
2472 2328 2768 2391 extollitur,
2813 2335 2866 2380 et
2897 2328 3171 2388 irascitur,
3203 2335 3252 2378 et
3283 2337 3587 2378 commovet

2024 2423 2178 2479 nobis
2201 2425 2622 2494 persecutiones,
2662 2419 2900 2488 pericula
2930 2417 3175 2483 suscitat,
3205 2417 3478 2469 cruciatus
3507 2415 3592 2467 in-

2025 2526 2216 2571 tentat.
2248 2516 2313 2569 Et
2362 2517 2481 2569 ideo
2533 2515 2687 2568 dicit:
2711 2534 2726 2561 ‹
2751 2511 3134 2580 Congregavit,
3167 2509 3339 2579 inquit
3373 2509 3414 2574 ⁷,
3447 2508 3589 2562 Seon

2020 2623 2236 2664 omnem
2261 2607 2514 2677 populum
2547 2621 2728 2669 suum,
2767 2615 2820 2657 et
2846 2603 2979 2655 exiit
3005 2600 3294 2668 c0nlligere
3329 2601 3591 2653 adversus

2019 2700 2203 2755 Israel.
2249 2720 2267 2752 ι
2306 2697 2437 2764 Quis
2468 2709 2550 2751 est
2587 2696 2783 2752 (lllllliS,
2804 2693 3032 2762 populus
3069 2692 3235 2757 Seon,
3272 2705 3428 2760 quem
3461 2706 3586 2744 con-

2016 2797 2153 2848 citat
2193 2800 2384 2845 c0ntra
2435 2789 2637 2846 Israel?
2695 2786 2975 2854 Principes
3023 2801 3085 2839 ac
3128 2784 3339 2858 jndices
3379 2787 3587 2850 inundi,

2016 2884 2312 2952 cunctique
2335 2883 2592 2950 nequitia:
2617 2880 2872 2941 ministri,
2895 2878 2983 2945 qui
3014 2879 3321 2947 impugnaut
3351 2893 3584 2947 semper,

2015 2985 2070 3030 et
2096 2985 2495 3044 persequuntur
2524 2971 2774 3040 populant
2797 2969 3034 3027 Dei.Sed
3059 2971 3187 3036 quid
3220 2968 3355 3022 fat-it
3385 2970 3588 3023 Israel?

341 3066 642 3130 tummodo,
670 3076 724 3120 et
751 3067 1063 3126 incessuros
1086 3070 1168 3123 via
1195 3055 1383 3139 regali,
1418 3085 1519 3124 nec
1544 3069 1910 3123 declinaturos
1937 3083 1978 3143 ο
2021 3085 2039 3121 ‹
2085 3064 2260 3128 Venit,
2297 3065 2468 3132 inquit
2514 3065 2570 3125 ³,
2630 3063 2680 3115 in
2717 3060 2910 3117 lssaar.
2943 3079 2962 3113 ι
2998 3060 3176 3112 lssaar
3201 3062 3588 3127 interpretatur

337 3172 590 3224 usquam,
620 3159 864 3228 nequein
895 3175 1105 3230 agrum,
1125 3175 1297 3226 neque
1331 3159 1384 3212 in
1418 3159 1648 3224 vineam,
1677 3159 1769 3214 sed
1810 3174 1910 3213 nec

335 3253 405 3303 de
432 3249 554 3302 lacu
581 3249 697 3319 ejus
721 3265 912 3319 aquam
940 3251 1526 3308 bibituros.Videamus
1542 3266 1672 3321 ergo
1694 3252 1911 3321 quando

338 3355 438 3394 nos
468 3341 568 3394 ista
599 3341 965 3410 promisimus,
993 3343 1208 3411 quando
1241 3343 1354 3398 brec
1381 3343 1545 3399 verba
1580 3343 1800 3398 diabolo
1823 3342 1911 3396 de-

334 3433 723 3488 nuntiavimus.
754 3434 1089 3489 Recordetur
1111 3437 1480 3504 unusquisque
1499 3435 1754 3501 ﬁdelium,
1782 3450 1906 3490 cum

336 3525 575 3592 primum
603 3527 746 3580 venit
775 3527 842 3581 ad
867 3542 1035 3596 aquas
1059 3526 1338 3596 baptismi,
1367 3542 1489 3581 cum
1533 3528 1809 3596 signacula
1845 3529 1907 3581 ﬁ-

331 3615 423 3668 dei
455 3617 628 3684 prima
664 3620 924 3688 suscepit,
956 3627 1011 3675 et
1040 3622 1103 3674 ad
1133 3621 1338 3676 fontem
1369 3621 1624 3676 salutaris
1649 3621 1904 3686 accessit,

331 3707 531 3776 quibus
564 3709 634 3764 ibi
670 3720 796 3766 tunc
827 3727 954 3766 usus
986 3712 1059 3766 sit
1088 3713 1288 3777 verbis,
1313 3720 1367 3767 et
1393 3714 1519 3783 quid
1549 3715 1905 3769 renuntiave-

330 3800 406 3854 rit
456 3800 714 3855 diabolo:
761 3818 862 3857 non
907 3818 967 3858 se
1017 3820 1242 3858 usurum
1290 3805 1500 3874 pompis
1545 3804 1682 3874 ejus,
1728 3820 1904 3875 neque

327 3897 586 3965 operibus
617 3900 754 3969 ejus,
786 3914 960 3968 neque
1005 3899 1130 3955 ullis
1165 3903 1391 3956 omnino
1414 3903 1656 3957 servitiis
1684 3901 1804 3972 ejus
1838 3917 1903 3958 ac

327 3989 703 4060 voluptatibus
731 3994 1060 4062 parituram.
1089 3995 1155 4050 Et
1186 3995 1289 4049 hoc
1317 4006 1401 4050 est
1440 3995 1580 4063 quod
1632 3996 1716 4050 his
1767 3995 1903 4064 legis

327 4085 672 4138 sermonibus
717 4085 1090 4149 adumhratur,
1121 4088 1245 4156 quia
1293 4102 1399 4140 non
1439 4087 1674 4142 declinet
1713 4087 1897 4152 lsrael,

327 4191 505 4244 neque
542 4175 594 4229 in
627 4189 818 4244 agrum
856 4177 996 4244 ejus,
1040 4192 1216 4248 neque
1266 4178 1318 4231 in
1353 4177 1564 4232 vineam
1607 4178 1739 4245 ejus.
1790 4179 1898 4234 Sed

326 4281 504 4336 neque
534 4284 731 4337 aquam
773 4269 839 4324 de
873 4269 992 4324 lacu
1025 4269 1141 4338 ejus
1179 4270 1469 4340 pollicetur
1495 4287 1554 4326 se
1586 4286 1708 4326 esse
1749 4283 1900 4343 pota-

326 4367 528 4411 turum.
562 4357 676 4412 Non
711 4359 856 4413 enim
911 4359 1050 4413 ultra
1097 4360 1395 4431 disciplinae
1442 4360 1744 4432 diabolicae,
1789 4378 1893 4418 non

2015 3159 2254 3215 mandati
2286 3156 2587 3225 adimpletio
2619 3154 2754 3226 (57).
2806 3154 2864 3208 Si
2909 3168 3039 3221 ergo
3082 3153 3363 3208 veniamus
3403 3163 3456 3206 et
3489 3167 3587 3206 nos

2013 3254 2076 3307 ad
2108 3253 2284 3305 locum
2331 3250 2516 3313 istum,
2583 3249 2633 3304 id
2687 3260 2772 3304 est
2815 3247 2880 3300 ad
2915 3247 3274 3318 expletiouem
3309 3247 3587 3300 mandato-

2011 3360 2154 3406 rum,
2185 3342 2400 3397 etiamsi
2439 3357 2561 3396 cum
2593 3341 2741 3396 omni
2777 3341 3021 3394 exercitu
3068 3339 3254 3392 veniat
3298 3339 3582 3392 adversum

2010 3451 2108 3490 nos
2148 3433 2288 3489 Seon
2325 3435 2426 3488 iste
2454 3437 2650 3497 elatus,
2681 3443 2739 3486 et
2777 3434 3045 3500 superbus
3069 3430 3330 3495 diabolus,
3370 3441 3583 3485 etcou-

2008 3530 2156 3598 tligat
2176 3529 2464 3581 adversum
2492 3542 2610 3592 nos,
2657 3525 2701 3580 si
2739 3540 2929 3579 omnes
2961 3539 3088 3578 suos
3113 3531 3305 3578 contra
3336 3540 3434 3578 nos
3467 3523 3578 3578 dae-

2009 3635 2194 3676 mones
2241 3619 2500 3682 concitet,
2551 3633 2868 3687 superamus
2914 3631 3035 3668 eum
3090 3615 3132 3668 si
3188 3615 3279 3669 Dei
3331 3617 3578 3669 mandata

2006 3711 2360 3780 complemus.
2386 3709 2665 3778 Complere
2689 3705 2829 3761 enim
2859 3708 3129 3767 mamlata,
3154 3705 3256 3761 hoc
3285 3714 3367 3758 est
3392 3706 3578 3758 diabo-

2005 3801 2115 3856 lum
2145 3812 2200 3856 et
2227 3818 2442 3856 omnem
2491 3799 2608 3866 eius
2649 3796 2949 3852 exercitum
3005 3811 3287 3864 superare.
3339 3796 3405 3850 Et
3453 3806 3579 3851 tunc

2005 3892 2370 3960 complebitnr
2420 3893 2471 3946 in
2514 3892 2670 3946 nobis
2705 3889 3006 3959 apostolica
3044 3889 3218 3942 oratio
3249 3902 3351 3956 qua
3398 3888 3472 3942 ait
3499 3887 3521 3920 ⁹
3557 3905 3571 3941 :

2009 4004 2028 4038 ‹
2067 3985 2206 4040 Deus
2228 3993 2406 4038 autem
2435 3993 2676 4038 conteret
2725 3986 2982 4037 Satanam
3023 3981 3125 4036 sub
3160 3981 3322 4050 pedes
3357 3991 3576 4034 nostros

2003 4075 2277 4130 velociter.
2315 4094 2334 4127 ι
2373 4075 2437 4129 Ει
2481 4075 2612 4129 illud
2667 4076 2812 4144 quod
2845 4073 3102 4129 Dominus
3143 4074 3220 4126 ait
3249 4073 3333 4127 ¹⁰ε
3371 4091 3389 4124 ε
3436 4071 3576 4128 Ecce

2002 4168 2122 4221 dedi
2158 4167 2316 4222 vobis
2362 4175 2686 4236 potestatem
2738 4167 2981 4222 calcandi
3015 4181 3179 4236 super
3213 4176 3495 4235 serpentes
3521 4176 3575 4218 et

2001 4261 2335 4331 scorpiones,
2377 4271 2432 4316 et
2478 4276 2643 4330 super
2673 4276 2889 4315 omnem
2926 4263 3178 4317 virtutem
3233 4261 3463 4324 inimici,
3517 4269 3574 4313 et

2003 4354 2140 4408 nihil
2163 4355 2315 4409 vobis
2342 4355 2576 4410 nocebit.
2608 4373 2627 4406 ›
2663 4355 2807 4409 Nihil
2841 4355 2985 4410 enim
3011 4371 3209 4410 nocere
3240 4355 3393 4409 vobis
3417 4364 3572 4423 pote-

320 4449 648 4518 astrologiae,
689 4465 794 4504 non
825 4451 1068 4519 magicae,
1098 4467 1201 4505 non
1232 4451 1392 4506 ullius
1423 4453 1643 4507 omnino
1688 4455 1892 4509 docui-
1923 4422 1975 4482 D
2005 4456 2130 4500 runt
2164 4447 2264 4502 ista
2294 4447 2498 4525 omnia‘
2525 4447 2568 4501 si
2615 4449 2897 4503 veniamus
2947 4449 2998 4502 in
3051 4449 3248 4512 lssaar,
3281 4449 3332 4503 id
3366 4456 3470 4510 est,
3519 4445 3566 4502 si

320 4555 427 4606 me,
454 4555 574 4609 quae
611 4552 800 4595 contra
831 4540 924 4596 Dei
964 4542 1218 4611 pietatem
1259 4541 1463 4613 aliquid
1489 4545 1700 4612 doceat,
1729 4560 1894 4616 pocu-

320 4650 431 4686 llllll
470 4643 646 4687 sumet
675 4634 866 4690 ﬁdelis.
895 4634 1070 4690 Habet
1093 4637 1236 4689 enim
1271 4651 1400 4694 suos
1433 4637 1633 4703 fontes,
1658 4650 1713 4693 et
1754 4640 1892 4696 bibit

319 4726 387 4778 de
412 4722 650 4780 fontibus
684 4725 868 4792 Israel,
909 4725 1044 4780 bibit
1078 4726 1146 4780 de
1173 4728 1412 4784 fontibus
1452 4729 1748 4786 salutaris:
1781 4747 1886 4793 non

317 4814 452 4868 bibit
481 4830 674 4885 aquam
729 4821 797 4873 de
845 4819 966 4874 lacu
1011 4819 1182 4887 Seon,
1214 4835 1312 4875 nec
1343 4819 1652 4890 relinquens
1682 4821 1883 4879 fontem

317 4921 468 4976 aqua!
501 4910 636 4962 vivae
667 4921 961 4979 congregat
987 4913 1088 4967 sibi
1126 4913 1276 4968 lacus
1298 4912 1623 4968 contractos.
1677 4914 1784 4970 Sed
1827 4925 1882 4971 et

314 4997 402 5049 via
443 4997 606 5065 regali
636 4998 970 5055 incessurum
993 5016 1052 5054 se
1083 5002 1386 5070 proﬁtetur.
1421 5003 1549 5071 Quae
1569 5014 1654 5059 est
1687 5005 1771 5058 via
1799 5021 1887 5060 re-

315 5090 489 5158 galis?
537 5089 630 5145 Illa
663 5093 782 5147 sine
832 5095 996 5149 dubio
1030 5111 1147 5164 quae
1187 5095 1318 5151 dicit
1355 5098 1398 5162 ³,
1431 5118 1448 5148 ι
1478 5095 1589 5170 Ego
1622 5114 1738 5154 sum
1770 5101 1881 5165 via,

314 5182 538 5248 veritas,
569 5192 624 5234 et
647 5183 774 5240 vita.
824 5203 842 5236 ι
876 5185 943 5239 Et
979 5187 1170 5240 merito
1199 5188 1397 5255 regalis
1429 5203 1445 5241 :
1473 5189 1586 5257 ipse
1613 5199 1698 5244 est
1718 5192 1884 5254 enim,

311 5269 380 5324 de
412 5285 520 5341 quo
561 5270 832 5342 Pr0pheta
868 5277 943 5330 ait
964 5276 984 5308 ο
1015 5291 1032 5331 z
1063 5295 1082 5336 ι
1114 5275 1554 5348 Deus,judicium
1589 5287 1736 5336 tuum
1773 5281 1884 5351 regi

383 5465 399 5498 ¹
431 5466 534 5521 lsa.
572 5483 627 5527 ι.
661 5469 747 5532 13,
779 5469 861 5524 M.
922 5471 942 5501 ³
967 5469 1068 5529 lsa.
1101 5487 1214 5531 xiv,
1243 5473 1334 5539 13,
1366 5473 1452 5527 14.
1529 5473 1612 5527 ³11
1648 5472 1840 5531 Thess.
1859 5490 1920 5541 tt,
1948 5475 2005 5530 4.

383 5536 524 5593 llum.
562 5554 680 5604 ut,
707 5539 798 5594 23.
874 5540 896 5571 ⁸
926 5541 1056 5595 ibid.
1131 5545 1152 5574 ν
1182 5541 1340 5598 Rom.
1370 5559 1485 5604 xvr,
1513 5543 1602 5599 ΞΟ.
1681 5545 1722 5576 ¹⁰
1746 5544 1878 5600 Luc.
1913 5563 1966 5604 κ.
2007 5548 2072 5604 l9

1792 5563 1878 5600 uc.
1913 5563 1966 5612 κ,
2007 5563 2092 5604 w.

310 5536 333 5570 "
366 5535 524 5593 Nam.
562 5554 680 5604 ut,
707 5539 798 5594 23.
874 5540 896 5571 ⁸
926 5541 1056 5595 ibid.
1131 5545 1152 5574 ν
1182 5535 1340 5598 Rom.
1370 5559 1485 5610 xvr,
1513 5543 1602 5599 ΞΟ.

2001 4539 2254 4591 mandata
2289 4547 2344 4592 et
2386 4547 2650 4610 praecepta
2702 4540 2912 4593 Domini
2968 4543 3135 4596 nostri
3185 4540 3309 4597 Jesu
3357 4541 3562 4598 Christi

1995 4643 2299 4694 servemus,
2325 4629 2410 4683 cui
2451 4641 2534 4686 est
2567 4631 2735 4702 gloria
2764 4643 2817 4687 et
2843 4634 3124 4704 imperium
3157 4635 3209 4689 in
3242 4635 3437 4691 sarcula
3463 4650 3565 4690 stne

1997 4721 2263 4778 culorum.
2303 4723 2499 4784 Amen.

2557 4815 2840 4874 HOMILIA
2879 4819 3016 4874 Xlll.

1992 4901 2072 4969 De
2108 4905 2176 4959 iis
2215 4920 2332 4974 qua:
2359 4908 2730 4975 superfuerunt
2771 4913 2936 4978 priori
2967 4914 3239 4978 tractatui,
3277 4923 3324 4967 et
3363 4914 3426 4968 de
3454 4912 3562 4968 Bac

2448 4978 2587 5037 laam
2644 4993 2797 5050 atque
2818 4984 2967 5036 asina
3006 4999 3142 5052 ejus.

2069 5093 2122 5148 l.
2155 5093 2414 5150 Hesterna
2473 5098 2560 5152 die
2613 5098 2924 5154 dixeramus
2971 5101 3239 5169 quomodo
3282 5101 3422 5158 Seon
3466 5117 3562 5163 rex

1992 5186 2458 5255 Amorrhaaorum,
2493 5193 2583 5261 qui
2623 5203 2707 5247 est
2752 5194 2950 5258 elatus,
2988 5205 3042 5248 et
3083 5195 3246 5268 317
3280 5197 3443 5251 arbor
3477 5198 3562 5251 in-

1994 5279 2296 5350 fructuosa,
2325 5298 2653 5363 congressus
2685 5301 2807 5340 cum
2860 5288 3024 5342 lsrael
3067 5291 3244 5343 victus
3277 5289 3459 5356 fuerit,
3492 5292 3562 5356 de

2080 5478 2102 5510 ‘
2142 5477 2161 5536 Ι
2189 5478 2330 5534 Tim.
2361 5495 2441 5546 tu,
2471 5481 2524 5536 6.
2601 5480 2796 5538 IJoan.
2826 5497 2937 5550 Iuv,
2969 5482 3022 5538 6.
3097 5485 3118 5517 ⁸
3147 5484 3462 5553 Psal.uxi,
3496 5487 3556 5557 1,

383 5701 495 5771 (3'1)
526 5699 709 5773 quar
751 5702 1123 5772 interpretatur
1173 5705 1408 5774 mandati
1457 5707 1774 5778 adimpletio.
1808 5709 1846 5763 A
1885 5719 1916 5780 ﬁ

2033 5728 2051 5762 ι
2080 5709 2377 5777 mandavit,
2415 5729 2433 5766 ι
2459 5719 2512 5766 et
2534 5728 2562 5766 a
2599 5721 2720 5786 nm
2764 5732 2782 5767 ‹
2814 5714 3034 5789 carpsit,
3067 5677 3228 5800 cepit,
3259 5717 3488 5791 accepit,
3515 5734 3567 5802 ι,
