4074 6156
511 233 617 291 667

1954 224 2275 282 ORICENIS

3659 217 3782 273 668

514 369 624 426 quo
650 362 705 407 et
752 357 1104 411 observanter
1126 348 1408 418 Scriptura
1462 347 1618 415 dicit,
1641 347 1767 417 quia
1814 347 2013 402 cecidit
2037 347 2089 400 in
2123 353 2166 407 Α
2199 346 2349 416 quia,
2386 361 2403 394 ι
2445 342 2512 398 de
2540 341 2703 397 corde
2734 343 3032 411 procedunt
3072 339 3429 410 cogitationes
3466 335 3639 402 malae,
3664 339 3782 393 ho-

514 461 648 499 nece
680 442 862 513 gladii,
893 440 998 508 vel,
1027 453 1084 493 ut
1109 441 1236 493 alibi
1284 440 1535 509 legimus,
1564 441 1616 493 in
1653 455 1747 494 ore
1774 439 1955 506 gladii.
1983 438 2087 493 Sed

514 536 558 590 si
604 534 685 587 vis
725 532 1039 598 diligentius
1088 531 1273 595 seire,
1321 546 1431 599 quo
1477 530 1652 601 gladio
1711 529 2087 585 infructuosus

514 625 640 693 iste,
670 633 724 677 et
747 623 920 677 elatus
942 623 1080 676 sicut
1122 624 1320 677 cedrus
1366 622 1555 676 Libani
1591 622 1872 689 ceciderit,
1906 623 2087 680 disca-

514 731 635 769 mus
654 713 723 768 ab
757 714 1006 781 apostolo
1035 713 1201 767 Paulo
1221 714 1442 767 dicente
1466 713 1545 765 “z
1585 731 1603 763 ι
1641 712 1807 767 Vivus
1834 712 1979 765 enim
2006 720 2091 766 est

514 820 696 863 sermo
732 805 845 871 Dei,
873 815 926 859 et
951 803 1166 868 efﬁcax,
1187 814 1242 859 et
1277 804 1665 873 pcnetrabilior
1681 804 1830 857 omni
1851 803 2084 872 gladio.»

512 898 581 954 Et
613 900 742 953 item
776 899 826 952 in
867 897 1030 953 aliis:
1073 915 1091 946 ι
1130 896 1194 950 Ει
1240 897 1501 966 gladium,
1537 895 1806 967 inquit“,
1848 896 2089 965 spiritus,

514 991 659 1061 quod
681 998 764 1045 est
791 992 1016 1044 verbum
1039 989 1152 1043 Dei.
1184 1007 1203 1040 ι
1233 988 1287 1041 In
1315 988 1472 1057 hujus
1502 1002 1633 1055 ergo
1656 986 1817 1058 gladii
1846 1002 1977 1041 nece
1998 1002 2091 1042 ce-

516 1083 650 1135 cidit
674 1081 941 1152 spiritalis
965 1079 1133 1144 Seou,
1164 1081 1258 1149 qui
1293 1087 1377 1153 est
1402 1079 1674 1133 diabolus.
1717 1077 1947 1132 Additur
1972 1086 2093 1147 post

520 1174 635 1227 haec
662 1172 704 1203 “
738 1190 750 1225 :
780 1189 799 1222 ι
838 1170 902 1225 Ει
937 1171 1199 1225 dominati
1233 1180 1379 1235 sunt,
1404 1170 1609 1239 inquit,
1634 1169 1726 1222 lilii
1755 1168 1918 1223 Israel
1944 1167 2089 1233 omni

519 1272 678 1319 terra?
726 1261 862 1329 ejus.
920 1281 938 1315 ι
980 1261 1170 1318 Omnis
1207 1262 1426 1328 quidem
1488 1262 1636 1330 regio
1695 1260 1810 1314 haec
1855 1268 2089 1322 terrena,

520 1365 667 1408 terra
703 1354 903 1408 dicitur
958 1353 1099 1409 Seon
1131 1370 1145 1405 :
1176 1353 1271 1407 sed
1299 1352 1552 1407 Christus
1599 1361 1653 1406 et
1702 1351 1943 1405 Ecclesia
1976 1350 2092 1418 ejus

518 1446 827 1500 dominatur
855 1446 906 1500 in
932 1446 1079 1500 omni
1139 1455 1283 1498 terra
1323 1443 1486 1498 Seon.
1527 1461 1546 1493 ι
1577 1443 1643 1497 Ει
1671 1443 1929 1497 dominati
1967 1450 2095 1496 sunt

520 1536 789 1593 abArnon
826 1552 993 1606 usque
1024 1535 1271 1590 Jaboe”.
1303 1555 1321 1587 ι
1352 1536 1538 1589 Arnon
1568 1545 1622 1588 et
1645 1533 1817 1589 Jaboc
1845 1533 2093 1588 civitates

519 1638 679 1691 erant
722 1630 864 1700 regis
917 1629 1057 1684 Seon
1083 1628 1218 1699 (58),
1249 1629 1342 1684 sed
1379 1628 1592 1682 initium
1633 1627 1783 1697 regni
1816 1627 1936 1696 ejus
1975 1634 2095 1679 erat

2196 437 2434 496 micidia,
2467 435 2753 497 adulteria,
2783 434 2948 497 furta,
2976 432 3110 487 falsa
3136 432 3471 491 testimonia,
3512 429 3777 500 blasphe-

2196 528 2341 591 mite,
2364 534 2419 580 et
2444 524 2543 579 ista
2584 534 2710 577 sunt
2757 538 2875 593 quae
2925 523 3278 592 coinquinant
3310 521 3607 576 hominem.
3640 540 3658 571 ι
3699 520 3781 573 Et

2196 620 2319 674 ideo
2384 617 2696 672 necessario
2758 616 3067 671 incenditur
3120 615 3219 668 ista
3278 613 3493 677 civitas,
3547 621 3604 666 et
3645 613 3779 681 igne

2197 708 2465 764 exuritur.
2496 707 2613 774 Quo
2653 707 2814 775 igne?
2848 706 2940 760 Illo
2969 704 3217 774 profecto
3246 704 3313 758 de
3350 718 3458 772 quo
3483 703 3616 756 dicit
3645 703 3776 755 Sal-

2195 806 2351 850 vator
2379 796 2424 826 ²⁰
2453 814 2465 849 :
2499 813 2517 845 ι
2555 794 2736 864 Ignem
2769 795 2890 847 veni
2925 794 3141 848 mittere
3186 792 3238 846 in
3271 803 3492 857 terram,
3522 803 3578 847 et
3608 807 3775 860 quam

2195 885 2319 940 volo
2342 895 2399 939 ut
2429 886 2777 941 accendatur.
2819 903 2837 935 ι
3724 868 3737 877 ’

2263 977 2320 1032 2.
2352 976 2483 1032 Post
2532 992 2702 1045 pauca
2738 988 2917 1030 autem
2974 974 3211 1030 refertur
3240 976 3306 1031 de
3361 969 3473 1045 ipsa
3512 977 3773 1033 "civitate.

2170 1087 2218 1135 ¹ι
2245 1067 2474 1139 Propter
2497 1070 2621 1133 hoc,
2652 1067 2829 1136 inquit
2858 1069 2928 1133 πί,
2975 1068 3160 1122 dicent
3202 1068 3577 1138 aenigmatista:
3609 1085 3623 1121 :
3664 1067 3778 1122 Ve-

2196 1162 2310 1216 nite
2340 1162 2392 1215 in
2426 1162 2658 1224 Esebon,
2697 1169 2754 1212 ut
2777 1159 3074 1213 mdiﬁcetur
3104 1167 3158 1211 et
3201 1168 3548 1213 construatur
3576 1159 3778 1212 civitas

2197 1253 2677 1322 Seon:quoniam
2742 1254 2882 1322 ignis
2940 1250 3204 1320 processit
3277 1251 3343 1303 de
3414 1251 3649 1313 Esebon,
3714 1259 3775 1304 et

2199 1341 2414 1397 ﬂamma
2447 1344 2511 1397 de
2545 1343 2766 1398 civitate
2801 1342 2943 1396 Seon
3000 1342 3279 1397 devoravit
3313 1357 3481 1410 usque
3531 1340 3706 1394 Moab.
3742 1359 3767 1391 ι

2200 1432 2364 1497 Seou,
2390 1440 2446 1485 ιιι
2469 1432 2726 1495 diximus,
2753 1442 2870 1484 erat
2912 1449 3029 1493 rex,
3061 1431 3213 1500 cujus
3252 1443 3368 1485 erat
3408 1432 3605 1486 civitas
3634 1431 3776 1485 Ese-

2199 1523 2326 1576 bou.
2377 1521 2467 1575 Sic
2522 1536 2653 1589 ergo
2699 1521 3079 1589 intelligendus
3125 1531 3208 1576 est
3264 1523 3400 1576 ordo
3454 1522 3773 1585 verborum,

2199 1615 2352 1684 quasi
2382 1614 2565 1669 dicant
2599 1611 2686 1667 isti
2729 1613 3107 1681 aanigtuatisttc
3137 1632 3149 1667 :
3187 1614 3374 1667 Venite
3401 1621 3458 1666 ut
3482 1622 3775 1667 construa-

519 1726 729 1792 Arnon,
757 1732 812 1778 et
844 1722 969 1777 ﬁnis
987 1721 1184 1786 Jaboc,
1213 1731 1269 1775 et
1302 1721 1423 1776 ideo
1455 1720 1654 1774 dicitur
1678 1720 1805 1788 quia
1836 1719 2095 1774 dominari
2127 1710 2170 1764 Β
2204 1717 2289 1760 ιιιι·
2316 1716 2371 1760 et
2412 1705 2713 1760 mdiﬁcetur
2771 1703 3010 1768 Esebon,
3058 1721 3177 1776 qua:
3223 1705 3325 1759 fuit
3362 1706 3555 1759 civitas
3602 1703 3771 1759 Seon.

521 1827 647 1874 sunt
680 1818 748 1872 ab
802 1819 985 1871 Arnon
1038 1830 1208 1886 usque
1237 1813 1427 1869 Jaboc.
1471 1813 1864 1882 Interpretatur
1913 1823 2093 1868 autem

521 1914 706 1966 Arnon
734 1910 1127 1964 maledicu’ones
1149 1924 1327 1962 eorum
1355 1906 1491 1977 (59).
1520 1906 1735 1960 Initium
1771 1907 1914 1962 enim
1948 1907 2094 1977 regni

525 2005 667 2057 Seon
699 2002 859 2071 hujus
892 2001 1019 2055 elati
1050 2011 1105 2055 et
1134 1999 1481 2065 infructuosi,
1523 1999 1927 2053 maledictiones
1944 2007 2093 2054 sunt.

524 2094 675 2150 Finis
713 2109 844 2149 vero
920 2103 1003 2147 est
1052 2090 1245 2157 Jaboc,
1293 2092 1437 2161 quod
1482 2093 1871 2159 interpretatur
1924 2090 2098 2143 lucta-

524 2201 642 2239 men
671 2183 803 2255 (40).
837 2182 1065 2237 Necesse
1099 2191 1183 2233 est
1218 2181 1364 2234 enim
1392 2190 1450 2234 ttt
1472 2183 1649 2235 omnis
1670 2182 1759 2249 qui
1806 2181 1919 2234 vult
1948 2182 2099 2235 exire

524 2276 589 2329 de
646 2290 813 2346 regno
864 2274 1067 2329 diaboli
1122 2283 1177 2329 et
1213 2273 1349 2328 ﬁnes
1394 2271 1509 2339 ejus
1539 2271 1791 2335 evadere,
1825 2272 2096 2326 luctamen

524 2366 787 2432 inveniat,
817 2375 871 2420 et
902 2366 1203 2420 certamina
1227 2366 1275 2418 ei
1306 2380 1334 2417 a
1363 2364 1629 2417 ministris
1669 2363 1790 2433 ejus
1832 2373 1889 2416 et
1932 2364 2097 2417 satel-

525 2460 712 2513 litibus
738 2459 1088 2514 suscitentur.
1129 2458 1232 2512 Sed
1267 2458 1312 2510 si
1341 2456 1576 2510 luctatus
1602 2456 1768 2509 fuerit
1791 2464 1853 2514 et
1880 2455 2097 2521 vicerit,

520 2550 633 2619 jam
679 2565 784 2606 non
825 2552 927 2605 erit
958 2550 1126 2606 Jaboc
1168 2552 1358 2603 civitas
1398 2548 1562 2613 Seon,
1613 2549 1709 2606 sed
1756 2549 1861 2601 erit
1911 2548 2102 2601 civitas

525 2641 715 2699 Israel.
749 2641 861 2696 Hoc
901 2652 981 2696 est
1003 2642 1148 2695 enim
1194 2642 1473 2706 nimirum,
1517 2640 1657 2709 quod
1695 2640 1925 2709 legimus
1959 2628 2103 2694 etde

528 2734 836 2803 patriarcha
869 2733 1036 2794 Jacob
1074 2735 1139 2798 η,
1167 2734 1422 2803 quoniam
1475 2749 1596 2787 cum
1644 2734 1885 2787 venisset
1928 2734 1991 2787 ad
2023 2735 2105 2787 lo-

528 2840 651 2878 cum
686 2818 996 2893 que'mdam,
1044 2825 1318 2880 luctamen
1371 2825 1422 2878 ei
1482 2832 1844 2894 prmparatum
1898 2835 1981 2878 est
2010 2842 2023 2878 :
2051 2834 2104 2878 et

530 2917 603 2971 ibi
639 2925 749 2971 tota
783 2925 941 2971 nocte
964 2917 1201 2972 luctatus
1237 2933 1358 2971 cum
1394 2917 1723 2972 obtinuisset
1752 2928 1809 2971 et
1847 2917 2105 2972 invaluis-

529 3016 614 3062 set
644 3009 710 3062 ad
759 3007 949 3072 Deum,
1002 3009 1296 3062 vocitatum
1365 3015 1455 3060 est
1503 3023 1697 3061 nomen
1744 3006 1862 3073 ejus
1919 3006 2099 3061 Israel.

537 3120 559 3151 ι
590 3100 652 3152 Et
673 3101 904 3167 accepit,
936 3100 1111 3166 inquit
1146 3100 1210 3164 ιθ,
1246 3098 1409 3154 Israel
1432 3114 1622 3153 omnes
1665 3100 1911 3154 civitates
1943 3101 2101 3162 istas,

532 3199 587 3243 ct
618 3190 883 3245 habitavit
914 3190 965 3242 in
987 3191 1238 3244 omnibus
1260 3190 1569 3246 civitatibus
1602 3193 2096 3246 Amorrbmoruum

535 3280 637 3343 llic
688 3282 875 3346 Israel,
926 3282 1020 3351 qui
1074 3282 1126 3335 in
1175 3281 1395 3337 Christo
1429 3283 1595 3337 Israel
1642 3293 1746 3347 est,
1775 3283 1866 3351 qui
1913 3298 2016 3335 non
2050 3282 2102 3334 in

537 3389 700 3428 carne
723 3371 912 3439 Israel,
944 3387 1046 3428 nec
1080 3373 1133 3427 in
1167 3373 1455 3429 manifesto
1497 3372 1710 3429 Judmus
1732 3382 1832 3441 est,
1866 3375 1978 3443 ipse
2008 3374 2107 3428 ba-

536 3465 674 3523 bitat
702 3465 754 3519 in
780 3465 1032 3519 omnibus
1059 3464 1377 3519 civitatibus
1410 3464 1875 3532 Amorrbaeorum,
1899 3480 2019 3521 cum
2051 3464 2105 3519 in

537 3558 682 3611 onmi
712 3556 842 3612 orbe
879 3564 1139 3610 terrarum
1175 3556 1376 3611 Christi
1420 3556 1673 3611 Ecclesiae
1715 3568 2103 3625 propagantur.

540 3644 644 3698 Sed
674 3652 727 3697 et
761 3645 1131 3713 unusquisque
1164 3652 1407 3698 nostrum
1455 3643 1603 3712 prius
1654 3641 1844 3696 civitas
1879 3643 1979 3696 fuit
2019 3658 2109 3698 re-

537 3739 618 3808 gis
645 3735 769 3789 elati
803 3753 818 3789 :
844 3737 1104 3807 regnabat
1136 3735 1279 3789 enim
1306 3737 1358 3787 in
1382 3734 1535 3787 nobis
1556 3733 1800 3799 stultitia,
1831 3735 2105 3803 superbia,

539 3827 807 3896 impietas,
832 3838 885 3881 et
915 3827 1093 3880 omnia
1123 3842 1241 3895 qum
1274 3835 1400 3880 sunt
1438 3841 1502 3880 ex
1545 3835 1700 3896 parte
1739 3825 1937 3880 diaboli
1970 3847 1981 3882 ε
2014 3827 2108 3881 scd

539 3917 628 3979 ubi
656 3927 996 3986 expugnatus
1034 3925 1086 3971 et
1135 3918 1379 3971 devictus
1412 3925 1492 3971 est
1537 3915 1712 3982 fortis,
1744 3926 1797 3971 et
1834 3932 1960 3971 vasa
1993 3918 2108 3990 ejus

538 4008 745 4078 direpta
777 4018 920 4072 sunt,
953 4008 1127 4063 effecti
1192 4024 1377 4063 sumus
1430 4009 1620 4064 civitas
1647 4009 1809 4064 Israel
1850 4019 1902 4065 et
1940 4013 2109 4066 barre-

542 4101 682 4154 ditas
703 4108 1050 4167 sanctorum;
1084 4101 1128 4154 si
1157 4110 1336 4154 tamen
1370 4102 1583 4170 penitus
1615 4103 1796 4157 excisa
1823 4114 1904 4156 est
1934 4104 1983 4156 in
2015 4120 2111 4158 no-

542 4192 625 4255 bis
647 4201 891 4258 potestas
931 4192 1046 4258 illa,
1080 4208 1200 4261 quae
1244 4192 1392 4261 prius
1420 4194 1801 4248 dominabatur
1852 4197 2028 4261 nobis,
2059 4206 2112 4251 et

539 4285 720 4341 excisa
761 4292 846 4340 est
875 4284 1039 4337 arbor
1096 4282 1453 4347 infructuosa,
1505 4292 1560 4336 et
1619 4284 1857 4352 dejectus
1890 4296 1973 4340 est
2014 4302 2112 4342 rex

541 4376 737 4441 elatus,
763 4384 817 4429 et
834 4389 1020 4429 sumus
1042 4374 1141 4428 sub
1165 4388 1230 4427 eo
1254 4388 1396 4442 rege,
1428 4374 1519 4443 qui
1549 4374 1680 4428 dicit
1704 4375 1746 4405 "
1774 4398 1784 4431 :
1818 4396 1837 4427 ι
1865 4377 2061 4431 Discite
2080 4395 2108 4430 a

541 4484 629 4535 me
654 4470 779 4538 quia
837 4466 985 4522 milis
1036 4481 1176 4530 sum,
1227 4474 1279 4519 et
1322 4451 1541 4520 humilis
1579 4469 1761 4524 corde.
1800 4488 1818 4520 ι
1848 4468 1977 4525 Post
2001 4471 2113 4531 btet:

541 4558 815 4627 sigillatim
842 4556 951 4627 jam
983 4557 1235 4611 civitates
1275 4555 1493 4622 superbi
1520 4568 1574 4610 et
1617 4557 1938 4613 infructuosi
1972 4561 2114 4630 regis

541 4656 847 4716 enumerat,
889 4659 946 4704 et
993 4649 1123 4704 dicit
1152 4648 1195 4678 ¹⁸
1233 4663 1247 4700 :
1281 4665 1299 4698 ι
1336 4647 1391 4701 In
1436 4647 1649 4704 Esebon
1684 4661 1738 4705 et
1777 4652 1830 4705 in
1863 4632 2112 4707 omnibus

542 4742 741 4798 ﬁnibus
769 4740 906 4810 ejus.
945 4760 964 4795 ι
1009 4743 1146 4809 Quid
1190 4752 1273 4798 est
1310 4743 1435 4812 hoc,
1474 4744 1618 4814 quod
1659 4746 1986 4815 prmcipuam
2020 4762 2114 4800 ur-

544 4834 667 4887 bcm
700 4834 768 4888 de
802 4849 965 4905 regno
989 4833 1128 4888 Seon
1158 4835 1455 4888 nominavit
1494 4835 1746 4891 Esebou?
1773 4836 1983 4901 Escbon
2026 4837 2110 4890 iu-

547 4936 877 4997 tcrpretatur
899 4928 1238 4997 cogitationes
1278 4925 1412 4998 (II).
1452 4927 1644 4983 Merito
1680 4944 1809 4997 ergo
1836 4944 1963 4998 pars
1996 4944 2110 4982 ma—

545 5020 692 5072 xima
728 5019 880 5088 regni
937 5019 1213 5084 diabolici,
1270 5028 1324 5074 et
1363 5029 1601 5089 po‘estas
1644 5020 1761 5090 ejus
1788 5021 2017 5090 pltirima
2056 5024 2110 5073 in

545 5111 1201 5181 Cogitationibuslregnat.
1237 5112 1328 5168 Sic
1356 5114 1500 5169 enim
1522 5113 1725 5168 dixitet
1751 5113 2011 5166 Dominus
2047 5114 2113 5179 ‘9,

620 5208 661 5238 “
696 5206 858 5279 Hebr.
886 5221 959 5273 tv,
989 5206 1075 5260 I2.
1153 5209 1196 5239 ¹¹
1216 5209 1412 5279 Ephes.
1433 5216 1506 5271 vi.
1535 5209 1621 5264 17.

546 5279 637 5336 20.
716 5279 759 5310 ⁵⁸
796 5276 955 5332 Num.
999 5293 1108 5340 χχι,
1155 5276 1272 5332 25(
1340 5281 1382 5311 ¹⁹
1422 5280 1590 5335 Marc.
1625 5293 1722 5345 vn,
1748 5280 1843 5344 2I,
1879 5278 1951 5333 22
1983 5289 2036 5333 et
2057 5279 2149 5334 23.

548 5364 740 5413 vattt,
770 5348 825 5403 2.
899 5346 945 5378 ’³
976 5347 1098 5405 Isai.
1140 5365 1290 5415 χχιι,
1340 5350 1430 5414 II,
1461 5349 1549 5405 I2.

622 5438 735 5508 ('58)
766 5437 948 5494 Codex
982 5435 1039 5490 S.
1066 5436 1300 5501 Theod.,
1333 5457 1352 5489 ‹
1397 5437 1635 5504 regionis
1665 5436 1826 5492 Seon.
1862 5457 1880 5488 ι

623 5487 732 5578 (ἑός
770 5487 1369 5571 fatigatam;item
1397 5487 2114 5565 A‘faéiitiési‘c’umsm

562 5592 691 5639 non.
719 5579 762 5632 A
785 5579 965 5632 radice
989 5583 1111 5639 Tm
1140 5598 1157 5630 ι
1196 5580 1493 5634 maledixit.
1526 5597 1545 5630 ι

624 5649 740 5721 (40)
769 5646 959 5714 Jaboc,
997 5636 1142 5717 ’tjucd
1192 5650 1565 5716 interpretatur
1596 5662 1891 5720 Lycum-tv.
1922 5649 1962 5706 A
1998 5658 2113 5714 πει

1699 5208 1741 5239 ⁸³
1761 5206 1922 5261 Num.
1944 5224 2055 5271 χιιι,
2083 5209 2172 5263 24.

2197 1800 2301 1853 Sed
2349 1799 2690 1867 requiramus
2747 1812 2889 1851 nunc
2937 1797 3028 1870 qui
3085 1798 3195 1851 sint
3237 1798 3324 1852 isti
3370 1798 3773 1866 aenigmatista.

2197 1892 2447 1960 Enigma
2482 1890 2679 1944 dicitur
2699 1904 2877 1945 sermo
2902 1887 3187 1959 ﬁguratus.
3215 1888 3620 1959 JEuigmatistm
3639 1904 3778 1959 ergo

2197 1984 2487 2045 dicuntur,
2532 1983 2620 2050 qui
2686 1982 2991 2052 ﬁguraliter
3053 1982 3371 2051 loquuntur.
3435 1981 3499 2034 Et
3529 1982 3651 2051 quis
3688 1991 3781 2035 est

2197 2076 2354 2137 alius,
2406 2075 2496 2142 qui
2555 2075 2606 2127 in
2645 2073 2832 2145 figuris
2883 2075 3096 2129 locutus
3135 2075 3224 2137 sit,
3257 2074 3356 2127 nisi
3408 2072 3492 2127 ch
3544 2084 3598 2127 et
3646 2088 3781 2143 pro-

2199 2168 2371 2236 phetae
2388 2164 2569 2231 lAudi
2599 2166 2740 2219 enim
2766 2165 3035 2233 quomodo
3082 2166 3246 2219 David
3299 2166 3428 2219 dicit
3454 2166 3497 2195 "
3526 2185 3538 2218 :
3573 2184 3591 2215 ι
3635 2167 3781 2234 Ape-

2201 2261 2335 2312 riunt
2363 2259 2416 2312 in
2465 2259 2742 2329 parabolis
2789 2275 2850 2313 os
2903 2276 3101 2326 meum,
3149 2261 3337 2330 loquar
3376 2260 3780 2330 propositiones

2201 2355 2270 2407 ab
2328 2355 2482 2411 initio
2529 2352 2732 2407 surculi.
2766 2370 2785 2403 ι
2820 2350 2925 2408 Sed
2981 2364 3036 2408 et
3082 2353 3272 2419 Isaias,
3315 2354 3441 2422 quia
3482 2353 3779 2420 aenigmata

2201 2450 2312 2503 sint
2345 2463 2462 2516 qnze
2518 2449 2755 2516 scripsit,
2786 2450 2888 2502 hoc
2930 2448 3088 2503 modo
3114 2446 3355 2502 declarat
3395 2465 3408 2498 :
3442 2464 3460 2496 ι
3501 2445 3561 2499 Ει
3588 2454 3777 2503 erunt.

2203 2541 2379 2611 inquit
2409 2541 2477 2608 ’³,
2500 2541 2666 2595 verba
2697 2540 2819 2594 libri
2854 2539 3014 2606 hujus
3044 2539 3181 2594 sicut
3202 2537 3363 2592 verba
3384 2537 3504 2590 libri
3539 2537 3779 2606 signati;

2203 2650 2365 2703 quem
2397 2635 2440 2688 si
2475 2632 2730 2689 dederint
2768 2633 2817 2684 in
2875 2648 3065 2686 manus
3100 2631 3338 2684 hominis
3361 2630 3654 2687 nescientis
3689 2630 3785 2682 lit-

2206 2741 2369 2794 teras,
2398 2741 2450 2784 et
2487 2732 2723 2785 dixerint
2757 2732 2805 2785 ei
2844 2749 2857 2783 :
2896 2729 3058 2798 Lege,
3105 2727 3246 2780 dicet
3300 2742 3313 2777 :
3369 2723 3486 2778 Non
3526 2725 3652 2779 novi
3686 2723 3783 2779 Iit-

2206 2835 2374 2880 teras.
2420 2824 2475 2878 Si
2521 2835 2701 2879 autem
2761 2825 3012 2880 dederint
3046 2822 3243 2878 scienti
3292 2822 3528 2884 litteras,
3586 2822 3779 2877 dicet.

2206 2915 2322 2970 Non
2356 2931 2573 2985 possum
2628 2917 2838 2986 legere,
2863 2916 3112 2986 signatus
3144 2923 3228 2967 cst
3257 2914 3426 2967 enim.
3459 2932 3477 2964 ι
3513 2912 3782 2983 Signatus

2209 3018 2391 3060 autem
2418 3008 2619 3060 dicitur
2654 3008 2789 3062 liber
2819 3023 2917 3078 pro
2949 3020 3036 3067 eo,
3075 3004 3215 3074 quod
3260 3005 3444 3075 ﬁguris
3480 3006 3777 3075 perplexas

2207 3108 2313 3161 est,
2340 3106 2392 3152 et
2417 3098 2795 3168 teuigmatibus
2826 3097 3119 3152 involutus.
3149 3096 3344 3150 Dicunt
3369 3111 3502 3166 ergo
3528 3098 3616 3153 isti
3645 3097 3783 3150 teni-

2208 3190 2476 3261 gmatistze
2515 3208 2527 3241 :
2568 3215 2586 3240 ι
2614 3188 2807 3246 Venite
2837 3191 2887 3243 in
2918 3188 3153 3246 Esebon,
3182 3197 3240 3240 ut
3264 3186 3581 3247 aediﬁcetur.
3624 3208 3645 3240 ι
3672 3188 3778 3243 Ce—

2207 3282 2338 3336 cidit
2373 3281 2460 3336 illa
2490 3282 2661 3351 prima
2701 3282 2953 3346 Esebon,
3002 3280 3111 3334 imo
3159 3281 3418 3335 subversa
3472 3289 3557 3335 est
3608 3291 3665 3334 et
3699 3282 3783 3334 in-

2207 3389 2397 3437 censa,
2452 3374 2828 3427 reaediﬁcanda
2894 3382 2976 3428 est
3019 3375 3142 3429 alia.
3198 3373 3304 3429 Sed
3361 3373 3631 3443 quomodo
3675 3372 3779 3427 hoc

2208 3466 2325 3530 ﬁat,
2364 3476 2643 3535 assumpto
2683 3467 3033 3521 ostendamus
3055 3465 3323 3535 exemplo.
3367 3465 3423 3521 Si
3450 3466 3637 3524 videas
3658 3482 3780 3536 gen-

2211 3557 2356 3611 tilem
2410 3559 2463 3611 in
2520 3560 2785 3611 dedecore
2845 3559 2969 3612 vita:
3007 3559 3239 3627 positum
3270 3574 3333 3613 ac
3366 3558 3640 3627 religionis
3688 3574 3777 3612 er~

2211 3666 2352 3713 rore,
2388 3665 2492 3701 non
2517 3650 2734 3703 dubites
2767 3652 2833 3704 de
2866 3664 2929 3705 eo
2955 3649 3163 3712 dicere,
3186 3651 3330 3719 quod
3350 3651 3421 3705 sit
3458 3651 3545 3704 hic
3567 3651 3776 3704 Esebon

2210 3740 2404 3802 civitas
2431 3739 2481 3791 in
2511 3755 2676 3808 regno
2714 3740 2855 3809 regis
2913 3739 3079 3793 Seon.
3119 3739 3330 3809 Regnat
3367 3743 3513 3793 enim
3552 3741 3602 3792 in
3632 3741 3782 3807 cogi-

2212 3831 2505 3886 tationibus
2538 3832 2653 3901 ejus
2685 3847 2781 3886 rex
2814 3832 3179 3887 infructuosus
3200 3843 3252 3885 et
3275 3832 3471 3887 elatus.
3511 3832 3588 3886 Ad
3638 3832 3782 3886 hunc

2211 3923 2255 3976 si
2288 3924 2505 3978 accedat
2549 3924 2735 3991 Israel,
2779 3926 2883 3980 hoc
2921 3936 3005 3981 est
3038 3927 3297 3982 Ecclesiae
3335 3925 3498 3991 ﬁlius,
3537 3935 3591 3979 et
3637 3924 3784 3978 aditi-

2210 4014 2534 4084 bcatjacula
2564 4017 2714 4071 verbi
2750 4017 2864 4082 Dei,
2893 4028 2949 4073 et
2973 4019 3266 4089 distringat
3295 4030 3487 4074 contra
3521 4034 3645 4077 eum
3672 4018 3784 4088 gla-

2212 4108 2357 4163 dium
2407 4110 2653 4180 spiritus,
2706 4109 2952 4165 destruat
3003 4112 3056 4166 in
3112 4130 3177 4169 eo
3220 4127 3407 4167 omnes
3456 4110 3784 4165 munitiones

2213 4201 2490 4271 gentilium
2537 4203 2868 4273 dogmatum,
2931 4213 2979 4259 et
3021 4206 3285 4266 elationes
3338 4212 3781 4273 argumentorum

2213 4293 2329 4361 ejus
2355 4293 2477 4363 igne
2509 4294 2754 4355 veritatis
2796 4304 3007 4361 exurat,
3040 4297 3207 4350 dicito
3242 4296 3306 4349 de
3337 4298 3463 4357 hoc,
3499 4294 3625 4362 quia
3660 4295 3785 4346 sub-

2214 4400 2374 4439 versa
2420 4393 2504 4439 est
2554 4383 2768 4438 Esebon
2800 4386 3001 4441 civitas.
3035 4383 3198 4439 Seon.
3234 4385 3339 4439 Sed
3385 4400 3489 4439 non
3525 4382 3787 4440 continuo

2219 4476 2465 4530 desertus
2490 4483 2545 4528 et
2584 4474 2875 4530 destitutus
2907 4475 3230 4541 relinquitur
3265 4475 3388 4538 iste,
3427 4476 3479 4528 in
3518 4488 3625 4542 quo
3658 4472 3786 4527 sub-

2219 4581 2373 4621 versa
2416 4577 2540 4621 sunt
2574 4568 2855 4636 gentilium
2882 4568 3157 4637 dogmata.
3186 4566 3301 4621 Non
3332 4565 3475 4621 enim
3501 4564 3782 4633 disciplina

2219 4666 2300 4711 est
2326 4658 2449 4712 ﬁliis
2470 4657 2636 4712 Israel
2661 4657 2962 4715 destructas
2993 4660 3306 4729 relinquere
3335 4672 3470 4727 quas
3504 4657 3787 4711 destruxe-

2217 4752 2327 4804 rint
2356 4751 2607 4805 civitates
2634 4766 2648 4804 :
2675 4751 2766 4806 sed
2794 4765 2916 4807 cum
2954 4753 3264 4806 subruerint
3318 4759 3374 4805 et
3400 4747 3695 4803 everterint
3728 4747 3782 4801 in

2214 4840 2431 4894 homine
2466 4839 2634 4894 malas
2668 4842 3021 4910 cogitationes
3079 4849 3134 4897 et
3190 4840 3387 4911 impios
3423 4854 3635 4904 sensus,
3663 4852 3787 4892 rea:-

2219 4932 2519 4986 diﬁcabunt
2550 4945 2736 4985 rursus
2768 4932 2818 4985 in
2846 4936 3007 4989 corde
3063 4934 3183 5004 ejus
3207 4948 3367 5002 quem
3416 4930 3787 4986 destruxerint

2217 5023 2387 5079 bonas
2405 5027 2779 5095 cogitationes,
2813 5028 2930 5097 pios
2958 5041 3169 5088 sensus,
3201 5023 3517 5079 doctrinam.
3542 5023 3786 5077 veritatis

2219 5115 2484 5180 inserent,
2520 5117 2795 5186 religionis
2826 5119 2986 5171 ritum
3023 5116 3252 5177 tradent,
3298 5116 3540 5168 ordinem
3571 5115 3783 5168 vivendi

2251 5213 2295 5242 ιδ
2320 5212 2449 5266 ibid.
2530 5212 2572 5243 ¹⁵
2593 5210 2912 5267 Gen.xxxn.
2992 5211 3035 5242 ¹⁶
3081 5211 3211 5263 ibid.
3245 5208 3334 5262 25.
3411 5209 3452 5240 "
3492 5209 3678 5261 Matth.
3711 5223 3783 5270 ιι,

2226 5282 2272 5313 ³ο
2304 5280 2438 5336 Luc.
2498 5298 2597 5349 xu,
2661 5283 2749 5336 49.
2827 5283 2867 5314 ³⁸
2898 5282 3055 5336 Νιιιιι.
3091 5296 3207 5343 χχι.
3249 5280 3341 5345 27,
3387 5278 3478 5333 28.
3555 5279 3601 5309 "
3640 5277 3781 5333 Psal.

2236 5456 2265 5520 «ο
2286 5437 2556 5500 exhausit,
2586 5434 2896 5500 evacuavit,
2935 5453 2954 5487 ι
2993 5431 3135 5505 quod
3168 5430 3222 5485 in
3247 5418 3391 5488 lucta
3417 5431 3563 5488 vires
3582 5432 3784 5487 exhau-

2224 5517 2660 5657 Μᾶῗῗὶῖξρὺοη,
2725 5577 3097 5646 interpretatur
3112 5590 3514 5642 cootrntoaﬁus.
3543 5570 3625 5630 Ab
3658 5579 3789 5635 nm

2185 5709 2192 5716 ,
2227 5668 2244 5702 ι
2285 5648 2554 5716 cogitavit.
2589 5664 2606 5696 ι
