4074 6156
365 260 476 319 669

1575 259 1646 316 ΙΝ
1682 253 2017 315 NUMEROS
2049 251 2332 310 HOMILIA
2355 252 2494 309 XIII.

3515 254 3620 308 6.70

367 383 669 452 docebunt,
716 386 882 457 318
928 387 1267 444 honestatem
1315 399 1555 448 morum,
1592 380 1946 437 observantiae.
1975 381 2024 437 Α
2051 390 2266 445 gemus:
2299 375 2540 443 alioquin
2555 373 2929 428 debuissemus
2952 373 3019 428 de
3041 375 3148 429 hoc
3177 374 3378 430 mundo
3397 376 3614 430 exrisse.

366 481 575 528 Stalttla
607 481 1010 533 monstrabunt.
1039 478 1104 531 Et
1126 487 1254 531 tunc
1287 492 1411 532 vere
1442 475 1622 528 dicent
1670 472 1758 526 isti
1811 471 1940 524 teni-

368 563 636 632 gmatistae
662 567 728 620 ad
755 567 1073 636 semetipsos
1096 567 1326 620 invicem
1356 583 1369 619 :
1400 563 1611 625 Venite,
1639 559 1944 615 etzediﬁce-

369 670 492 710 mus
519 656 756 724 Esebon,
805 675 927 729 quae
973 660 1077 716 fuit
1102 659 1296 712 civitas
1347 657 1513 711 Seon.
1543 655 1609 709 Et
1637 654 1736 722 ipsi
1773 652 1938 714 enim,

368 752 471 805 hoc
498 760 582 806 est
614 753 707 807 ﬁlii
727 754 1006 818 Ecclesiae,
1041 755 1166 824 quia
1202 754 1404 823 ﬁguras
1427 753 1558 822 legis
1582 751 1940 818 etmnigmata

364 843 690 909 spiritaliter
747 847 1090 916 intelligunt,
1147 845 1527 915 amigmatista:
1580 841 1936 911 appellantur.

367 931 480 987 Hoc
505 936 753 1004 estquod
787 946 841 991 et
884 936 1146 992 .Ieremias
1199 935 1410 1006 ﬁgurali
1453 933 1802 988 nihilominus
1823 945 1942 985 ser-

361 1041 525 1082 mone
571 1030 844 1100 designat,
895 1031 984 1087 ubi
1022 1032 1088 1086 ad
1134 1045 1257 1085 eum
1297 1029 1502 1084 dicitur
1530 1043 1559 1081 a
1587 1027 1815 1082 Domino
1848 1025 1934 1079 ’δε

367 1137 387 1170 σ
420 1119 562 1175 Ecce
620 1123 739 1177 dedi
772 1124 937 1178 verba
977 1139 1093 1177 mea
1131 1124 1182 1176 in
1217 1137 1278 1176 os
1309 1129 1478 1184 tuum,
1511 1134 1639 1173 ecce
1681 1117 1935 1172 constitui

363 1224 416 1267 te
445 1213 606 1268 hodie
637 1229 799 1284 super
851 1225 1037 1284 gentes
1063 1225 1118 1270 et
1164 1228 1358 1284 regna,
1383 1212 1685 1275 eradicare,
1723 1221 1776 1265 et
1809 1211 1936 1265 sub-

357 1314 594 1370 vertere,
624 1316 678 1359 et
707 1307 1047 1370 rezediﬁcare,
1097 1315 1153 1360 et
1195 1307 1525 1375 replantare.
1564 1323 1582 1356 ι
1619 1304 1758 1370 Quid
1808 1318 1931 1358 era-

357 1396 504 1450 dicat
556 1408 610 1452 et
655 1399 782 1468 quid
831 1400 1134 1455 subvertit?
1190 1400 1476 1456 Civitatem
1522 1398 1755 1462 Esebon,
1815 1413 1934 1467 quae

353 1487 647 1556 eratregis
680 1488 843 1542 Seon.
896 1489 1035 1555 Quid
1079 1490 1322 1544 eradicat
1363 1492 1414 1543 in
1458 1505 1518 1543 ea
1546 1499 1600 1544 et
1627 1490 1758 1558 quid
1806 1490 1933 1543 sub-

351 1576 558 1630 vertit?
587 1577 960 1647 Cogitationes
993 1581 1185 1649 impias
1225 1589 1280 1634 et
1316 1581 1578 1649 impuros.
1615 1581 1754 1646 Quid
1792 1595 1930 1634 rere-

352 1666 544 1721 diﬁcat
587 1670 723 1723 inea
755 1680 809 1724 et
859 1672 985 1740 quid
1039 1673 1350 1740 replantat?
1396 1673 1768 1743 Cogitationes
1814 1674 1930 1742 pias

2051 469 2124 521 De
2181 467 2356 521 Basan
2407 479 2609 529 tamen,
2680 465 2786 518 hoc
2824 473 2925 530 est,
2961 467 3027 518 de
3079 467 3432 534 turpitudine,
3473 466 3618 520 nullo

2046 560 2262 626 penitus
2300 559 2630 628 indigemus,
2672 555 2808 609 nihil
2843 571 2907 610 ex
2954 571 3016 610 ea
3056 557 3475 626 relinquamus;
3523 575 3617 612 ex-

2044 651 2268 704 cidenda
2315 652 2538 714 omnia,
2594 657 2786 704 cuncta
2840 650 3201 702 subvertenda
3257 661 3385 705 sunt
3450 666 3613 721 opera

2043 743 2420 812 turpitudinis.
2449 743 2503 794 In
2558 741 2704 794 nullo
2747 740 2892 796 enim
2947 749 3127 808 potest
3177 741 3462 796 honeswm
3495 758 3616 800 esse

2042 834 2186 903 quod
2215 843 2371 901 turpe
2403 841 2506 887 est.

2110 925 2165 978 4.
2201 944 2219 976 ι
2256 925 2321 978 Et
2370 924 2594 993 profecti
2659 923 2788 978 inde
2842 923 2936 977 ﬁlii
2999 920 3164 977 Israel
3215 923 3614 980 collocaverunt

2039 1026 2219 1072 castra
2271 1017 2340 1072 ab
2400 1017 2688 1072 occidente
2731 1015 2887 1069 Moab
2921 1013 3076 1082 juxta
3104 1013 3394 1070 Jordanem
3423 1026 3611 1070 contra

2037 1109 2277 1164 .Iericho.
2336 1110 2402 1164 Et
2452 1118 2511 1163 ut
2549 1110 2689 1162 vidit
2745 1108 2942 1162 Balach
3002 1107 3148 1161 ﬁlius
3175 1105 3381 1177 Sephor
3405 1109 3472 1172 ’⁸,
3509 1127 3527 1160 ι
3558 1119 3614 1162 et

2037 1202 2266 1270 reliqua.
2320 1199 2513 1255 Omnia
2566 1199 2682 1268 jam
2709 1214 2830 1268 quae
2859 1199 2924 1254 de
2972 1198 3194 1252 Balaam
3225 1209 3282 1254 et
3314 1199 3466 1255 asina
3495 1199 3611 1265 ejus

2037 1294 2356 1348 scribuntur
2411 1293 2641 1345 historia
2687 1291 2845 1359 plena
2882 1290 3111 1361 negotiis
3149 1307 3164 1342 :
3212 1291 3441 1345 interior
3479 1304 3610 1343 vero

2039 1382 2346 1437 intellectus
2391 1380 2560 1435 multo
2620 1380 2973 1448 negotiosior,
3006 1389 3059 1433 et
3108 1379 3294 1434 nescio
3343 1394 3410 1432 an
3451 1377 3609 1432 facile

2036 1477 2127 1540 sit,
2159 1473 2241 1528 vel
2303 1473 2453 1543 ipsas
2479 1480 2686 1526 tantum
2731 1473 3022 1526 historicas
3051 1473 3347 1541 explanare
3390 1482 3609 1528 senten-

2038 1566 2162 1620 tias.
2186 1567 2296 1620 Deo
2357 1575 2532 1618 tamen
2586 1563 2845 1626 donante,
2881 1562 3119 1617 breviter
3165 1577 3284 1632 qua:
3323 1577 3606 1630 possumus

2036 1656 2483 1726 perstringemus.
2544 1652 2746 1706 Bellum
2803 1654 2899 1708 tibi
2961 1654 3227 1719 imminet,
3271 1669 3302 1708 ο
3340 1670 3434 1708 rex
3491 1654 3597 1707 Ba-

351 1765 410 1810 et
437 1769 636 1823 castas,
673 1770 733 1813 ut
783 1761 1046 1816 eIIieiatur
1078 1762 1293 1817 Esebon
1347 1764 1538 1818 civitas
1589 1779 1694 1818 non
1735 1765 1918 1818 Amor.

2033 1747 2174 1811 lach,
2211 1745 2286 1799 ﬁli
2319 1745 2531 1814 Sephor
2561 1762 2573 1796 :
2606 1753 2864 1797 sexcenta
2901 1743 3066 1796 millia
3109 1753 3441 1797 armatorum
3470 1742 3603 1797 ﬁnes

351 1847 652 1912 rhaeorum,
695 1849 786 1903 sed
817 1850 1048 1905 ﬁliorum
1071 1849 1258 1906 Israel.

427 1935 481 1989 5.
511 1935 615 1990 Sed
651 1939 697 1993 si
747 1941 1004 1998 volumus
1027 1943 1238 2014 singula
1276 1943 1550 2014 persequi,
1577 1944 1930 1999 excludemnr

351 2050 382 2086 a
439 2035 759 2092 dissertione
812 2052 1000 2093 eorum
1059 2054 1178 2108 quae
1229 2042 1387 2096 nobis
1435 2041 1660 2095 recitata
1696 2049 1818 2096 sunt
1860 2042 1927 2094 de

353 2126 576 2180 Balaam
610 2147 623 2181 :
654 2129 808 2199 cujus
859 2131 1110 2186 lectionis
1157 2139 1303 2184 tanta
1366 2131 1655 2185 difficultas
1707 2141 1812 2195 est,
1869 2141 1927 2183 ut

351 2221 446 2274 vix
477 2222 543 2275 ad
588 2221 830 2277 historiae
865 2224 1035 2294 ipsius
1083 2227 1350 2280 rationem
1400 2235 1454 2277 et
1485 2226 1922 2292 consequentiam

348 2311 742 2379 explanandam
775 2317 1056 2382 pervenire
1085 2318 1376 2386 possimus.
1408 2317 1620 2382 Quanta
1665 2331 1795 2386 ergo
1814 2315 1922 2384 jam

348 2397 640 2454 difﬁcultas
670 2403 823 2456 nobis
841 2405 944 2456 erit
966 2404 1019 2458 in
1039 2405 1422 2475 explanatione
1453 2405 1772 2474 spiritalium
1797 2421 1922 2460 sen-

349 2503 534 2553 suum,
561 2489 605 2543 si
639 2492 809 2560 prima
842 2493 955 2559 ipsa
994 2494 1191 2548 litterae
1250 2494 1419 2548 facies
1447 2493 1614 2547 tantis
1639 2491 1923 2548 difficulta-

351 2580 496 2634 tibus
520 2581 756 2636 involuta
788 2585 914 2637 est?
951 2583 1054 2639 Sed
1087 2586 1338 2654 quamvis
1372 2585 1551 2656 rapiat
1581 2600 1680 2639 nos
1712 2584 1924 2638 deside-

349 2672 491 2724 rium
517 2671 582 2724 ad
607 2687 667 2727 ea
693 2689 810 2740 qua:
847 2677 1018 2744 magis
1061 2678 1290 2731 obscura
1315 2688 1439 2730 sunt
1469 2677 1806 2741 disserenda,
1844 2685 1922 2729 ta-

347 2774 474 2812 men
507 2774 615 2820 non
661 2771 788 2814 sunt
844 2765 1054 2832 penitus
1085 2767 1380 2821 omittenda
1431 2768 1596 2820 etiam
1653 2767 1770 2821 haec
1801 2782 1922 2835 quae

346 2851 524 2905 media
573 2851 901 2907 referuntur.
932 2855 1120 2910 Postea
1179 2859 1323 2911 enim
1355 2875 1517 2926 quam
1565 2859 1920 2912 obtinuerunt

343 2939 446 2993 ﬁlii
503 2940 666 2997 Israel
710 2944 962 2999 civitates
1008 2946 1492 3014 Amorrhzeorum,
1557 2951 1920 3005 ascenderunt

343 3036 514 3086 etiam
550 3036 716 3103 viam,
748 3051 868 3106 qua:
897 3038 1047 3092 ducit
1083 3039 1136 3092 in
1191 3040 1389 3110 Basan,
1426 3043 1512 3096 ubi
1550 3054 1668 3098 erat
1691 3042 1766 3113 Og
1821 3061 1911 3100 rex
1942 3077 1983 3131 ο

340 3124 523 3180 Basan
556 3142 570 3179 :
598 3127 693 3182 sed
717 3131 782 3183 ad
821 3131 963 3184 hunc
987 3145 1163 3199 neque
1197 3131 1409 3204 legatos
1441 3135 1656 3189 mittere
1685 3137 1916 3206 dignan-

343 3228 455 3281 tur,
495 3234 671 3289 neque
710 3231 896 3290 petere
927 3223 995 3277 ab
1022 3238 1109 3288 eo,
1138 3233 1198 3278 ut
1252 3240 1352 3296 per
1388 3235 1587 3280 terram
1613 3226 1918 3297 ejustrans-

347 3318 508 3376 eant,
549 3314 640 3370 sed
660 3316 916 3370 continuo
964 3317 1407 3387 conﬁiguntcum
1450 3333 1515 3373 eo
1573 3329 1629 3373 et
1657 3329 1917 3390 superant

345 3417 459 3458 tam
492 3405 663 3475 ipsum
719 3423 879 3476 quam
932 3410 1190 3478 populum
1245 3410 1432 3479 ipsius.
1465 3409 1755 3466 Videamus
1786 3427 1915 3481 ergo

341 3507 567 3565 quaeest
598 3497 791 3561 Basan.
820 3499 994 3556 Basan
1027 3501 1420 3570 interpretatur
1459 3504 1730 3571 turpitudo
1758 3504 1868 3574 (4'2)
1896 3523 1909 3556 :

337 3589 542 3642 merito
568 3605 695 3662 ergo
727 3607 824 3646 nec
857 3592 1019 3661 legati
1045 3593 1337 3648 mittuntur
1374 3600 1440 3651 ad
1470 3598 1632 3651 istam
1662 3610 1900 3667 gentem,

339 3697 444 3738 nec
477 3686 736 3739 transitus
777 3703 870 3756 per
896 3696 1093 3742 terram
1125 3693 1241 3756 ejus
1261 3692 1520 3758 poscitur.
1553 3693 1744 3748 Nullus
1767 3699 1910 3750 enim

339 3775 499 3830 nobis
535 3781 800 3834 transitus
834 3780 994 3835 debet
1021 3795 1163 3848 esse,
1213 3784 1390 3837 nullus
1418 3801 1671 3841 accessus
1700 3789 1765 3840 ad
1799 3799 1913 3842 tur-

335 3865 644 3931 pitudinem
677 3885 690 3920 :
726 3871 816 3927 sed
877 3873 944 3926 ab
1005 3871 1164 3926 initio
1217 3874 1398 3927 statim
1431 3879 1810 3946 expugnanda,
1857 3889 1912 3934 et

331 3958 650 4014 omnimode
681 3964 916 4017 cavenda
957 3976 1060 4019 est.
1114 3965 1192 4034 Og
1227 3977 1407 4020 autem
1448 3969 1537 4034 qui
1587 3986 1676 4023 rex
1714 3972 1912 4026 dicitur

336 4063 461 4102 esse
486 4049 993 4116 Basan,:‘nterctusio
1029 4056 1415 4124 interpretatur
1441 4059 1574 4129 (45).
1608 4059 1789 4115 Potest
1823 4064 1910 4117 hic

334 4143 571 4210 ﬁguram
634 4152 818 4198 tenere
842 4145 1082 4198 omnium
1120 4148 1418 4200 carnalium
1447 4159 1500 4202 et
1548 4153 1907 4206 materialium

335 4250 539 4298 rerum,
587 4250 816 4304 quarum
874 4252 1056 4293 amore
1099 4248 1154 4292 et
1191 4239 1464 4293 desiderio
1485 4240 1702 4295 detenta
1727 4245 1905 4298 anima

331 4325 647 4378 excluditur
669 4335 719 4379 et
761 4338 1048 4394 separatur
1081 4345 1109 4382 a
1141 4331 1270 4384 Deo.
1324 4331 1601 4388 Adversus
1649 4334 1729 4404 Og
1779 4352 1908 4406 ergo

2032 1847 2153 1892 tuos
2195 1839 2429 1892 irruunt.
2461 1836 2766 1904 Oportebat
2824 1845 2878 1889 et
2930 1844 2981 1888 te
3026 1850 3220 1904 parare
3246 1850 3415 1898 arma,
3446 1849 3604 1889 exer-

2029 1930 2194 1985 citum
2223 1946 2518 2001 congerere
2550 1929 2686 1998 (tt),
2721 1930 2788 1982 de
2823 1929 3233 1982 constructione
3261 1928 3426 1997 praelii
3454 1927 3604 1997 cogi-

2030 2033 2164 2086 tare,
2199 2032 2254 2076 ut
2277 2024 2416 2078 hosti
2449 2023 2626 2075 adlmc
2654 2021 3056 2089 proculposito,
3094 2023 3262 2074 armis
3299 2021 3601 2076 instructus

2027 2131 2367 2172 occurreres.
2403 2116 2482 2168 Tu
2511 2130 2638 2170 vero
2686 2116 2857 2170 mittis
2892 2116 2957 2167 ad
2995 2114 3211 2169 Balaam
3255 2115 3519 2175 divinum,
3546 2121 3602 2164 et

2029 2211 2200 2264 mittis
2240 2211 2407 2262 multa
2463 2225 2705 2273 munera,
2763 2223 2827 2262 ac
2869 2209 3073 2276 majora
3119 2207 3415 2276 promittis,
3441 2214 3494 2259 et
3517 2204 3600 2257 di-

2027 2303 2106 2355 cis
2141 2303 2183 2332 "’
2210 2316 2224 2354 :
2259 2319 2278 2352 ι
2330 2299 2480 2366 Veni,
2503 2303 2730 2356 maledic
2759 2302 2891 2355 mihi
2917 2300 3193 2370 popnlmn,
3221 2300 3312 2369 qui
3336 2299 3506 2352 exivit
3532 2299 3599 2352 de

2026 2395 2281 2464 Egypto.
2322 2413 2341 2446 ι
2379 2394 2484 2449 Sed
2518 2395 2764 2458 Balaam,
2804 2405 2861 2448 ut
2891 2394 3172 2460 Scriptura
3202 2391 3379 2454 docet,
3414 2390 3600 2446 retulit

2027 2487 2140 2540 haec
2169 2486 2235 2538 ad
2291 2485 2480 2550 Deum,
2522 2501 2550 2538 a
2583 2500 2690 2554 quo
2717 2494 2771 2539 et
2810 2487 2998 2538 venire
3022 2483 3358 2553 prohibetur.
3405 2482 3510 2537 Sed
3542 2491 3598 2543 et

2025 2580 2220 2634 iterum
2259 2595 2354 2633 rex
2383 2581 2549 2632 mittit
2575 2567 2578 2569 Α
2603 2578 2826 2647 legatos,
2854 2590 2910 2632 et
2955 2579 3218 2648 neglectis
3247 2577 3414 2632 armis
3443 2591 3594 2646 spem

2022 2688 2235 2726 omnem
2276 2673 2429 2740 ponit
2468 2673 2517 2724 in
2564 2672 2780 2724 Balaam
2824 2681 2881 2722 ut
2921 2671 3121 2734 veniat,
3163 2679 3217 2724 et
3259 2669 3422 2724 verba
3455 2667 3596 2723 defe-

2023 2773 2138 2828 rat,
2191 2773 2353 2832 atque
2399 2764 2452 2817 in
2498 2762 2748 2831 populum
2812 2761 3086 2827 jaculetur
3140 2761 3432 2816 maledicta
3494 2776 3594 2829 pro

2023 2855 2166 2921 telis,
2215 2856 2261 2909 si
2302 2856 2441 2910 forte
2489 2856 2672 2908 verbis
2735 2853 2953 2906 Balaam
3006 2855 3257 2906 vincatur
3317 2838 3591 2924 pepnlus,

2020 2963 2179 3016 quem
2214 2949 2353 3018 regis
2408 2951 2682 3004 exercitus
2728 2960 2992 3014 superare
3043 2963 3147 3000 non
3181 2957 3416 3016 poterat.
3467 2948 3594 3004 llam

2021 3041 2244 3094 historia
2275 3040 2404 3109 quid
2438 3042 2842 3111 consequentia:
2874 3041 3076 3095 habet?
3109 3039 3238 3108 quid
3275 3039 3485 3093 consilii
3521 3052 3594 3095 te-

2018 3135 2094 3202 git
2124 3132 2278 3203 (45)?
2320 3133 2419 3188 Ubi
2476 3133 2558 3188 vel
2615 3134 2834 3203 quando
2895 3134 3135 3187 auditum
3169 3143 3274 3196 est,
3303 3133 3446 3202 quod
3468 3133 3593 3200 quis

2017 3239 2233 3294 regum,
2264 3226 2580 3280 imminente
2630 3227 2731 3281 sibi
2759 3227 2964 3296 praelio,
3002 3226 3218 3280 omissis
3244 3224 3412 3280 armis
3430 3237 3590 3277 exer-

2017 3317 2236 3387 cituque
2273 3317 2536 3387 neglecto,
2593 3317 2658 3370 ad
2709 3318 2874 3372 divini
2915 3316 3144 3386 alicujus
3181 3317 3265 3371 vel
3317 3315 3588 3384 aruspicis

2015 3412 2178 3465 verba
2227 3411 2564 3480 confugerit?
2615 3411 2772 3467 Unde
2824 3412 3016 3464 iterum
3072 3421 3233 3478 atque
3263 3409 3456 3463 iterum
3492 3408 3586 3462 Dei

2016 3504 2171 3557 nobis
2191 3505 2466 3558 exoranda
2487 3513 2572 3558 est
2597 3505 2791 3573 gratia,
2820 3514 2876 3555 nt
2891 3504 3005 3558 hazc
3030 3518 3132 3556 non
3149 3501 3404 3556 fabulosis
3423 3511 3475 3554 et
3499 3498 3565 3554 Ju

2015 3595 2183 3648 tlaicis
2200 3595 2622 3659 narrationibus,
2642 3595 2734 3648 sed
2759 3593 3116 3647 rationalibus
3136 3603 3190 3646 et
3209 3594 3387 3663 dignis
3407 3594 3586 3648 divina

2016 3687 2134 3754 lege
2153 3690 2418 3757 possimus
2429 3690 2676 3742 sensibus
2695 3687 2902 3755 explica
2915 3687 3180 3740 re.Primo
3197 3702 3324 3757 ergo
3342 3686 3584 3742 omnium

2014 3768 2293 3832 fatendum
2327 3789 2411 3834 est
2440 3781 2492 3832 in
2516 3779 2838 3847 quibusdam
2858 3778 2976 3845 plus
2996 3792 3156 3847 posse
3179 3787 3229 3832 et
3255 3779 3372 3847 plus
3407 3777 3587 3833 valere

2012 3874 2178 3926 verba
2212 3887 2374 3939 quam
2412 3885 2636 3939 corpora
2672 3889 2684 3922 :
2721 3869 2845 3936 quia
2890 3873 3034 3938 quod
3078 3872 3355 3925 exercitus
3390 3871 3587 3924 multa-

2013 3980 2133 4019 rum
2164 3964 2403 4032 gentium
2435 3963 2691 4030 nequiret
2721 3963 2953 4029 elliccre,
2989 3963 3130 4029 quod
3171 3963 3316 4017 ferro
3347 3965 3585 4018 etarmis

2010 4072 2118 4111 non
2157 4064 2338 4123 posset
2358 4051 2615 4118 obtineri,
2637 4056 2736 4110 hoc
2761 4056 2942 4109 verbis
2973 4055 3229 4122 efficitur;
3262 4064 3317 4110 et
3341 4055 3584 4110 nond—ico

2013 4149 2216 4204 sai-ictis
2243 4145 2542 4207 verbis,vel
2561 4146 2652 4198 Dei
2683 4148 2882 4213 verbis,
2915 4149 3007 4202 sed
3037 4147 3214 4201 verbis
3236 4147 3580 4215 quibusdam,

2011 4257 2131 4311 qua:
2158 4241 2300 4294 inter
2322 4237 2570 4291 homines
2621 4240 2917 4306 habentur,
2951 4255 3069 4310 quae
3100 4241 3371 4309 quomodo
3401 4238 3578 4292 nomi-

2011 4349 2133 4387 nem
2201 4331 2426 4396 nescio;
2485 4339 2615 4384 sunt
2654 4337 2833 4383 tamen
2877 4330 3079 4384 inutili
3121 4339 3236 4383 arte
3261 4327 3579 4397 composita,

331 4420 407 4471 ita
435 4418 744 4487 praecipitur
777 4418 977 4473 bellum
1005 4426 1323 4489 gerendum,
1358 4441 1376 4474 ι
1407 4432 1465 4477 ιιι
1496 4438 1598 4478 non
1631 4427 1904 4496 relinqua-
1937 4422 1981 4480 D
2013 4429 2166 4497 cujus
2189 4425 2324 4480 artis
2351 4421 2670 4477 vocabulum
2704 4423 2833 4477 illud
2870 4424 2965 4487 sit,
2990 4423 3135 4492 quod
3163 4422 3456 4490 unicuique
3485 4436 3581 4490 ap-

333 4511 430 4572 tis,
475 4511 649 4579 inquit
689 4510 758 4573 ⁸⁵,
807 4523 872 4563 ex
927 4525 991 4566 eo
1034 4513 1331 4570 viventem.
1369 4531 1388 4564 ι
1424 4512 1641 4569 Nullum
1696 4519 1840 4572 enim
1870 4536 1898 4572 a

327 4603 460 4656 ﬁliis
491 4603 656 4658 Israel
700 4615 913 4673 oportet
945 4606 1186 4675 relinqui.
1227 4608 1278 4660 in
1341 4622 1510 4675 regno
1553 4610 1902 4679 turpitudinis

327 4707 386 4749 et
434 4697 717 4752 dedecoris
765 4699 1058 4753 viventem.
1112 4698 1215 4753 Sed
1263 4708 1318 4754 et
1364 4703 1521 4756 decet
1548 4697 1899 4763 lsraelitieam

328 4787 592 4842 virtutem
625 4788 879 4843 excidere
924 4799 979 4856 et
1012 4805 1260 4846 resecare
1289 4792 1492 4860 turpia,
1544 4800 1599 4847 et
1645 4793 1728 4862 pia
1755 4808 1904 4862 quac-

327 4891 434 4945 que
457 4877 508 4931 in
537 4879 714 4932 anima
739 4880 1093 4948 remdiﬁcare,
1116 4891 1277 4952 atque
1305 4883 1530 4937 honesta
1557 4899 1620 4938 ac
1651 4885 1898 4954 religiosa

325 4969 597 5038 plantare.
650 4972 724 5026 De
773 4988 941 5042 regno
1007 4973 1147 5029 Seon
1201 4989 1304 5028 non
1358 4985 1442 5029 est
1499 4977 1784 5044 scriptum,
1840 4988 1899 5031 ut

325 5060 507 5114 nullus
531 5062 686 5116 vivus
715 5063 1071 5133 relinquatur,
1103 5081 1204 5120 nec
1233 5066 1298 5120 de
1327 5081 1494 5135 regno
1535 5067 1712 5124 Moab.
1735 5068 1898 5124 Forte

324 5153 472 5206 enim
503 5167 568 5208 ex
600 5153 707 5209 illis
744 5170 880 5226 Opus
914 5158 1174 5212 habemus
1203 5158 1498 5227 aliquibus,
1533 5168 1587 5214 et
1627 5160 1898 5216 noonullis

323 5259 514 5298 eorum
546 5262 646 5315 pro
677 5249 800 5304 vitae
845 5250 1009 5322 hujus
1063 5252 1326 5322 agonibus
1355 5262 1408 5304 et
1452 5253 1729 5306 exercitiis
1758 5255 1898 5308 indi—

393 5360 886 5433 “Jerem.l,9,I0.
968 5368 1014 5400 ³⁸
1045 5366 1204 5423 Num.
1241 5384 1354 5434 ιιι,
1395 5367 1486 5422 ⁸55.

325 5551 353 5606 f
400 5482 512 5554 (4‘).)
546 5484 722 5538 Basan
747 5489 1118 5556 interpretatur
1148 5500 1468 5567 Tnariruno.
1497 5489 1540 5542 A
1566 5496 1680 5548 tm:
1716 5508 1733 5540 ι
1768 5505 1895 5544 con-

351 5569 479 5605 usus
509 5568 611 5606 est.
646 5575 664 5606 ι

351 5569 479 5605 115115
509 5568 611 5608 CSl.
646 5575 664 5606 ι

398 5622 510 5702 (ἆξ)
544 5625 623 5702 _Og
648 5635 826 5680 autem
855 5628 945 5695 qui
985 5645 1078 5702 rex
1121 5631 1315 5702 dicitur
1354 5644 1464 5682 esse
1493 5628 1693 5702 Basan,
1718 5641 1902 5702 tmen-

333 5697 932 5752 nt.usioimcroretatur.
973 5699 1051 5754 Ab
1096 5709 1180 5760 τιῚῖ
1225 5700 1415 5756 Cltald.
1457 5700 1538 5754 vel
1586 5708 1673 5759 δτι
1718 5700 1882 5754 ιιυιιιτ.

1561 5368 1606 5399 ²⁶
1632 5370 1791 5424 Num.
1831 5385 1963 5438 xxtt,
1993 5371 2044 5435 I,
2072 5370 2128 5426 2.

2007 4520 2196 4590 pellari
2234 4519 2382 4573 libet.
2440 4517 2535 4572 Est
2563 4531 2715 4585 ergo,
2748 4525 2805 4568 ut
2836 4515 2970 4578 dixi,
3003 4516 3144 4584 apud
3177 4513 3419 4567 homines
3445 4527 3580 4581 opus

2011 4607 2229 4676 aliquod
2267 4645 2282 4668 ,
2357 4605 2502 4673 quod
2591 4603 2776 4658 verbis
2853 4603 3104 4656 eflicitur.
3179 4602 3318 4667 Quid
3397 4611 3577 4656 tamen

2009 4714 2142 4767 opus
2190 4697 2296 4751 tale
2352 4703 2468 4758 est,
2527 4707 2585 4749 ut
2627 4694 2874 4764 quamvis
2939 4695 3149 4763 magnis
3201 4695 3448 4763 corporis
3499 4697 3580 4747 vi-

2009 4793 2160 4845 ribus
2199 4805 2305 4845 non
2364 4789 2534 4859 possit
2585 4787 2834 4856 impleri?
2879 4786 3037 4841 Verbi
3087 4789 3293 4854 gratia,
3333 4799 3488 4842 erant
3525 4790 3576 4843 in

2007 4881 2243 4952 [Egypto
2295 4881 2661 4935 incantatores
2701 4889 2757 4932 et
2801 4880 2967 4946 magi.
3012 4877 3145 4944 Quis
3179 4890 3354 4949 potest
3399 4881 3576 4934 homi-

2007 4992 2133 5029 num
2176 4973 2494 5030 fortitudine
2524 4972 2773 5040 corporis
2820 4974 3027 5040 virgam
3090 4984 3303 5027 mutare
3359 4974 3412 5027 in
3453 4989 3575 5028 ser-

2003 5077 2262 5136 pentem,
2310 5068 2455 5138 quod
2493 5066 2560 5120 ab
2595 5066 2703 5120 illis
2755 5065 2956 5120 factum
2981 5067 3255 5122 refertur?
3302 5069 3408 5122 Aut
3452 5069 3575 5137 quis

2005 5169 2180 5229 p0test
2251 5162 2457 5216 viribus
2530 5163 2774 5232 corporis
2845 5177 3042 5231 aquam
3116 5163 3168 5214 in
3251 5162 3570 5231 sanguinem

2004 5253 2166 5323 319
2207 5255 2459 5308 vertere?
2503 5254 2768 5310 Fecerunt
2818 5263 3000 5308 tamen
3053 5254 3154 5309 hoc
3194 5253 3572 5324 IEgyptiorum

2207 5373 2250 5404 ’7
2281 5371 2411 5437 ibid.
2437 5371 2488 5426 6.

2009 5509 2026 5540 ‹
2073 5491 2274 5545 circulo
2304 5489 2633 5555 describere,
2683 5507 2701 5540 ι
2735 5497 2789 5544 et
2828 5489 2968 5546 forte
3010 5506 3030 5539 ‹
3075 5487 3369 5556 includere,
3399 5487 3586 5554 iuteh

2002 5562 2236 5615 cludere.
2273 5580 2292 5611 ι
2465 5587 2468 5590 ~

2072 5632 2183 5699 (44)
2207 5630 2387 5685 Codex
2431 5629 2803 5687 Carnotcnsis.
2850 5647 2868 5681 ‹
2914 5644 3129 5699 cogere.
3167 5646 3198 5678 ι-

2074 5701 2182 5761 (451
2213 5701 2380 5760 IdeIn,
2409 5719 2441 5751 -ι
2475 5699 2734 5762 ostendit.
2776 5717 2797 5750 )
