4074 6156
546 275 648 331 671
2015 263 2108 321 Oli

2212 261 2342 320 ZNIS
3710 251 3829 306 672

545 390 910 444 incantatores
933 396 989 443 et
1013 388 1176 457 magi.
1209 387 1439 443 Fecerat
1467 387 1612 439 enim
1641 385 1756 440 haec
1787 382 1940 453 prius
1969 379 2122 451 Moy-
2148 378 2196 438 Α
2222 377 2305 431 vis
2351 390 2625 431 armorum
2647 414 2662 440 ,
2717 381 2984 444 quantum
3019 373 3221 446 Moysis
3260 371 3427 428 valuit
3473 368 3689 426 oratio.
3752 367 3829 424 Ut

545 494 635 535 ses
680 498 694 534 :
742 480 835 534 sed
876 480 1000 548 quia
1045 479 1251 533 sciebat
1287 494 1382 532 rex
1447 476 1665 547 Egypti
1709 475 1850 545 quod
1902 481 2121 544 possent
2223 469 2366 522 enim
2394 469 2659 523 elevasset
2690 466 2902 538 Moyses
2924 483 3113 522 manus
3137 469 3204 521 ad
3243 467 3431 529 Deum,
3465 465 3824 520 vincebatur

547 569 660 622 hare
686 579 804 623 arte
831 569 1062 638 quadam
1101 568 1214 621 fieri
1243 567 1550 628 verborum,
1574 579 1693 634 qua:
1725 563 1952 617 habetur
1981 560 2122 613 inter
2219 561 2474 622 Amalec;
2503 561 2740 615 remissa:
2771 575 2898 616 vero
2941 567 2996 613 et
3043 558 3278 626 dejectae,
3324 556 3469 612 vinci
3513 555 3829 609 faciebant

545 659 817 722 homines,
866 659 1071 727 putavit
1102 667 1156 712 et
1209 657 1425 729 Moysen
1465 671 1570 711 non
1621 657 1734 709 haec
1770 653 1861 706 Dei
1895 652 2116 712 virtute,
2220 651 2408 708 Israel.
2461 653 2587 708 llaec
2627 652 2868 723 profecto
2909 653 3154 707 audierat
3224 649 3422 704 Balacb
3467 665 3560 704 rex
3615 646 3823 700 Moab.

545 751 638 804 sed
671 751 876 819 magica
914 757 1028 803 arte
1056 749 1271 812 fecisse,
1305 759 1354 802 et
1382 748 1524 819 quod
1547 750 1787 803 humana
1825 753 1939 797 arte
1976 742 2121 797 fece-
2223 746 2500 815 scriptum
2529 746 2779 800 θειεηίιη
2809 746 2856 778 ³ο
2889 763 2902 801 ε
2941 764 2959 796 ι
2996 743 3300 798 Αιηιίρηιῃι
3346 749 3553 811 gentes,
3600 748 3663 794 ει
3701 737 3824 789 ira-

543 850 654 903 rat,
687 843 736 894 id
777 842 865 896 Dei
909 843 1106 896 factum
1143 843 1342 896 virtute
1368 841 1648 896 simulare.
1683 841 1954 894 Convocat
1988 851 2118 891 con-
2225 849 2290 894 tie
2322 848 2450 892 sunt
2479 855 2493 890 :
2538 839 2753 892 dolores
2771 836 3299 906 comprehenderunt
3326 835 3648 889 habitantes
3681 830 3828 886 PH-

542 935 695 987 tinuo
716 933 1088 1002 .Egyptiorum
1120 935 1490 988 int-amatores
1517 943 1570 988 et
1597 947 1800 1003 magos.
1827 932 1973 986 Inter
1993 945 2117 984 eum
2219 931 2425 986 listiim.
2469 931 2622 986 Tunc
2655 929 3050 986 festinaverunt
3090 931 3255 984 duces
3292 929 3486 991 Edam,
3507 933 3562 980 et
3585 923 3825 996 princi-

541 1027 631 1094 qui
675 1025 873 1078 v'rtute
917 1025 1007 1078 Dei
1062 1027 1414 1095 operabatur,
1456 1035 1512 1080 et
1546 1041 1639 1079 eos
1691 1024 1784 1094 qui
1848 1024 2120 1078 daemones
2217 1038 2314 1092 pes
2333 1023 2706 1088 Moabitarum,
2743 1023 3101 1092 apprehendit
3141 1037 3234 1077 eos
3292 1030 3516 1074 tremor.
3571 1037 3592 1071 ι
3631 1015 3821 1070 Vides

545 1119 887 1182 invocabant,
919 1117 1047 1172 facit
1079 1132 1200 1173 esse
1230 1129 1528 1174 certamen.
1565 1117 1736 1172 Efﬁcit
1765 1127 1942 1172 tamen
1968 1116 2121 1170 simi-
2219 1117 2530 1186 pervenisse
2556 1116 2620 1169 ad
2650 1131 2744 1170 eos
2771 1117 2914 1183 quod
2946 1115 2998 1168 in
3027 1114 3240 1169 cantico
3286 1112 3614 1180 praedixerat
3667 1107 3828 1176 Moy-

545 1207 670 1262 liter
700 1217 755 1262 et
786 1209 1061 1263 contraria
1095 1209 1269 1264 virtus
1303 1210 1504 1279 virgam
1537 1219 1841 1279 serpentem
1869 1211 2006 1262 sicut
2035 1206 2116 1260 fe-
2221 1222 2308 1261 ses
2351 1207 2566 1276 quando
2620 1206 2948 1261 transierant
2995 1220 3144 1259 mare
3206 1203 3474 1259 Rubrum.
3530 1199 3825 1254 Audierat

544 1309 695 1354 cerat
723 1301 891 1354 virtus
920 1299 1013 1356 Dei
1053 1321 1067 1356 :
1104 1303 1197 1357 sed
1225 1317 1450 1372 serpens
1494 1301 1584 1371 qui
1617 1315 1712 1371 per
1740 1301 1989 1355 virtutem
2025 1300 2117 1354 Dei
2217 1314 2345 1370 ergo
2372 1314 2468 1353 rex
2492 1297 2667 1363 Moab,
2696 1297 2822 1367 quia
2856 1297 3082 1368 pepulus
3111 1297 3203 1352 hic
3235 1295 3576 1351 orationibus
3602 1289 3820 1353 vineit.

549 1387 723 1443 factus
772 1388 967 1454 fuerat,
1020 1391 1304 1446 absorbuit
1339 1401 1394 1446 et
1439 1391 1719 1445 devoravit
1765 1404 1952 1444 omnes
1999 1390 2117 1444 illos
2217 1401 2274 1447 et
2307 1399 2510 1460 pugnat
2537 1391 2827 1445 adversum
2871 1391 3055 1444 hostes
3082 1403 3199 1451 ore,
3251 1403 3356 1441 non
3405 1385 3612 1456 gladio,
3655 1392 3717 1437 et
3743 1381 3821 1436 ob

541 1490 844 1549 serpentes,
889 1483 980 1550 qui
1013 1492 1130 1540 arte
1167 1483 1372 1553 magica
1413 1498 1479 1537 ex
1509 1481 1675 1552 virgis
1711 1482 1852 1535 versi
1901 1480 2118 1535 fuerant
2217 1480 2320 1536 hoc
2346 1479 2464 1535 sine
2501 1479 2660 1534 dubio
2687 1479 2826 1548 apud
2858 1479 3208 1546 semetipsum
3245 1477 3520 1546 cogitavit,
3553 1475 3764 1530 dicens
3797 1485 3815 1523 :

544 1570 595 1623 in
641 1581 940 1640 serpentes.
984 1572 1100 1629 Non
1147 1573 1291 1628 enim
1343 1573 1516 1642 potuit
1570 1572 1744 1625 virtus
1789 1570 2115 1624 daemoniaca
2214 1568 2486 1634 Quoniam
2510 1569 2728 1639 quidem
2797 1569 3132 1626 orationibus
3169 1569 3346 1640 populi
3394 1568 3552 1638 hujus
3583 1574 3648 1620 et
3685 1578 3821 1633 pre-

544 1662 743 1717 malnm
783 1664 926 1732 quod
952 1679 1019 1718 ex
1057 1664 1199 1718 bono
1227 1663 1435 1718 fecerat
1473 1663 1764 1718 restituere
1798 1663 1850 1716 in
1890 1662 2112 1717 bonum.
2149 1721 2185 1732 _
2217 1662 2370 1717 cibus
2397 1661 2540 1716 nulla
2570 1669 2798 1731 possunt
2825 1677 2975 1716 arma
3009 1661 3280 1726 conferri,
3318 1659 3436 1715 ideo
3463 1659 3631 1712 etiam
3674 1651 3818 1708 mihi

541 1750 722 1808 Potuit
751 1768 818 1809 ex
844 1754 996 1823 virga
1020 1754 1198 1809 facere
1220 1763 1548 1824 serpentem,
1593 1755 1798 1824 virgam
1830 1769 1961 1809 vero
1992 1755 2117 1809 red-
2146 1750 2188 1777 ⁸³
2221 1754 2350 1811 tales
2380 1753 2571 1821 aliquae
2593 1767 2801 1822 preces,
2835 1761 2892 1806 et
2933 1753 3060 1806 talia
3104 1751 3426 1822 requirenda
3465 1757 3594 1804 sunt
3635 1761 3810 1802 arma

544 1843 673 1898 dere
697 1859 760 1898 ex
794 1853 1047 1914 serpente
1074 1860 1183 1900 non
1228 1846 1444 1916 potuit:
1475 1854 1529 1900 et
1565 1846 1686 1900 ideo
1727 1857 2120 1900 consumuntur
2221 1845 2529 1908 verborum,
2561 1853 2614 1898 et
2641 1842 2918 1900 orationes
2952 1842 3086 1898 tales
3124 1856 3245 1914 quae
3287 1853 3544 1911 superare
3581 1835 3819 1908 possint

542 1947 737 1988 omnes
774 1948 843 1988 ex
875 1949 936 1988 ea
977 1935 1124 2006 virga
1147 1951 1268 2006 quae
1299 1935 1392 1991 Dei
1427 1935 1632 1990 virtute
1662 1950 1818 1990 versa
1858 1934 2039 1991 fuerat
2063 1936 2116 1991 in
2217 1936 2495 1990 orationes
2529 1935 2779 1990 istorum.

544 2032 870 2093 serpentem.
896 2026 1090 2082 Postea
1121 2043 1248 2083 vero
1278 2042 1375 2097 per
1401 2028 1642 2081 divinam
1682 2029 1934 2118 virtutem
1964 2039 2119 2083 natu-
2287 2049 2340 2105 5.
2383 2049 2452 2106 υι
2501 2059 2678 2103 ³ηιρη,
2727 2049 2868 2103 scias
2908 2048 3013 2102 me
3043 2047 3243 2118 aliquid
3294 2047 3556 2114 cogitasse
3585 2059 3816 2114 regem,

543 2128 621 2168 rae
645 2119 1050 2211 suaeredditur,
1081 2129 1138 2173 ut
1161 2130 1370 2173 natura:
1400 2118 1684 2174 Dominum
1709 2117 1993 2174 fateretur.
2019 2119 2119 2173 Fe-
2217 2157 2284 2197 ex
2319 2122 2614 2211 Scrip‘mm
2647 2142 2826 2195 verbis
2878 2117 3147 2208 imellige;
3194 2154 3314 2208 qua,
3339 2153 3438 2207 ego
3469 2153 3496 2189 a
3529 2137 3813 2206 magism,

544 2217 734 2260 θθτυίλι
767 2209 1131 2304 inﬁmam?”
1164 2211 1565 2304 Εὲἲβιίρτυιην
1614 2222 1672 2267 υῑ
1728 2222 1782 2268 ει
1819 2226 1970 2282 θψιεθ
1999 2227 2119 2266 ve"
2218 2209 2475 2303 quodam,
2514 2235 2604 2304 qni
2638 2251 2702 2287 ex
2733 2231 2974 2286 Hebraeis
3000 2232 3324 2296 crediderat,
3379 2229 3624 2299 exposita
3660 2225 3814 2280 didi-2

545 2305 789 2354 terentur
828 2301 882 2356 in
935 2303 1280 2373 sanguinem,
1318 2303 1413 2358 sed
1461 2317 1564 2358 non
1595 2312 1884 2372 potuerunt
1923 2306 2116 2359 iterum
2320 2301 2590 2397 Scripm'm
2620 2337 2703 2382 est
2727 2342 2856 2398 ergo
2878 2327 2920 2358 ιι
2959 2345 2971 2380 ε
3007 2344 3026 2377 ε
3065 2325 3128 2380 Ε,
3165 2325 3301 2381 δίκη
3337 2323 3492 2378 Moab
3515 2323 3580 2375 ad
3609 2321 3812 2374 senio,

2146 1721 2188 1777 Β

541 2394 856 2461 sanguinem
884 2405 1096 2451 vertere
1131 2397 1184 2451 in
1210 2413 1401 2467 aquam
1428 2415 1443 2459 ;
1473 2398 1561 2452 Dei
1591 2406 1771 2452 autem
1800 2399 1973 2452 virtus
2007 2413 2114 2453 non

541 2499 760 2552 aquam,
784 2487 877 2540 sed
907 2495 1076 2542 totum
1123 2487 1343 2542 fluvium
1391 2492 1555 2545 vertit
1584 2493 1636 2546 in
1669 2494 1984 2563 sanguinem
2019 2511 2032 2544 ε
2062 2499 2116 2545 et

543 2590 756 2628 rursum
787 2590 979 2633 orante
1009 2577 1212 2649 Moyse,
1252 2580 1486 2650 limpidis
1534 2598 1654 2637 eum
1690 2599 1753 2639 ac
1781 2583 2117 2639 naturalibus

546 2669 780 2724 reddidit
835 2672 1070 2727 fluentis.
1153 2673 1218 2726 Et
1286 2674 1480 2728 iterum
1543 2678 1918 2744 produxerunt
1973 2676 2116 2747 magi

545 2757 920 2831 Egyptiorum
966 2763 1203 2834 scnipes,
1244 2766 1336 2820 sed
1383 2782 1486 2821 non
1533 2777 1824 2835 potuerunt
1857 2766 2118 2836 repellere

538 2870 656 2912 eas.
691 2855 900 2927 Moyses
933 2873 1062 2913 vero
1094 2861 1350 2928 produxit
1381 2860 1616 2929 scnipes,
1648 2869 1700 2913 et
1727 2860 1943 2928 repulit.
1975 2860 2117 2916 Deus

540 2946 684 3000 enim
719 2957 903 3002 noster
929 2949 1107 3004 delere
1142 2951 1300 3015 facit,
1352 2958 1406 3004 et
1447 2951 1641 3004 iterum
1684 2949 1953 3017 restituit;
1985 2967 2118 3006 con-

2219 2435 2306 2475 res
2358 2418 2566 2473 Madian
2600 2436 2614 2472 :
2645 2419 2799 2474 Nunc
2855 2418 3094 2488 ablinget
3141 2430 3406 2487 synagoga
3451 2415 3563 2468 haec
3602 2428 3810 2467 omnes

2217 2512 2309 2581 qui
2354 2511 2404 2564 in
2450 2511 2679 2565 circuitu
2730 2521 2915 2565 nostro
2958 2517 3108 2574 sunt,
3155 2507 3295 2562 sicut
3336 2505 3563 2573 ablingit
3591 2503 3807 2557 vitulus

2218 2602 2443 2656 herbam
2478 2603 2676 2671 campi.
2721 2621 2740 2654 ι
2779 2602 2975 2657 Aiebat
2999 2615 3128 2670 ergo
3163 2599 3422 2669 magister
3452 2598 3559 2660 ille,
3586 2597 3683 2666 qui
3729 2611 3802 2651 ex

2218 2689 2458 2745 Hebraeis
2505 2691 2810 2745 crediderat
2857 2704 2872 2744 :
2916 2690 3044 2755 Cur,
3109 2689 3318 2758 inquit,
3377 2688 3466 2742 tali
3520 2703 3648 2742 usus
3709 2696 3803 2742 est

2217 2782 2462 2851 exemplo
2512 2782 2728 2843 dicens.
2780 2800 2798 2834 ι
2850 2782 2993 2836 sicut
3046 2781 3272 2851 ablingit
3322 2778 3520 2834 vitulus
3559 2779 3798 2834 herbam

2218 2873 2482 2942 campi?»
2525 2871 2606 2928 Ob
2662 2873 2763 2928 hoc
2826 2873 2944 2928 sine
2993 2873 3179 2936 dubio,
3238 2873 3363 2941 quia
3419 2871 3624 2925 vitulus
3692 2884 3797 2925 ore

2215 2965 2487 3034 abrumpit
2509 2966 2731 3020 herbam
2762 2965 2827 3020 de
2852 2980 3042 3033 campo
3074 2973 3127 3018 et
3155 2965 3333 3035 lingua
3367 2974 3617 3034 tanquam
3650 2963 3797 3018 falce

546 3039 714 3092 traria
749 3051 925 3095 autem
955 3042 1126 3096 virtus
1154 3043 1292 3098 male
1326 3044 1541 3112 quidem
1576 3045 1758 3100 facere
1791 3045 1990 3114 aliquid
2019 3060 2114 3108 po-
2141 3055 2183 3113 ο
2216 3071 2553 3127 quacunque
2588 3057 2854 3112 invenerit
2881 3065 3053 3111 secat.
3087 3056 3164 3110 lta
3194 3071 3321 3126 ergo
3343 3066 3399 3111 et
3427 3056 3653 3126 populus
3677 3057 3793 3122 hic,

545 3139 672 3193 test,
703 3135 794 3185 sed
844 3133 1132 3188 restituere
1174 3137 1225 3186 in
1276 3135 1545 3205 integrum
1591 3153 1697 3191 non
1753 3147 1951 3205 potest.
1991 3136 2114 3192 Haec

543 3231 723 3275 antem
759 3223 942 3277 omnia
985 3226 1365 3292 przcmisimus,
1409 3236 1466 3280 ut
1515 3242 1676 3295 opera
1731 3226 1974 3293 Balaam,
2031 3227 2114 3281 vel

543 3316 706 3369 verba
751 3315 868 3383 ejus
900 3318 1167 3385 possimus
1212 3319 1517 3373 advertere.
1549 3318 1687 3372 Sunt
1719 3319 1861 3373 enim
1893 3328 1948 3372 et
1998 3335 2116 3374 ma-

542 3419 731 3475 gorum
779 3407 1052 3461 nonnulla
1103 3406 1422 3463 differentiae
1468 3423 1484 3463 :
1527 3408 1616 3464 alii
1669 3409 1812 3464 enim
1845 3409 1986 3482 plus,
2022 3409 2113 3464 alii

545 3497 720 3552 minus
744 3498 944 3552 valent.
978 3499 1077 3553 Hic
1107 3498 1323 3554 Balaam
1348 3499 1743 3556 famosissimus
1768 3511 1888 3558 erat
1914 3503 1968 3556 in
1997 3511 2114 3558 arte

539 3590 746 3658 magica
801 3600 853 3646 et
898 3592 953 3646 in
1003 3593 1342 3648 carminibus
1393 3593 1570 3649 noxiis
1615 3603 1943 3664 praepotens.
1993 3593 2112 3650 Non

541 3681 683 3734 enim
726 3682 959 3738 habebat
997 3694 1352 3753 potestatem,
1400 3686 1486 3740 vel
1528 3694 1700 3741 artem
1733 3687 2019 3740 verborum
2046 3685 2113 3740 ad

542 3775 993 3846 benedicendum,
1029 3781 1122 3834 sed
1149 3780 1381 3836 habebat
1407 3781 1472 3835 ad
1520 3779 1964 3837 maledicendum.
1996 3783 2113 3836 Dae-

541 3882 728 3921 moues
764 3870 910 3923 enim
955 3873 1022 3925 ad
1067 3871 1497 3927 maledicendum
1544 3873 1861 3938 invitantur,
1913 3889 2016 3928 non
2044 3874 2110 3928 ad

541 3958 987 4018 benedicendum.
1043 3964 1110 4019 Et
1155 3965 1278 4020 ideo
1323 3963 1474 4035 quasi
1510 3977 1768 4036 expertus
1795 3968 1848 4020 in
1891 3967 2108 4033 talibus,

542 4049 596 4104 in
639 4051 891 4120 opinione
937 4061 1053 4107 erat
1097 4055 1370 4120 omnibus,
1421 4057 1513 4126 qui
1562 4065 1719 4112 erant
1765 4057 1817 4110 in
1865 4055 2108 4112 Oriente.

543 4145 658 4200 Nisi
687 4146 828 4200 enim
859 4147 1228 4216 experimenta
1259 4150 1374 4216 ejus
1416 4149 1650 4218 plurima
1681 4148 2108 4218 praecessissent,

541 4238 679 4307 quod
701 4237 1013 4306 frequenter
1059 4239 1363 4295 maledictis
1409 4242 1618 4296 hostem
1648 4241 2108 4295 vertissetarma-

542 4340 674 4394 tum,
702 4346 808 4384 non
841 4330 1026 4400 utique
1056 4333 1490 4402 praesumpsisset
1525 4348 1619 4386 rex
1647 4333 1749 4387 hoc
1788 4347 1950 4402 posse
1989 4331 2107 4386 fieri

2213 3149 2364 3218 quasi
2397 3149 2594 3202 vitulus
2624 3163 2717 3202 ore
2746 3156 2799 3202 et
2829 3147 2986 3203 labiis
3011 3156 3232 3218 pugnat,
3270 3157 3324 3202 et
3356 3163 3504 3200 arma
3537 3148 3705 3202 habet
3737 3148 3790 3201 in

2213 3243 2394 3296 verbis
2426 3259 2488 3296 ac
2518 3243 2787 3309 precibus.
2823 3239 2953 3296 Hmc
2975 3242 3141 3311 igitur
3172 3242 3352 3296 sciens
3397 3257 3489 3296 rex
3525 3241 3690 3295 mittit
3719 3240 3789 3295 ad

2212 3334 2453 3399 Balaam,
2481 3346 2536 3389 ut
2565 3347 2618 3390 et
2654 3335 2766 3404 ipse
2811 3333 3018 3388 deferat
3055 3333 3235 3387 verbis
3271 3333 3433 3387 verba
3485 3333 3788 3395 contraria,

2213 3437 2268 3482 et
2291 3426 2540 3497 precibus
2581 3439 2792 3494 preces.
2841 3423 2952 3478 Nec
3005 3423 3222 3478 mireris
3258 3424 3301 3478 si
3344 3433 3428 3477 est
3471 3423 3522 3476 in
3573 3421 3788 3486 magica

2213 3525 2331 3571 arte
2367 3517 2473 3571 tale
2505 3515 2735 3586 aliquid;
2774 3530 2894 3570 esse
2940 3514 3084 3568 enim
3129 3514 3270 3568 hanc
3318 3522 3491 3568 artem
3538 3513 3790 3583 designat

2212 3609 2374 3663 etiam
2404 3607 2714 3677 Scriptura,
2761 3609 2853 3660 sed
2890 3606 2964 3660 uti
2994 3621 3057 3660 ea
3098 3605 3366 3675 prohibet.
3411 3603 3541 3658 Nam
3585 3613 3642 3660 et
3672 3605 3787 3657 da:-

2211 3713 2398 3753 mones
2439 3698 2716 3768 Scriptura
2750 3712 2869 3752 esse
2893 3697 3165 3766 designat,
3197 3697 3290 3752 sed
3319 3697 3422 3751 coli
3444 3711 3536 3750 eos
3565 3705 3618 3750 et
3649 3711 3786 3749 exo-

2213 3786 2320 3840 rari
2355 3795 2526 3841 vetat.
2570 3786 2736 3840 Recte
2763 3801 2896 3857 ergo
2921 3786 3086 3841 etiam
3134 3787 3340 3854 magica
3401 3787 3474 3840 uti
3509 3787 3784 3856 prohibet,

2211 3879 2336 3948 quia
2371 3895 2645 3948 magorum
2677 3880 2910 3933 ministri
2948 3878 3062 3951 (46)
3093 3880 3268 3950 angeli
3300 3887 3430 3934 sunt
3466 3877 3686 3949 refugae,
3728 3888 3784 3935 et

2212 3971 2434 4038 spiritus
2467 3969 3060 4040 maligni,etd:muonia
3094 3970 3392 4026 immunda.
3430 3970 3616 4025 Nullus
3637 3971 3782 4025 enim

2212 4064 2526 4117 sanctorum
2557 4064 2841 4130 spirituum
2875 4063 3218 4132 obtemperat
3243 4078 3424 4133 mago.
3451 4061 3566 4116 Non
3600 4073 3776 4132 potest

2211 4153 2464 4206 invocare
2511 4167 2701 4223 magus
2767 4151 3102 4216 Michaelem,
3165 4168 3269 4206 non
3312 4161 3487 4220 potest
3530 4155 3781 4206 invocare

2212 4243 2566 4313 Raphaelem,
2600 4259 2773 4314 neque
2819 4242 3161 4309 Gabrielem;
3197 4243 3363 4298 multo
3391 4245 3559 4313 magis
3593 4260 3779 4311 magus

2210 4336 2462 4392 invocare
2499 4351 2603 4390 non
2653 4345 2827 4405 potest
2867 4335 3287 4403 omnipotentem
3341 4333 3528 4397 Deum,
3569 4352 3666 4388 nec
3693 4333 3782 4388 Fi-

539 4423 898 4486 sermonibus,
939 4425 1080 4492 quod
1117 4422 1261 4478 ferro
1291 4434 1344 4479 et
1374 4425 1492 4480 acie
1533 4425 1620 4479 vix
1652 4434 1834 4493 posset
1873 4424 2104 4494 impleri.
2140 4420 2184 4476 D
2210 4427 2340 4482 lium
2368 4428 2482 4495 ejus
2514 4426 2799 4482 Dominum
2840 4438 3085 4481 nostrum
3127 4423 3306 4479 Jesum
3353 4425 3654 4491 Christum,
3683 4442 3780 4482 nec

539 4516 730 4568 Certus
758 4529 888 4584 ergo
912 4515 1110 4570 Balach
1149 4516 1216 4569 de
1243 4516 1364 4581 hoc,
1406 4526 1460 4570 et
1485 4515 1800 4586 frequenter
1827 4528 2102 4585 expertus,

538 4602 754 4665 omissis
795 4603 1044 4659 omnibus
1097 4605 1472 4662 instrumentis
1512 4614 1569 4662 et
1617 4607 1833 4662 auxiliis
1875 4608 2100 4673 bellicis,

539 4693 703 4747 mittit
733 4697 799 4748 ad
829 4710 949 4749 eum
984 4695 1185 4766 legatos
1219 4699 1407 4754 dicens
1495 4699 1542 4732 ”
1578 4715 1592 4753 :
1630 4717 1651 4752 ι
1683 4699 1824 4755 Ecce
1873 4701 2104 4772 populus

537 4788 705 4853 exivit
733 4789 798 4843 de
829 4789 1060 4861 Egypto
1092 4801 1145 4846 et
1169 4792 1451 4862 cooperuit
1480 4792 1673 4846 faciem
1716 4801 1894 4860 teme,
1930 4802 1985 4849 et
2017 4795 2105 4848 hic

536 4881 852 4947 seditjuxta
881 4897 984 4937 tne.
1020 4902 1039 4934 ι
1068 4883 1172 4938 Sed
1199 4893 1254 4938 et
1275 4883 1510 4954 amplius
1538 4883 1745 4952 aliquid
1781 4895 1912 4954 puto
1959 4885 2102 4954 quod

538 4974 767 5027 moverit
822 4989 1000 5044 regem
1043 4993 1057 5030 :
1105 4977 1322 5030 videtur
1361 4977 1508 5030 enim
1556 4975 1795 5041 audisse,
1845 4977 1969 5045 quia
2010 4976 2103 5030 filii

536 5064 704 5126 Israel
727 5066 903 5123 solent
963 5068 1145 5124 hostes
1185 5070 1406 5124 vincere
1453 5070 1718 5136 oratione,
1769 5085 1874 5123 non
1914 5070 2103 5135 armis,

537 5164 783 5209 nectam
833 5156 979 5214 ferro
1007 5174 1164 5228 quam
1206 5160 1476 5231 precibus.
1530 5159 1687 5213 Nulla
1747 5160 1892 5214 enim
1937 5160 2103 5216 Israel

538 5249 823 5312 adversum
859 5250 1195 5308 Pharaonem
1221 5268 1371 5307 arma
1407 5255 1724 5321 commovit,
1769 5253 1865 5308 sed
1895 5253 2100 5308 dictum

536 5351 621 5400 est
643 5342 693 5397 ei
722 5343 768 5378 ”
794 5359 808 5398 :
847 5360 868 5398 ι
905 5341 1166 5400 Dominus
1192 5345 1452 5415 pugnabit
1477 5360 1572 5414 pro
1600 5346 1772 5410 vobis,
1804 5357 1857 5401 et
1887 5361 1986 5402 vos
2015 5356 2100 5402 ta—

535 5431 747 5491 cebitis.
784 5451 805 5486 ι
830 5431 936 5488 Sed
965 5450 1064 5489 nec
1083 5445 1275 5491 contra
1299 5434 1624 5490 Amalecitas
1645 5436 1863 5506 quidem
1890 5448 2098 5495 tantum

2210 4528 2460 4574 sanctum
2496 4518 2755 4589 Spiritum
2779 4519 2915 4586 ejus.
2943 4515 3051 4570 Nos
3080 4515 3178 4570 soli
3215 4517 3516 4586 accepimus
3541 4527 3777 4585 potesta-

2211 4619 2321 4667 tem
2372 4611 2661 4666 invocandi
2697 4609 2864 4666 Deum
2913 4608 3154 4666 Patrem.
3215 4605 3323 4662 Nos
3365 4608 3466 4662 soli
3515 4608 3777 4662 habemus

2209 4713 2531 4774 potestatem
2588 4700 2871 4758 invocandi
2937 4699 3271 4769 unigenitum
3316 4698 3429 4766 ejus
3477 4697 3775 4758 Christum.

2212 4798 2317 4853 Sed
2353 4796 2478 4850 illud
2512 4804 2596 4850 est
2623 4796 2765 4864 quod
2799 4793 2920 4848 dico
2953 4810 2968 4848 :
2996 4793 3087 4862 qui
3130 4791 3238 4861 jam
3267 4799 3588 4861 potestatem
3619 4805 3776 4846 acce-

2210 4889 2288 4957 pit
2323 4887 2602 4941 invocandi
2631 4885 2926 4951 Cbristum,
2957 4901 3058 4938 non
3089 4891 3263 4950 potest
3285 4883 3479 4938 iterum
3505 4885 3778 4937 daemones

2211 4983 2464 5036 invocare
2497 4995 2511 5032 :
2541 4987 2596 5032 et
2642 4979 2734 5048 qui
2781 4978 2950 5031 sancti
2995 4976 3230 5044 Spiritus
3273 4975 3546 5044 particeps
3597 4974 3775 5030 factus

2209 5081 2311 5136 est,
2344 5074 2410 5125 ad
2441 5072 2746 5125 immundos
2772 5070 2909 5124 ultra
2943 5069 3162 5138 spiritus
3186 5068 3440 5124 accedere
3461 5083 3565 5122 non
3595 5068 3772 5131 debet.

2210 5164 2268 5220 Si
2297 5165 2438 5220 enim
2475 5165 2807 5219 invocaverit
2839 5164 3143 5218 immundos
3171 5165 3418 5233 spiritus,
3457 5161 3622 5235 320
3648 5178 3772 5216 san-

2207 5265 2326 5312 ctus
2351 5255 2420 5309 ab
2453 5270 2518 5309 eo
2550 5254 2786 5323 Spiritus
2811 5253 3004 5324 refugit
3031 5253 3164 5323 (47).
3226 5253 3363 5323 Magi
3401 5263 3528 5307 sunt
3563 5254 3650 5320 qui
3689 5255 3770 5306 in—

2205 5356 2402 5403 vocant
2427 5345 2747 5406 Beelzebub.
2776 5347 3012 5414 Denique
3035 5345 3240 5400 sciebat
3271 5345 3375 5398 hoc
3402 5344 3628 5414 populus
3661 5345 3767 5412 ille,

2207 5450 2262 5496 et
2295 5439 2414 5494 ideo
2439 5439 2760 5494 mentientes
2790 5448 2982 5492 contra
3022 5436 3307 5492 Dominum
3357 5451 3535 5491 meum
3558 5434 3764 5504 Iesum,

605 5527 652 5559 ³⁸
674 5527 830 5584 Νυιη.
863 5546 996 5595 xxn,
1026 5531 1080 5586 5.
1151 5531 1196 5563 ”
1221 5530 1389 5586 Exod.
1419 5547 1530 5598 xlv,
1560 5531 1646 5591 14.
1719 5534 1766 5574 ³⁸³
1795 5535 1964 5591 Exod.
1999 5553 2088 5604 xv,

2212 5582 2215 5594 .
2245 5535 2334 5591 15.
2407 5534 2452 5566 ³¹
2481 5535 2639 5588 Num.
2669 5551 2800 5602 xxtt,
2826 5533 2882 5588 4.

611 5616 726 5689 (46)
758 5619 920 5690 Idem,
956 5639 975 5672 ι
1007 5622 1272 5690 magistri.
1306 5641 1324 5675 ι

611 5688 725 5768 μη
757 5688 984 5754 Saucius
1013 5692 1077 5746 ab
1101 5688 1168 5748 eo
1193 5692 1426 5763 Spiritus
1445 5695 1661 5763 refugit.
1685 5697 1867 5765 Codex,
1894 5696 2098 5753 Carno»
2134 5702 2144 5713 '

2214 5625 2403 5691 tensis,
2437 5645 2454 5678 ι
2488 5625 2720 5697 Spiritus
2751 5633 2975 5682 sanctus
3012 5627 3078 5682 ab
3104 5639 3175 5682 eo
3200 5624 3463 5684 violenter
3491 5622 3739 5683 abstrahi

2199 5705 2317 5759 tur.
2353 5713 2380 5752 ι
