4074 6156
235 175 354 238 675

1411 182 1479 239 IN
1513 183 1844 241 NUMEBOS
1885 184 2173 242 HOMILIA
2208 187 2346 243 XIII.
3396 193 3462 247 υτ

234 309 299 354 et
329 298 462 354 falsa
506 298 773 361 dicentes,
819 298 1038 354 aiebant
1071 301 1115 333 ³⁸
1149 319 1164 356 :
1202 320 1222 354 ι
1268 302 1370 359 Hic
1411 304 1463 358 in
1518 304 1822 360 Beelzebub
1849 311 1897 368 Α
1926 305 2163 369 Balaam,
2204 322 2309 361 non
2365 307 2505 376 quod
2553 306 2750 377 dignus
2789 315 2935 363 esset
2981 307 3050 363 ad
3099 320 3258 380 quem
3287 318 3498 364 veniret

233 393 492 465 principe
535 391 926 448 daunoniorum
971 391 1119 462 cjieit
1162 393 1448 450 daemonia.
1514 414 1534 448 ι
1573 394 1821 450 Salvator

233 496 427 541 autem
452 483 632 538 sciens
652 482 778 552 quia
815 497 1002 536 verum
1037 493 1122 537 est
1151 485 1370 552 quidem
1401 486 1544 555 quod
1571 486 1822 555 princeps

230 577 461 648 quidem
494 575 884 630 daemoniorum
918 573 1226 631 Beelzebub
1249 578 1346 642 sit,
1376 579 1428 632 in
1455 579 1557 634 hoc
1582 595 1676 634 eos
1708 593 1817 634 non

232 667 422 739 arguit
457 665 752 729 mendacii,
802 664 898 718 sed
937 664 1221 731 respondit
1265 665 1345 721 eis
1371 665 1417 697 ³³
1457 679 1471 718 ι
1504 685 1522 718 ι
1557 666 1610 720 Si
1638 682 1738 736 ego
1765 667 1817 720 in

231 757 542 814 Beelzebub
581 753 740 823 ejicio
784 755 1071 818 daemonia,
1118 755 1214 809 lilii
1257 757 1425 811 vestri
1471 759 1522 810 in
1567 773 1672 824 quo
1709 757 1809 824 eji-

231 849 432 905 ciunt?
466 867 488 900 ι
523 846 672 902 Unde
696 856 908 902 constat
945 861 1068 902 esse
1097 848 1356 916 quosdam
1396 849 1669 903 daemones
1707 866 1818 904 ma-

233 939 344 1006 los,
387 940 476 1009 qui
519 937 749 994 invocati
792 953 820 990 ιι
867 938 1060 1007 magis,
1115 941 1311 993 adsunt
1357 941 1438 994 eis
1475 942 1540 994 ad
1591 942 1814 1008 malum,

233 1047 350 1088 non
381 1033 446 1086 ad
467 1032 686 1086 bonum.
719 1029 901 1084 Parati
930 1031 1076 1084 enim
1104 1041 1226 1084 sunt
1248 1032 1313 1085 ad
1340 1032 1813 1098 malefaciendum,

235 1127 380 1181 bene
403 1133 584 1179 autem
619 1123 799 1178 facere
834 1123 1100 1177 nesciunt.
1132 1124 1221 1177 Isti
1247 1137 1376 1194 ergo
1400 1127 1672 1181 daemones
1699 1135 1816 1181 arte

234 1218 472 1287 quadam
499 1225 553 1272 et
587 1217 978 1285 compositione
1011 1215 1301 1270 verborum
1331 1215 1384 1270 in
1432 1217 1724 1284 amicitias,
1757 1226 1816 1272 ut

234 1310 316 1363 ita
369 1310 570 1374 dicam,
621 1318 902 1364 cesserant
951 1305 1216 1363 Balaam:
1261 1321 1494 1375 quorum
1555 1311 1814 1366 amicitiis

235 1400 434 1468 fretus,
483 1417 707 1473 magnus
757 1403 899 1472 apud
947 1403 1196 1459 homines
1229 1385 1535 1456 videbatur.
1583 1401 1666 1458 Ob
1710 1404 1814 1459 hoc

233 1511 372 1568 ergo
403 1495 566 1551 mittit
591 1495 658 1549 ad
687 1510 810 1550 eum
843 1511 960 1560 rex,
1007 1505 1065 1552 et
1091 1494 1169 1548 ait
1211 1493 1257 1524 ”
1290 1511 1303 1546 :
1334 1511 1353 1545 ι
1383 1493 1518 1550 Veni
1561 1510 1726 1560 nunc,
1757 1504 1814 1550 et

234 1588 469 1644 maledic
498 1588 625 1642 mihi
659 1588 914 1658 populum
971 1589 1138 1652 hunc,
1190 1591 1316 1660 quia
1350 1591 1545 1644 fortior
1577 1599 1660 1644 est
1722 1589 1810 1644 hic

231 1696 404 1752 quam
437 1695 554 1748 nos,
588 1680 632 1734 si
677 1680 816 1735 forte
864 1681 1136 1750 possimus
1191 1694 1472 1752 percutere
1509 1681 1719 1751 aliquos
1743 1697 1805 1734 ex

231 1776 340 1839 eis,
369 1782 426 1829 et
460 1773 660 1844 ejicere
685 1787 780 1829 eos
808 1773 874 1828 de
897 1785 1063 1828 terra.
1110 1793 1129 1826 ι
1167 1775 1391 1830 Videtur
1418 1776 1548 1829 mihi
1586 1790 1676 1828 rex
1716 1774 1806 1828 hic

233 1883 344 1922 non
375 1881 444 1920 ex
487 1867 695 1936 integro
732 1867 1010 1923 confidere
1038 1868 1092 1922 in
1126 1867 1341 1921 Balaam
1373 1859 1574 1934 divino,
1608 1867 1808 1937 ingenti

229 1959 401 2015 credo
432 1959 502 2014 de
521 1958 833 2024 virtutibus,
867 1957 987 2028 quae
1013 1961 1064 2013 in
1095 1961 1292 2028 popqu
1322 1961 1416 2016 Dei
1465 1960 1621 2016 facta:
1656 1969 1802 2022 sunt,

229 2051 511 2105 auditione
554 2051 876 2120 perterritus
911 2065 927 2105 :
965 2061 1020 2106 et
1055 2050 1175 2106 ideo
1218 2052 1387 2118 dicit,
1443 2053 1487 2106 si
1543 2052 1684 2107 forte
1721 2050 1808 2106 vel

230 2156 478 2212 eousque
517 2142 846 2210 praevaleant
877 2142 1283 2196 maledictiones
1327 2143 1566 2206 Balaam,
1604 2153 1665 2197 ut
1703 2143 1808 2197 ali-

232 2247 375 2301 quos
403 2247 470 2287 ex
505 2232 632 2301 ipsis
673 2234 842 2301 possit
872 2241 1176 2300 percutere,
1207 2243 1433 2288 Caeteros
1468 2249 1594 2288 vero
1622 2234 1808 2304 fugare

231 2322 581 2391 perterritos,
612 2333 664 2377 et
692 2325 908 2392 propria
947 2334 1089 2379 terra
1131 2324 1418 2393 depellere.

309 2414 362 2468 6.
397 2415 559 2468 Addit
589 2424 850 2483 praeterea
885 2432 898 2468 :
935 2433 954 2468 ι
993 2417 1128 2484 Quia
1182 2417 1316 2482 scio,
1363 2415 1537 2484 inquit
1572 2416 1637 2481 ³⁵,
1666 2415 1807 2483 quod

227 2518 373 2574 quos
403 2504 771 2570 benedixeris,
814 2505 1082 2560 benedicti
1129 2515 1313 2571 erunt,
1342 2515 1397 2561 et
1421 2521 1556 2575 quos
1581 2504 1808 2560 maledi-

227 2595 403 2658 xeris,
433 2594 703 2648 maledicti
733 2605 912 2649 erunt.
947 2615 966 2649 ι
1002 2597 1112 2666 Ego
1135 2611 1238 2650 non
1271 2596 1438 2650 credo
1477 2595 1602 2664 quia
1640 2595 1808 2650 sciret

227 2700 352 2750 rex,
384 2687 525 2754 quod
568 2688 982 2757 quibuscunque
1009 2689 1379 2744 benedixisset
1423 2688 1666 2750 Balaam,
1709 2687 1806 2743 be-

228 2777 434 2832 nedicti
476 2789 658 2834 essent
705 2797 720 2834 :
765 2781 862 2834 sed
905 2781 1118 2835 videtur
1167 2780 1302 2835 mihi
1346 2780 1602 2836 adulandi
1632 2781 1806 2850 gratia

229 2871 350 2928 haec
388 2872 588 2936 dicere,
643 2883 700 2925 ut
755 2882 922 2926 artem
971 2873 1088 2941 ejus
1131 2873 1364 2928 eflerens
1405 2881 1461 2927 et
1509 2872 1805 2940 extollens,

229 2965 620 3032 promptiorem
645 2981 765 3018 eum
796 2966 897 3019 sibi
926 2966 1114 3021 reddat
1143 2967 1210 3020 ad
1257 2966 1488 3020 facinus.
1523 2968 1628 3021 Ars
1661 2967 1805 3020 enim

232 3073 264 3106 ι.
288 3055 438 3125 agica
467 3057 642 3111 nescit
667 3057 1010 3126 benedicere,
1035 3060 1159 3128 quia
1207 3075 1304 3113 nec
1327 3059 1596 3114 daemones
1627 3059 1808 3114 sciunt

226 3145 569 3204 benefacere.
627 3148 810 3204 Noscit
853 3151 1177 3206 benedicere
1212 3151 1363 3205 Isaac
1405 3161 1460 3204 et
1507 3149 1708 3215 Jacob,
1754 3160 1808 3205 et

226 3253 420 3293 omnes
459 3241 678 3296 sancti:
729 3243 1015 3310 impiorum
1075 3243 1251 3297 nullus
1299 3243 1404 3297 scit
1456 3241 1800 3297 benedicere.

229 3327 338 3383 Sed
373 3332 584 3385 tandem
634 3334 850 3387 veniunt
880 3333 947 3388 ad
996 3332 1210 3386 Balaam
1248 3331 1426 3402 legati.
1464 3349 1482 3384 ι
1529 3333 1807 3387 Venerunt

225 3437 382 3495 ergo,
413 3426 588 3496 inquit
612 3427 678 3492 “,
711 3428 954 3483 seniores
987 3427 1164 3494 Moab,
1206 3437 1261 3482 et
1286 3428 1528 3483 seniores
1565 3425 1802 3492 Madian,

229 3530 288 3574 et
317 3518 624 3572 divinacula
668 3521 719 3574 in
749 3520 1002 3573 manibus
1041 3532 1251 3572 eorum.
1291 3537 1310 3570 ι
1340 3516 1399 3572 In
1455 3519 1560 3572 illis
1588 3518 1802 3570 divina-

231 3613 396 3666 tionis
425 3613 653 3676 artibus,
683 3628 819 3681 quas
871 3613 1164 3668 curiositas
1203 3611 1436 3665 humana
1479 3611 1802 3680 composuit,

228 3713 360 3757 sunt
391 3705 635 3773 quaedam
667 3719 787 3775 quae
819 3702 1100 3774 Scriptura
1133 3703 1349 3774 quidem
1373 3702 1671 3758 divinacula
1702 3719 1802 3756 no-

229 3797 497 3850 minavit:
541 3799 755 3868 gentilis
792 3807 973 3852 autem
1017 3795 1381 3859 consuetudo,
1415 3794 1498 3849 vel
1539 3795 1801 3864 tripodas,

228 3887 316 3942 vel
357 3889 614 3955 cortinas,
652 3887 738 3943 vel
781 3888 904 3943 aliis
955 3886 1260 3956 bujusmodi
1302 3884 1580 3940 vocabulis
1620 3885 1805 3955 appel-

229 3981 341 4046 lat;
383 3997 503 4051 quae
533 3985 686 4052 quasi
728 3981 796 4035 ad
824 3980 928 4035 hoc
969 3980 1142 4049 ipsum
1196 3985 1538 4041 consecrata,
1595 3979 1800 4032 moveri

231 4074 300 4128 ab
333 4073 413 4128 eis
442 4083 495 4127 et
531 4073 857 4128 contrectari
893 4071 1090 4126 solent.
1124 4070 1404 4138 Scriptura
1456 4085 1586 4124 sane
1619 4073 1799 4124 divina

226 4165 406 4236 ephod
421 4164 682 4236 quoddam
705 4164 997 4220 vernaculo
1021 4177 1270 4217 sermone
1302 4162 1547 4216 nominat
1575 4162 1624 4215 in
1680 4178 1804 4232 pro-

229 4259 428 4328 phetis,
465 4259 606 4328 quod
637 4257 1013 4312 indumentum
1067 4255 1294 4310 tradunt
1322 4269 1443 4311 esse
1473 4255 1801 4323 prophetau-

1927 395 2090 461 Deus;
2124 401 2216 451 sed
2248 409 2303 451 ut
2338 397 2656 468 fugarentur
2703 399 2778 454 illi
2824 401 2916 470 qui
2958 401 3024 456 ad
3070 401 3494 458 maledicendum

1922 496 1976 542 et
2005 492 2454 546 malefaciendum
2489 497 2679 549 adesse
2718 504 3139 553 consueverant.
3198 496 3318 552 Jam
3350 499 3496 553 enim

1922 579 2049 635 hinc
2105 584 2418 651 providebat
2463 586 2604 640 Deus
2659 588 2854 657 p0pulo
2899 603 3016 645 suo.
3068 591 3235 646 Adest
3265 606 3418 662 ergo,
3442 598 3498 647 et

1921 673 2057 728 dicit
2095 675 2237 730 Deus
2266 676 2332 729 ad
2351 692 2472 732 eum
2493 678 2536 709 ³⁸
2565 696 2580 733 :
2615 699 2631 729 ι
2671 677 2808 744 Quid
2842 681 3087 735 homines
3113 682 3201 736 isti
3237 683 3508 738 venerunt‘

1925 764 1992 817 ad
2023 764 2116 818 te?
2142 765 2207 818 Et
2230 766 2365 819 dixit
2404 766 2619 820 Balaam
2660 769 2726 821 ad
2757 769 2920 822 Deum
2953 776 2966 823 :'
2997 771 3193 825 Balach
3224 774 3366 828 ﬁlius
3397 774 3498 830 Se-

1919 856 2054 923 phor
2082 873 2175 910 rex
2207 857 2359 911 Moab
2385 857 2533 911 misit
2556 875 2652 914 eos
2679 861 2745 913 ad
2773 876 2878 924 me,
2912 861 3139 917 dicens:
3172 864 3307 919 Ecce
3333 881 3499 936 papu-

1917 943 2001 999 lus
2030 946 2164 1000 exiit
2193 949 2258 1000 de
2285 945 2545 1017 Egypto,
2578 961 2636 1003 et
2657 951 2948 1018 cooperuit
2985 952 3178 1007 faciem
3219 964 3402 1023 terrae,
3438 964 3496 1010 et

1919 1038 2008 1092 hic
2037 1040 2191 1093 sedet
2211 1039 2369 1109 juxta
2399 1056 2502 1094 me.
2538 1041 2670 1096 Veni
2700 1057 2830 1110 ergo
2857 1057 3026 1106 nunc,
3052 1053 3106 1096 et
3129 1043 3358 1098 maledic
3391 1046 3494 1098 mi-

1920 1129 1972 1183 hi
2005 1145 2148 1192 eum,
2190 1132 2234 1184 si
2274 1130 2415 1186 forte
2445 1133 2742 1202 poterimus
2789 1144 3076 1200 percutere
3123 1149 3269 1197 eum,
3312 1144 3368 1188 et
3389 1133 3492 1202 eji-

1919 1236 2065 1276 cere.
2100 1221 2168 1276 Et
2208 1222 2352 1276 dixit
2383 1223 2531 1278 Deus
2569 1225 2635 1278 ad
2664 1220 2884 1278 Balaam
2918 1241 2933 1276 :
2967 1223 3082 1277 Non
3113 1239 3204 1278 eas
3233 1240 3358 1279 cum
3388 1226 3488 1292 eis,

1919 1327 2094 1382 neque
2126 1313 2418 1370 maledicas
2442 1315 2700 1384 populum
2741 1332 2756 1370 :
2789 1323 2874 1369 est
2901 1314 3048 1370 enim
3089 1316 3424 1372 benedictus.
3465 1334 3487 1369 ι

1987 1405 2040 1459 7.
2076 1405 2253 1460 Altior
2284 1405 2374 1460 hic
2402 1408 2642 1462 exoritur
2685 1406 2933 1476 quaestio,
2978 1415 3032 1461 et
3092 1407 3276 1462 nescio
3309 1417 3488 1463 utrum

1916 1498 2200 1551 conveniat
2237 1513 2348 1553 rem
2377 1508 2486 1552 tam
2519 1499 2769 1568 profundi
2815 1499 3060 1570 mysterii
3105 1500 3400 1565 denudare,
3434 1509 3490 1555 et

1916 1589 2163 1658 proferre
2197 1591 2263 1644 ad
2305 1591 2509 1656 turbas,
2564 1601 2620 1646 et
2661 1606 2755 1647 eas
2801 1593 2990 1646 turbas
3021 1603 3150 1663 quae
3178 1591 3245 1646 ad
3275 1591 3490 1646 audito-

1844 1663 1886 1720 Β
1917 1679 2052 1732 riutn
2077 1681 2229 1734 verbi
2275 1681 2367 1735 Dei
2405 1697 2509 1734 non
2537 1682 2643 1736 nisi
2683 1682 2868 1752 paucis
2916 1681 3109 1736 diebus
3167 1681 3488 1748 adveniunt,

1913 1780 1968 1825 et
1996 1773 2253 1826 continuo
2276 1773 2583 1838 discedunt,
2613 1789 2710 1829 nec
2739 1776 2792 1829 in
2831 1775 3186 1830 meditatione
3216 1775 3364 1829 verbi
3391 1773 3483 1829 Dei

1913 1860 2118 1916 diutius
2158 1862 2523 1917 immorantur
2558 1881 2572 1918 :
2610 1874 2793 1919 tamen
2846 1881 2945 1934 pro
3007 1867 3072 1920 iis
3112 1867 3203 1936 qui
3254 1865 3481 1920 studiosi

1912 1965 2059 2021 sunt,
2095 1964 2150 2009 et
2175 1957 2353 2010 sciunt
2376 1957 2583 2020 audire,
2610 1967 2944 2026 possuntque
2964 1973 3157 2027 capere
3185 1957 3481 2028 spiritalem

1911 2062 2150 2110 sensum,
2197 2062 2364 2115 pauca
2423 2048 2602 2118 aliqua
2651 2049 2894 2104 dicemus
2940 2065 3005 2104 ex
3055 2050 3258 2105 multis.
3306 2051 3487 2106 Potest

1910 2154 2041 2208 ergo
2069 2139 2232 2205 objici
2268 2138 2374 2193 tale
2400 2138 2604 2209 aliquid
2627 2141 2876 2196 :Invocet
2919 2140 3046 2196 licet
3071 2143 3346 2196 daemones
3377 2141 3481 2196 Ba-

1918 2231 2082 2294 laam,
2112 2231 2402 2285 malediCat
2434 2232 2650 2301 populo,
2693 2234 2929 2287 invocati
2977 2236 3246 2287 tlzemoues
3289 2233 3485 2288 faciant

1909 2322 2051 2392 quod
2088 2333 2314 2390 possunt
2345 2339 2359 2375 :
2395 2326 2632 2393 nunquid
2666 2341 2770 2380 non
2801 2335 2977 2395 potest
3011 2328 3152 2380 Deus
3190 2327 3479 2380 defendere

1910 2427 1939 2465 a
1976 2413 2308 2469 daemonibus
2357 2416 2632 2484 populmn,
2670 2418 2888 2486 vimque
2924 2434 3112 2473 eorum
3162 2419 3212 2473 in
3263 2419 3485 2473 malefa-

1909 2505 2099 2560 ciendo
2126 2507 2442 2562 destruere?
2487 2507 2626 2574 Quid
2663 2525 2794 2578 ergo
2831 2525 2967 2578 opus
2992 2521 3131 2574 erat,
3164 2521 3223 2566 ut
3243 2511 3358 2582 ipse
3385 2527 3482 2567 ve-

1908 2597 2050 2651 niret
2081 2597 2146 2652 ad
2176 2597 2396 2652 Balaam
2452 2611 2508 2653 et
2544 2611 2837 2656 consuetos
2868 2602 3138 2658 daemones
3169 2604 3484 2673 prohiberet

1909 2689 2185 2757 accedere,
2234 2705 2304 2746 ne
2346 2691 2431 2745 vel
2475 2702 2754 2747 tentarent
2795 2702 2890 2748 aut
2919 2706 3253 2751 conarentur
3291 2697 3482 2753 lzedere

1906 2780 2161 2849 pepulum
2185 2782 2382 2836 suum?
2417 2783 2496 2836 Ad
2529 2784 2644 2838 [nec
2676 2799 2806 2854 ergo
2851 2786 2977 2840 licet
3015 2802 3120 2840 non
3147 2791 3328 2843 omnia
3361 2804 3483 2859 quae

1907 2882 2137 2941 possunt
2170 2889 2480 2939 occurrere,
2511 2875 2832 2944 proferenda
2859 2887 3004 2944 sunt,
3026 2889 3201 2933 tamen
3236 2880 3483 2936 dicemus

1907 2975 1974 3015 ex
2003 2972 2177 3031 parte,
2211 2965 2336 3032 quia
2372 2979 2477 3017 non
2512 2965 2622 3016 vult
2649 2964 2790 3018 Deus
2820 2964 3125 3018 daemonum
3155 2981 3328 3035 genus
3357 2977 3482 3022 ante

1912 3063 2122 3124 tempus
2143 3058 2402 3111 damnare
2431 3056 2568 3126 (48).
2603 3054 2793 3110 Sciunt
2819 3057 2964 3110 enim
2994 3067 3049 3110 et
3071 3057 3170 3126 ipsi
3203 3058 3482 3113 dtemones

1908 3149 2034 3216 quia
2071 3157 2282 3217 tempus
2311 3163 2497 3202 eorum
2527 3162 2767 3217 praesens
2791 3148 2894 3201 hoc
2925 3147 3183 3201 saeculum
3209 3148 3477 3203 continet.

1906 3239 2200 3310 Propterea
2249 3240 2482 3308 denique
2528 3247 2582 3293 et
2631 3237 2916 3293 Dominum
2972 3238 3256 3308 rogabant,
3287 3249 3342 3293 ut
3371 3256 3478 3296 nor.

1907 3341 2184 3401 torqueret
2212 3345 2306 3385 eos
2333 3339 2462 3383 ante
2503 3336 2740 3399 tempus,
2775 3344 2950 3398 neque
2975 3329 3027 3382 in
3060 3329 3314 3400 abyssum
3349 3331 3480 3384 mit-

1908 3430 2048 3478 teret
2081 3423 2146 3477 “.
2189 3421 2254 3475 Et
2283 3422 2353 3475 ob
2378 3421 2481 3476 hoc
2514 3435 2691 3490 neque
2722 3420 2992 3474 diabolum
3018 3423 3250 3476 removit
3273 3438 3301 3476 a
3329 3422 3479 3490 prino

1906 3516 2088 3584 cipatu
2127 3512 2309 3568 saeculi
2369 3510 2555 3580 hujus,
2611 3511 2736 3580 quia
2785 3512 2962 3566 adhuc
3011 3526 3147 3581 Opus
3193 3521 3275 3566 est
3315 3521 3480 3582 opera

1904 3605 2025 3673 ejus
2085 3603 2149 3658 ad
2192 3601 2581 3674 perfectionem
2634 3616 2822 3655 eorum
2870 3601 2960 3671 qui
3002 3603 3295 3657 coronandi
3332 3613 3477 3673 sunt,

1904 3712 2040 3767 opus
2066 3704 2150 3751 est
2171 3695 2348 3750 adhuc
2378 3709 2541 3764 opera
2564 3692 2678 3761 ejus
2705 3694 2770 3746 ad
2797 3694 3060 3748 exercitia
3113 3696 3480 3752 certaminum

1903 3798 1959 3844 et
1991 3767 2249 3842 victorias
2281 3787 2589 3842 beatorum.
2623 3785 2717 3840 Sic
2754 3801 2884 3856 ergo
2913 3794 2968 3840 et
2992 3785 3234 3854 reliquos
3266 3790 3477 3843 daemo-

1904 3896 2002 3936 nes
2033 3897 2137 3936 non
2163 3878 2276 3933 vult
2311 3888 2438 3932 ante
2474 3888 2682 3947 tempus
2707 3892 2736 3930 a
2768 3877 3030 3946 propositi
3068 3879 3149 3932 sui
3178 3876 3479 3935 intentione

1905 3974 2167 4028 violenter
2194 3970 2538 4032 abstrahere,
2604 3979 2659 4023 et
2702 3969 2819 4024 ideo
2850 3986 2916 4024 ex
2963 3971 3118 4024 initio
3149 3987 3252 4027 non
3282 3972 3364 4026 eis
3397 3973 3480 4027 in-

1903 4066 2070 4121 dulsit
2131 4065 2396 4158 invocari\
2431 4079 2529 4133 per
2598 4061 2861 4128 Balaam,
2931 4079 2998 4118 ne
3048 4064 3190 4118 forte
3243 4065 3475 4121 invocati

1904 4163 2312 4215 destruerentur
2347 4167 2473 4210 ante
2519 4168 2754 4224 tempus,
2826 4165 2878 4210 et
2936 4157 3333 4225 perimerentur
3383 4160 3478 4212 dce

1903 4251 2154 4305 fendente
2203 4247 2456 4317 populum
2502 4262 2660 4302 suum
2714 4249 2840 4299 Deo.
2887 4247 3043 4301 Aliud
3087 4248 3234 4302 enim
3277 4258 3378 4309 est,
3429 4249 3476 4304 si

230 4352 386 4405 tium.
426 4347 580 4403 Aliud
615 4360 794 4404 tamen
819 4349 956 4419 apud
999 4347 1307 4416 Scripturas
1355 4345 1536 4399 divina
1575 4345 1802 4413 prophe-
1906 4348 2186 4411 exspectat
2232 4339 2444 4392 daemon
2500 4351 2531 4390 a
2580 4336 2689 4390 Deo
2741 4335 2973 4404 aliquem
3026 4337 3092 4390 ad
3159 4340 3473 4392 tentandum

231 4441 328 4503 tia,
361 4440 501 4493 aliud
526 4440 784 4494 divinatio
807 4439 1057 4493 habetur.
1083 4438 1174 4492 Ait
1199 4436 1344 4490 enim
1372 4435 1416 4466 ³⁷
1445 4451 1460 4488 :
1496 4453 1515 4486 ι
1547 4433 1661 4488 Non
1697 4434 1804 4488 erit

227 4533 508 4600 auguratio
549 4533 600 4586 in
646 4532 833 4596 Jacob,
878 4545 1054 4602 neque
1099 4530 1364 4585 divinatio
1405 4527 1458 4582 in
1507 4527 1694 4582 Israel.
1741 4528 1798 4582 In

230 4635 474 4694 tempore
511 4625 721 4680 dicetur
763 4627 828 4679 ad
878 4623 1045 4679 Iacob
1083 4633 1136 4678 et
1165 4621 1353 4688 Israel,
1401 4621 1529 4690 quid
1561 4619 1802 4674 facturus

227 4720 300 4772 sit
326 4719 486 4774 Deus.
527 4737 545 4771 ι
583 4717 886 4771 Abdicatur
927 4731 1057 4785 ergo
1091 4715 1307 4784 penitus
1331 4712 1591 4768 divinatio
1628 4725 1798 4780 τομε-

226 4826 288 4867 re
333 4812 474 4864 enim
528 4819 583 4865 et
637 4807 940 4864 ministerio
982 4808 1319 4869 daemonum,
1361 4814 1419 4857 ut
1474 4819 1636 4874 supra
1685 4803 1798 4872 jam

226 4906 488 4968 diximus,
515 4901 858 4971 adimpletur.
894 4898 1059 4968 Igitur
1086 4897 1332 4959 Balaam,
1360 4896 1680 4949 divinaculis
1710 4909 1800 4950 ac-

225 4995 420 5066 ceptis,
453 5009 573 5048 cum
597 4992 841 5050 solerent
867 4991 1144 5046 daemones
1165 4989 1233 5043 ad
1274 4990 1444 5058 ipsum
1473 4988 1680 5052 venire,
1709 4986 1794 5040 fu-

224 5099 380 5158 gatos
403 5084 622 5154 quidem
652 5085 923 5138 daemones
952 5081 1117 5145 Videt,
1152 5078 1250 5134 sed
1277 5078 1464 5133 adesse
1501 5079 1686 5131 Deum.
1730 5077 1796 5131 Et

226 5182 350 5236 ideo
374 5178 503 5234 dicit
527 5177 865 5245 interrogare
896 5190 957 5230 se
994 5174 1189 5238 Deum,
1214 5172 1336 5241 quia
1376 5181 1668 5225 consuetos
1689 5169 1794 5224 sibi

223 5287 416 5346 parere
443 5280 712 5341 nusquam
745 5268 1019 5322 daemones
1045 5265 1210 5319 videt.
1243 5263 1403 5318 Venit
1432 5277 1560 5332 ergo
1595 5261 1710 5330 ipse
1730 5259 1797 5314 ad

863 5406 908 5439 ³⁸
932 5405 1088 5465 ibid..
1129 5405 1210 5459 I9.
1313 5402 1358 5433 ³⁴
1380 5399 1535 5454 Num.
1569 5411 1704 5459 xx",
1735 5395 1795 5450 6.

316 5413 362 5445 "
384 5412 519 5467 Luc.
559 5424 638 5473 ιιι,
662 5407 751 5465 I5.

237 5479 463 5538 “Num.
480 5497 615 5548 xxtl,
633 5483 689 5547 9,
709 5473 894 5542 I0,II,
913 5475 1002 5529 I2.

294 5601 406 5672 (ιε)
438 5599 560 5654 Non
584 5595 870 5672 uul_t__D_eus_
893 5593 1184 5672 dtemonum
1215 5603 1376 5672 genus
1419 5593 1789 5672 aulfhffnttztls

224 5653 497 5732 dan—inure.
525 5653 631 5725 etc.
667 5667 804 5723 Vide
826 5663 1186 5719 clarissimum
1215 5653 1467 5714 lluetium
1501 5653 1786 5723 Origenia-

1891 5394 1935 5426 ³⁵
1967 5393 2096 5448 ibid.

1102 5476 1145 5506 ³⁸
1167 5473 1358 5528 Matth.
1389 5485 1508 5533 vnt,
1543 5467 1647 5532 29;
1680 5467 1810 5521 Luc.
1843 5477 1964 5531 vttt,
2003 5463 2093 5520 5I.

1907 4437 2048 4491 sicut
2090 4431 2210 4496 .Iob,
2264 4439 2318 4482 et
2368 4443 2494 4484 cum
2545 4436 2693 4481 certa
2748 4427 3098 4483 distinctione
3148 4439 3472 4498 potestatem

1907 4529 2024 4598 ejus
2049 4525 2298 4594 accipiat.
2334 4520 2494 4577 Verbi
2547 4520 2744 4590 gratia,
2793 4529 2850 4574 ut
2889 4521 3099 4574 dicatur
3141 4525 3214 4586 ei,
3255 4520 3333 4576 Do
3378 4524 3474 4578 tibi

1906 4614 2086 4668 omnia
2113 4610 2233 4680 ejus
2261 4611 2310 4662 in
2340 4617 2626 4679 potestate,
2677 4608 2769 4662 sed
2818 4608 2989 4677 ipsum
3016 4624 3120 4662 non
3168 4613 3472 4683 contingas.

1905 4705 2064 4776 321
2099 4703 2208 4756 Aut
2253 4701 2472 4768 iterum,
2501 4698 2574 4754 Do
2607 4700 2702 4754 tibi
2737 4699 2788 4754 in
2833 4714 2955 4752 eum
2994 4710 3338 4770 potestatem,
3369 4708 3465 4758 sed

1906 4800 2142 4852 animam
2192 4795 2309 4866 ejus
2356 4794 2589 4850 custodi.
2643 4792 2710 4846 Et
2750 4791 2894 4846 aliud
2942 4803 3024 4847 est
3059 4793 3102 4846 si
3144 4809 3299 4864 mago
3352 4797 3475 4850 (ιιι-ι

1906 4897 2096 4960 gente,
2154 4895 2207 4941 et
2260 4882 2654 4953 adjuramentis
2705 4882 3030 4952 quibusdam
3090 4893 3471 4953 extorquente,

1902 4983 2175 5036 dtemones
2201 4979 2317 5034 sine
2355 4977 2460 5031 ulla
2491 4976 2874 5030 observatione
2901 4975 3197 5030 desaeviant
3231 4977 3370 5048 (I9).
3413 4978 3469 5032 In

1901 5089 2009 5143 quo
2040 5073 2226 5142 utique
2269 5071 2313 5125 si
2357 5071 2436 5126 eis
2466 5070 2690 5124 libertas
2724 5076 2971 5122 servetur
3021 5069 3253 5134 arbitrii,
3301 5086 3470 5140 popu-

1903 5164 2014 5220 lum
2047 5165 2140 5220 Dei
2194 5163 2462 5234 perditum
2497 5161 2723 5217 dabunt.
2762 5159 2819 5214 Si
2867 5175 2996 5214 vero
3043 5160 3268 5216 libertas
3316 5162 3461 5214 aufe-

1905 5266 2058 5311 ratur
2104 5255 2350 5322 arbitrii,
2409 5252 2518 5308 hoc
2572 5261 2692 5309 erat
2749 5253 3037 5308 damnasse
3090 5253 3464 5309 rationabilem

2201 5391 2246 5424 “
2276 5391 2435 5448 Num.
2467 5405 2604 5456 χιιι,
2643 5388 2692 5442 7.
2896 5373 2938 5412 δ’
2969 5379 3137 5436 Νιιιιι.
3174 5390 3330 5440 xxm,
3368 5373 3454 5431 25.

1901 5595 2086 5634 norum
2113 5579 2206 5632 lib.
2243 5592 2304 5640 ιι,
2335 5585 2527 5645 quaest.
2556 5574 2608 5638 5,
2639 5573 2881 5628 numeris
2917 5573 2989 5627 22
3009 5547 3060 5628 et
3085 5572 3175 5629 23.

1968 5650 2081 5720 (49)
2120 5649 2296 5705 Codex
2331 5647 2701 5713 (Sarnotcnsis,
2724 5665 2742 5698 ι
2765 5645 3101 5700 deserviant.
3128 5660 3149 5693 ο
