4074 6156
599 122 708 189 6'75

2070 132 2393 188 ORIGENIS

3769 135 3856 193 76

598 260 924 312 creaturam,
963 249 1019 303 et
1062 257 1188 303 ante
1232 255 1445 318 tempus
1490 247 1738 304 intulisse
1769 249 2072 318 judicium,
2108 260 2164 306 et
2191 256 2240 313 Α
2267 249 2468 312 Israel,
2513 247 2593 302 de.
2627 260 2733 314 quo
2777 247 3038 316 scriptum
3088 258 3202 314 est,
3235 250 3456 305 dicente
3502 250 3732 307 Domino
3774 254 3853 308 ad

599 342 884 411 impedisse
942 341 1194 395 omnibus
1253 340 1345 408 qui
1406 340 1692 394 adversum
1741 357 1836 396 eos
1888 344 1941 397 in
1994 359 2166 413 agone

597 439 870 484 certantes
902 436 1148 495 poterant
1183 427 1453 482 coronari.
1489 426 1547 480 Si
1575 429 1721 483 enim
1753 431 2038 487 daemoniis
2070 450 2166 486 au-

601 517 808 570 feratur
847 516 1070 570 libertas
1115 518 1358 582 arbitrii,
1403 518 1578 574 nullus
1625 521 1765 574 ultra
1827 522 2166 593 impugnabit

598 609 827 662 athletas
863 607 1078 663 Christi
1124 626 1139 663 :
1179 609 1327 664 nullo
1383 623 1563 666 autem
1621 612 2008 683 impugnante,
2065 629 2166 669 nec

596 705 873 751 certamen
909 697 1129 770 aliquod
1164 701 1309 754 erit:
1349 710 1400 756 et
1442 702 1657 757 sublato
1701 704 2016 768 certamine,
2049 704 2167 756 nul-

596 790 703 845 lum
747 776 853 847 erit
902 794 1217 862 premium,
1272 795 1420 850 nulla
1455 798 1706 852 victoria.
1760 796 1965 853 Idcirco
2003 799 2167 869 igitur

597 885 690 938 tali
721 885 802 939 via
842 886 1011 940 utitur
1045 889 1206 951 Deus,
1237 897 1296 942 ut
1326 899 1381 942 et
1411 890 1640 957 populus
1690 892 1866 944 adhuc
1911 892 2084 954 rudis,
2111 899 2167 944 et

597 978 688 1044 qui
747 991 916 1045 nuper
967 980 1208 1033 abstrahi
1263 992 1511 1049 coeperat
1551 998 1581 1034 a
1619 982 1764 1035 cultu
1821 984 2162 1048 dtetnouutn,

596 1073 933 1127 daemonibus
968 1087 1072 1126 non
1123 1075 1396 1138 tradatur,
1457 1087 1511 1130 et
1562 1077 1844 1132 invocante
1892 1094 2048 1147 mago
2083 1093 2168 1132 re-

599 1179 797 1228 sponsa
817 1164 1152 1232 deferantur,
1180 1177 1232 1218 et
1265 1182 1438 1237 genus
1457 1168 1759 1223 daemonum
1791 1185 1896 1224 non
1938 1172 2167 1224 nudetur

597 1254 806 1306 arbitrii
857 1261 1144 1323 potestate.
1191 1254 1260 1310 Et
1307 1256 1428 1310 ideo
1462 1259 1724 1325 praavenit
1776 1258 1924 1313 Deus
1990 1268 2045 1313 et
2087 1260 2166 1312 ire

596 1347 840 1414 Balaam,
869 1359 1030 1418 atque
1059 1350 1312 1404 invocare
1344 1351 1612 1404 daemones
1645 1350 1708 1404 ad
1736 1351 2165 1406 maledicendum

597 1441 869 1509 prohibet,
896 1441 941 1496 si
981 1451 1157 1494 tamen
1190 1457 1218 1494 a
1249 1443 1548 1511 cupiditate
1579 1453 1870 1498 cessasset.
1901 1443 2006 1498 Sed
2039 1441 2164 1512 quia

595 1534 836 1602 persistit
869 1535 920 1587 in
959 1534 1226 1588 desiderio
1265 1536 1525 1603 pecuniae,
1557 1535 1842 1603 indulgens
1888 1536 2029 1590 Deus
2073 1551 2165 1588 ar-

2267 341 2486 411 Moyseu
2512 338 2554 369 “
2585 355 2599 393 :
2640 355 2660 388 ι
2692 338 2928 406 Angelus
2977 354 3127 395 meus
3162 341 3262 395 ibit
3312 353 3514 396 tecum.
3549 362 3569 395 ι
3625 343 3851 400 Petenti

2268 449 2396 502 ergo
2427 433 2526 497 ire,
2569 430 2888 486 conceditur
2929 450 2942 485 :
2981 432 3033 485 in
3066 432 3152 486 via
3195 434 3496 487 conteritur
3525 436 3595 490 ab
3639 436 3795 492 asina
3827 453 3846 492 :

2267 527 2360 582 sed
2397 539 2586 594 magus
2635 525 2904 579 dazmones
2955 523 3135 589 videt,
3187 525 3440 595 angelum
3494 542 3604 581 non
3649 529 3848 595 videt,

2267 621 2422 676 asina
2474 628 2654 674 tamen
2704 617 2871 672 videt.
2920 614 3034 669 Non
3073 618 3214 684 quod
3263 618 3423 686 digna
3471 631 3617 674 esset
3656 620 3848 677 videre

2267 713 2537 784 angelum,
2567 713 2710 767 sicut
2744 725 2844 766 nec
2877 708 3023 776 loqui
3055 708 3214 776 digna
3249 721 3390 776 erat,
3429 715 3520 765 sed
3552 720 3610 765 ut
3650 713 3848 766 coniu-

2269 816 2479 861 taretur
2525 805 2742 860 Balaam
2785 821 2799 858 :
2837 811 2891 857 et
2931 811 2990 854 ut
3031 801 3107 854 ait
3149 802 3382 868 quodam
3433 804 3485 857 iu
3529 804 3650 858 loco
3692 805 3847 860 Scri—

2267 911 2424 970 ptura
2449 902 2546 954 *‘z
2601 918 2618 950 ι
2652 898 2852 952 Mutum
2901 895 3100 948 animal
3151 896 3384 948 humana
3429 911 3560 950 voce
3611 913 3846 967 respon-

2268 991 2420 1054 dens,
2470 989 2649 1058 arguit
2692 985 2968 1056 prOpheta:
3017 983 3409 1038 dementiath
3451 986 3653 1040 Verum
3706 1002 3848 1054 quo-

2268 1079 2412 1134 niam
2459 1080 2526 1134 de
2580 1078 2806 1133 historia
2870 1076 3039 1129 multa
3085 1077 3200 1143 jam
3250 1076 3391 1129 dicta
3448 1087 3608 1142 sunt,
3659 1077 3844 1146 aliqua

2266 1169 2428 1224 etiam
2458 1168 2527 1224 de
2555 1168 2812 1237 allegoria
2847 1166 3279 1236 perStringatnus
3310 1167 3360 1219 in
3407 1167 3532 1220 line.
3567 1167 3624 1221 Si
3655 1169 3845 1223 videas

2267 1261 2595 1316 contrariam
2633 1268 2954 1325 potestatem
2990 1259 3393 1328 impugnantem
3426 1259 3682 1327 populum
3715 1260 3842 1320 Dei,

2267 1353 2528 1423 intelligis
2572 1353 2694 1422 quis
2726 1351 2798 1406 sit
2838 1351 2928 1418 qui
2973 1350 3159 1404 sedeat
3203 1365 3368 1417 super
3414 1350 3645 1404 asinam.
3678 1351 3749 1405 Et
3791 1354 3840 1406 si

2266 1448 2579 1503 consideres
2610 1447 2854 1500 homines
2883 1446 3153 1515 quomodo
3195 1460 3224 1498 a
3257 1445 3592 1502 damionibus
3639 1448 3840 1517 praci—

2267 1542 2531 1610 pitantur,
2579 1538 2835 1606 intelligis
2885 1553 3006 1607 quia
3039 1538 3112 1592 sit
3151 1538 3322 1592 asina.
3373 1537 3464 1592 Sic
3505 1539 3648 1594 enim
3693 1549 3750 1593 et
3782 1541 3838 1594 in

595 1626 742 1680 bitrii
788 1626 1062 1690 libertati,
1098 1643 1284 1681 rursus
1334 1628 1413 1681 ire
1453 1628 1736 1696 permittit.
1793 1628 2032 1682 Verbum
2084 1637 2164 1681 ta-
2195 1619 2237 1672 Β
2268 1629 2557 1698 Evangelio
2612 1628 2880 1696 intelliges
2933 1625 3115 1680 Jcsurn
3174 1627 3478 1682 mittentem
3540 1629 3840 1700 discipulos

597 1731 718 1770 men
749 1733 903 1770 suum
937 1717 1106 1783 injicit
1136 1719 1188 1771 in
1225 1732 1286 1772 os
1321 1717 1459 1786 ejus,
1497 1719 1794 1788 prohibens
1835 1719 2164 1773 maledictio-

597 1822 718 1861 nem
755 1807 873 1862 ﬁeri
905 1823 1002 1876 per
1051 1810 1341 1874 daemones,
1383 1819 1442 1864 ut
1473 1811 1942 1866 benedictionibus
1985 1811 2162 1866 locum

599 1901 785 1961 daret,
819 1911 870 1954 et
913 1916 1010 1969 pro
1045 1903 1347 1958 maledictis
1391 1904 1632 1972 proferat
1678 1904 1892 1959 Balaam
1943 1905 2164 1959 benedi-

513 2019 515 2022 έ
595 1990 803 2044 ctiones
839 2006 900 2043 ac
937 1994 1272 2061 prophetias,
1335 2009 1454 2062 quae
1486 2006 1710 2064 possunt
1749 1995 2019 2050 aediﬁcare
2056 2011 2162 2051 non

596 2077 769 2130 solum
807 2077 991 2142 Israel,
1021 2081 1113 2134 sed
1143 2093 1197 2135 et
1229 2084 1467 2154 reliquas
1493 2093 1702 2152 gentes.
1804 2141 1806 2144 .

665 2169 803 2225 Φασὶ
833 2173 942 2243 (51)
981 2174 1071 2227 τὸν
1114 2175 1344 2247 Βαλαὰμ
1483 2179 1524 2247 ἰ-
1547 2177 1762 2232 Sienim
1799 2195 1827 2232 a
1853 2179 2033 2250 Moyse
2050 2179 2161 2248 (50)

595 2261 736 2332 ἔχειν
770 2263 1028 2334 φοιτητὰς
1061 2268 1126 2336 τῇ
1177 2267 1343 2339 τέχνῃ
1417 2271 1716 2339 prophetia:
1789 2271 1906 2341 ejus
1983 2273 2159 2326 sacris

597 2359 1038 2430 μαθητεύσαντας
1089 2363 1236 2434 αὑτῷ
1275 2368 1340 2436 τῇ
1416 2367 1633 2421 insertae
1695 2376 1819 2421 Sunt
1874 2368 2162 2423 volumini-

596 2454 839 2522 μαγικῇ,
873 2453 968 2506 καὶ
1012 2453 1168 2519 δόξαν
1215 2457 1344 2526 περὶ
1417 2457 1546 2522 bus,
1587 2469 1789 2527 quanto
1840 2461 2010 2527 magis
2066 2460 2163 2514 de-

593 2544 762 2596 αὐτοῦ
815 2544 1037 2614 ἔχοντας
1096 2547 1339 2617 ἀναγρά-
1414 2549 1632 2618 scripta:
1673 2561 1798 2603 sunt
1840 2551 1908 2604 ab
1954 2551 2021 2604 iis
2069 2552 2162 2619 qui

591 2635 796 2705 ψασθαι
849 2639 948 2701 τὰς
1006 2639 1342 2708 προφητείας
1416 2641 1731 2696 habitabant
1761 2654 1885 2698 tunc
1921 2643 2166 2714 Mesopo-

593 2728 794 2794 αὑτοῦ,
844 2732 938 2782 καὶ
1003 2731 1338 2796 καταλιπεῖν,
1416 2737 1656 2802 tatniam,
1699 2737 1836 2806 apud
1867 2753 2003 2806 quos
2051 2755 2164 2792 Ina-

591 2823 653 2876 δν
685 2817 774 2884 αἷς
820 2823 915 2875 καὶ
947 2823 1031 2875 τό·
1067 2843 1085 2874 ι
1130 2825 1343 2877 Ἀνατε-
1415 2830 1644 2899 gniﬁcus
1693 2832 1995 2887 habebatur
2056 2833 2162 2888 Ba-

591 2915 677 2968 λεί
731 2918 962 2986 ἄστρον·
1001 2935 1019 2967 ι
1070 2915 1098 2968 ὃ
1140 2918 1230 2970 καὶ
1279 2919 1343 2970 ἐκ

594 3008 867 3078 πατρικῆς
996 3008 1344 3078 παραδόσεως
1415 3024 1627 3070 constat
1649 3018 1815 3072 fuisse
1834 3019 2164 3090 discipulos?

594 3098 688 3151 καὶ
725 3097 944 3168 διδαχῆς
1002 3099 1342 3169 παραλαϐόν-
1413 3107 1494 3161 Ex
1546 3108 1637 3162 illo
1694 3111 1927 3179 denique
1991 3111 2166 3166 fertur

593 3210 684 3256 τες
712 3196 760 3246 οἱ
799 3195 959 3264 μάγοι
986 3195 1076 3248 ἐπὶ
1111 3194 1208 3265 τὴν
1237 3196 1344 3268 Βη-
1416 3215 1692 3270 magorum
1718 3216 1906 3268 genus,
1939 3213 1990 3256 et
2018 3202 2165 3257 iusti-

594 3286 760 3358 θλεὲμ
786 3289 1163 3358 παρεγένοντο.
1417 3292 1552 3345 tutio
1579 3293 1631 3345 in
1661 3293 1903 3360 partibus
1925 3293 2164 3349 Orientis

592 3381 776 3449 vigere
803 3399 814 3433 ε
850 3380 940 3447 qui
968 3382 1238 3447 descripta
1268 3381 1530 3436 habentes
1564 3384 1705 3451 apud
1745 3399 1804 3438 se
1836 3385 2018 3438 omnia
2045 3400 2165 3455 quae

591 3472 1003 3542 prephetaverat
1039 3472 1292 3536 Balaam,
1334 3466 1496 3529 etiam
1557 3477 1660 3530 hoc
1694 3477 1999 3532 habuerunt
2029 3479 2161 3532 scri-

592 3572 740 3633 ptum
763 3564 830 3630 ‘°,
859 3564 1004 3632 quod
1035 3583 1053 3616 ι
1084 3565 1294 3618 orietur
1316 3565 1472 3620 Stella
1505 3581 1571 3619 ex
1599 3565 1788 3631 Jacoh,
1817 3578 1868 3622 et
1905 3581 2164 3642 exsurget

592 3656 754 3710 homo
787 3672 852 3710 ex
883 3655 1068 3710 Israel.
1095 3675 1114 3707 ι
1148 3657 1272 3712 Ilaec
1301 3657 1504 3725 scripta
1539 3657 1813 3712 habebant
1847 3661 1989 3731 magi
2021 3664 2161 3730 apud

594 3747 938 3816 semetipsos,
963 3756 1017 3799 et
1047 3746 1166 3801 ideo
1204 3748 1422 3815 quando
1462 3757 1623 3802 natus
1657 3758 1741 3802 est
1781 3747 1957 3817 Jesus,
1994 3767 2162 3821 agno-

592 3846 787 3891 verunt
823 3836 1059 3902 stellam,
1088 3849 1142 3891 et
1179 3836 1567 3892 intellexerunt
1608 3838 1888 3907 adimpleri
1931 3843 2163 3910 prophe-

595 3925 746 3992 tiam,
777 3927 948 3996 magis
980 3927 1080 3996 ipsi
1115 3943 1277 3996 quam
1324 3927 1551 3998 populus
1583 3927 1770 3994 Israel,
1799 3930 1890 3998 qui
1941 3941 2160 3986 sancto-

592 4031 710 4070 rum
724 4015 1107 4087 prephetaru'n
1127 4018 1322 4074 audire
1351 4021 1515 4074 verba
1544 4021 1896 4086 contempsit.
1926 4021 2004 4075 illi
2031 4037 2160 4094 ergo

591 4122 655 4162 ex
690 4108 753 4162 iis
793 4117 1000 4162 tantum
1024 4126 1144 4178 qua:
1177 4109 1392 4164 Balaam
1432 4110 1635 4178 scripta
1677 4110 1970 4180 reliquerat
1997 4128 2162 4182 agno-

589 4207 808 4254 scentes
857 4200 1051 4253 adesse
1100 4208 1334 4268 tempus,
1383 4207 1682 4261 venerunt,
1719 4208 1773 4253 et
1818 4201 2158 4269 requirentes

2266 1735 2397 1775 suos
2427 1721 2494 1775 ad
2548 1721 2789 1784 asinam,
2839 1738 2958 1790 qute
3005 1722 3221 1789 alligata
3253 1732 3405 1788 erat,
3449 1731 3502 1777 et
3531 1723 3598 1777 ad
3628 1723 3834 1792 pullum

2266 1808 2380 1875 ejus
2420 1826 2434 1863 :
2469 1819 2528 1862 ut
2565 1809 2815 1878 disoipuli
2875 1826 2993 1863 eam
3044 1812 3294 1876 solvant,
3338 1822 3393 1866 et
3442 1812 3743 1876 adducant,
3780 1825 3839 1865 ut

2267 1899 2384 1964 ipse
2419 1899 2603 1953 redeat
2639 1914 2802 1968 super
2837 1913 2977 1953 eam.
3010 1902 3075 1955 Et
3106 1902 3244 1957 forte
3279 1903 3395 1957 haec
3423 1903 3596 1969 asina,
3651 1904 3704 1958 id
3748 1915 3834 1959 est

2265 1992 2528 2056 Ecclesia,
2561 1991 2710 2059 prius
2738 1993 2988 2060 portabat
3015 1994 3258 2060 Balaam,
3289 2011 3436 2050 nunc
3468 2008 3648 2050 autem
3676 1996 3836 2052 Chri-

2264 2093 2434 2148 stum,
2461 2097 2528 2137 ex
2557 2097 2666 2152 quo
2693 2082 2869 2138 soluta
2892 2094 2977 2138 est
3000 2101 3028 2138 a
3057 2086 3338 2155 discipulis
3368 2097 3423 2142 et
3450 2103 3480 2141 a
3523 2089 3719 2156 quibus
3754 2091 3836 2144 in-

2264 2189 2405 2229 nexa
2447 2185 2563 2229 erat
2596 2175 2828 2231 vinculis
2877 2177 3140 2240 relaxata,
3177 2187 3235 2230 ut
3275 2177 3443 2234 Filius
3477 2181 3570 2234 Dei
3619 2181 3837 2237 sederet

2263 2282 2428 2335 super
2457 2283 2598 2333 eam,
2630 2280 2683 2321 et
2723 2269 2998 2335 cum-ipsa
3053 2271 3426 2340 ingrederetur
3466 2284 3713 2327 sanctam
3758 2275 3834 2328 ci-

2265 2359 2486 2416 vitatem
2524 2359 2820 2416 Jerusalem
2857 2364 3158 2425 caelestem,
3185 2374 3240 2416 et
3281 2364 3645 2432 compleretur
3682 2364 3837 2420 Scri-

2263 2461 2446 2521 ptura,
2473 2466 2592 2520 qua:
2621 2453 2750 2506 dicit
2773 2451 2819 2484 “
2845 2471 2858 2506 :
2894 2471 2912 2504 ι
2941 2452 3172 2516 Laetare,
3211 2454 3316 2507 lilia
3360 2454 3487 2508 Sion
3508 2495 3524 2520 ,
3563 2457 3798 2525 prazdica
3817 2499 3831 2519 ,

2267 2543 2373 2596 tilia
2414 2541 2748 2609 Jerusalem,
2795 2561 2922 2600 ecce
2971 2563 3063 2601 rex
3097 2559 3219 2600 tuus
3265 2549 3411 2601 venit
3445 2549 3540 2602 tibi
3590 2550 3738 2604 mitis
3781 2560 3839 2604 et

2264 2635 2460 2688 sedens
2508 2651 2671 2702 super
2715 2636 3012 2708 subjugale.
3058 2658 3076 2690 ι
3119 2638 3432 2709 Subjugale,
3487 2639 3540 2694 id
3585 2652 3671 2694 est
3725 2643 3835 2695 asi-

2267 2741 2426 2792 nam,
2472 2727 2755 2782 credentes
2802 2729 2920 2783 sine
2974 2729 3137 2784 dubio
3183 2746 3251 2784 ex
3297 2731 3496 2786 Judaeis
3542 2733 3675 2788 dicit
3717 2752 3730 2787 :
3777 2746 3836 2788 et

2264 2818 2465 2888 pullum
2511 2819 2809 2884 novellum,
2849 2835 2942 2874 cos
2987 2822 3232 2890 profecto
3271 2825 3362 2891 qui
3408 2835 3536 2879 sunt
3579 2839 3644 2878 ex
3695 2839 3833 2892 gen-

1415 2921 1577 2990 ηοω,
1607 2937 1851 2993 quosque
1875 2925 2012 2979 anis
2045 2925 2235 3018 ejusc
2268 2909 2409 3010 tibus
2460 2910 2744 3018 credentes
2792 2910 2845 3018 in
2895 2912 3112 3013 Christo
3135 2911 3288 3015 .Jesu
3337 2915 3564 3018 Domino
3617 2926 3833 3018 nostro,

2267 3000 2350 3053 cui
2380 3009 2466 3054 est
2494 3000 2665 3070 gloria
2701 3009 2756 3056 et
2803 3002 3089 3072 imperium
3134 3004 3190 3058 in
3236 3005 3439 3060 sarcula
3481 3006 3830 3062 saeculorum.

2265 3096 2458 3145 Amen.

2818 3183 3096 3239 IIOMILIA
3137 3182 3275 3240 XIV.

2722 3275 2830 3347 (5|)
2857 3275 2990 3332 Item
3033 3279 3097 3332 de
3126 3278 3373 3336 Balaam.

2336 3372 2386 3428 I.
2414 3368 2573 3424 Plura
2598 3378 2745 3434 sunt,
2771 3384 2890 3438 quae
2911 3370 3066 3425 nobis
3099 3373 3418 3426 resederunt
3437 3374 3835 3442 exponentibus

2265 3463 2547 3519 lectionem
2599 3463 2664 3516 de
2706 3460 2923 3515 Balaam
2969 3473 3134 3532 atque
3182 3464 3335 3518 asina
3383 3463 3502 3531 ejus
3541 3483 3554 3518 :
3603 3476 3660 3520 et
3693 3482 3832 3534 quo-

2264 3558 2410 3611 niam
2444 3565 2527 3610 est
2563 3554 2875 3625 temporalis
2905 3564 3187 3621 tractatus,
3214 3557 3304 3625 qui
3337 3557 3387 3609 in
3421 3556 3662 3611 Ecclesia
3701 3559 3833 3612 tedi-

2263 3650 2458 3706 licandi
2494 3649 2664 3719 gratia
2697 3647 2944 3715 habetur,
2981 3665 3086 3705 non
3132 3650 3418 3704 habuimus
3456 3660 3663 3703 tantum
3705 3665 3834 3719 spa-

2265 3743 2346 3808 tii,
2381 3750 2442 3795 ut
2473 3756 2755 3809 possemus
2793 3741 3002 3809 singula
3045 3756 3272 3809 qua-que
3321 3739 3617 3810 Scriptura:
3664 3744 3829 3794 verba

2261 3847 2580 3904 proponere,
2607 3841 2662 3885 et
2692 3833 2764 3884 ita
2795 3841 2850 3885 ut
2878 3832 3011 3886 nihil
3039 3831 3258 3886 omnino
3282 3831 3639 3885 indiscussum
3666 3829 3828 3900 322

2261 3933 2590 3986 remaneret,
2633 3921 3069 3992 explanationem
3105 3922 3333 3991 singulis
3379 3923 3655 3987 adhibere,
3698 3939 3833 3991 quo-

2261 4017 2406 4072 niam
2458 4015 2672 4086 quidem
2725 4013 3024 4084 hujusmodi
3074 4020 3246 4082 stylus
3313 4015 3826 4069 commentariorum

2261 4109 2434 4180 magis
2461 4116 2563 4162 est.
2588 4106 2796 4162 Idcirco
2833 4119 2953 4173 quae
2989 4104 3336 4173 inquisitione
3365 4105 3522 4176 digna
3557 4105 3823 4171 videntur,

2264 4201 2594 4270 repetimus,
2645 4212 2875 4266 eamque
2940 4197 3333 4263 discutientes,
3387 4214 3492 4268 qua
3545 4212 3827 4268 possunms

589 4306 714 4345 eum
763 4293 945 4345 statim
998 4291 1392 4355 adoraverunt,
1437 4301 1491 4345 et
1527 4297 1586 4342 ut
1623 4288 1780 4342 [idem
1830 4305 1982 4345 suam
2037 4306 2154 4344 ma-
2187 4303 2231 4358 ι)
2261 4294 2640 4362 explanatione
2672 4291 2936 4345 disserere
2988 4299 3043 4344 et
3084 4291 3138 4344 in
3174 4290 3406 4344 medium
3441 4288 3682 4358 proferre
3713 4299 3826 4343 teu-

589 4399 750 4452 gnam
773 4398 893 4439 esse
921 4383 1522 4452 declararent,parvutn
1551 4397 1773 4451 puerum
1793 4382 1946 4452 quasi
1977 4397 2154 4452 regem

590 4473 830 4526 venerati
860 4483 1007 4526 sunt.

660 4562 714 4614 8.
755 4561 862 4617 Sed
907 4564 1190 4618 redeamus
1236 4564 1302 4617 ad
1355 4565 1711 4634 propositum.
1767 4563 2025 4618 Molestus
2073 4571 2156 4617 est

589 4651 807 4707 Balaam
867 4656 999 4720 Deo,
1042 4669 1096 4711 et
1138 4666 1422 4726 extorquet
1473 4659 1860 4728 propemodum
1916 4655 2154 4724 permitti

590 4747 691 4798 sibi
728 4757 784 4798 ut
818 4758 906 4800 eat
955 4748 1279 4804 maledicere
1318 4749 1443 4804 (iliis
1491 4749 1694 4816 Israel,
1743 4759 1798 4804 et
1847 4758 1907 4802 ut
1939 4750 2154 4803 invocet

589 4838 884 4904 damones,
927 4841 994 4894 ad
1048 4857 1208 4910 quem
1254 4841 1366 4911 jam
1405 4853 1633 4898 venerat
1681 4842 1844 4898 Deus.
1895 4841 2155 4896 Ascendit

592 4932 832 4999 asinam,
881 4935 1123 4988 occurrit
1161 4935 1210 4989 ei
1267 4935 1527 5004 angelus,
1569 4934 1662 5004 qui
1700 4932 2007 4989 excubabat
2053 4947 2152 5002 pro

1193 5051 1232 5121 ἡ·
1269 5066 1421 5107 veris.
1457 5067 1577 5106 nov.

659 5119 868 5173 Dicitur
896 5119 1120 5174 Balaam
1167 5119 1412 5175 habuisse
1458 5121 1738 5189 discipulos
1767 5121 1857 5187 qui
1887 5119 2148 5187 magicam

587 5195 908 5266 ejusarteat
938 5192 1240 5266 didicerint,
1264 5209 1461 5266 Aqutque
1497 5207 1688 5261 magna
1723 5192 1786 5244 de
1815 5205 1872 5242 eo
1900 5199 2148 5266 concepta

588 5256 832 5328 opinione
871 5263 1058 5315 litteris
1095 5256 1512 5330 ,mandave'rint,
1557 5256 1709 5332 alque
1748 5260 1970 5330 posteris
2023 5256 2148 5311 reli-

657 5379 704 5412 “
742 5379 899 5434 Num.
944 5395 1094 5446 xxiv,
1127 5380 1214 5434 17.
1290 5379 1333 5411 ’⁸³
1373 5379 1544 5436 Exod.
1589 5395 1770 5448 xxxn,
1813 5377 1900 5434 34.

659 5494 770 5564 (50)
810 5494 867 5550 Si
901 5496 1038 5550 enim
1073 5512 1103 5565 a
1137 5493 1336 5565 Moyse,
1369 5507 1475 5550 etc.
1503 5493 1636 5565 Vide
1665 5505 1820 5552 notas
1850 5492 1916 5550 ad
1949 5491 2145 5548 librum

587 5569 819 5634 primum
849 5577 1030 5623 contra
1061 5564 1291 5632 Celsum,
1335 5583 1484 5622 num.
1513 5564 1601 5621 60.

2265 4386 2514 4438 labimus.
2546 4381 2645 4436 Est
2685 4391 2866 4436 autem
2899 4381 3075 4435 adhuc
3106 4379 3318 4435 dilIicile
3360 4382 3411 4434 in
3452 4379 3826 4448 explanatione

2263 4475 2505 4530 historia:
2535 4473 2727 4542 ipsius,
2755 4472 3025 4541 quomodo
3050 4487 3174 4525 cum
3212 4472 3421 4525 dicatur
3447 4471 3656 4524 venisse
3687 4471 3826 4524 Deus

2265 4576 2426 4621 noctu
2463 4567 2528 4619 ad
2566 4565 2784 4618 Balaam
2824 4568 3020 4635 primo,
3050 4573 3104 4618 et
3135 4562 3499 4631 interrogasse
3525 4562 3615 4629 qui
3645 4570 3827 4616 essent

2262 4655 2509 4708 homines
2553 4655 2645 4724 qui
2695 4654 2974 4708 venissent
3019 4654 3086 4708 ad
3131 4668 3252 4706 eum
3282 4670 3296 4706 :
3329 4668 3393 4707 ac
3427 4652 3822 4721 respondisset,

2262 4749 2386 4816 quia
2423 4748 2572 4802 missi
2607 4755 2788 4802 essent
2819 4760 2849 4800 a
2881 4746 3082 4802 Balach
3114 4747 3224 4802 tilio
3257 4746 3466 4814 Sephor
3497 4747 3711 4800 dicente
3732 4744 3777 4774 “
3806 4760 3820 4796 :

2265 4859 2285 4891 ί
2319 4838 2483 4903 Veni,
2521 4848 2576 4892 et
2609 4838 2836 4894 maledic
2884 4839 3013 4892 tnihi
3047 4836 3328 4908 populum;
3356 4854 3374 4889 ι
3409 4835 3746 4905 responderit
3773 4834 3821 4886 ei

2260 4929 2445 4984 Deus:
2482 4948 2500 4982 t
2528 4928 2644 4983 Non
2677 4931 2780 4985 ibis
2810 4945 2932 4985 cum
2968 4928 3072 4994 eis,
3116 4942 3291 4996 neque
3325 4926 3614 4981 maledicos
3655 4938 3824 4994 popu-

2255 5045 2461 5122 q‘uer‘int
2507 5046 2624 5122 eius
2683 5044 2965 5122 vaticinia,
3022 5047 3077 5099 in
3132 5047 3317 5122 quibus
3371 5045 3609 5098 exstabat
3663 5044 3819 5122 etiam

2255 5115 2387 5168 illud
2413 5131 2431 5168 :
2466 5135 2487 5166 ι
2517 5115 2730 5169 Orietur
2759 5117 2947 5180 stella;
2970 5135 2988 5166 ι
3029 5119 3168 5184 quod
3203 5132 3319 5168 cum
3349 5132 3375 5167 e
3401 5128 3613 5184 paterna
3653 5115 3822 5184 tragi-

2256 5187 2395 5308 tique
2426 5202 2488 5240 ac
2527 5186 2808 5255 disciplina
2856 5181 3171 5256 accepissent
3204 5187 3376 5254 magi,
3401 5181 3671 5239 'veuerunt
3720 5181 3822 5236 Be-

2256 5269 2272 5308 t
2295 5274 2307 5308 t
2335 5272 2464 5308 cem.

2256 5269 2464 5310 (lucem.

1977 5375 2021 5408 “
2060 5374 2102 5430 II
2140 5374 2286 5431 Petr.
2313 5391 2375 5441 ιι,
2405 5374 2494 5428 16.
2569 5373 2613 5405 ⁸³
2653 5374 2817 5429 Zach.
2843 5389 2918 5442 ix,
2942 5375 2996 5432 9.
3071 5372 3118 5404 “
3151 5371 3316 5426 Num.
3346 5387 3479 5438 xxn,
3509 5371 3597 5436 ti,
3625 5370 3711 5427 12.

2325 5488 2436 5559 (51)
2479 5487 2980 5570 Ιησοΐιθειιιοιιιιιιι)
3033 5486 3373 5556 desumptum
3409 5492 3491 5540 cst
3533 5500 3564 5541 e
3605 5483 3821 5540 Catenis

2256 5569 2659 5629 manuscrtpus.
