4074 6156
280 189 392 260 677

1456 198 1524 254 IN
1558 195 1893 257 NUME’ROS
1924 191 2211 258 HOMILIA
2240 202 2383 259 XIV.

3428 208 3533 269 6‘78

282 322 427 382 lum,
452 320 537 371 est
568 312 714 369 enim
747 309 1084 366 benedictus.
1113 328 1132 362 ι
1169 309 1366 366 lterum
1399 313 1639 367 secundo
1668 314 1865 368 dicitur
1889 316 1941 375 Α
1970 314 2194 370 tutihus.
2230 316 2413 371 Virtus
2447 324 2625 370 autem
2670 330 2774 371 non
2812 318 3027 375 habens
3065 320 3267 389 aliquid
3306 336 3533 382 eontra-

281 412 357 467 ad
384 421 509 464 eum
538 412 700 459 noctu
734 402 949 455 venisse
992 403 1153 467 Deus,
1180 411 1234 457 et
1267 401 1490 471 dixisse,
1522 415 1580 458 ut
1611 406 1716 460 iret
1741 423 1861 461 cum

281 504 392 568 eis,
417 498 509 556 sed
548 499 653 552 hoc
680 498 997 552 observaret
1026 504 1084 548 ut
1112 497 1336 550 verbum
1362 497 1505 566 quod
1537 499 1691 553 daret
1724 499 1865 555 Deus

282 595 345 650 in
380 607 479 649 ore
504 589 643 659 ejus,
674 589 776 643 hoc
806 588 1139 658 loqueretur.
1166 589 1230 642 Et
1266 604 1482 644 rursum
1518 592 1681 645 tertio
1709 592 1863 647 eunti

283 687 341 743 ei
374 682 681 741 occurrisse
713 681 961 751 angelum
1007 679 1132 747 Dei,
1170 681 1256 734 cui
1291 682 1343 736 in
1381 690 1585 736 tantum
1618 683 1700 735 via
1749 682 1865 752 ejus

284 792 396 832 non
431 775 651 845 elegans
688 788 789 826 nec
818 783 1121 841 opportuna
1157 758 1453 838 videretur,
1489 783 1548 827 ut
1585 775 1747 828 etiam
1783 779 1867 828 ina

283 870 543 925 terlicere
588 879 710 919 eum
750 863 940 928 vellet,
988 863 1098 918 nisi
1142 866 1294 918 asina
1340 865 1530 919 videns
1579 866 1862 935 angelum,

281 976 448 1032 quem
495 961 714 1015 Balaam
755 960 938 1015 videre
990 973 1095 1013 non
1148 957 1359 1028 potuit,
1404 957 1867 1025 declinasset..Et

284 1064 471 1110 tamen
516 1065 868 1126 posteaquam
911 1053 1159 1123 culpatur
1187 1052 1255 1107 ab
1293 1052 1486 1122 angelo
1529 1067 1629 1106 cur
1657 1051 1735 1105 ire
1774 1067 1866 1106 vo-

283 1146 501 1214 luisset,
533 1161 727 1201 rursus
761 1146 924 1200 etiam
949 1147 1019 1200 ab
1053 1145 1171 1215 ipso
1205 1145 1286 1199 ire
1326 1145 1662 1214 permittitur
1698 1162 1711 1198 :
1753 1154 1866 1198 tan-

284 1253 405 1294 tum
453 1249 512 1295 ut
556 1238 828 1294 custodiat
861 1240 1119 1303 verbum,
1171 1237 1314 1307 quod
1363 1237 1508 1292 Deus
1549 1238 1759 1292 dederit
1807 1238 1861 1292 in

280 1349 385 1389 ore
414 1334 553 1403 ejus,
586 1342 645 1387 ut
678 1332 783 1387 hoc
819 1330 993 1386 solum
1036 1329 1310 1401 proferat,
1353 1345 1455 1384 nec
1497 1330 1729 1400 amplius
1766 1329 1864 1385 ali-

279 1425 439 1497 quid.
478 1423 602 1480 Htec
642 1438 771 1494 ergo
817 1423 1003 1477 omnia
1034 1421 1305 1477 dillicilem
1349 1422 1555 1477 habent
1601 1421 1861 1491 explana-

281 1522 531 1575 tionem:
566 1518 752 1587 paucis
792 1525 993 1583 tamen,
1025 1524 1083 1569 ut
1125 1529 1289 1585 supra
1324 1515 1737 1585 jam'diximus,
1767 1530 1863 1569 oc-

278 1612 563 1667 casionem
610 1608 980 1678 intelligentia:
1029 1607 1182 1662 vobis
1229 1607 1499 1672 dabimus,
1548 1622 1655 1676 quo
1678 1618 1733 1661 et
1762 1622 1860 1662 vos

1967 408 2130 473 rium,
2177 425 2282 463 non
2329 410 2684 475 claresceret,
2726 427 2826 467 nec
2859 413 3194 482 splendidior
3220 424 3276 471 et
3321 420 3533 474 exami-

1968 502 2144 554 natior
2170 502 2345 556 iteret.
2377 501 2492 557 Non
2528 504 2755 572 probata
2784 520 2908 559 vero
2939 520 3040 560 nec
3078 509 3385 565 examinata
3420 513 3535 567 vir-

1966 601 2076 655 tus,
2106 608 2207 647 nec
2232 594 2403 649 virtus
2433 606 2516 651 est
2554 595 2689 667 (52).
2738 597 2844 651 Sed
2878 598 2994 652 ltarc
3035 599 3080 653 si
3129 601 3381 655 dicantur
3413 604 3532 659 sine

1968 682 2272 738 divinorum
2306 687 2599 743 verborum
2644 689 2998 754 testimoniis,
3038 691 3311 761 exquisita
3358 696 3533 765 magis

1966 785 2021 827 et
2059 775 2291 830 humana
2338 788 2455 832 arte
2493 782 2794 849 composita
2818 822 2832 845 ,
2868 798 3027 850 quam
3071 800 3197 839 vera
3246 795 3409 856 atque
3448 786 3533 841 in-

1969 867 2213 921 dubitata
2264 869 2613 924 videbuntur.
2659 871 3024 942 Requiramus
3091 890 3220 946 ergo
3257 879 3300 931 si
3343 877 3534 947 hujus-

1968 960 2113 1013 modi
2162 964 2381 1015 sensum
2423 962 2589 1016 etiam
2634 967 2908 1020 volumina
2962 967 3143 1021 divina
3195 971 3531 1024 contineant.

1969 1052 2265 1108 Veniamus
2314 1055 2381 1108 ad
2429 1053 2721 1126 Joseph".
2775 1056 2926 1114 Tolle
2988 1060 3246 1116 malitiam
3302 1061 3532 1116 fratrum

1967 1144 2105 1211 ejus,
2136 1144 2263 1199 tolle
2313 1147 2608 1212 invidiam,
2663 1148 2790 1203 tolle
2836 1149 2967 1203 illud
3010 1164 3169 1205 omne
3211 1154 3535 1221 parricidale

1967 1242 2329 1287 commentum
2366 1234 2479 1306 (53)
2511 1252 2619 1304 quo
2649 1241 2944 1294 sa:vierunt
2974 1240 3026 1294 in
3067 1241 3291 1297 fratrem
3332 1258 3535 1314 usque-

1967 1342 2077 1394 quo
2123 1329 2417 1383 venderent
2458 1344 2604 1386 eum.
2654 1332 2712 1387 Si
2759 1336 2873 1390 hazc
2917 1330 3325 1405 auferas,‘vide
3361 1355 3534 1410 quan-

1970 1433 2076 1476 tam
2121 1424 2281 1477 simul
2337 1430 2631 1495 peremeris
2686 1429 3138 1499 dispensationem
3190 1432 3306 1488 Dei.
3363 1435 3535 1489 Simul

1966 1514 2111 1568 enim
2158 1516 2448 1573 abscindes
2489 1529 2686 1575 cuncta
2736 1521 2856 1587 illa,
2896 1537 3018 1592 quae
3058 1525 3201 1594 apud
3243 1525 3535 1596 IEgyptum

1968 1620 2062 1673 per
2103 1605 2300 1678 Joseph
2335 1625 2432 1677 pro
2476 1611 2655 1666 salute
2696 1615 2936 1669 omnimn
2973 1625 3133 1685 gesta
3167 1627 3293 1671 sunt
3315 1617 3383 1673 '°.
3415 1617 3534 1672 Non

279 1703 504 1758 faciatis
543 1700 687 1771 quod
724 1700 983 1768 scriptum
1033 1710 1117 1753 est
1134 1698 1221 1753 N5:
1259 1717 1280 1749 ‹
1314 1697 1384 1754 Ut
1419 1697 1486 1753 iis
1520 1698 1719 1752 auditis
1763 1715 1856 1753 sa-
1893 1673 1935 1727 Β
1965 1697 2160 1754 fuisset
2191 1701 2570 1771 interpretatio
2602 1706 2799 1759 somnii
2832 1673 3155 1773 Pharaonis,
3191 1710 3235 1763 si
3274 1725 3370 1779 per
3395 1710 3536 1765 invi-

275 1797 442 1862 piens
467 1791 766 1861 sapientior
812 1790 979 1845 fiatzi
1026 1800 1081 1845 et
1103 1788 1148 1820 “
1178 1806 1192 1843 :
1228 1806 1248 1841 ι
1282 1789 1355 1843 Da
1400 1790 1741 1844 occasionem
1776 1805 1866 1845 sa-

276 1888 478 1958 pienti,
518 1894 573 1942 et
611 1883 912 1955 sapientior
943 1884 1068 1938 erit.
1093 1902 1110 1936 ι
1164 1881 1270 1938 Sed
1314 1881 1634 1952 priusquam
1669 1899 1864 1953 perve-

279 1979 498 2035 niamus
526 1979 592 2033 ad
625 1992 762 2042 rem,
805 1993 872 2033 ne
907 1975 1041 2032 illud
1085 1974 1302 2045 quidem
1347 1976 1688 2042 omittemus,
1719 1975 1864 2045 quod

277 2074 556 2130 curiosius
595 2073 939 2128 intendentes
971 2072 1025 2125 in
1057 2068 1158 2125 hoc
1187 2070 1306 2124 loco
1340 2069 1771 2124 observavimus.
1804 2069 1860 2122 ln

279 2165 637 2220 Hebraeorum
668 2163 865 2219 litteris
908 2176 1102 2216 nomen
1145 2161 1277 2229 Dei,
1320 2152 1425 2215 hoc
1463 2169 1547 2215 est
1582 2159 1744 2226 Deus,
1776 2160 1863 2214 vel

278 2257 567 2321 Dominus,
616 2255 831 2309 diverse
875 2253 1044 2311 scribi
1089 2252 1307 2305 dicitur.
1349 2251 1524 2306 Aliter
1555 2251 1698 2304 enim
1728 2252 1863 2305 scri-

276 2349 432 2403 bitur
463 2345 627 2410 Deus,
676 2346 990 2415 quicunque
1025 2343 1208 2397 Deus:
1243 2343 1402 2396 aliter
1445 2343 1589 2396 Deus
1625 2342 1759 2410 ipse,
1794 2342 1862 2396 de

278 2454 391 2509 quo
423 2438 623 2492 dicitur
645 2436 690 2467 ⁸⁷
720 2455 733 2490 :
774 2454 794 2487 ι
825 2436 984 2502 Audi,
1016 2434 1203 2496 lsrael,
1239 2435 1498 2489 Dominus
1525 2433 1666 2489 Deus
1711 2443 1857 2497 tuus,

278 2532 428 2597 Deus
456 2545 597 2586 unus
649 2539 752 2585 est.
781 2547 800 2581 ι
847 2530 951 2584 iste
993 2545 1125 2599 ergo
1159 2530 1297 2583 Deus
1334 2527 1517 2592 Israel,
1547 2529 1690 2581 Deus
1720 2541 1859 2580 unus

276 2634 334 2679 et
367 2632 585 2678 creator
613 2621 879 2687 omnium,
908 2632 1060 2676 certo
1089 2621 1323 2689 quodam
1357 2620 1660 2674 litterarum
1703 2618 1858 2689 signo

278 2717 569 2780 scribitur,
597 2716 742 2786 quod
778 2716 920 2785 apud
952 2714 1073 2768 illos
1104 2721 1593 2782 tetragrammaton
1634 2712 1853 2765 dicitur.

277 2809 338 2864 Si
386 2812 602 2879 quando
636 2823 765 2877 ergo
794 2807 896 2861 sub
933 2807 1035 2861 hoc
1063 2806 1218 2874 signo
1255 2806 1310 2859 in
1359 2804 1665 2872 Scripturis
1713 2802 1856 2857 scri-

276 2902 427 2957 bitur
467 2903 637 2967 Deus,
684 2898 829 2952 nulla
861 2907 944 2952 est
991 2897 1257 2951 dubitatio
1306 2896 1437 2966 quin
1479 2897 1544 2950 de
1576 2895 1688 2950 Deo
1728 2909 1859 2949 vero

1965 1789 2109 1843 diam
2157 1792 2387 1847 fratrum
2443 1810 2550 1849 non
2607 1794 2806 1852 fuisset
2863 1798 3062 1867 Joseph
3112 1801 3440 1868 distractus,
3478 1814 3535 1858 et

1966 1883 2204 1936 venisset
2233 1883 2283 1937 in
2309 1882 2603 1956 IEgyptum
2627 1905 2643 1942 :
2672 1904 2833 1946 nemo
2867 1892 3228 1950 intellexisset
3250 1911 3367 1966 quae
3392 1898 3536 1953 Deus

1964 1974 2296 2029 revelaverat
2327 1977 2471 2046 regi,
2519 1994 2681 2035 nemo
2728 1981 2998 2038 frumenta
3045 2000 3430 2057 congregasset
3479 1991 3533 2045 in

1963 2064 2219 2136 Egypto,
2260 2082 2420 2123 nemo
2449 2073 2832 2129 necessitatem
2875 2075 3036 2131 famis
3069 2080 3305 2149 sapienti
3355 2083 3537 2152 provi-

1963 2159 2119 2213 sione
2158 2171 2403 2216 curasset
2439 2179 2455 2216 :
2492 2165 2745 2232 periisset
2797 2168 3099 2239 Egyptus,
3143 2175 3438 2242 periissent
3480 2188 3535 2234 et

1963 2250 2204 2304 ﬁnitimas
2249 2252 2499 2321 regiones
2544 2254 2707 2312 fame.
2738 2258 3045 2316 lnteriisset
3090 2265 3254 2318 etiam
3295 2266 3411 2336 ipse
3459 2267 3536 2323 ls-

1963 2344 2097 2407 rael,
2127 2355 2181 2398 et
2235 2359 2421 2400 semen
2460 2345 2576 2415 ejus
2627 2365 2877 2420 quaerens
2914 2370 3132 2422 panem,
3162 2358 3207 2411 si
3240 2358 3531 2431 [Egyptnm

1962 2454 2067 2491 non
2095 2437 2282 2492 fuisset
2308 2440 2634 2510 ingressum,
2664 2459 2763 2498 nec
2780 2448 2987 2514 egressi
3010 2447 3240 2504 fuissent
3262 2466 3328 2504 ex
3350 2467 3413 2506 ea
3441 2454 3536 2508 lilii

1961 2528 2127 2581 Israel
2165 2544 2289 2583 cum
2335 2530 2672 2588 mirabilibus
2708 2533 2941 2590 Domini.
2971 2536 3248 2607 Nusquam
3280 2541 3448 2610 plaga:
3478 2543 3531 2596 in

1960 2619 2265 2690 Egyptios,
2303 2635 2479 2689 neque
2503 2627 2732 2679 virtutes
2763 2626 2886 2693 illae,
2917 2643 3053 2698 quas
3085 2630 3214 2684 fecit
3257 2630 3397 2687 Deus
3430 2647 3527 2702 per

1960 2710 2180 2781 Moysen
2208 2720 2261 2765 et
2290 2713 2496 2766 Aaron.
2541 2713 2709 2770 Nemo
2741 2718 2986 2773 Rubrum
3045 2734 3193 2775 mare
3235 2722 3396 2777 siccis
3439 2738 3535 2778 ve—

1959 2806 2134 2873 Stigiis
2199 2804 2538 2860 incessisset.
2583 2808 2777 2863 Cihunt
2842 2826 3055 2866 manna:
3113 2814 3356 2869 mortalis
3423 2816 3532 2870 vita

1961 2898 2244 2953 nescisset.
2268 2895 2425 2951 Nulla
2458 2898 2525 2951 de
2560 2900 2804 2966 sequenti
2838 2910 2989 2968 petra
3018 2915 3282 2970 aquarum
3331 2902 3532 2958 ﬂuenta

277 3008 336 3053 et
377 2996 560 3050 inundi
611 3003 860 3050 creatore
904 2994 1143 3049 dicatur.
1181 2990 1238 3044 Si
1285 2991 1505 3057 quando
1543 3002 1673 3043 vero
1712 2987 1854 3051 aliis,
1883 3015 1926 3072 ρ
1960 2992 2359 3062 prorupissent.
2399 2989 2514 3044 Lex
2543 3004 2572 3043 a
2607 2989 2716 3043 Deo
2744 2990 3052 3047 hominibus
3094 2993 3220 3047 data
3254 3009 3359 3049 non
3400 2995 3537 3051 fuis-

281 3091 337 3145 id
368 3102 448 3144 est
478 3086 859 3141 communibus
901 3085 1096 3138 litteris
1129 3080 1406 3145 scribitur,
1450 3081 1715 3135 incertum
1762 3079 1858 3133 ha—

276 3185 442 3240 betur
469 3193 648 3237 utrum
682 3181 747 3234 de
781 3181 891 3235 Deo
922 3192 1071 3242 vero,
1110 3191 1178 3229 an
1213 3175 1279 3229 de
1312 3173 1495 3242 aliquo
1530 3186 1597 3226 ex
1629 3170 1739 3224 illis
1778 3168 1859 3223 di-

278 3286 457 3340 catur,
486 3275 550 3327 de
587 3272 791 3342 quibus
823 3268 1112 3339 Apestolus
1143 3265 1273 3320 dicit
1294 3263 1380 3318 ‘3:
1415 3280 1434 3313 ι
1461 3261 1701 3316 Tametsi
1733 3265 1858 3314 sunt

278 3367 376 3437 qui
420 3368 671 3419 dicantur
704 3363 800 3428 dii,
832 3363 947 3417 sive
991 3361 1045 3414 in
1076 3358 1215 3413 coelo
1255 3357 1370 3411 sive
1408 3356 1461 3408 in
1498 3364 1684 3408 terra:
1721 3352 1861 3406 sicut

280 3470 408 3515 sunt
444 3458 516 3512 dii
552 3455 727 3522 multi,
755 3464 810 3510 et
836 3452 1047 3508 domini
1080 3451 1233 3504 tnulti
1260 3463 1274 3502 :
1304 3448 1461 3503 nobis
1494 3456 1675 3501 tamen
1719 3461 1859 3499 unus

280 3551 430 3607 Deus
475 3548 659 3616 Pater,
699 3563 765 3603 ex
805 3560 913 3616 quo
951 3544 1166 3606 omnia,
1212 3549 1265 3594 et
1314 3553 1414 3594 nos
1463 3553 1561 3608 per
1605 3538 1803 3605 ipsum.
1832 3555 1851 3588 ι

276 3645 449 3698 Aiunt
484 3656 614 3703 ergo
659 3640 749 3710 qui
800 3636 1097 3693 Hebraicas
1145 3634 1357 3688 litteras
1397 3633 1613 3701 legunt,
1661 3630 1713 3684 in
1756 3630 1859 3683 hoc

277 3740 401 3796 loco
432 3738 592 3803 Deus,
623 3750 730 3789 non
764 3736 863 3788 sub
892 3731 1047 3800 signo
1078 3724 1507 3797 tetragrammati
1537 3737 1660 3779 esse
1682 3732 1687 3735 '
1709 3724 1857 3793 posi—

278 3847 415 3898 tum,
444 3832 509 3886 de
536 3845 646 3902 quo
679 3828 769 3898 qui
801 3834 1000 3896 potest,
1037 3823 1304 3893 requirat.
1339 3819 1446 3875 Sed
1477 3826 1531 3872 et
1555 3817 1699 3887 quod
1726 3815 1861 3870 dixit

275 3929 425 3985 Deus
472 3927 540 3981 ad
594 3924 812 3978 Balaam
865 3920 1022 3990 quasi
1074 3918 1418 3986 interrogans
1453 3913 1543 3983 qui
1596 3918 1721 3966 sunt
1765 3911 1858 3965 isti

278 4019 552 4085 homines,
587 4015 888 4084 requiritur
923 4026 1021 4065 cur
1051 4009 1309 4079 ignorare
1339 4005 1632 4060 videatur:
1669 4011 1720 4057 et
1757 4003 1861 4055 ite-

278 4130 402 4169 rum
465 4111 609 4182 quod
659 4109 786 4161 ait:
844 4123 863 4157 ί
897 4101 1015 4158 Νοη
1091 4099 1380 4154 maledices
1435 4096 1726 4167 pepulum,
1779 4102 1862 4148 est

279 4205 431 4262 enim
469 4200 806 4258 benedictus.
832 4215 852 4249 ι
883 4194 975 4250 Sic
1005 4195 1188 4262 itaque
1220 4197 1399 4259 potest
1429 4186 1679 4257 intelligi,
1704 4184 1859 4256 quasi

276 4296 518 4354 dixerit:
548 4293 665 4349 Non
686 4290 979 4346 maledices
1011 4284 1269 4356 populum
1303 4296 1508 4337 meum.

348 4398 409 4453 2.
448 4396 557 4450 Nos
612 4394 827 4448 interim
868 4389 1100 4444 dicimus
1148 4384 1559 4455 dispensatione
1619 4379 1855 4450 quadam
1888 4356 1936 4416 θ

276 4503 334 4548 et
376 4488 642 4559 sapientia
673 4484 786 4548 Dei,
818 4482 891 4535 ita
918 4481 1100 4534 omnia
1134 4479 1188 4532 in
1219 4476 1322 4530 hoc
1353 4473 1553 4528 mundo
1582 4487 1705 4526 esse
1745 4471 1856 4526 dis-

277 4586 484 4654 posita,
525 4591 581 4634 ut
627 4580 763 4633 nihil
801 4587 1023 4646 prorsus
1067 4571 1300 4625 otiosum
1336 4571 1408 4622 sit
1454 4566 1597 4636 apud
1649 4565 1851 4627 Deum,

277 4676 492 4733 etiamsi
538 4673 736 4728 malum
783 4669 910 4724 illud
946 4667 1040 4730 sit,
1080 4660 1292 4717 etiamsi
1342 4660 1565 4714 bonum.
1596 4656 1701 4709 Sed
1739 4655 1856 4723 pla-

274 4773 407 4827 nius
440 4769 583 4838 quod
630 4766 826 4820 dicitur
860 4760 1212 4830 explicemus.
1250 4753 1512 4809 Malitiam
1555 4750 1697 4804 Deus
1748 4760 1857 4800 non

275 4865 456 4921 fecit:
494 4871 677 4917 tamen
705 4871 828 4913 cum
866 4855 988 4909 aliis
1026 4853 1308 4907 inventam
1343 4845 1515 4918 possit
1543 4841 1854 4914 prohibere,

278 4973 392 5014 non
442 4954 697 5025 prohibet
734 4969 749 5004 :
791 4950 883 5003 scd
930 4962 1054 5002 cum
1104 4942 1237 5013 ipsis
1278 4956 1309 4995 a
1343 4938 1540 5010 quibus
1600 4935 1852 4998 habetur,

275 5052 453 5107 utitur
495 5062 559 5102 ea
609 5046 677 5100 ad
722 5040 1062 5098 necessarias
1106 5050 1324 5091 causas.
1364 5031 1468 5086 Per
1506 5031 1657 5099 ipsos
1708 5026 1852 5081 enim

276 5146 335 5201 in
369 5141 571 5212 quibus
603 5148 687 5193 est
716 5134 941 5198 malitia,
976 5130 1155 5186 claros
1184 5136 1238 5183 et
1270 5126 1525 5197 probatos
1548 5121 1713 5176 ellicit
1765 5134 1861 5174 eos

278 5234 374 5305 qui
410 5233 480 5286 ad
509 5231 776 5285 virtutum
812 5225 1041 5297 gloriam
1071 5221 1320 5277 tendunt.
1367 5217 1501 5272 Nam
1534 5217 1578 5271 si
1620 5214 1861 5285 perime-

276 5334 434 5381 retur
462 5321 694 5387 malitia,
726 5334 831 5374 non
868 5324 1018 5373 esset
1061 5314 1249 5383 utique
1281 5310 1371 5381 qui
1414 5306 1713 5363 contrairet
1754 5305 1861 5358 vir-

349 5468 401 5503 ”
435 5468 597 5524 Prov.
637 5485 690 5535 ι,
732 5464 787 5520 5.
860 5460 906 5493 ⁵⁸
943 5459 1102 5515 Prov.
1135 5471 1213 5522 tx,
1247 5453 1301 5509 9.

352 5612 465 5685 (52)
507 5609 620 5685 Nec
653 5576 831 5685 pit-ius
880 5612 978 5659 est.
1006 5599 1131 5685 _Pro
1184 5554 1854 5685 insinuauit:eran

280 5653 619 5743 riiEJioI-iéi
653 5653 850 5752 legitur
876 5653 1230 5745 {Ventrem
1258 5666 1520 5741 probatos
1549 5675 1658 5720 non
1690 5653 1855 5716 edicit

1379 5450 1421 5481 ’⁵⁷
1464 5451 1619 5504 Deut.
1663 5461 1748 5511 vr,
1781 5443 1836 5498 4.
1911 5440 2016 5512 ιει
2047 5440 2174 5497 Cor.
2217 5453 2343 5503 vni,
2381 5436 2435 5501 5,
2477 5433 2531 5490 6.

1961 3096 2065 3140 set.
2095 3083 2224 3151 Quae
2254 3084 2305 3136 in
2339 3082 2548 3145 Exodo,
2593 3098 2715 3150 quae
2765 3083 2818 3136 in
2865 3081 3131 3151 Levitico,
3178 3087 3231 3140 in
3277 3086 3530 3143 Numer-is

1936 3177 2124 3232 Ietiam
2162 3188 2214 3231 et
2248 3175 2660 3231 Deut-eronomio
2688 3176 3021 3241 referuntur,
3065 3180 3130 3233 ad
3161 3180 3387 3234 humani
3443 3197 3536 3251 ge-

1961 3271 2107 3326 neris
2144 3271 2430 3325 scientiam
2475 3285 2584 3325 non
2624 3273 2925 3326 venissent.
2972 3273 3352 3329 [hereditatem
3381 3286 3533 3331 certe

1960 3374 2266 3435 paternam,
2298 3373 2353 3419 et
2391 3372 2592 3418 terram
2624 3364 3068 3431 repromissionis
3106 3367 3287 3421 nullus
3329 3368 3532 3422 intras-

1961 3464 2062 3509 set.
2095 3453 2162 3508 Et
2190 3464 2247 3508 ut
2288 3455 2357 3508 ad
2403 3457 2522 3510 haec
2562 3469 2684 3524 qua:
2727 3454 3000 3508 habentur
3041 3455 3095 3509 in
3131 3455 3406 3522 manibus,
3443 3473 3536 3512 ve-

1961 3547 2205 3610 niamus,
2262 3547 2390 3601 tolle
2456 3546 2654 3602 Balach
2706 3545 2866 3614 hujus
2911 3546 3056 3616 regis
3107 3549 3328 3617 pessimi
3377 3549 3536 3604 mali-

1962 3640 2115 3705 tiam,
2147 3656 2253 3710 qua
2286 3640 2534 3695 maledici
2571 3639 2850 3694 desiderat
2893 3638 3145 3695 lsraelem
3167 3680 3185 3707 ,
3225 3641 3381 3698 aufer
3416 3644 3536 3713 ejus

1961 3731 2252 3796 astutiam,
2303 3746 2409 3802 qua
2462 3731 2729 3785 invitabat
2766 3730 2986 3784 Balaam
3040 3731 3107 3785 ad
3158 3732 3530 3788 devorandum

1960 3822 2220 3894 populum
2268 3841 2282 3877 :
2338 3823 2547 3892 pariter
2609 3821 2904 3878 abstuleris
2960 3838 3090 3893 erga
3155 3823 3300 3881 filios
3367 3825 3535 3882 Israel

1961 3915 2422 3986 dispensationem
2466 3915 2595 3983 Dei,
2631 3922 2685 3971 et
2729 3916 3083 3986 providentia:
3112 3915 3233 3988 ejus
3262 3917 3535 3985 favorem,

1961 4026 2227 4080 nusquam
2278 4009 2577 4079 prophetia:
2629 4009 2735 4064 illa:
2788 4019 2981 4075 erunt,
3021 4026 3142 4081 qua:
3192 4026 3292 4085 per
3327 4027 3389 4068 os
3427 4013 3536 4067 Ba-

1963 4103 2103 4156 laam
2155 4110 2211 4156 et
2273 4101 2400 4155 ﬁliis
2469 4099 2641 4155 lsrael
2697 4109 2754 4154 et
2810 4100 3063 4170 gentibus
3120 4099 3529 4171 prophetantur.

1961 4193 2122 4265 323
2160 4192 2312 4260 Quod
2361 4192 2407 4246 si
2456 4192 2623 4246 etiam
2652 4190 2788 4246 Navi
2844 4189 3176 4247 Testamenti
3223 4195 3378 4263 cupis
3414 4193 3533 4249 haec

1963 4283 2289 4340 testimoniis
2326 4278 2638 4338 Confirmari
2663 4320 2678 4345 ,
2712 4281 2755 4335 si
2801 4280 3021 4335 auferas
3062 4280 3323 4335 malitiam
3357 4279 3528 4344 Judae,

1964 4376 2437 4448 proditionemque
2502 4373 2624 4442 ejus
2678 4373 2935 4443 perimas,
2989 4372 3282 4427 abstuleris
3332 4373 3537 4443 pariter

1964 4486 2178 4526 crucem
2197 4467 2401 4524 Christi
2426 4477 2480 4523 et
2499 4466 2806 4537 passionem
2834 4464 2949 4534 ejus
2974 4485 2985 4519 :
3006 4473 3058 4519 et
3087 4466 3129 4519 si
3149 4480 3252 4518 non
3282 4465 3355 4518 sit
3378 4479 3533 4530 crux,

1965 4577 2069 4616 non
2091 4566 2366 4614 exuuntur
2396 4556 2733 4626 principatus
2760 4564 2811 4608 ct
2837 4557 3135 4625 potestates
3158 4595 3173 4620 ,
3202 4569 3301 4607 nec
3338 4555 3533 4608 trium-

1963 4654 2199 4722 phantur
2273 4652 2326 4706 in
2398 4650 2544 4721 ligno
2604 4648 2804 4703 crucis.
2885 4647 2941 4702 Si
2977 4663 3083 4701 non
3139 4647 3327 4702 fuisset
3389 4663 3535 4701 mors

1965 4744 2188 4809 Christi,
2245 4743 2432 4813 utique
2466 4756 2566 4796 nec
2590 4738 2922 4796 resurrectio
2959 4737 3185 4801 fuisset,
3231 4752 3333 4792 nec
3363 4738 3533 4791 exsti-

1966 4836 2123 4891 tisset
2183 4834 2380 4906 aliquis
2410 4832 2800 4904 primogenitus
2839 4844 2907 4884 ex
2974 4829 3225 4884 mortuis.
3289 4829 3442 4896 Quod
3486 4828 3534 4883 si

1964 4942 2070 4983 non
2132 4926 2324 4982 fuisset
2375 4925 2768 4996 primogenitus
2806 4938 2871 4978 cx
2924 4920 3200 4983 mortuis,
3267 4934 3366 4975 nec
3412 4934 3538 4989 spes

1963 5018 2121 5074 nobis
2174 5018 2588 5074 resurrectionis
2630 5016 2842 5071 fuisset.
2876 5012 3054 5069 Simili
3096 5026 3223 5082 ergo
3267 5011 3426 5065 modo
3479 5021 3537 5066 et

1962 5111 2029 5166 de
2058 5112 2177 5181 ipso
2205 5109 2422 5166 diabolo
2462 5122 2746 5178 ponamus,
2783 5105 2934 5161 verbi
2965 5103 3161 5175 gratia,
3208 5103 3536 5157 necessitate

1964 5205 2145 5274 aliqua
2167 5202 2526 5260 constrictum
2550 5200 2721 5253 fuisse
2754 5214 2820 5256 ne
2844 5204 3112 5266 peccaret,
3147 5192 3233 5248 vel
3259 5202 3380 5262 post
3408 5207 3536 5261 pec-

1963 5308 2147 5356 catum
2182 5298 2419 5352 ablatam
2477 5294 2650 5350 fuisse
2682 5291 2748 5346 ab
2782 5305 2850 5347 eo
2901 5289 3122 5344 malitia:
3161 5286 3534 5342 voluntatem:

2624 5430 2670 5462 ’δ’
2710 5429 2846 5485 Cen.
2875 5441 3081 5481 xxxvii.
3158 5426 3203 5457 ⁵⁸
3239 5424 3379 5481 Gen.
3420 5439 3530 5481 xu.

1964 5596 2058 5640 eos
2084 5577 2175 5647 qui
2204 5578 2272 5631 ad
2304 5575 2566 5647 virttttum
2591 5568 2817 5647 gloriam
2849 5563 3097 5620 tendunt.
3124 5581 3152 5643 ι.

2027 5641 2143 5723 (53)
2183 5648 2364 5706 Codex
2399 5641 2775 5708 Carnotensis,
2813 5656 2832 5691 ι
2860 5641 3269 5694 commercium.
3297 5650 3319 5687 ι
