4074 6156
613 177 722 234 679
2091 173 2412 231 ORIGENIS
3764 180 3849 237 680

605 291 772 350 simul
803 292 988 362 utique
1013 291 1252 346 ablatum
1289 293 1478 347 fuisset
1500 293 1655 348 nobis
1684 301 1960 348 certamen
1993 293 2187 346 adver-
2217 294 2261 348 A
2290 291 2518 356 suimus,
2550 292 2691 346 Dens
2718 292 2934 361 quidem
2961 292 3226 347 malitiam
3253 305 3368 346 non
3402 287 3570 355 fecit,
3601 291 3847 353 inventam

611 403 732 443 sum
783 387 1006 441 insidias
1059 384 1303 450 diaboli,
1366 401 1469 440 nec
1515 395 1930 454 exspectaretur
1977 400 2182 441 corona

607 478 849 533 victoria:
874 478 921 532 ei
953 476 1045 546 qui
1083 476 1319 547 legitime
1346 474 1690 531 certasset“.
1729 478 1784 530 Si
1818 493 1924 531 non
1958 479 2184 534 habere-

611 585 729 625 mus
766 571 858 639 qui
906 569 1190 623 adversum
1239 578 1339 623 nos
1395 567 1751 632 obsisterent,
1819 584 2022 641 agones
2073 585 2180 625 non

607 669 832 726 essent,
887 675 988 714 nec
1038 660 1336 715 victoribus
1385 676 1611 715 munera
1666 672 2021 730 ponerentur,
2082 677 2183 717 nec

607 768 828 824 regnum
887 751 1150 808 catlorum
1192 752 1540 808 vincentibus
1593 763 1883 822 pararetur
1927 771 1940 808 :
2005 767 2180 822 neque

606 854 1047 901 momentaneum
1099 847 1204 900 hoc
1265 855 1319 899 et
1380 845 1498 898 leve
1553 845 1920 899 tribulationis
1979 855 2179 900 nostra:

604 953 766 1006 supra
819 938 1039 992 modum
1085 939 1294 1007 pondus
1347 937 1531 1006 gloriae
1579 948 1897 1006 operaretur
1937 938 2093 992 nobis
2123 939 2177 993 in

607 1027 788 1083 futuro
808 1018 855 1060 ⁸⁵
889 1045 902 1081 :
938 1044 1042 1082 nec
1082 1027 1280 1096 aliquis
1331 1038 1580 1082 nostrum
1617 1043 1718 1097 pro
1763 1027 2176 1084 tribulationum

606 1121 865 1191 patientia
917 1130 1162 1190 speraret
1213 1122 1531 1174 immensam
1585 1120 1808 1190 gloriam
1847 1120 2173 1177 futurorum.

606 1214 684 1267 Ex
713 1213 912 1283 quibus
943 1213 1196 1267 omnibus
1227 1212 1518 1280 colligitur,
1548 1213 1670 1282 qttia
1709 1213 1847 1268 Deus
1873 1224 1976 1268 non
1999 1214 2174 1270 solum

602 1304 763 1361 bouis
799 1315 980 1361 utatur
1009 1305 1076 1359 ad
1108 1320 1243 1372 Opus
1274 1307 1472 1360 bunum
1499 1343 1516 1370 ,
1541 1305 1636 1359 sed
1667 1313 1721 1360 et
1744 1306 1920 1360 malis.
1959 1307 2022 1360 Et
2072 1307 2176 1361 hoc

604 1409 731 1448 vere
757 1393 1005 1448 mirabile
1047 1395 1314 1462 est,qnod
1341 1395 1484 1449 vasis
1526 1395 1682 1450 malis
1717 1395 1888 1449 utitur
1940 1395 2077 1450 Deus
2105 1397 2173 1452 ad

603 1499 738 1558 opus
765 1488 990 1542 bonum.
1025 1485 1078 1540 In
1113 1501 1302 1557 magna
1327 1489 1472 1543 enim
1499 1490 1600 1543 hac
1627 1487 1811 1542 mundi
1833 1487 1988 1557 hujus
2012 1492 2172 1544 domo

603 1589 710 1634 n0n
734 1587 858 1633 sunt
894 1580 1270 1634 tantummodo
1301 1594 1428 1634 vasa
1465 1594 1650 1645 aurea,
1676 1589 1730 1634 et
1759 1574 2010 1650 argentea
2031 1621 2047 1647 ,
2076 1583 2169 1636 sed

601 1679 657 1725 et
682 1671 878 1742 lignea,
933 1681 990 1726 et
1021 1671 1228 1738 fictilia,
1275 1680 1331 1726 et
1357 1671 1462 1726 alia
1513 1671 1733 1740 quidem
1780 1673 1844 1725 ad
1885 1674 2171 1742 honorem,
2203 1668 2246 1730 Β
2277 1673 2376 1725 bus
2431 1669 2560 1725 dicit
2625 1671 2901 1741 apostolus
2953 1669 3149 1725 Paulus
3207 1671 3255 1702 ⁵⁸
3306 1686 3323 1724 :

600 1763 705 1816 alia
730 1774 908 1818 autem
931 1765 997 1817 ad
1025 1763 1406 1819 contumeliam
1429 1762 1500 1828 ⁸³,
1529 1774 1954 1836 utraquetamen
1985 1782 2174 1822 neces-

603 1854 770 1909 saria.
822 1852 1018 1908 Verum
1066 1855 1322 1924 quoniam
1387 1869 1513 1910 vasa
1576 1857 1692 1910 huic
1742 1871 1862 1924 qua:
1921 1857 2170 1922 dicimus,

599 1945 946 1999 rationabilia
998 1945 1344 2014 intelligenda
1394 1953 1542 2011 sunt,
1598 1959 1652 2001 et
1703 1947 1858 2001 lihcri
1909 1948 2174 2003 arbitrii:

602 2053 708 2090 non
759 2053 908 2098 casu,
970 2053 1144 2107 neque
1201 2037 1446 2103 fortuitu,
1504 2041 1881 2108 unusquisque
1931 2047 2021 2094 aut
2077 2055 2174 2096 vas

602 2129 825 2184 honoris
854 2129 1102 2194 efficitur,
1156 2139 1248 2184 aut
1276 2145 1371 2185 vas
1403 2131 1774 2196 contumeliae,
1837 2133 1932 2186 sed
1977 2134 2066 2203 qui
2113 2149 2174 2190 se

604 2219 708 2275 tale
734 2219 1042 2290 praebuerit,
1076 2230 1132 2274 ut
1166 2211 1372 2276 electus
1418 2235 1539 2275 esse
1593 2229 1891 2284 mereatur,
1928 2235 2024 2278 vas
2058 2223 2170 2280 ele-

603 2321 753 2367 ctum
774 2299 849 2367 'et
885 2326 974 2366 vas
1006 2312 1229 2367 honoris
1263 2311 1519 2368 efﬁcitur.
1551 2311 1652 2380 Qui
1701 2329 1829 2369 vero
1860 2314 2093 2386 indignis
2121 2329 2174 2372 et

600 2403 907 2458 deterrimis
938 2405 1188 2458 sensibus
1215 2404 1368 2470 vivit,
1413 2403 1517 2457 iste
1549 2402 1816 2457 formatur
1859 2421 1954 2462 vas
1981 2419 2174 2462 contn-

602 2495 794 2559 meliae,
852 2511 959 2550 non
1025 2512 1054 2548 a
1094 2495 1410 2560 Conditore,
1452 2497 1545 2550 sed
1583 2505 1614 2550 a
1659 2498 1950 2568 semetipso
1991 2502 2174 2557 causis

599 2588 944 2642 contumelia:
983 2604 1094 2642 stne
1149 2589 1310 2642 datis.
1365 2586 1483 2642 Non
1533 2604 1667 2658 ergo
1713 2606 1807 2646 eos
1866 2592 2001 2646 tales
2052 2609 2174 2650 esse

601 2679 861 2734 Conditor
917 2680 1073 2744 fecit,
1106 2680 1198 2735 sed
1257 2677 1562 2748 hujusmodi
1621 2693 1830 2737 mentes
1873 2685 2172 2740 secundum

598 2771 936 2841 propositum
967 2785 1154 2825 eorum
1177 2811 1192 2834 ,
1217 2771 1568 2839 providentiae
1595 2775 1868 2843 suaejusta
1901 2783 1957 2828 et
1979 2773 2172 2829 ineffa-

601 2861 695 2916 biii
727 2861 960 2932 quadam
995 2863 1205 2914 ratione
1237 2860 1541 2931 dispensat.
1576 2861 1749 2930 Sicut,
1781 2866 1931 2920 verbi
1967 2867 2171 2935 gratia,

600 2954 654 3008 in
705 2955 928 3009 urbibus
989 2953 1220 3022 magnis,
1259 2953 1330 3006 'si
1384 2953 1474 3022 qui
1525 2953 1860 3024 indigniores
1917 2968 2064 3022 sunt,
2119 2968 2175 3015 et

599 3046 863 3101 abstrusa:
887 3047 1012 3099 vitae
1043 3061 1106 3099 ac
1130 3045 1438 3101 deterrimae
1469 3048 1717 3103 homines
1740 3087 1756 3113 ,
1795 3049 1986 3103 ultima
2019 3065 2169 3119 quaa-
2198 3028 2241 3087 (ἶ

599 3152 705 3208 que
731 3153 918 3208 opera,
970 3147 1024 3193 et
1049 3137 1320 3193 laboriosa
1365 3141 1799 3196 condemnantur
1835 3144 2076 3212 operari,
2117 3152 2175 3199 et

601 3241 779 3283 tamen
830 3231 1134 3284 necessaria
1194 3240 1324 3285 sunt
1376 3231 1580 3286 civitati
1627 3233 1932 3301 hujusmodi
1979 3251 2169 3305 opera.

607 3319 762 3378 Verbi
793 3338 956 3378 causa
979 3363 996 3390 ,
1029 3333 1123 3377 aut
1154 3322 1475 3379 fornacibus
1503 3325 1709 3380 lavacri
1739 3329 1804 3380 ad
1835 3331 2174 3385 succenden-

601 3416 700 3471 dos
727 3414 878 3484 ignes
905 3413 1239 3478 deserviunt,
1299 3423 1357 3468 ut
1406 3425 1462 3469 tu
1505 3415 1587 3470 vel
1627 3419 2032 3484 commoditate,
2089 3422 2170 3476 vel

601 3507 811 3563 deliciis
835 3504 1174 3577 perfruaris;
1208 3515 1303 3562 aut
1331 3507 1612 3564 cuniculos
1635 3517 1910 3579 purgant,
1942 3520 2036 3566 aut
2066 3512 2170 3567 alia

603 3596 911 3666 hujusmodi
940 3606 1155 3662 gerunt,
1195 3605 1253 3651 ut
1297 3597 1392 3651 tibi
1447 3598 1500 3652 in
1542 3599 1679 3655 urbe
1718 3599 1814 3654 fiat
1843 3611 1898 3656 et
1935 3603 2174 3658 delecta-

601 3689 724 3744 bilis
757 3689 1039 3744 habitatio.
1085 3688 1154 3743 Et
1191 3689 1268 3744 illi
1299 3689 1516 3759 quidem
1552 3690 1636 3746 vel
1665 3702 1834 3762 agunt
1870 3709 1938 3750 ex
1978 3711 2174 3764 propo-

600 3781 726 3842 sito,
765 3781 849 3836 vel
879 3798 944 3837 ex
971 3782 1166 3837 merito
1191 3783 1471 3851 patiuntur
1501 3801 1515 3836 :
1545 3797 1680 3852 Opus
1711 3794 1889 3842 tamen
1931 3788 2170 3857 ipsormn

601 3871 816 3942 proficit
870 3874 936 3928 ad
986 3874 1274 3930 utilitatem
1313 3889 1501 3928 eorum
1551 3875 1749 3944 quibus
1779 3892 1899 3946 quae
1946 3881 2085 3937 bona
2115 3895 2171 3936 et

604 3966 756 4021 utilia
787 3977 934 4031 sunt,
975 3977 1258 4036 parantur.
1292 3965 1366 4020 lta
1395 3977 1449 4022 et
1470 3968 1584 4022 haec
1629 3969 1697 4022 de
1727 3971 1923 4038 quibus
1971 3992 2171 4047 propo-

2289 394 2464 438 tamen
2495 398 2559 438 ex
2589 385 2849 453 propositi
2902 385 3207 438 intentione
3264 398 3468 438 eorum
3501 385 3594 452 qui
3641 387 3851 442 det-lina-

2286 484 2410 527 runt
2435 488 2464 526 a
2486 474 2570 528 via
2599 485 2769 537 recta,
2804 472 3018 529 auferre
3047 475 3276 543 penitus
3310 474 3497 529 noluit
3529 491 3543 526 :
3583 477 3847 542 providens

2283 568 2406 630 hoc,
2434 571 2576 636 quod
2605 568 2816 623 etiamsi
2859 569 2931 623 illi
2965 580 3111 624 esset
3141 568 3364 622 inutilis
3391 569 3490 638 qui
3515 583 3578 623 ea
3605 571 3846 635 utebatur,

2283 656 2488 713 faceret
2515 673 2635 714 eam
2671 669 2850 713 tamen
2883 660 3066 714 utilem
3112 660 3180 714 iis
3227 661 3536 714 adversum
3560 675 3696 730 quos
3721 678 3853 717 exer-

2282 753 2526 806 cebatur.
2574 751 2641 806 Et
2689 751 2811 806 ideo
2843 750 3086 822 refugere
3121 752 3360 822 quidem
3411 753 3670 807 omnibus
3701 757 3850 808 modis

2282 847 2560 907 debemus,
2591 859 2657 898 ne
2686 859 2921 914 unquam
2958 845 3162 898 malitia
3203 845 3539 898 inveniatur
3579 845 3630 898 in
3666 849 3846 905 nobis:

2282 936 2335 992 in
2361 935 2485 989 aliis
2507 949 2636 989 vero
2659 936 2879 990 vincere
2907 950 3027 990 eam
3048 975 3064 999 ,
3093 951 3196 988 non
3229 935 3524 1004 perimere
3551 935 3849 990 studendum

2280 1037 2384 1092 est;
2419 1025 2542 1094 quia
2601 1034 2656 1081 et
2711 1025 2810 1089 illi,
2859 1025 2911 1078 in
2965 1027 3166 1095 quibus
3219 1035 3314 1080 est
3369 1025 3610 1088 malitia,
3672 1027 3850 1098 aliquid

2283 1117 2571 1174 necessarii
2597 1117 2782 1185 operis
2809 1117 3098 1172 conferunt
3133 1117 3524 1172 universitati.
3561 1118 3700 1172 Nihil
3726 1121 3848 1173 enim

2279 1209 2535 1273 Otiosum,
2565 1207 2700 1262 nihil
2729 1208 2887 1261 inane
2917 1216 2999 1261 est
3025 1208 3162 1277 apud
3191 1207 3395 1272 Deum,
3430 1210 3566 1278 quia
3597 1211 3708 1265 sive
3731 1212 3850 1265 bono

2277 1301 2555 1369 pruposito
2588 1300 2825 1355 hominis
2848 1303 3018 1356 utitur
3046 1302 3113 1357 ad
3149 1301 3294 1356 bona
3315 1341 3333 1367 ,
3375 1302 3499 1356 sive
3534 1302 3677 1358 malo
3705 1304 3848 1356 utitur

2278 1392 2346 1445 ad
2371 1390 2700 1446 necessaria.
2727 1390 2832 1446 Sed
2863 1392 3072 1448 beatior
3094 1392 3224 1456 eris,
3261 1391 3310 1445 si
3347 1393 3531 1462 magis
3559 1407 3625 1447 ex
3658 1394 3846 1448 virtuti-

2277 1483 2379 1537 bus
2405 1498 2524 1552 qua:
2554 1484 2606 1537 in
2655 1492 2708 1538 te
2753 1492 2899 1550 sunt,
2955 1483 3265 1538 inveniatur
3295 1483 3432 1538 boni
3471 1485 3678 1552 aliquid
3703 1501 3761 1540 ex
3802 1497 3848 1541 te

2279 1577 2402 1630 vitae
2431 1576 2592 1646 hujus
2616 1576 2944 1631 universitas
2972 1576 3230 1646 consequi
3266 1593 3282 1628 :
3321 1576 3476 1632 sicut
3502 1577 3580 1630 illi
3605 1617 3621 1642 ,
3650 1578 3712 1633 de
3744 1580 3844 1646 qui-

3384 1690 3405 1723 ι
3442 1670 3518 1726 Ut
3571 1672 3690 1727 sitis
3727 1675 3846 1728 sicut

2276 1764 2563 1818 luminaria
2587 1764 2639 1817 in
2658 1765 2761 1818 hoc
2787 1765 3004 1826 mundo,
3030 1765 3258 1818 verbum
3300 1764 3438 1818 vitae
3470 1765 3836 1820 continentem

2275 1859 2354 1910 Ad
2381 1855 2603 1926 gloriam
2637 1865 2762 1909 sunt
2800 1870 2932 1926 ergo
2961 1855 3274 1910 necessaria
3314 1853 3616 1909 luminaria
3662 1857 3838 1909 mundo

2277 1950 2421 2002 huic.
2477 1947 2542 2000 Et
2595 1947 2723 2016 quid
2759 1957 2864 2000 tam
2895 1947 3240 2012 delectabile,
3288 1947 3428 2017 quid
3465 1956 3574 1999 tam
3618 1947 3839 2014 magnifi-

2274 2056 2420 2103 cum,
2475 2056 2636 2110 quam
2667 2054 2803 2107 opus
2829 2039 2982 2105 solis,
3013 2039 3098 2094 vel
3133 2041 3300 2107 lunae,
3347 2055 3380 2093 a
3434 2041 3635 2110 quibus
3664 2039 3839 2093 illumi-

2275 2141 2434 2184 natnr
2486 2131 2760 2185 mundus?
2787 2130 2934 2200 Opus
2977 2141 3062 2186 est
3095 2140 3274 2186 tamen
3311 2131 3418 2200 ipsi
3457 2133 3654 2186 mundo
3692 2133 3836 2186 etiam

2273 2223 2478 2294 angelis
2506 2224 2596 2292 qui
2635 2224 2744 2278 sint
2777 2238 2938 2293 super
2980 2223 3186 2279 bestias
3234 2222 3380 2295 (54),
3429 2233 3489 2278 et
3539 2223 3735 2294 angelis
3755 2225 3834 2294 qui

2274 2314 2495 2383 praesint
2519 2305 2846 2369 exercitibus
2871 2313 3123 2368 terrenis.
3168 2311 3322 2382 Opus
3363 2321 3454 2367 est
3516 2311 3715 2382 angelis
3757 2312 3834 2380 qui

2274 2407 2500 2475 praesint
2530 2406 2844 2460 animalium
2872 2406 3182 2472 nativitati,
3215 2406 3609 2477 virgultorum,
3644 2405 3834 2474 planta-

2276 2500 2608 2567 tionumque,
2656 2507 2712 2552 et
2736 2497 2950 2552 caeteris
2999 2497 3305 2565 pluralibus
3355 2497 3726 2552 incrementis.
3777 2494 3835 2547 Et

2273 2605 2486 2643 rursum
2547 2589 2757 2658 angelis
2805 2603 2940 2658 opus
2999 2600 3102 2656 est,
3157 2591 3249 2659 qui
3317 2595 3552 2662 praesint
3603 2592 3834 2661 cperibns

2273 2679 2497 2744 sanctis,
2525 2682 2614 2751 qui
2662 2691 2877 2738 aeterna
2899 2683 3034 2738 lucis
3065 2684 3404 2739 intellectum
3437 2695 3493 2740 et
3519 2685 3830 2740 occultorum

2274 2771 2370 2827 Dei
2424 2773 2790 2844 agnitionem,
2833 2789 2897 2830 ac
2948 2791 3132 2830 rerum
3181 2778 3503 2836 divinarum
3567 2780 3830 2836 scientiam

2275 2869 2522 2925 doceant.
2553 2870 2687 2925 Vide
2711 2885 2846 2941 ergo
2869 2885 2937 2924 ne
2969 2879 3022 2926 te
3049 2871 3166 2942 ipse
3192 2871 3370 2929 facias
3399 2875 3542 2930 inter
3567 2887 3658 2930 eos
3690 2885 3832 2942 ange-

2273 2962 2356 3018 los
2382 2964 2634 3029 inveniri,
2667 2965 2758 3034 qui
2791 2966 2976 3021 bestiis
3011 2978 3276 3037 praasunt,
3335 2971 3382 3026 si
3431 2970 3716 3026 belluinatn
3743 2969 3830 3019 du-

2277 3056 2423 3111 xeris
2462 3057 2670 3111 vitam:
2705 3067 2798 3111 aut
2831 3058 2976 3112 inter
2997 3074 3112 3126 eos,
3163 3062 3256 3130 qui
3304 3063 3550 3118 terreis
3602 3062 3830 3131 operibus

2277 3158 2540 3219 praesunt,
2619 3150 2664 3204 si
2724 3164 2984 3220 corporea
3029 3161 3086 3206 et
3132 3162 3353 3210 terrena
3416 3155 3689 3212 dilexeris.
3739 3151 3827 3206 Sed

2279 3252 2468 3311 satage
2514 3241 2784 3310 quomodo
2834 3241 3008 3312 magis
3053 3245 3352 3300 assumaris
3405 3245 3473 3300 ad
3527 3243 3824 3300 societatem

2278 3331 2556 3387 Michaelis
2581 3331 2915 3400 archangeli,
2935 3333 3024 3400 qui
3047 3334 3323 3391 orationes
3344 3335 3514 3408 325
3540 3342 3823 3389 sanctorum

2278 3439 2496 3494 semper
2515 3424 2671 3479 offert
2697 3423 2828 3479 Deo.
2859 3423 3171 3481 Assumeris
3199 3437 3386 3483 autem
3413 3429 3466 3483 in
3491 3430 3631 3482 hunc
3659 3437 3824 3478 nurne-

2281 3532 2401 3570 rum
2433 3517 2520 3572 vel
2552 3518 2603 3570 in
2640 3517 2782 3571 istud
2833 3517 3068 3572 ofﬁcium
3092 3557 3109 3584 ,
3155 3519 3199 3572 si
3225 3519 3453 3576 insistas
3482 3533 3691 3588 semper
3718 3530 3826 3570 οτιιδ

2282 3609 2436 3670 tioni,
2468 3616 2522 3662 et
2543 3606 2730 3676 vigiles
2779 3607 2832 3660 in
2879 3622 2972 3672 ea,
3025 3619 3081 3663 et
3133 3608 3361 3678 impleas
3388 3611 3531 3681 quod
3561 3601 3824 3676 Apostolus

2281 3702 2464 3756 ait":
2504 3701 2679 3756 tSine
2724 3701 3032 3756 cessatione
3086 3711 3329 3758 orantes.
3361 3721 3381 3755 ι
3447 3700 3539 3755 Vel
3588 3706 3728 3754 certe
3769 3702 3821 3745 ut

2279 3796 2579 3852 assumaris
2612 3795 2664 3849 in
2691 3794 3008 3850 societatem
3041 3801 3098 3848 et
3126 3791 3360 3849 oflicium
3395 3790 3710 3861 Baphaelis.
3739 3782 3819 3853 qui

2277 3887 2560 3944 medicinae
2585 3895 2781 3957 praeest
2811 3903 2826 3940 :
2853 3886 2897 3941 si
2935 3901 3058 3939 cum
3087 3886 3286 3940 videris
3322 3887 3556 3956 aliquem
3593 3881 3818 3934 vulnera-

2283 3992 2393 4038 tum
2420 3979 2677 4052 peccatis,
2707 3987 2761 4034 et
2787 3977 2999 4047 sagittis
3023 3977 3221 4033 diaboli
3255 3979 3530 4033 confixum
3548 4003 3564 4039 δ
3584 3971 3815 4028 adhibue-

673 4085 718 4118 ⁵¹
758 4082 803 4138 ΙΙ
841 4080 984 4136 Tim.
1027 4096 1088 4144 II,
1130 4081 1188 4138 5.
1261 4082 1307 4114 "
1347 4080 1390 4135 ll
1428 4082 1550 4137 Cor.
1588 4098 1663 4147 tv,
1706 4085 1793 4139 17.
1868 4087 1914 4119 ⁵³
1950 4088 1993 4143 ll
2032 4089 2171 4150 Tim.

2280 4095 2370 4152 ΞΟ.
2446 4093 2494 4127 ⁸⁸
2531 4093 2764 4162 Philipp.
2807 4108 2871 4158 ιι,
2905 4092 2992 4160 15,
3031 4091 3121 4147 16.
3195 4092 3240 4124 ⁵⁸
3271 4093 3292 4147 ι
3327 4093 3522 4148 Thess.
3559 4105 3609 4156 v,
3647 4087 3722 4141 t7.

673 4199 786 4273 (54)
837 4195 980 4280 Opus
1011 4206 1090 4280 est
1120 4201 1420 4280 tamennipsi
1445 4201 1824 4280 muudoetiam
1855 4205 2168 4280 angelisqui
2202 4216 2242 4271 ι)
2274 4213 2446 4266 currit
2468 4209 2842 4280 providentia,
2889 4209 2967 4264 sic
2995 4209 3048 4264 in
3081 4209 3294 4264 caeteris
3321 4207 3647 4264 animalibus
3675 4213 3814 4271 geneo

593 4272 698 4326 sint
722 4289 878 4341 super
905 4273 1114 4332 bestias,
1143 4285 1248 4325 etc.
1273 4273 1508 4327 Consule
1533 4275 1889 4331 clarissimum
1915 4272 2171 4333 Huetium

593 4341 1030 4414 Origenianorum
1056 4342 1148 4414 lib.
1179 4358 1240 4406 ιι,
1271 4352 1459 4411 quzest.
1490 4361 1542 4405 v,
1578 4361 1730 4400 num.
1763 4349 1852 4403 29.
1897 4347 2171 4404 Caeterum

593 4409 736 4467 hanc
789 4427 944 4467 suam
984 4409 1243 4482 Origenes
1289 4409 1610 4468 sententiam
1665 4416 1909 4472 hausisse
1957 4419 2171 4474 videtur

592 4498 657 4535 ex
696 4483 980 4559 Apoc._tx,
1009 4483 1163 4559 flii
1201 4482 1268 4536 Et
1302 4483 1639 4559 liabebant_i
1688 4485 2172 4559 locust:e__r_supet‘

606 4561 666 4599 se
722 4542 1212 4614 r'cgem_angelum
1264 4545 1472 4614 abyssi.
1522 4548 1611 4601 cui
1667 4542 1865 4603 nomen
1893 4542 2161 4610 neniam;

603 4610 886 4686 Abaddon,
912 4610 1100 4686 Graece
1124 4625 1302 4686 autem
1327 4610 1608 4686 Apollyon.
1631 4635 1650 4670 ι
1680 4629 1734 4672 et
1755 4634 1820 4673 ex
1849 4620 1942 4676 lib.
1970 4621 2162 4679 Pasta-

603 4687 676 4764 ζέε
704 4682 908 4739 Hermae
942 4684 1155 4764 visione
1180 4684 1236 4750 4,
1261 4682 1387 4755 cap.
1416 4682 1522 4764 2ςί
1547 4688 1687 4764 Misit
1714 4690 1970 4746 Dominus
1993 4711 2158 4764 ange-

603 4754 712 4824 lum
741 4768 897 4807 suum
932 4753 1023 4821 qui
1079 4763 1164 4808 est
1214 4753 1378 4824 super
1437 4758 1676 4822 bestias,
1733 4764 1821 4813 cui
1854 4753 2163 4818 nomen‘es‘t

603 4821 824 4902 Hegrin.
853 4843 877 4902 ρ
911 4824 1250 4902 Animalibus
1280 4821 1335 4879 et
1358 4821 1797 4902 plantisangelos
1830 4832 1954 4886 item
1992 4840 2164 4902 pra-ti-

600 4895 753 4972 ciunt
779 4895 1152 4972 Athenagoras
1179 4895 1856 4972 Legat._pro_Chriuianis
1896 4895 2019 4972 pag.
2067 4906 2159 4968 27,

602 4965 804 5020 citatus
829 4963 1326 5039 ia_t\letnodioapud
1368 4966 1727 5035 Epiphanium
1774 4963 2158 5039 haerésfutv,

601 5049 751 5108 num.
811 5036 1002 5108 2|,__et_
1047 5038 1186 5103 apud
1229 5037 1713 5108 l'hotiuttt_codice
1753 5054 1984 5094 ccxxxrv
2022 5036 2160 5108 ,Snb

601 5105 853 5180 initium;
907 5105 1241 5180 Epiphanius
1279 5107 1430 5180 ‘lihro
1477 5105 1550 5160 De
1590 5111 1850 5180 mensuris
1879 5124 1929 5164 et
1959 5105 2158 5180 ponde—

600 5174 769 5246 ribus,
806 5191 924 5244 cap.
957 5174 1071 5240 ’22;
1109 5175 1480 5230 Theodoretus
1504 5189 1701 5246 qumst.
1750 5179 1818 5232 5'2
1855 5180 1912 5232 in
1959 5174 2156 5236 'Genes.

601 5245 799 5324 laudent
826 5257 908 5324 est
933 5248 1198 5324 sententia
1228 5245 1712 5324 Platonicorumhin
1736 5248 2159 5324 ΔΡυιΊηιγικΠιερὶ

598 5315 1108 5389 ἀποχῆς-ἐμψύχων
1143 5317 1250 5389 lib.
1270 5331 1332 5389 1;,
1369 5324 1461 5372 sed
1502 5315 2022 5389 t_li5plicuitttiultit:tt
2047 5315 2160 5377 haec

597 5387 781 5456 Opinio
813 5387 1140 5459 Hieronymo
1166 5387 1380 5459 qni_l_ib.
1415 5403 1430 5440 ι
1484 5387 1772 5459 Comment.
1803 5389 1856 5442 iu
1887 5389 2158 5446 Habacuc.

599 5455 666 5510 ad
703 5474 845 5515 vers.
893 5459 961 5512 M
994 5455 1114 5528 cap.
1144 5455 1229 5513 1.7:
1259 5455 1330 5511 Et
1362 5459 1524 5527 [acies
1557 5458 1780 5513 hominis
1813 5462 1965 5528 quasi
1994 5464 2158 5529 pisces

599 5531 758 5583 laturis
802 5537 850 5582 et
880 5530 1032 5598 quasi
1081 5530 1263 5598 reptile
1304 5546 1408 5583 non
1455 5530 1649 5582 habent
1693 5531 2002 5599 principem,
2037 5534 2153 5585 ait:

602 5614 623 5649 ι
655 5600 808 5654 Sicut
847 5602 1012 5671 igitur
1041 5599 1094 5655 in
1136 5600 1446 5656 hominibus
1477 5601 1641 5655 etiam
1669 5615 1763 5671 per
1792 5600 2034 5672 singulos
2066 5605 2158 5658 Dei

2272 4284 2440 4336 ralem
2473 4281 2692 4346 quidem
2727 4280 3132 4347 dispositionem
3160 4289 3216 4333 et
3243 4281 3488 4334 ordinem
3518 4281 3812 4347 cursumque

2270 4368 2447 4405 rerum
2490 4339 2790 4418 intelligere
2812 4339 3128 4420 possumus;
3162 4351 3312 4404 verbi
3343 4350 3537 4419 gratia,
3567 4339 3810 4418 quomodo

2266 4431 2521 4476 nascatur
2579 4421 2804 4488 piscium
2858 4421 3180 4482 multitudo,
3245 4430 3301 4473 et
3349 4425 3499 4474 vivat
3542 4420 3591 4488 in
3638 4423 3804 4479 aquis;

2264 4493 2533 4554 quomodo
2559 4487 2767 4556 r’eptilia
2805 4499 2860 4544 et
2889 4491 3258 4559 quadrupedia
3297 4494 3547 4545 oriantur
3573 4487 3623 4540 in
3659 4493 3808 4559 terra,

2264 4549 2321 4614 et
2347 4561 2547 4630 quibus
2569 4549 2786 4612 alantur
2817 4549 2977 4613 cibis.
3021 4549 3292 4614 Cie-terum
3335 4561 3624 4616 absurdum
3648 4560 3722 4607 est
3747 4549 3802 4630 ad

2265 4629 2373 4706 hoc
2397 4633 2484 4706 Dei
2511 4631 2776 4684 deducere
2807 4631 3165 4706 maiestatem,
3195 4641 3251 4683 ut
3279 4633 3416 4685 sciat
3441 4645 3532 4699 per
3563 4629 3802 4706 momenta

2264 4702 2472 4769 singula
2503 4709 2635 4768 quot
2665 4711 2962 4754 nascantur
2990 4701 3193 4756 culices
3213 4743 3228 4767 ,
3262 4714 3466 4769 quotve
3508 4701 3800 4769 moriantur;

2263 4767 2382 4838 quae
2409 4773 2658 4824 cimicum
2699 4780 2754 4822 et
2789 4771 3024 4839 pulicum
3056 4781 3111 4824 et
3143 4767 3469 4826 'muscarum
3499 4771 3568 4822 sit
3599 4767 3645 4818 in
3677 4771 3799 4840 terra

2265 4828 2554 4894 multitudo
2579 4855 2595 4905 ;
2625 4828 2810 4911 quanti
2842 4843 3019 4910 pisces
3050 4842 3104 4895 in
3135 4857 3274 4911 aqua
3309 4852 3526 4906 natent,
3551 4846 3602 4891 cl
3628 4828 3798 4911 fl“de

2263 4896 2593 4964 minoribus,
2629 4896 2891 4977 majorum
2930 4914 3125 4980 praedae
3171 4896 3369 4966 dedere
3413 4896 3657 4965 debeant.
3699 4896 3798 4978 Non

2262 4981 2436 5034 simus
2472 4991 2579 5033 tant
2614 4980 2746 5033 fatui
2788 4981 3100 5036 adulatores
3126 4983 3242 5046 Dei,
3280 4993 3337 5035 ut
3367 4985 3488 5036 dum
3537 4980 3796 5051 potentia"!

2262 5051 2378 5118 ejus
2409 5051 2574 5103 etiam
2633 5052 2699 5103 ad
2758 5053 2865 5105 ima
2903 5054 3265 5116 detrahimus,
3299 5054 3352 5106 in
3395 5067 3488 5106 nos
3522 5052 3653 5116 ipsos
3680 5051 3800 5105 1⁸⁸1⁸³·

2265 5123 2391 5174 riosi
2434 5122 2639 5185 simus;
2671 5124 2919 5175 eamdem
2974 5125 3376 5177 rationabilium
3419 5137 3572 5188 quam
3604 5118 3794 5188 irratwj

2263 5192 2524 5264 nobilium
2561 5181 2961 5264 providentiam
2989 5208 3110 5248 esse
3135 5195 3394 5247 dicentes.
3435 5181 3511 5244 Ex
3544 5200 3644 5264 quo
3679 5181 3796 5264 libet'

2263 5261 2365 5332 ille,
2385 5257 2726 5332 apocrj'phus
2755 5263 3000 5316 stultitiae
3028 5265 3471 5318 condemnandus
3500 5269 3602 5332 (ἔτι.
3629 5257 3795 5332 ίιμμξξο

2261 5320 2525 5406 scriptuttt
2551 5320 2656 5397 'eSt,
2685 5335 2972 5406 quemdam
2998 5335 3248 5406 angelum
3285 5336 3500 5406 nomine
3520 5329 3621 5406 'l‘irl

2263 5395 2478 5474 θηρίου)
2525 5395 2754 5474 praeesse
2816 5395 3124 5473 reptiltbus,
3176 5415 3232 5460 et
3286 5407 3338 5458 in
3397 5405 3531 5458 hanc
3572 5395 3795 5474 ΒῙΨῘΠΨῘ

2261 5469 2466 5525 diiiem'
2479 5469 2719 5540 piscibus
2744 5469 2962 5543 quoque
2992 5484 3046 5527 et
3086 5475 3374 5530 arboribus
3415 5486 3470 5526 et
3506 5469 3677 5543 bestiis
3702 5469 3776 5543 unt

2261 5543 2440 5598 versis
2469 5537 2722 5616 proprios
2754 5537 2807 5598 in
2843 5537 3148 5600 custodiam
3187 5546 3408 5617 angelos
3445 5541 3740 5610 assignatos.
3771 5537 3786 5570 ³
