4074 6156
415 201 520 258 631

1586 201 1651 256 ΙΝ
1684 201 2012 261 NUMEROS
2049 204 2332 262 IIOMILIA
2371 207 2508 263 XIV.

3555 219 3660 276 682

420 319 502 374 ris
531 320 874 375 curationum
923 335 1230 376 sermonem
1274 337 1338 378 ac
1369 322 1519 378 verbi
1568 325 1656 379 Dei
1699 327 1994 381 contuleris
2022 330 2064 386 Α
2101 340 2350 394 magnum
2406 325 2674 396 proferret
2709 326 2776 381 ad
2808 335 3016 396 gentes,
3073 343 3181 382 non
3242 339 3346 384 tam
3393 335 3562 388 corde
3610 347 3665 390 ct.

419 412 770 480 medicinam,
819 422 880 467 ut
913 417 1120 482 peccati
1173 415 1406 470 vulnera
1465 432 1560 486 per
1609 419 1988 486 paenitentiam

420 517 604 568 sanes,
638 513 695 558 et
730 505 1049 560 medicinam
1084 510 1440 564 confessionis
1467 512 1740 564 ostendas.
1779 508 1839 564 Si
1871 510 1994 580 quis

417 608 552 649 vero
582 594 887 662 hujusmodi
920 613 1084 667 opera
1133 600 1185 654 in
1239 601 1342 655 hoc
1398 604 1598 656 mundo
1623 604 1754 672 agit,
1791 605 1907 672 ipse
1935 619 1994 659 se

418 689 643 756 prtebet,
669 700 728 742 ut
758 690 810 742 in
853 689 1034 745 futuro
1071 693 1270 747 saeculo
1300 711 1397 749 vas
1431 696 1714 750 cleCtionis
1737 737 1750 759 ,
1782 707 1835 750 et
1861 697 1993 752 utile

421 779 654 835 Domino
680 785 745 835 ad
776 797 937 837 omne
967 799 1106 854 opus
1131 788 1331 841 bonum
1377 799 1623 853 paratum
1646 805 1672 842 a
1698 789 1993 846 Conditore

421 869 686 926 formetur
715 874 781 926 ⁵⁸.
815 873 870 928 Si
907 890 1035 930 vero
1071 880 1344 932 contraria
1381 893 1556 948 gerat,
1589 895 1683 935 vas
1712 883 1777 934 ad
1802 894 1994 936 contu-

420 963 638 1016 meliam
675 965 869 1018 divina:
900 967 1246 1036 semetipsum
1273 971 1536 1037 prarbehit
1579 971 1990 1040 dispensationi.

420 1054 490 1108 Et
521 1065 803 1123 propterea
860 1067 988 1125 puto
1023 1059 1074 1110 in
1112 1059 1314 1114 divinis
1373 1061 1734 1116 voluminibus
1791 1064 1991 1134 scripta

419 1163 543 1202 esse
571 1158 626 1201 et
659 1148 922 1203 bonorum
949 1159 1120 1219 gesta,
1151 1153 1516 1218 etmalorum,
1555 1165 1608 1208 et
1635 1171 1699 1211 ex
1731 1157 1990 1221 sinistris,

419 1252 475 1296 et
502 1241 706 1296 dextris
739 1244 952 1298 actibus
985 1241 1298 1314 Scripturas
1334 1247 1544 1302 divinas
1588 1263 1707 1305 esse
1763 1259 1990 1305 contex-

421 1343 527 1401 tas,
561 1343 620 1388 ut
653 1335 1018 1404 intelligamus
1053 1338 1177 1406 quia
1241 1340 1379 1408 apud
1431 1340 1596 1394 Deum
1651 1341 1822 1396 otiosa
1883 1357 1990 1396 non

417 1435 564 1491 sunt,
598 1442 700 1481 nec
738 1429 1006 1482 malorum
1061 1443 1248 1496 opera,
1305 1447 1403 1484 nec
1455 1433 1738 1488 bonorum.
1789 1431 1988 1488 Verum

417 1534 565 1573 nunc
590 1529 713 1587 post
760 1536 1041 1576 excessum
1076 1522 1362 1590 plurimum
1401 1525 1641 1593 quidem,
1678 1527 1773 1581 sed
1811 1542 1990 1583 causae

417 1614 810 1676 necessarium,
849 1614 1132 1668 redeamus
1159 1615 1224 1667 ad
1257 1617 1618 1683 propositmn.

489 1702 543 1759 5.
575 1702 792 1757 Balaam
828 1704 936 1768 hic,
969 1716 1028 1760 ut
1051 1707 1298 1773 superius
1322 1707 1577 1771 diximus,
1607 1707 1825 1765 divinus
1850 1720 1986 1776 erat,

417 1794 719 1848 darinonum
751 1795 963 1850 scilicet
1001 1796 1337 1860 ministerio,
1373 1807 1426 1851 et
1455 1809 1568 1853 arte
1601 1801 1810 1871 magica
1850 1818 1987 1858 non-

419 1899 692 1954 nunquam
745 1883 924 1940 intura
986 1879 1347 1955 praenoscens.
1397 1890 1639 1961 Rogatur
1701 1909 1730 1945 a
1786 1892 1987 1950 Balach

417 1993 545 2046 rege
567 1979 632 2033 ad
657 1978 1086 2034 maledicendum
1104 1980 1303 2048 populo
1329 1981 1513 2044 Israel,
1547 1983 1709 2050 legati
1742 1985 1986 2050 veniunt,

423 2067 734 2121 diviuacula
776 2068 830 2121 in
865 2068 1117 2121 manibus
1156 2068 1356 2133 ferunt,
1394 2081 1537 2126 stant
1571 2075 1815 2130 attonita:
1850 2090 1983 2144 gen-

423 2171 523 2221 tes,
550 2169 602 2212 et
636 2161 829 2223 anxiae,
853 2169 1232 2228 exspectantes
1247 2162 1374 2231 quid
1397 2166 1717 2234 respondeat
1744 2165 1986 2235 Balaam,

416 2252 482 2306 de
522 2266 628 2320 quo
674 2267 994 2320 persuasum
1048 2253 1320 2308 habebant
1365 2257 1508 2324 quod
1551 2257 1746 2328 dignus
1791 2261 1988 2316 divinis

416 2344 702 2412 colloquiis
725 2345 1036 2399 haberetur.
1071 2345 1206 2400 Vide
1248 2363 1391 2402 nunc
1422 2353 1690 2418 quomodo
1720 2352 1987 2421 sapientia

419 2431 514 2486 Dci
539 2447 632 2487 vas
665 2433 807 2486 istud
827 2436 891 2487 ad
916 2437 1300 2489 contumeliam
1336 2450 1696 2508 praeparatum
1723 2443 1989 2512 proiicere

417 2526 548 2582 fecit
577 2526 642 2580 ad
671 2527 957 2583 utilitatem
986 2544 1090 2582 non
1122 2529 1295 2584 Solum
1325 2532 1501 2600 gentis
1532 2534 1712 2600 unius,
1731 2536 1824 2590 sed
1851 2552 1988 2604 pene

419 2619 588 2674 totius
615 2620 802 2674 mundi
826 2637 840 2672 :
863 2631 918 2673 et
951 2620 1076 2674 huic
1101 2621 1187 2676 cui
1217 2622 1468 2678 solebant
1495 2622 1662 2681 videri
1693 2629 1985 2691 daemones,

418 2715 633 2768 videtur
672 2713 831 2778 Deus,
862 2714 1163 2783 prohibens
1195 2715 1322 2768 mali
1369 2718 1550 2784 operis
1605 2718 1730 2773 iter.
1787 2721 1986 2792 Stupe-

419 2810 522 2863 scit
558 2809 799 2875 Balaam,
827 2818 882 2864 et
921 2810 1152 2864 miratur
1193 2810 1534 2879 prohibentis
1575 2817 1983 2876 auctoritatem.

419 2904 535 2958 Non
589 2902 732 2957 cnim
786 2905 994 2959 solebat
1050 2904 1248 2958 malum
1298 2906 1629 2964 daemonibus
1676 2911 1986 2981 displicere.

2096 432 2284 481 sensu,
2330 433 2492 486 quam
2549 433 2646 472 ore
2693 427 2746 472 et
2799 435 3052 474 sermone
3105 432 3396 492 portatmn.
3437 427 3543 481 Sed
3596 445 3663 484 ne

2097 525 2193 576 per
2230 509 2441 580 singula
2491 511 2864 582 immorentur,
2919 528 3022 568 non
3068 515 3214 569 enim
3262 518 3521 586 temporis
3576 530 3664 576 est

2094 613 2288 656 cuncta
2319 603 2565 666 dissolvi,
2598 619 2827 658 ascensa
2864 605 3013 659 asina
3041 620 3137 660 sua
3172 606 3386 662 Balaam
3417 611 3527 665 ibat
3568 627 3665 681 per

2094 693 2271 759 viam;
2305 697 2546 749 occurrit
2576 697 2625 749 ei
2658 696 2898 766 angelus,
2919 696 3006 750 ille
3027 697 3147 753 sine
3170 698 3333 755 dubio
3361 703 3451 769 qui
3475 703 3661 759 aderat

2095 785 2218 840 (iliis
2241 786 2425 844 Israel.
2461 789 2648 856 Aperit
2684 804 2746 843 os
2777 790 2941 843 asinae
2967 831 2982 853 ,
3026 801 3084 844 ut
3128 804 3387 861 arguatur
3419 810 3516 864 per
3539 811 3661 850 eam

2096 877 2331 942 Balaam,
2375 889 2428 932 et
2466 881 2595 933 tituli
2632 881 2856 948 pecudis
2895 882 3118 934 vocibus
3144 882 3455 939 c0ufutetur
3484 887 3529 942 is
3569 889 3661 958 qui

2094 962 2308 1017 divinus
2330 963 2612 1020 videbatur
2641 977 2694 1019 et
2723 968 2958 1036 sapiens.

2162 1054 2216 1108 4.
2258 1054 2454 1108 Verum
2487 1065 2608 1125 post
2639 1057 2752 1111 haec
2801 1060 3135 1116 conveniens
3157 1063 3266 1130 jam
3300 1065 3529 1130 videtur,
3564 1068 3666 1122 ali-

2093 1165 2201 1218 qua
2219 1149 2383 1204 etiam
2412 1151 2477 1204 de
2509 1150 2763 1220 allegoria
2793 1153 3138 1223 contingere.
3169 1156 3384 1212 Balaam
3415 1161 3523 1225 hic,
3569 1165 3664 1232 qui

2093 1242 2483 1312 interpretatur
2509 1245 2736 1313 populus
2767 1263 2935 1302 vanus
2972 1245 3108 1319 (56),
3134 1251 3349 1306 videtur
3375 1255 3504 1308 mihi
3544 1271 3668 1324 per-

2094 1351 2284 1390 sonam
2330 1337 2534 1392 habere
2560 1339 2864 1394 scribarum
2904 1349 2958 1395 et
3009 1341 3410 1400 Pbarismorum
3455 1344 3662 1404 Judaici

2093 1429 2295 1505 populi.
2343 1428 2542 1483 Balach
2595 1443 2756 1493 vero,
2817 1431 2908 1499 qui
2962 1433 3199 1490 exclusio
3249 1435 3332 1489 vel
3392 1437 3663 1493 devci-alio

2095 1523 2485 1590 interpretatur
2511 1520 2646 1591 (57),
2679 1531 2732 1576 et
2759 1521 2874 1591 ipse
2909 1538 3194 1592 personam
3233 1526 3434 1581 habere
3463 1529 3664 1585 intelli-

2093 1616 2300 1686 gendus
2326 1623 2409 1668 est
2443 1615 2601 1668 unius
2659 1612 2890 1681 alicujus
2937 1617 3224 1685 spirituum
3273 1621 3454 1675 mundi
3503 1621 3663 1694 hujus

2092 1705 2383 1759 contraria:
2423 1704 2732 1773 potestatis,
2791 1718 2912 1772 quae
2963 1704 3255 1761 excludere
3303 1717 3358 1761 et
3400 1709 3664 1766 devorare

2091 1797 2276 1866 cupiat
2299 1795 2487 1856 Israel,
2533 1810 2640 1850 non
2672 1810 2796 1851 eum
2830 1795 2924 1864 qui
2961 1797 3257 1852 secundum
3303 1813 3521 1855 carnem
3556 1811 3660 1867 est,

2091 1890 2183 1945 sed
2242 1905 2366 1944 eum
2416 1889 2508 1957 qui
2571 1889 2867 1944 secundum
2931 1891 3202 1958 spiritum.
3271 1890 3472 1948 Volens
3530 1908 3662 1964 ergo

2091 1990 2334 2048 potestas
2387 1979 2490 2034 ista
2533 1981 2806 2035 contraria
2853 1981 3020 2036 deleri
3047 1989 3102 2037 et
3141 1985 3354 2052 penitus
3384 1985 3661 2055 exstingui

2091 2071 2388 2140 spiritalem
2440 2071 2623 2132 Israel.
2655 2086 2760 2126 non
2814 2071 2938 2126 aliis
2987 2075 3160 2128 utitur
3195 2075 3497 2141 ministris,
3553 2078 3661 2132 nisi

2092 2163 2436 2234 pontiﬁcibus
2471 2173 2520 2218 et
2555 2163 2753 2219 scribis
2787 2179 2850 2218 ac
2904 2165 3190 2222 Pbarisaeis
3221 2185 3235 2222 :
3267 2169 3411 2237 ipsos
3443 2169 3658 2232 invitat,

2092 2259 2220 2326 ipsis
2245 2259 2548 2313 mercedem
2576 2259 2843 2326 promittit
2868 2269 2916 2314 et
2948 2260 3192 2328 praemia.
3227 2259 3306 2313 llli
3338 2275 3491 2327 vero,
3517 2261 3661 2316 sicut

2090 2353 2193 2405 iste
2235 2350 2450 2405 Balaam
2505 2350 2654 2413 facit,
2692 2351 2950 2408 simulant
3007 2367 3066 2406 se
3115 2363 3311 2407 cuncta
3367 2354 3434 2408 ad
3491 2354 3657 2409 Deum

2090 2442 2294 2498 referre
2321 2452 2378 2498 et
2421 2443 2540 2497 zelo
2581 2443 2674 2498 Dei
2712 2458 2896 2513 agere.
2937 2443 3133 2499 Dicunt
3176 2444 3322 2500 enim
3358 2445 3404 2476 ⁸⁸
3444 2463 3460 2499 :
3496 2446 3663 2501 Scru-

2093 2545 2209 2590 tare
2243 2535 2575 2606 Scripturas,
2625 2545 2683 2590 et
2739 2535 2862 2590 vide
2901 2537 3028 2604 quia
3070 2537 3333 2604 propheta
3371 2552 3401 2591 a
3435 2535 3657 2592 Galiltea

2094 2641 2197 2682 non
2230 2629 2424 2698 surgit.
2454 2629 2518 2682 Et
2560 2630 2752 2683 iterum
2783 2628 2973 2682 dicunt
2993 2628 3035 2660 ⁶¹
3072 2646 3083 2682 :
3122 2647 3141 2680 ι
3165 2627 3274 2684 Nos
3299 2628 3469 2700 legem
3499 2630 3663 2684 hahe-

2093 2733 2232 2784 mus,
2273 2728 2328 2772 et
2359 2719 2650 2773 secundum
2685 2719 2856 2788 legem
2907 2719 3069 2774 debet
3103 2721 3258 2787 mori,
3309 2722 3437 2791 quia
3462 2721 3659 2779 Filium

2093 2814 2185 2868 Dei
2216 2829 2277 2868 se
2315 2811 2461 2867 fecit.
2499 2833 2517 2866 ι
2564 2812 2667 2868 Per
2706 2827 2827 2883 quae
2876 2814 3084 2885 singula
3145 2815 3394 2871 videntur
3439 2819 3655 2886 quidem

2093 2905 2287 2960 scribae
2319 2913 2375 2960 et
2406 2903 2663 2960 Pharisaei
2703 2904 2877 2960 zelum
2901 2905 2995 2961 Dei
3029 2907 3248 2974 habere,
3304 2910 3397 2963 sed
3437 2909 3658 2965 simula-

419 2998 526 3050 Sed
560 2997 752 3049 iterum
795 2997 1025 3051 remittit
1064 2996 1300 3064 legatos,
1335 2999 1560 3067 dicens,
1599 3017 1705 3056 non
1742 3019 1801 3058 se
1830 3019 1988 3073 posse
2015 3015 2058 3074 α
2095 3008 2226 3052 lllm-
2273 2996 2439 3052 ASlna
2467 3011 2616 3061 νενο,
2670 2998 2756 3052 Clli
2813 3000 3044 3055 sedebat
3096 3000 3340 3066 Balaam.
3396 3004 3652 3071 quoniam

421 3089 624 3154 facere,
658 3090 759 3143 nisi
787 3092 1012 3144 verbum
1042 3094 1184 3158 quod
1215 3092 1356 3146 Deus
1402 3092 1614 3147 dederit
1654 3093 1708 3147 in
1744 3109 1805 3150 os
1849 3096 1986 3164 ejus.

420 3181 666 3236 Redeunt
693 3196 884 3236 rursus
908 3180 1104 3252 legati,
1136 3183 1328 3237 iterum
1359 3183 1608 3252 requirit.
1643 3185 1839 3239 iterum
1870 3204 1985 3243 mo-

420 3275 589 3330 lestus
615 3285 724 3340 est,
757 3286 810 3328 et
845 3275 1039 3329 iterum
1079 3279 1229 3346 cupit
1258 3278 1464 3333 audire.
1497 3279 1612 3334 Non
1645 3283 1795 3336 enim
1833 3281 1992 3340 facile

420 3369 644 3436 cupidus
667 3368 1005 3424 mercedibus
1035 3372 1203 3424 caret.
1233 3369 1370 3436 Quid
1396 3386 1526 3440 ergo
1560 3373 1712 3428 audit
1750 3377 1992 3430 secundo

422 3477 452 3513 a
505 3460 645 3515 Deo?
692 3479 711 3512 ‹
763 3460 818 3513 Si
866 3475 1096 3526 vocare,
1140 3461 1314 3530 inquit
1342 3461 1408 3525 ⁵⁷,
1447 3474 1713 3518 venerunt
1743 3465 1993 3521 homines

423 3553 536 3613 isti,
587 3567 762 3622 surge,
814 3562 868 3606 et
918 3552 1052 3606 vade
1095 3566 1218 3605 cum
1270 3552 1372 3606 eis.
1414 3569 1434 3604 ι
1491 3553 1546 3607 1η
1580 3568 1691 3622 quo
1723 3555 1988 3611 voluntati

420 3644 637 3712 quidem
657 3643 971 3713 cupiditatis
997 3644 1114 3712 ejus
1137 3644 1280 3697 cedit
1332 3643 1496 3707 Deus,
1545 3653 1604 3698 ut
1645 3647 1989 3714 compleatur

421 3734 551 3790 illud
579 3736 723 3806 quod
759 3736 1018 3805 scriptum
1047 3745 1128 3790 est
1162 3736 1209 3767 ⁸³
1245 3755 1257 3790 :
1295 3755 1312 3786 ‹
1335 3736 1546 3790 Dimisit
1572 3752 1667 3792 eos
1694 3738 1746 3791 in
1775 3740 1987 3794 deside-

422 3830 504 3883 ria
530 3830 708 3886 cordis
731 3845 942 3897 eorum,
974 3830 1128 3885 ibunt
1159 3830 1211 3883 in
1237 3830 1610 3884 voluntatibus
1635 3830 1750 3885 suis
1784 3830 1930 3901 (55);
1968 3850 1985 3882 ι

420 3921 518 3974 sed
543 3931 716 3974 tamen
743 3922 1026 3975 consilium
1053 3921 1250 3974 divina:
1273 3920 1696 3990 dispensationis
1715 3923 1989 3990 expletur.

419 4012 632 4067 Dicitur
681 4015 826 4067 enim
878 4015 942 4066 ad
991 4016 1180 4067 eum“
1211 4032 1225 4068 :
1260 4033 1278 4066 t
1323 4015 1558 4070 Verbum
1631 4016 1995 4085 quodcunque

422 4104 623 4159 dedero
655 4106 706 4160 in
741 4120 836 4160 ore
868 4117 985 4166 tuo,
1019 4107 1118 4159 hoc
1152 4107 1411 4175 loqueris.
1457 4125 1476 4158 ι
1539 4105 1595 4161 Si
1634 4107 1828 4178 dignus
1863 4107 1995 4163 luis-

423 4211 507 4255 set
539 4198 778 4263 Balaam,
827 4201 1053 4253 verbum
1097 4215 1252 4252 suum
1300 4199 1441 4254 Deus
1469 4215 1573 4254 non
1622 4199 1675 4252 iu
1726 4215 1822 4254 ore
1851 4202 1993 4270 ejus,

425 4292 520 4344 sed
563 4292 615 4345 in
647 4291 811 4345 corde
851 4290 1141 4358 posuisset.
1179 4290 1332 4345 Nunc
1381 4303 1559 4345 autem
1620 4294 1879 4360 quoniam
1937 4294 1992 4348 in

424 4385 590 4440 corde
639 4383 755 4452 ejus
783 4383 1112 4438 desiderium
1152 4383 1419 4438 mercedis
1447 4392 1587 4447 erat;
1627 4393 1681 4438 et
1731 4385 1997 4455 cupiditas
2030 4363 2074 4418 D

424 4477 689 4548 pecuniae,
721 4475 946 4531 verbum
976 4476 1069 4529 Dei
1095 4491 1200 4530 non
1232 4475 1283 4528 in
1312 4476 1508 4539 corde,
1554 4476 1646 4530 sed
1675 4477 1726 4529 in
1757 4491 1853 4530 ore
1881 4476 1998 4545 ejus

426 4568 664 4638 p0nitur.
695 4568 968 4638 Agebatur
1011 4567 1155 4620 enim
1191 4567 1325 4620 mira
1375 4576 1430 4620 et
1474 4582 1668 4636 magna
1719 4568 2000 4637 dispensa-

431 4665 598 4728 tione,
638 4673 694 4717 ut
724 4663 979 4733 quoniam
1021 4662 1410 4733 prophetarum
1442 4662 1640 4728 verba,
1688 4678 1807 4731 quze
1853 4664 1996 4718 intra

429 4755 604 4808 aulam
635 4755 1048 4810 continebantur
1071 4753 1425 4809 Israeliticam
1448 4793 1462 4818 ,
1495 4755 1562 4806 ad
1593 4764 1779 4823 gentes
1807 4771 2000 4824 perve-

429 4850 550 4903 nire
579 4865 680 4901 non
711 4857 984 4917 poterant,
1018 4863 1113 4915 per
1142 4847 1359 4900 Balaam
1407 4849 1492 4901 cui
1526 4846 1656 4902 ﬁdes
1684 4847 1752 4900 ab
1784 4848 2001 4902 univer-

431 4941 508 4995 sis
537 4941 787 5010 gentibus
819 4939 1141 5002 habebatur,
1187 4941 1593 4993 innotescerent
1629 4940 1790 4992 etiam
1826 4938 2003 4992 natio-

432 5038 591 5092 nibus
645 5043 855 5090 secreta
906 5036 971 5089 de
1002 5033 1220 5089 Christo
1254 5035 1530 5103 mysteria,
1582 5042 1636 5086 et
1685 5032 2000 5086 thesaurum

506 5154 552 5185 “
589 5153 630 5208 ll
670 5155 810 5210 Tim.
855 5169 912 5214 ll,
955 5154 1044 5207 2|.
1122 5154 1166 5185 ⁵⁷
1209 5144 1368 5207 Num.
1410 5168 1541 5216 xx",
1580 5151 1670 5204 9.0.

431 5224 476 5258 ⁶¹
516 5223 671 5280 Joan.
714 5241 829 5292 nx,
872 5225 918 5277 7.

504 5339 620 5414 (55)
675 5341 959 5414 δίεντεᾲειθ
992 5340 1152 5395 habet
1180 5343 1350 5394 codex
1405 5338 1592 5414 Sancti
1655 5337 2006 5414 Theoderici.

433 5409 609 5476 Alias,
638 5430 656 5462 ι
684 5412 737 5464 in
770 5411 1038 5467 desiderio
1071 5414 1250 5466 cordis
1283 5426 1473 5464 eorum
1495 5451 1510 5473 ,
1554 5410 1706 5462 ibunt
1743 5409 1796 5462 in
1845 5411 2004 5464 volu-

435 5484 668 5554 ptatibus
699 5483 834 5536 suis.
864 5505 885 5535 ο

507 5576 621 5648 (56)
673 5576 899 5630 Balaam
948 5578 1035 5646 qui
1098 5578 1474 5644 interpretatur
1549 5587 1780 5630 POPULUS
1817 5587 2000 5628 vanus.

438 5667 600 5723 Forte
633 5684 662 5722 a
696 5651 843 5727 ‘hnc
891 5668 1156 5730 contudit,
1208 5667 1442 5734 miscuit,
1499 5683 1516 5716 ι
1560 5673 1613 5720 et
1643 5670 1726 5726 DY
1775 5679 1792 5712 ι
1833 5677 2006 5732 popu—

677 5763 947 5823 PATROL.
985 5759 1102 5821 Gn.
1141 5760 1256 5821 ΧΠ

1783 5151 1828 5182 ⁸⁸
1869 5151 2009 5205 Psal.
2053 5164 2236 5212 LXXXI,
2277 5144 2360 5198 12.

997 5226 1042 5256 ⁸³
1072 5225 1209 5280 I‘sal.
1250 5241 1413 5287 xxxv,
1443 5224 1495 5281 7.
1569 5223 1613 5253 ⁸³
1653 5223 1671 5275 l
1709 5221 1836 5275 Cor.
1871 5238 1908 5289 ι,
1949 5223 2039 5288 ‘26,
2077 5223 2167 5276 27.

2094 3090 2376 3162 Scriptura
2419 3091 2552 3147 dicit
2597 3092 2681 3144 “:
2717 3089 3018 3145 «Homines
3073 3101 3128 3144 et
3173 3090 3417 3158 jumenta
3476 3093 3659 3148 salvos

2093 3183 2278 3251 facies,
2322 3185 2595 3248 Domine,»
2635 3198 2696 3237 ea
2739 3197 2865 3252 pars
2904 3182 3239 3236 credentium
3274 3193 3453 3252 potest
3497 3185 3659 3239 intel-

2095 3275 2207 3346 ligi,
2264 3290 2383 3345 quae.
2433 3275 2546 3330 sive
2611 3287 2706 3343 pro
2739 3273 2988 3338 stultitia,
3043 3273 3158 3327 sive
3194 3288 3291 3343 pro
3327 3273 3658 3341 innocentia,

2095 3374 2417 3429 animalibus
2485 3380 2849 3441 comparatur.
2925 3371 3019 3427 Sic
3066 3373 3212 3428 enim
3271 3383 3324 3428 et
3370 3373 3689 3444 Apostolus!

2095 3465 2229 3519 dicit
2266 3465 2310 3496 ⁸³
2348 3478 2364 3517 :
2401 3483 2418 3515 ι
2441 3463 2632 3519 Videte
2657 3469 2843 3516 autem
2875 3462 3214 3517 vocationem
3245 3475 3504 3531 vestram,
3545 3465 3659 3521 fra~

2097 3563 2229 3618 tres,
2259 3554 2388 3623 quia
2423 3569 2527 3606 non
2561 3552 2709 3606 nmlti
2740 3552 2886 3605 inter
2917 3566 3012 3608 vos
3038 3555 3332 3623 sapientes.
3367 3571 3472 3610 non
3507 3556 3661 3611 multi

2097 3655 2368 3716 potentes,
2400 3659 2504 3699 non
2535 3645 2687 3698 multi
2731 3643 2964 3710 nobiles,
3021 3649 3115 3699 sed
3169 3660 3290 3714 quae
3333 3647 3497 3702 stulta
3535 3660 3666 3703 sunt

2097 3738 2278 3792 mundi
2307 3738 2471 3806 elegit
2499 3739 2656 3803 Deus,
2677 3738 3043 3793 utconlundat
3060 3737 3351 3807 sapientes.
3378 3739 3500 3795 olsti
3525 3755 3658 3810 ergo

2099 3831 2254 3894 tales,
2291 3830 2430 3885 sicut
2456 3830 2764 3901 evangelica
2793 3845 2913 3900 qua:
2947 3831 2998 3883 in
3030 3831 3299 3899 parabolis
3329 3833 3657 3903 agebantur,

2098 3931 2244 3989 gesta
2269 3923 2570 3991 designant,
2592 3923 2660 3976 ab
2691 3921 2808 3976 istis
2828 3921 3078 3991 pessimis
3105 3921 3338 3978 dominis
3381 3924 3580 3979 scribis
3595 3939 3661 3980 ac

2100 4013 2390 4068 Pharisaais
2407 4013 2634 4080 subjecti
2654 4013 3052 4082 quodammodo
3072 4014 3388 4069 tenebantur
3401 4023 3459 4070 et
3477 4015 3662 4082 vincti,

2099 4107 2190 4161 sed
2219 4121 2247 4158 a
2287 4106 2511 4159 Domino
2541 4104 2843 4168 solvuntur,
2863 4119 2968 4157 non
3000 4104 3216 4173 quidem
3244 4120 3340 4174 per
3363 4107 3538 4174 ipsum
3561 4105 3665 4160 Do-

2101 4201 2329 4265 minum,
2367 4197 2459 4254 sed
2490 4213 2586 4266 per
2616 4196 2909 4265 discipulos
2942 4195 3079 4263 ejus.
3109 4195 3250 4250 Dicit
3270 4199 3416 4252 enim
3452 4199 3568 4268 ipse
3596 4201 3664 4253 ad

2103 4291 2398 4361 discipulos
2445 4291 2526 4341 8‘:
2559 4309 2576 4342 ι
2605 4289 2681 4344 lte
2728 4290 2780 4343 in
2814 4291 3012 4352 vicum,
3044 4291 3139 4358 qui
3167 4299 3249 4344 est
3289 4299 3478 4345 contra
3525 4306 3621 4347 vos
3650 4311 3665 4347 :

2103 4383 2266 4455 325
2301 4391 2356 4437 et
2403 4380 2693 4435 invenietis
2726 4379 2932 4434 asinam
2979 4380 3252 4450 alligatam
3283 4419 3299 4444 ,
3352 4390 3410 4434 et
3461 4380 3664 4448 pullum

2106 4476 2244 4541 ejus,
2276 4473 2550 4528 solventes
2579 4472 2853 4524 adducite.
2891 4490 2910 4523 ι
2953 4471 3100 4526 Sicut
3137 4487 3264 4543 ergo
3295 4471 3347 4525 in
3375 4471 3665 4542 Evangelia

2105 4582 2210 4620 non
2242 4566 2357 4634 ipse
2401 4563 2692 4628 Dominus,
2743 4564 2837 4617 sed
2881 4563 3129 4633 discipuli
3165 4564 3379 4618 solvunt
3409 4566 3616 4620 asinam
3647 4585 3660 4619 :

2106 4659 2178 4712 ita
2208 4666 2262 4711 et
2287 4657 2376 4710 hic
2408 4670 2511 4708 non
2548 4654 2616 4708 ab
2652 4669 2716 4707 eo
2750 4655 2901 4723 ipso,
2945 4655 3040 4710 sed
3083 4659 3150 4709 ab
3191 4656 3381 4727 angelo
3428 4659 3668 4728 aperitur

2105 4764 2168 4804 os
2203 4748 2369 4803 asiua:
2403 4767 2416 4802 :
2457 4755 2511 4800 et
2560 4746 2701 4799 sicut
2746 4746 2797 4798 iu
2854 4747 3160 4816 Evangeliis
3197 4749 3290 4816 qui
3343 4763 3450 4803 non
3483 4749 3671 4803 vident

2107 4851 2339 4913 arguunt
2385 4841 2634 4894 videntes
2673 4855 2688 4892 :
2733 4838 2806 4891 ita
2843 4849 2901 4892 et
2928 4838 3034 4904 hic,
3079 4839 3170 4908 qui
3203 4839 3337 4892 muti
3369 4849 3546 4904 erant,
3584 4854 3670 4894 ar-

2106 4945 2276 5005 guunt
2330 4934 2635 5002 loquentes.
2687 4931 2754 4983 Et
2796 4931 2899 4984 hoc
2927 4939 3040 4996 est,
3069 4931 3212 4999 quod
3240 4930 3499 4987 Dominus
3527 4931 3673 4986 dice-

2107 5029 2200 5082 bat
2234 5027 2278 5066 ⁶⁸
2313 5044 2326 5080 :
2364 5044 2382 5076 ο
2413 5024 2594 5091 Pater,
2623 5023 2826 5094 gratias
2859 5038 2960 5095 ago
2992 5022 3124 5090 tibi,
3154 5023 3406 5093 quoniam
3434 5024 3672 5080 abscon-
3729 5099 3737 5108 '

2473 5146 2518 5176 ”
2553 5142 2712 5197 Num.
2753 5157 2903 5206 xxii,
2958 5139 3050 5196 9.0.
3163 5141 3206 5171 ⁶⁰
3246 5139 3398 5194 Joan.
3444 5155 3538 5204 vn,
3579 5139 3668 5194 41.

2242 5217 2288 5249 ⁸⁸
2326 5216 2512 5270 Matth.
2555 5230 2671 5280 XXI,
2709 5214 2767 5268 2.
2843 5212 2888 5244 ⁸⁸
2923 5211 3113 5266 Matth.
3148 5227 3225 5275 xl,
3260 5211 3350 5266 25.

2111 5339 2247 5401 lusu
2279 5337 2362 5390 vel
2385 5319 2502 5394 a'n
2523 5352 2541 5385 ι
2569 5347 2674 5386 non
2703 5351 2720 5385 ι
2761 5340 2814 5385 et
2830 5341 2913 5394 ny
2940 5349 2959 5380 ι
2983 5329 3230 5399 populus,
3255 5351 3274 5382 ι
3306 5329 3354 5382 id
3381 5336 3487 5391 est,
3518 5347 3540 5382 ‹
3573 5341 3671 5394 po-

2114 5410 2270 5474 pulus
2295 5406 2492 5460 nullus.
2532 5425 2550 5456 ι
2589 5403 2833 5457 Μάταιω
2885 5401 3014 5454 λαόν
3067 5401 3230 5453 etiam
3281 5401 3672 5474 interpretatur

2115 5468 2268 5534 Philo
2301 5478 2392 5532 lib.
2422 5476 2496 5530 De
2529 5475 2834 5544 confusmne
2861 5474 3182 5540 linguarum,
3218 5485 3338 5538 pag.
3372 5468 3498 5522 268.

2183 5569 2294 5641 (57)
2327 5567 2524 5620 Βαιαεὴ
2554 5582 2672 5621 vero
2710 5566 3072 5633 quisxcwsno
3093 5562 3170 5615 vel
3192 5560 3676 5614 navonntointer—

2110 5673 2365 5732 pretatur.
2389 5657 2551 5715 Forte
2586 5673 2614 5712 a
2644 5641 2756 5721 D53
2789 5673 2807 5707 ι
2833 5653 3155 5718 exinauivit,
3185 5650 3433 5706 exclusit.
3470 5670 3488 5701 ι

3136 5745 3217 5805 22
