4074 6156
462 203 567 259 685

1893 193 2213 250 ORIGENIS

3584 202 3690 256 σει

461 315 585 372 disti
623 315 737 369 lucc
765 311 1098 382 sapientibus
1125 322 1178 365 et
1207 310 1660 380 prudentibus,et
1685 310 1933 365 revelasti
1961 324 2020 362 ea
2056 314 2098 367 Α
2130 309 2363 364 adventu
2410 312 2612 367 Christi
2658 316 2910 382 mysteria
2957 316 3137 370 futura
3175 317 3483 384 pronunliat
3511 357 3525 379 ,
3564 333 3687 370 cum

460 408 729 481 parvulis.
765 424 784 457 ι
822 405 1024 458 Scriba:
1051 411 1230 455 autem
1261 411 1316 455 et
1345 401 1602 455 Pharisaei
1627 409 1781 454 erant
1818 401 1908 469 qui
1940 415 2023 454 se-

462 504 667 557 debant
704 513 868 567 super
902 497 1111 551 asinam
1160 495 1342 558 hanc,,
1365 506 1419 549 et
1454 494 1710 548 tenebant
1760 507 1877 546 eam
1908 494 2026 547 vin-

463 606 632 649 etam.
668 591 807 659 ipsis
830 604 960 658 ergo
996 588 1253 642 irascitur
1280 586 1523 657 angelus,
1548 594 1603 639 et
1644 583 1747 639 nisi
1790 584 2023 653 quodam

465 687 767 742 futurorum
795 688 1103 751 prospectu,
1141 679 1262 735 illos
1289 679 1507 748 quidem
1538 677 1885 747 peremisset,
1919 675 2027 729 asi-

465 794 587 835 nam
622 785 800 830 autem
828 781 1121 835 servasset,
1142 786 1265 841 quae
1282 771 1439 837 vidit,
1466 779 1522 824 et
1542 769 1772 824 reverita
1797 778 1878 822 est
1903 782 2023 821 eum

461 868 553 939 qui
578 865 723 919 venit
761 864 813 917 in
848 863 1091 924 vineam,
1115 870 1169 913 et
1192 868 1299 914 stat
1329 860 1470 914 inter
1501 860 1707 914 vineas.
1741 858 2026 927 Compres—

460 961 532 1014 sit
568 967 745 1011 tamen
802 955 965 1025 pedes
1012 952 1257 1007 sedentis
1289 966 1452 1021 super
1492 967 1553 1005 se
1599 952 1653 1005 in
1688 950 2020 1004 maceriam:

460 1059 514 1104 et
541 1048 661 1103 ideo
693 1046 833 1099 forte
860 1058 963 1098 non
1001 1051 1174 1113 potest
1230 1041 1509 1095 ambulare
1554 1040 1642 1095 ille
1688 1038 1807 1107 ejus
1844 1054 2024 1093 sessor

463 1141 740 1209 antiquus,
777 1152 878 1191 nec
905 1136 1093 1191 venire
1121 1135 1186 1188 ad
1215 1149 1358 1197 eum,
1392 1135 1480 1202 qui
1511 1134 1642 1187 dicit
1667 1133 1710 1164 ⁸⁸
1738 1151 1749 1185 :
1786 1151 1803 1182 ε
1840 1130 2026 1186 Venite

460 1233 530 1287 ad
562 1245 667 1294 tne,
709 1241 901 1283 omnes
931 1226 1022 1295 qui
1047 1225 1310 1279 laboratis
1331 1233 1385 1277 et
1411 1223 1616 1276 onerati
1643 1223 1794 1277 estis.
1816 1241 1834 1273 ι
1858 1222 2023 1277 Asina

463 1334 639 1379 tamen
671 1320 842 1383 venit,
883 1318 1116 1373 adducta
1149 1332 1178 1369 a
1211 1316 1487 1385 discipulis
1512 1358 1526 1382 ,
1557 1324 1611 1369 et
1647 1315 1730 1369 cui
1770 1325 1899 1368 tunc
1939 1328 2025 1368 se-

461 1415 625 1470 debat
654 1412 874 1466 Balaam
932 1408 1200 1463 mercedis
1235 1407 1463 1475 cupidus
1491 1446 1505 1470 ,
1559 1420 1701 1460 nunc
1757 1405 1805 1458 ei
1842 1404 2025 1483 .sedet

456 1505 635 1561 Jesus.
668 1503 779 1557 Nec
807 1500 1020 1555 mireris
1043 1500 1085 1553 si
1116 1513 1236 1552 eum
1266 1512 1422 1566 quem
1455 1496 1689 1550 diximus
1718 1494 2021 1549 scribarum

461 1608 519 1653 et
545 1597 829 1651 doctorum
875 1592 1055 1662 populi
1094 1589 1323 1645 formam
1361 1597 1544 1644 tenere
1573 1588 1757 1642 videas
1788 1586 2021 1654 prophe-

464 1699 666 1745 tantem
702 1688 769 1743 de
801 1684 1044 1741 Christo.
1082 1682 1196 1736 Hoc
1248 1682 1390 1736 enim
1448 1680 1673 1749 legimus
1718 1678 1915 1733 fecisse
1966 1685 2021 1729 et
2051 1664 2093 1717 Β

459 1780 720 1849 Caipham
752 1818 767 1843 ,
820 1776 913 1846 qui
966 1775 1207 1830 dixit":
1245 1793 1262 1824 ε
1299 1772 1529 1841 Expedit
1562 1770 1737 1833 vobis,
1777 1779 1836 1823 ut
1884 1782 2023 1822 unus

456 1868 625 1923 homo
651 1873 835 1935 pereat
861 1878 959 1933 pro
993 1862 1139 1917 omni
1183 1860 1397 1931 populo.
1425 1879 1443 1912 ι
1481 1860 1588 1915 Sed
1639 1860 1768 1922 hoc,
1827 1859 2020 1927 inquit,

460 1959 550 2028 qui
603 1965 721 2013 erat
753 1954 995 2025 pontifex
1029 1954 1154 2008 anni
1202 1952 1344 2006 illius
1375 1951 1734 2021 prophetarit.
1783 1949 2024 2017 Prophe-

460 2060 543 2107 tat
574 2064 705 2120 ergo
729 2060 786 2103 et
821 2047 1036 2101 Balaam
1073 2045 1139 2100 de
1173 2044 1394 2099 Christo
1433 2062 1445 2095 :
1500 2051 1554 2096 et
1589 2041 1708 2096 ideo
1743 2055 1901 2095 nemo
1930 2055 2025 2094 ex-

461 2143 684 2198 tollatur
728 2138 945 2195 etiamsi
1001 2137 1316 2206 prophetet,
1365 2134 1578 2188 etiamsi
1625 2132 2021 2202 praescieutiam

460 2241 772 2296 mereatur;
809 2229 901 2284 sed
941 2230 1126 2284 redeat
1158 2228 1223 2281 ad
1256 2225 1494 2294 Apostoli
1531 2225 1732 2279 dictum
1755 2264 1770 2288 ,
1801 2239 1908 2293 quo
1956 2225 2023 2278 ad

464 2329 567 2384 ista
594 2327 913 2396 respiciens,
952 2326 1027 2379 ait
1055 2323 1099 2355 "
1130 2341 1142 2376 :
1186 2342 1203 2374 ι
1244 2323 1367 2378 Sive
1398 2324 1699 2393 prophetiae
1726 2323 2026 2377 abolehun-

464 2431 573 2486 tur,
597 2420 711 2474 sive
736 2418 930 2488 linguae
956 2415 1396 2479 cessabunt,sivc
1415 2415 1642 2470 scientia
1663 2413 1937 2469 destruetu
1948 2429 2020 2466 ι’.»

463 2512 533 2568 Ει
559 2510 690 2582 quid
711 2518 794 2565 est
817 2523 947 2578 ergo
971 2509 1114 2578 quod
1136 2508 1460 2578 permanet?
1501 2525 1519 2558 α
1548 2506 1733 2570 Fides,
1764 2505 1937 2574 inquit
1957 2504 2027 2570 θ’,

463 2617 613 2672 spes,
643 2611 696 2656 et
729 2600 968 2656 charitas
1003 2621 1015 2654 :
1042 2599 1215 2670 major
1248 2607 1427 2653 autem
1467 2599 1679 2663 horum,
1706 2596 1962 2651 charitas.
2003 2615 2022 2647 ι

464 2695 532 2749 Et
577 2694 712 2759 sola,
757 2693 949 2762 inquit,
984 2709 1004 2742 ι
1041 2692 1279 2747 charitas
1304 2701 1407 2758 est,
1447 2706 1563 2762 quae
1591 2706 1859 2760 nunquam
1882 2692 2028 2747 exci-

461 2786 561 2841 dit.
589 2801 609 2835 ι
634 2784 756 2838 Ideo
781 2796 944 2850 super
966 2782 1324 2851 prophetiam,
1351 2797 1511 2850 super
1535 2782 1842 2844 scientiam,
1864 2796 2029 2849 super

456 2876 666 2941 ﬁdem,
710 2888 873 2943 super
914 2874 1088 2943 ipsum
1132 2872 1295 2927 etiam
1346 2873 1688 2942 martyrium,
1726 2883 1785 2926 ut
1826 2872 2028 2929 Paulus

459 2972 621 3027 docet
643 3010 657 3033 ,
720 2970 956 3027 charitas
1020 2967 1266 3022 habenda
1297 2976 1402 3029 est,
1424 2977 1478 3020 et
1502 2966 1743 3022 charitas
1765 2966 2021 3022 excolen-

456 3065 529 3118 da
557 3079 573 3116 :
601 3061 726 3131 quia
749 3071 805 3115 et
835 3078 854 3111 ‹
883 3062 1026 3116 Deus
1050 3058 1290 3115 charitas
1320 3070 1420 3123 est,
1452 3078 1470 3110 ι
1504 3066 1560 3113 et
1585 3058 1834 3113 Christus
1857 3057 2025 3112 Filius

462 3155 584 3224 ejus
612 3155 1020 3224 charitasest",
1039 3157 1130 3225 qui
1147 3153 1304 3208 nobis
1331 3152 1713 3221 perfectionem
1739 3152 2024 3206 charitatis

463 3249 667 3301 donare
695 3246 967 3315 dignetur.
988 3246 1097 3313 lpsi
1130 3244 1302 3315 gloria
1328 3256 1384 3299 et
1425 3245 1706 3313 imperium
1739 3244 1792 3299 in
1822 3244 2019 3300 smcula

463 3339 803 3397 saeculorum.
831 3339 1028 3393 Amen.

1034 3425 1321 3483 HOMILIA
1357 3426 1472 3483 XV.

916 3519 991 3574 De
1018 3518 1288 3589 praphetia
1315 3516 1557 3572 Balaam.

532 3618 585 3670 l.
618 3614 770 3670 Licet
798 3628 899 3669 nos
932 3612 1067 3667 ordo
1105 3610 1398 3667 lectionum
1440 3625 1562 3679 quae
1610 3609 1925 3678 recitantur,
1960 3610 2025 3664 de

464 3705 569 3760 illis
604 3705 786 3760 dicere
825 3705 995 3774 magis
1026 3703 1209 3770 exigat
1271 3716 1392 3771 quae
1435 3701 1607 3756 lector
1635 3700 1914 3771 explicuit,
1947 3710 2028 3754 ta-

452 3811 584 3855 men
609 3796 862 3866 quoniam
897 3793 1138 3850 nonnulli
1174 3792 1406 3847 fratrum
1432 3793 1734 3862 deposcunt
1756 3808 1819 3848 ea
1848 3794 2027 3863 potius

461 3904 582 3959 qua:
612 3890 680 3943 de
715 3889 994 3958 prophetia
1030 3888 1251 3943 Balaam
1281 3888 1482 3956 scripta
1512 3895 1674 3950 sunt,
1710 3886 1778 3940 ad
1822 3899 2028 3941 sermo-

460 3997 587 4038 nem
621 3981 1003 4051 disputationis
1024 3982 1243 4045 adduci,
1287 3995 1394 4035 non
1425 3980 1500 4035 ita
1524 3981 1703 4035 ordini
1732 3980 2022 4034 lectionum

460 4071 781 4131 satisfacere
833 4088 1046 4141 aequum
1082 4071 1328 4136 credidi,
1377 4080 1438 4126 ut
1472 4071 1761 4128 desideriis
1819 4072 2029 4127 audito-

461 4181 602 4223 rum.
636 4166 819 4221 Primo
854 4179 986 4234 ergo
1015 4165 1258 4220 oumium
1299 4166 1364 4220 de
1396 4166 1513 4234 ipso
1540 4163 1757 4217 Balaam
1780 4164 2028 4232 requira-

461 4274 619 4323 mus,
677 4273 774 4314 cur
819 4258 873 4311 in
922 4256 1219 4326 Scripturis
1257 4272 1402 4312 nunc
1436 4256 1832 4325 vituperabilis,
1884 4270 2027 4310 nunc

2127 414 2226 467 pro
2255 402 2725 458 maledictiouibus
2767 406 3172 461 benedictiones
3205 408 3401 476 populo
3434 408 3686 475 largitur,

2126 499 2179 543 et
2218 506 2412 547 nomen
2454 493 2617 549 Israel
2649 512 2812 563 supra
2858 497 3127 553 visibilem
3168 499 3391 567 gloriam
3447 498 3692 569 mySIicis

2126 585 2334 639 extollit
2360 586 2609 657 eloquiis.
2639 590 2770 644 Cum
2804 608 2932 660 ergo
2961 594 3074 646 haec
3117 605 3223 645 tam
3261 591 3471 645 diversa
3517 591 3583 643 de
3626 606 3692 642 eo

2126 686 2180 729 et
2211 685 2318 730 tam
2350 680 2500 733 varia
2544 683 2744 739 indicet
2776 686 3058 752 Scriptura
3109 684 3313 746 divina,
3372 682 3528 736 valde
3558 681 3689 735 mihi

2127 768 2344 824 diﬂicile
2378 773 2592 827 videtur
2620 789 2686 828 ex
2720 776 2940 830 definito
2973 786 3215 830 statuere
3238 776 3356 843 ejus
3378 787 3690 844 personam,

2127 860 2211 912 cui
2248 876 2350 914 non
2389 863 2563 916 solum
2599 867 2886 919 conveniat
2921 866 3022 918 ista
3077 864 3385 927 diversitas,
3419 878 3605 916 verum
3637 870 3696 916 et

2126 951 2255 1006 illud
2299 955 2472 1022 aptari
2530 956 2722 1023 possit,
2765 958 2906 1026 quod
2939 957 3055 1024 ipse
3090 959 3155 1010 de
3203 956 3494 1024 semetipso
3541 955 3691 1018 velut

2125 1046 2457 1115 prophetans
2498 1047 2631 1102 dicit
2660 1049 2702 1080 ⁷¹
2738 1067 2750 1101 :
2801 1066 2818 1099 ι
2851 1048 3111 1103 Moriatur
3150 1049 3328 1101 anima
3380 1062 3496 1101 mea
3553 1046 3698 1100 inter

2128 1138 2653 1207 auimasjustorum,
2691 1148 2745 1194 et
2781 1139 2874 1194 fiat
2897 1156 3084 1195 semen
3118 1155 3293 1193 meum
3324 1139 3466 1194 sicut
3503 1153 3691 1193 semen

2120 1226 2411 1296 iustorum.
2436 1249 2454 1282 ι
2497 1228 2602 1285 Sed
2632 1240 2687 1286 et
2714 1246 2810 1300 per
2832 1232 3113 1287 Micbteam
3144 1232 3463 1301 prophetam
3496 1230 3603 1284 tale
3623 1231 3694 1286 de

2124 1334 2189 1374 eo
2243 1320 2501 1376 Dominus
2542 1323 2906 1377 testimonium
2946 1323 3196 1393 perhibet
3221 1364 3235 1386 ,
3289 1322 3381 1377 ubi
3429 1322 3560 1376 dicit
3593 1321 3685 1375 ’ἐ

2131 1433 2149 1466 ι
2178 1414 2411 1485 P0pulus
2430 1432 2604 1482 meus,
2631 1418 2759 1487 quid
2783 1416 2882 1472 feci
2912 1418 3005 1472 tibi
3029 1418 3052 1471 ?
3088 1418 3352 1487 responde
3382 1417 3536 1480 mihi,
3564 1417 3691 1485 quia

2126 1508 2370 1561 revocavi
2401 1509 2466 1562 de
2513 1518 2654 1562 terra
2689 1507 2909 1579 Egypti
2940 1549 2954 1573 ,
3003 1518 3058 1563 et
3091 1524 3155 1564 ex
3198 1510 3360 1563 domo
3393 1507 3683 1563 servitutis

2125 1599 2348 1654 liberavi
2388 1611 2459 1665 te,
2493 1611 2548 1656 et
2584 1602 2704 1655 misi
2736 1611 2859 1656 aute
2894 1600 3090 1656 faciem
3134 1611 3279 1656 tuam
3309 1601 3553 1672 Moysen,
3581 1602 3696 1656 Aa-

2126 1706 2247 1757 ron,
2277 1702 2332 1747 et
2369 1690 2615 1747 Mariam.
2650 1693 2883 1763 Populus
2912 1709 3084 1758 meus,
3133 1702 3404 1749 memento
3436 1693 3564 1762 quid
3595 1707 3690 1746 co-

2125 1784 2376 1853 gitaverit
2410 1786 2695 1839 adversum
2744 1795 2795 1840 te
2835 1786 3032 1842 Balach
3086 1801 3180 1841 rex
3226 1787 3412 1853 Moab,
3458 1798 3513 1839 et
3560 1785 3694 1855 quid

2124 1878 2468 1946 responderit
2491 1879 2541 1933 ei
2572 1878 2788 1933 Balaam
2829 1878 2971 1934 filius
3000 1878 3158 1945 Beor,
3186 1894 3214 1932 a
3240 1878 3494 1933 funiculis
3520 1893 3691 1946 usque

2125 1970 2178 2024 in
2217 1968 2405 2036 Galgal
2437 1978 2492 2024 ut
2523 1970 3137 2041 agnoscereturjustitia
3171 1970 3401 2025 Domini.
3444 1989 3461 2021 ι
3496 1969 3693 2026 Osten-

2126 2060 2206 2114 dit
2233 2073 2364 2127 ergo
2406 2073 2504 2129 per
2538 2061 2653 2114 haec
2681 2062 2808 2130 quia
2844 2071 2901 2115 ut
2934 2061 3148 2130 justitia
3184 2061 3397 2115 Domini
3430 2076 3689 2130 agnosce-

2126 2159 2307 2213 retur,
2333 2158 2614 2220 propterea
2643 2152 2729 2204 illa
2765 2151 2945 2206 omnia
2978 2152 3255 2220 respondit
3285 2151 3501 2205 Balaam
3545 2151 3688 2205 Illius

2126 2240 2264 2296 Beor
2290 2241 2358 2296 ad
2390 2257 2568 2309 regem
2597 2242 2816 2309 Balach,
2862 2257 2984 2313 qua:
3031 2242 3230 2312 scripta
3281 2243 3591 2297 referuntur
3632 2244 3685 2297 in

2127 2334 2302 2387 lihris.
2340 2333 2403 2387 Et
2435 2334 2558 2402 quis
2591 2343 2748 2403 putas
2773 2334 3082 2389 invenietur
3115 2335 3236 2389 talis
3258 2377 3272 2400 ,
3305 2335 3397 2403 qui
3426 2337 3598 2404 possit
3622 2351 3684 2389 ex

2128 2428 2258 2495 ipsis
2281 2428 2555 2496 responsis
2585 2426 2801 2481 Balaam
2829 2429 3113 2482 ostendere
3152 2429 3294 2498 quod
3340 2429 3432 2482 Dei
3477 2427 3687 2494 justitia

2129 2516 2507 2571 manifestetur
2540 2518 2593 2571 in
2625 2518 2742 2571 eis?
2773 2518 2980 2572 Revera
3010 2518 3152 2573 enim
3180 2519 3223 2572 si
3252 2534 3435 2573 sermo
3469 2520 3562 2573 Dei
3594 2536 3687 2588 po-

2129 2609 2265 2665 situs
2304 2621 2385 2664 est
2411 2610 2463 2663 in
2499 2625 2595 2664 ore
2624 2609 2760 2678 ejus,
2790 2620 2845 2665 et
2878 2610 3116 2681 Spiritus
3163 2612 3253 2665 Dei
3289 2613 3466 2666 factus
3489 2622 3573 2667 est
3598 2630 3689 2665 su-

2128 2714 2224 2769 per
2254 2698 2430 2763 illum,
2459 2710 2513 2754 et
2537 2699 2752 2768 justitia
2782 2700 2873 2757 Dei
2905 2718 2970 2758 ex
3005 2707 3279 2772 responsis
3300 2708 3420 2773 ejus
3443 2705 3689 2773 agnosci-

2130 2800 2217 2846 tur
2240 2800 2294 2845 et
2321 2792 2710 2855 manifestatur,
2735 2792 3047 2849 omnimode
3080 2809 3199 2863 quae
3230 2797 3296 2849 ab
3322 2809 3388 2849 eo
3411 2795 3687 2860 dicuntur,

2130 2883 2344 2937 nonnisi
2397 2882 2711 2952 prophetica
2752 2892 2806 2937 et
2854 2884 3032 2939 divina
3087 2900 3207 2941 esse
3243 2887 3510 2940 credenda
3540 2895 3685 2941 sunt.

2130 2974 2387 3042 Quamvis
2422 2975 2634 3031 difﬁcile
2665 2976 2860 3031 alicubi
2891 2977 3153 3045 scriptum
3196 2977 3441 3047 legamus
3471 2978 3538 3041 ⁷³,
3564 2979 3686 3047 quia

2126 3064 2305 3121 factus
2338 3075 2418 3120 est
2447 3065 2681 3135 Spiritus
2706 3065 2798 3121 Dei
2822 3080 2986 3136 super
3006 3068 3237 3136 aliquem
3263 3070 3685 3138 prophetarum:

2127 3158 2223 3213 sed
2256 3164 2349 3211 aut
2380 3157 2516 3212 visio
2541 3172 2707 3226 quam
2743 3157 2898 3224 vidit,
2929 3166 3023 3211 aut
3072 3160 3370 3228 assumptio
3395 3160 3544 3214 verbi
3573 3160 3685 3225 Dei,

2126 3257 2222 3302 aut
2252 3247 2345 3301 Dei
2376 3249 2607 3301 verbum
2645 3247 2844 3302 factum
2873 3256 2957 3301 est
2987 3248 3053 3302 ad
3086 3248 3259 3316 illum,
3291 3250 3372 3303 vel
3417 3252 3482 3304 ad
3517 3251 3688 3318 illum,

2126 3349 2182 3393 et
2212 3340 2314 3393 alia
2343 3341 2587 3409 quaedam
2621 3342 2687 3395 de
2710 3341 2992 3411 prophetis
3017 3342 3266 3409 legimus.
3303 3342 3533 3397 Factum
3565 3360 3690 3398 vero

2125 3444 2248 3484 esse
2296 3428 2556 3498 Spiritum
2613 3428 2703 3484 Dei
2753 3444 2919 3499 super
2972 3430 3209 3500 aliquem
3259 3437 3688 3503 prophetarum,

2128 3520 2324 3590 legisse
2356 3520 2422 3573 ad
2454 3535 2699 3591 praesens
2735 3521 2954 3576 interim
3005 3537 3114 3575 non
3170 3525 3447 3590 recordor,
3488 3526 3589 3578 nisi
3625 3526 3691 3579 de

2128 3610 2295 3666 David
2329 3610 2402 3665 ita
2438 3611 2701 3680 scriptum
2738 3612 2956 3666 memini
2988 3613 3034 3644 ἰδ
3066 3632 3078 3667 :
3119 3631 3138 3665 ι
3167 3612 3233 3667 Et
3263 3618 3691 3683 apparuitnsirc

2128 3701 2578 3775 «illuxitSpiritus
2608 3705 2700 3759 Dei
2734 3719 2898 3773 super
2944 3704 3111 3760 David
3141 3720 3173 3759 a
3199 3705 3288 3760 die
3316 3706 3427 3770 illa,
3454 3717 3508 3761 et
3537 3709 3689 3762 dein-

2127 3814 2286 3869 ceps;
2319 3818 2336 3850 ι
2394 3814 2501 3853 non
2548 3807 2726 3852 tamen
2776 3797 2954 3853 factus
2988 3808 3069 3853 est
3119 3797 3356 3867 Spiritus
3403 3798 3495 3852 Dei
3529 3815 3690 3867 super

2128 3889 2318 3944 David.
2369 3890 2440 3944 De
2470 3888 2604 3944 Saul
2630 3904 2761 3943 vero
2793 3890 2868 3943 ita
2905 3890 3127 3943 memini
3157 3889 3418 3957 scriptum
3447 3890 3495 3923 ⁷³
3525 3909 3537 3943 :
3568 3909 3588 3942 ι
3627 3892 3689 3944 Et

2127 3976 2343 4032 decidet
2377 3976 2613 4045 Spiritus
2652 3977 2867 4030 Domini
2911 3991 3077 4045 super
3117 3987 3167 4031 te
3192 4019 3207 4043 ,
3251 3987 3306 4032 et
3345 3980 3693 4047 prophetabis

2128 4080 2249 4122 cum
2300 4067 2453 4135 ipsis,
2505 4075 2562 4119 et
2597 4065 2934 4119 converteris
2977 4064 3028 4117 iu
3068 4066 3242 4118 virum
3274 4065 3524 4119 alterum.
3550 4084 3568 4115 ι
3628 4064 3692 4118 Et

2133 4158 2327 4211 iterum
2381 4158 2445 4211 de
2489 4156 2676 4211 eodem
2723 4156 2922 4210 dicitur
2952 4156 3038 4208 7°:
3078 4156 3244 4228 326
3280 4174 3298 4208 ‹
3342 4156 3410 4210 Et
3457 4154 3691 4225 Spiritus

2127 4247 2341 4302 Domini
2378 4247 2625 4302 discessit
2651 4262 2678 4299 a
2723 4246 2871 4310 Saul,
2905 4247 3264 4316 obstupefecit
3303 4262 3425 4302 eum
3455 4248 3688 4316 Spiritus

460 4351 749 4407 laudabilis
783 4352 1018 4419 ponitur,
1049 4350 1184 4405 Nam
1212 4349 1589 4420 vituperabilis
1619 4359 1722 4413 est,
1751 4363 1871 4403 cum
1900 4362 2025 4416 pro.
2056 4372 2101 4426 Β
2129 4337 2392 4408 malignus
2420 4355 2449 4391 a
2474 4338 2719 4394 Domino.
2748 4358 2766 4390 ι
2800 4338 2865 4391 Et
2898 4340 3090 4392 iterum
3115 4340 3160 4370 ⁷⁷
3189 4356 3202 4393 :
3234 4359 3254 4391 ι
3287 4340 3352 4392 Ει
3381 4340 3581 4394 factum
3608 4350 3691 4395 est

462 4445 667 4499 hibitus
706 4460 734 4497 a
772 4445 879 4498 Deo
911 4443 1099 4497 venire
1124 4445 1192 4499 ad
1223 4458 1428 4515 regem,
1456 4441 1703 4512 persistit
1730 4449 1788 4493 ut
1815 4441 2022 4508 veniat,

459 4545 516 4590 et
551 4534 816 4589 mercedis
844 4534 1071 4603 cupidus
1112 4534 1308 4589 iterum
1355 4532 1631 4598 consulit,
1683 4531 1880 4587 iterum
1931 4546 2024 4586 re-

458 4630 626 4698 quirit
659 4644 688 4683 a
726 4631 853 4693 Deo,
889 4629 1063 4683 donec
1087 4628 1428 4697 relinquatur
1463 4625 1855 4696 cupiditatibus
1885 4625 2019 4689 suis,

457 4697 515 4778 et
541 4732 630 4778 eat
663 4723 714 4775 in
743 4722 1109 4776 voluntatibus
1136 4721 1271 4775 suis.
1302 4718 1594 4789 Culpabilis
1620 4729 1724 4784 est,
1745 4734 1865 4775 cum
1890 4719 2021 4774 aedi-

458 4816 589 4871 ﬁcat
626 4829 772 4878 aras,
800 4823 854 4869 et
885 4814 1136 4869 victimas
1176 4812 1408 4883 imponit
1432 4811 1733 4877 daemoniis,
1769 4818 1829 4865 et
1857 4825 2022 4880 appa-

458 4915 582 4962 ratu
622 4908 831 4979 magico
858 4907 1035 4977 poscit
1063 4906 1241 4960 divina
1279 4904 1549 4961 consulta.
1581 4902 1884 4967 Culpabilis
1918 4911 2022 4967 est,

366 5066 373 5073 _
440 4992 585 5054 cum
599 4999 884 5053 consilium
905 4999 1198 5067 pessimum
1226 4997 1341 5062 dat,
1374 5004 1435 5051 ut
1456 4994 1688 5065 populus
1718 4995 2024 5064 decipiatur

459 5108 556 5161 per
583 5092 836 5147 mulieres
859 5090 1237 5146 Madiauitidas
1265 5098 1318 5145 et
1338 5089 1541 5144 cultum
1566 5089 1853 5144 idolorum.
1879 5088 2021 5142 Rur-

458 5201 552 5243 sus
576 5186 863 5241 laudabilis
889 5186 1213 5251 ostenditur,
1253 5199 1378 5239 cum
1409 5184 1633 5238 verbum
1681 5183 1775 5238 Dei
1806 5181 2026 5251 ponitur

459 5282 516 5335 in
552 5294 649 5335 ore
678 5293 814 5346 ejus,
868 5293 993 5333 cum
1034 5277 1271 5347 Spiritus
1304 5275 1398 5331 Dei
1434 5276 1494 5331 fit
1523 5290 1687 5346 super
1720 5291 1862 5341 eum,
1896 5290 2019 5330 cum

459 5370 526 5425 de
554 5369 770 5425 Christo
802 5369 1107 5439 prophetat,
1158 5382 1280 5422 cum
1324 5366 1528 5424 Iudaeis
1562 5378 1616 5423 et
1672 5367 1926 5438 gentibus
1954 5367 2021 5421 de

548 5487 591 5518 ⁸⁸
624 5487 871 5540 Μίιιιιωιι
901 5486 991 5540 28.
1087 5485 1130 5517 "
1157 5484 1314 5541 Joan.
1345 5503 1499 5549 xvtu,
1536 5488 1619 5541 Μ.

1729 5487 1773 5518 ⁸⁸
1800 5486 1815 5539 1
1846 5487 1971 5549 Cor.
2007 5501 2125 5549 xm,
2157 5485 2210 5539 8.

2133 4447 2254 4485 cum
2280 4441 2421 4484 esset
2448 4430 2673 4499 spiritus
2708 4429 2878 4483 malus
2908 4431 2974 4483 ad
3008 4429 3162 4493 Saul,
3204 4431 3497 4498 assumpsit
3524 4431 3687 4484 David

2131 4522 2447 4592 psalterium
2484 4532 2537 4576 et
2574 4522 2839 4589 psallehat
2867 4524 2919 4574 iu
2966 4523 3218 4577 manibus
3250 4526 3386 4588 suis,
3420 4533 3473 4579 et
3498 4538 3691 4593 percu-

2134 4610 2319 4673 tiebat,
2353 4620 2408 4664 et
2434 4620 2548 4664 erat
2581 4611 2781 4664 bonum
2808 4612 2880 4678 ei,
2916 4621 2971 4665 et
2998 4612 3309 4667 discedebat
3338 4614 3402 4668 ab
3436 4628 3500 4667 eo
3533 4614 3690 4684 spiri-

2128 4711 2214 4756 tus
2245 4701 2530 4771 malignus.
2564 4720 2582 4752 ι
2621 4702 2748 4756 lla-c
2776 4716 2874 4772 pro
2917 4717 3003 4769 eo,
3051 4702 3193 4771 quod
3242 4704 3476 4758 medium
3516 4713 3691 4773 potest

2128 4793 2296 4847 videri
2353 4795 2453 4847 hoc
2502 4796 2644 4862 quod
2686 4794 2949 4863 scriptum
2999 4804 3082 4850 est
3108 4794 3196 4849 ⁷⁸ε
3240 4814 3259 4847 (
3292 4795 3358 4849 Et
3389 4794 3562 4849 factus
3610 4806 3692 4850 est

2126 4885 2363 4956 Spiritus
2391 4884 2604 4940 Domini
2638 4901 2800 4954 super
2831 4902 2978 4941 eum.
3017 4907 3036 4937 ι
3074 4886 3307 4958 Propter
3336 4890 3479 4957 quod
3506 4896 3560 4942 et
3594 4904 3690 4942 nos

2124 4979 2418 5031 secundum
2456 4992 2520 5032 ea
2570 4992 2688 5047 quae
2728 4979 3013 5048 superiore
3047 4989 3283 5034 tractatu
3323 4994 3686 5044 seuseramus,

2123 5072 2282 5125 etiam
2320 5085 2461 5125 nunc
2497 5070 2551 5125 iu
2593 5070 2992 5125 Phariszcorutn
3027 5080 3083 5124 et
3125 5072 3457 5136 scribarum,
3501 5070 3689 5140 eisque

2125 5170 2378 5225 similium
2399 5185 2626 5239 persona
2652 5172 2795 5226 hunc
2821 5174 2995 5242 ipsum
3022 5171 3244 5225 Balaam
3283 5172 3561 5241 explicare
3598 5186 3688 5225 co-

2129 5273 2396 5329 nabimur.
2434 5274 2539 5330 Sed
2575 5289 2673 5345 age
2716 5274 2827 5346 jam
2858 5275 3154 5345 prophetiae
3191 5278 3310 5345 ejus
3352 5278 3542 5340 verba,
3571 5289 3687 5343 qua:

2129 5374 2403 5435 assumpta
2434 5365 2691 5436 parabola
2721 5381 2820 5421 sua
2853 5366 3055 5421 dixisse
3079 5366 3356 5431 scribitur,
3386 5366 3683 5419 videamus.

2301 5484 2345 5518 ⁶⁹
2385 5486 2514 5539 ibid.
2544 5486 2608 5538 l5
2635 5495 2689 5540 et
2715 5485 2769 5540 8.
2867 5484 2914 5515 "°
2940 5483 2956 5537 Ι
2978 5482 3218 5549 Joan.tv,
3254 5483 3341 5537 16.
3453 5483 3495 5513 ⁷⁸
3523 5480 3681 5535 Num.

458 5558 726 5627 xxtu,10.
800 5559 845 5589 τ’
879 5557 1041 5627 Mich.
1073 5572 1147 5620 vt,
1171 5558 1226 5620 5.
1254 5558 1311 5622 4,
1346 5557 1398 5611 5.
1476 5546 1520 5591 ⁷⁷³
1553 5558 1572 5611 ι
1604 5559 1731 5627 Reg.
1768 5574 1880 5627 xIx,
1903 5546 1995 5612 25.

2149 5554 2168 5607 l
2206 5556 2337 5627 Reg.
2370 5571 2481 5620 xvi,
2526 5556 2609 5609 l5.
2689 5554 2927 5627 "IReg.
2961 5571 3016 5621 x,
3041 5556 3095 5610 6.
3146 5546 3249 5608 ⁷⁸⁷1
3279 5553 3410 5624 Reg.
3446 5569 3557 5621 xvi,
3596 5549 3679 5604 M.

459 5626 501 5656 "
534 5629 663 5684 ibid.
698 5626 789 5682 2'5.
888 5628 932 5659 ⁷⁸
957 5626 1116 5682 Νιιιιι.
1148 5644 1306 5697 xxm,
1337 5628 1391 5682 6.
