4074 6156
447 202 556 257 685

1621 210 1688 267 IN
1727 210 2058 268 NUMEROS
2086 211 2372 272 HOMILIA
2408 218 2524 274 XV.

3593 235 3699 292 688

452 336 473 370 ι
506 319 582 373 Ex
610 319 1025 391 Mesopotamia,
1054 326 1224 395 inquit
1251 329 1318 393 ⁷ο,
1353 332 1564 384 vocavit
1597 347 1680 386 me
1705 332 1902 386 Balach
1928 347 2022 386 rex
2051 335 2095 392 A
2127 332 2307 391 dinem
2355 339 2628 411 ﬁngimus,
2658 348 2717 397 ut
2748 356 2972 400 sensum
3012 359 3078 401 ex
3113 347 3328 421 integro
3358 352 3693 425 colligamus.

451 410 629 478 Moab,
665 428 733 468 ex
759 417 1041 472 montibus
1072 420 1322 475 orientis.
1365 440 1385 473 ι
1421 422 1863 494 Mesopotamiam
1892 427 2022 480 dicit

442 510 649 559 terram
710 520 832 574 qua:
891 508 1034 563 inter
1082 509 1306 567 ﬂumina
1357 514 1671 586 Babyloniae
1718 516 1897 582 jacet,
1953 517 2021 570 de

1206 624 1224 656 ι
1266 605 1440 676 Super
1487 604 1704 660 ﬂumina
1733 607 2020 676 Babylonis

440 594 644 664 quibus
674 600 939 666 scriptum
972 610 1053 655 est
1076 602 1121 633 ⁸ο
1153 621 1167 657 :

445 686 558 741 illic
591 690 852 757 sedimus,
872 699 926 747 et
948 690 1219 762 ﬂevimus,
1239 696 1364 752 dum
1385 701 1804 754 recordaremur
1830 700 2012 755 Sion.»

443 777 503 832 Si
534 781 657 846 quis
687 795 816 850 ergo
850 784 994 837 inter
1026 784 1126 840 ista
1163 785 1382 842 ﬂumina
1423 788 1587 844 fuerit
1611 790 1921 861 Babylonis,
1971 791 2015 846 si

438 873 566 939 quis
604 874 977 931 rheumatibus
1030 877 1273 933 libidinis
1332 881 1647 949 inundatur,
1699 895 1755 941 et
1791 885 2016 941 luxuria:

442 960 666 1016 testibus
692 964 1074 1021 circumluitur
1105 1008 1118 1033 ,
1167 969 1269 1023 iste
1324 988 1429 1026 non
1481 974 1682 1029 dicitur
1717 987 1887 1042 stare,
1921 980 2014 1034 sed

442 1053 666 1120 sedere;
699 1065 753 1108 et
791 1056 910 1112 ideo
941 1060 1034 1127 qui
1063 1060 1136 1114 ibi
1166 1061 1543 1131 comprehensi
1573 1079 1697 1121 sunt
1723 1070 2011 1123 dicebant:

446 1163 467 1196 t
505 1145 679 1215 Super
700 1147 917 1204 ﬂttmina
944 1150 1232 1223 Babylonis
1250 1155 1359 1210 illic
1382 1158 1645 1223 sedimus,
1670 1173 1721 1215 et
1744 1160 2009 1228 ﬂevimus,

439 1235 568 1291 dum
620 1239 1037 1295 recordaremur
1080 1244 1236 1299 Sion.
1266 1265 1286 1298 ι
1327 1248 1433 1302 Sed
1489 1265 1589 1305 nec
1629 1250 1760 1307 ﬂere
1795 1255 2010 1322 quidem

438 1337 571 1381 ante
607 1339 860 1397 possunt,
884 1334 991 1387 nisi
1020 1350 1141 1388 cum
1189 1339 1460 1394 recordati
1500 1340 1699 1397 fuerint
1729 1344 1878 1399 Sion.
1910 1347 2014 1403 Bo-

437 1433 633 1474 norum
673 1438 910 1492 namque
938 1428 1244 1483 recordatio
1294 1432 1555 1488 malorum
1585 1451 1775 1491 causas
1805 1439 2012 1493 lamen-

438 1510 630 1567 tahiles
662 1512 810 1568 facit.
840 1515 955 1570 Nisi
999 1520 1142 1572 enim
1175 1523 1296 1589 quis
1333 1527 1646 1581 recordetur
1683 1528 1812 1583 Sion
1842 1570 1856 1595 ,
1909 1532 2009 1586 nisi

436 1602 612 1672 legem
641 1604 733 1658 Dei
766 1616 819 1661 et
852 1608 1266 1679 Scripturarum
1321 1628 1534 1673 montes
1581 1622 1836 1691 aspiciat,
1870 1625 2008 1679 tuala

2124 424 2310 483 Potest
2345 446 2474 501 ergo
2524 434 2631 488 dici
2670 449 2686 487 :
2727 454 2745 487 ι
2778 436 2936 500 Veni,
2983 438 3214 497 maledic
3259 444 3389 499 mihi
3420 424 3608 514 Jacob,
3638 464 3694 507 et

2124 518 2282 585 veni‘,
2333 523 2730 588 supermaledic
2762 527 2896 581 mihi
2943 528 3131 585 Israel.
3166 548 3185 582 ι
3221 529 3325 587 Per
3344 539 3485 603 quod
3508 547 3695 595 osten-

2125 607 2274 661 ditur
2298 609 2501 665 idcirco
2527 627 2708 670 sermo
2739 617 3022 685 repetitus,
3057 623 3392 692 utampliore
3411 629 3462 680 vi
3488 637 3541 683 et
3571 646 3690 685 ma-

2115 697 2238 766 jore
2292 703 2593 762 intentione
2637 709 3076 769 maledictionem
3113 715 3167 769 in
3218 716 3383 773 Israel
3428 735 3589 790 quam
3630 723 3687 779 in

2118 791 2288 848 Iacob
2347 797 2551 853 Balach
2605 801 2883 859 videretur
2935 821 3252 876 exposcere.
3314 810 3496 869 Donec
3540 817 3686 872 enim

2123 887 2247 955 quis
2297 898 2505 943 tantum
2548 891 2715 949 Jacob
2753 906 2859 961 est,
2903 897 3006 953 hoc
3044 909 3127 956 est
3171 901 3223 956 in
3269 907 3480 962 actibus
3511 909 3684 965 solum

2119 988 2174 1031 et
2227 982 2481 1049 operibus
2540 986 2786 1053 positus,
2828 989 3182 1049 inferioribus
3216 996 3686 1057 maledictionibus

2119 1070 2484 1140 impugnatur.
2546 1075 2644 1130 Ubi
2695 1088 2877 1135 autem
2925 1082 3239 1151 profecerit,
3278 1096 3332 1142 et
3368 1089 3683 1151 interiorem

2117 1161 2393 1216 hominem
2426 1164 2493 1217 ad
2519 1166 2807 1223 videndum
2836 1172 3005 1228 Deum
3038 1176 3276 1233 revelato
3305 1184 3503 1238 mentis
3526 1187 3685 1243 oculo

2118 1266 2384 1309 exacuere
2418 1257 2531 1329 (59)
2563 1269 2617 1313 et
2650 1277 2948 1331 provocare
2990 1265 3102 1335 jam
3133 1272 3380 1340 coeperit,
3424 1284 3546 1331 tunc
3577 1294 3681 1334 non

2117 1345 2290 1399 solum
2325 1349 2625 1405 maledictis
2649 1355 2983 1423 ab,inimico,
3012 1360 3104 1414 sed
3121 1370 3175 1415 et
3195 1366 3682 1436 supermaledictis,

2116 1439 2220 1493 hoc
2259 1450 2337 1494 est
2390 1444 2889 1503 vehementioribus
2923 1450 3331 1510 maledictorum
3358 1457 3554 1526 jaculls
3583 1463 3684 1517 im-

2114 1529 2459 1599 pugnabitur.
2487 1533 2591 1588 Sed
2622 1545 2747 1590 tunc
2770 1539 2987 1604 quidem
3016 1554 3078 1596 os
3100 1541 3317 1599 Balaam
3348 1548 3683 1608 maledictio-

2116 1636 2182 1676 ne
2207 1634 2260 1677 et
2287 1625 2648 1680 amaritudine
2689 1628 2910 1697 plenum
2943 1643 3085 1701 erat,
3119 1644 3173 1688 et
3220 1638 3322 1693 sub
3353 1639 3530 1710 lingua
3565 1643 3683 1712 ejus

435 1708 534 1747 sua
563 1692 695 1749 ﬂere
725 1712 830 1751 ηοη
858 1698 1070 1769 incipit,
1103 1703 1181 1756 Ex
1205 1706 1325 1760 istis
1353 1721 1486 1777 ergo
1512 1689 1825 1765 ﬂuminibus
1849 1728 2010 1769 voca-
2044 1689 2084 1742 Β
2113 1709 2264 1764 labor
2288 1720 2343 1764 et
2373 1711 2549 1778 dolor,
2581 1725 2632 1768 et
2667 1689 2896 1772 sedebat
2927 1719 2979 1774 in
3011 1689 3220 1780 InSidilS
3249 1742 3371 1782 cum
3400 1689 3681 1792 divitibits.

436 1794 529 1838 tur
558 1783 802 1854 Balaam,
835 1790 981 1844 etab
1011 1792 1131 1847 istis
1168 1795 1397 1850 orientis
1428 1800 1704 1856 montibus
1731 1801 2007 1858 invitatur.

434 1875 646 1933 Montes
680 1879 768 1934 isti
798 1895 904 1935 non
931 1894 1058 1937 sunt
1089 1887 1265 1940 sancti
1304 1901 1512 1944 montes
1562 1891 1659 1956 illi,
1705 1893 1772 1949 de
1813 1895 2008 1963 quibus

435 1972 696 2040 scriptum
737 1982 824 2028 est
848 1975 939 2028 είς
988 1994 1008 2028 ι
1056 1977 1432 2036 Fundamenta
1483 1982 1601 2051 ejus
1637 1986 1691 2039 in
1736 1990 2009 2045 montibus

437 2066 664 2119 sanctis.
699 2085 718 2118 ι
750 2066 815 2120 Et
848 2068 1043 2123 iterum
1069 2069 1116 2102 ⁸³
1147 2089 1161 2125 :
1192 2092 1210 2123 ι
1239 2072 1536 2129 Jerusalem
1558 2093 1677 2146 quae
1707 2079 2008 2137 aediﬁcatur

434 2171 496 2214 ut
516 2160 731 2226 civitas,
768 2163 924 2232 cujus
952 2166 1303 2236 participatio
1334 2168 1453 2238 ejus
1479 2171 1534 2222 in
1572 2170 1828 2241 idipsum.
1857 2173 2007 2228 Mon-

433 2260 517 2305 tes
553 2252 604 2305 in
643 2254 873 2310 circuitu
904 2255 1043 2326 ejus,
1072 2269 1129 2313 et
1152 2259 1413 2315 Dominus
1452 2261 1503 2315 in
1540 2263 1773 2317 circuitu
1821 2267 2001 2334 populi

432 2342 515 2396 sui
540 2343 607 2396 ⁸³.
650 2362 669 2395 ι
704 2343 822 2399 Non
849 2356 976 2401 sunt
999 2363 1129 2415 ergo
1165 2349 1300 2403 tales
1330 2350 1726 2419 Mesopotamiae
1756 2367 1967 2411 montes
1988 2397 2003 2422 ,

430 2436 526 2489 sed
555 2436 650 2501 illi,
687 2437 753 2493 de
783 2439 983 2507 quibus
1014 2441 1217 2496 dicitur
1238 2442 1286 2474 8‘
1313 2462 1326 2497 :
1367 2462 1384 2494 ι
1417 2443 1626 2500 Montes
1665 2448 1956 2514 tenebrosi,
1979 2468 1998 2500 ι

429 2541 487 2585 et
518 2532 719 2587 iterum
762 2535 828 2588 de
873 2550 980 2604 quo
1020 2535 1222 2590 dicitur
1255 2537 1301 2569 ⁸⁵
1338 2555 1352 2592 :
1412 2556 1430 2588 ι
1469 2538 1607 2594 Ecce
1660 2555 1759 2610 ego
1808 2542 1875 2594 ad
1928 2552 2001 2608 te,

431 2638 589 2678 mons
612 2634 892 2695 corrupte.
931 2646 950 2680 ι
989 2628 1085 2681 Isti
1140 2636 1269 2682 sunt
1314 2639 1526 2683 montes
1566 2630 1619 2683 in
1671 2632 1868 2700 quibus
1921 2642 2005 2688 est

428 2716 609 2770 omnis
663 2717 891 2773 altitudo
937 2720 1206 2775 extollens
1251 2734 1311 2776 se
1363 2721 1650 2777 adversum
1717 2725 2001 2779 scientiam

427 2807 523 2861 Dei
553 2808 622 2862 “.
670 2810 754 2865 Ab
783 2811 903 2866 istis
947 2827 1079 2882 ergo
1111 2814 1389 2869 montibus
1429 2815 1730 2868 accersitur
1783 2814 1998 2870 Balaam

429 2898 538 2954 hic.
570 2899 774 2967 Quales
797 2914 979 2957 autent
1008 2904 1097 2959 isti
1126 2916 1254 2960 sunt
1280 2916 1512 2967 montes,
1540 2905 1698 2959 talem
1726 2905 1927 2962 habent
1948 2919 2002 2963 et

427 2993 719 3051 orientem.
754 2994 927 3051 Habet
965 2996 1109 3050 enim
1154 3007 1210 3052 et
1253 3006 1434 3052 ortum
1476 2999 1693 3053 luminis
1745 3000 1827 3054 sui
1874 2999 1996 3064 ille,
2027 3024 2069 3080 ε

426 3084 523 3155 qui
553 3087 827 3141 convertit
858 3103 918 3142 se
944 3088 1086 3142 sicut
1112 3089 1359 3158 angelum
1388 3089 1523 3146 lucis
1549 3090 1614 3143 ⁸⁷.
1643 3089 1816 3145 Habet
1854 3091 1996 3145 illam

427 3177 601 3230 lucem
629 3216 645 3239 ,
697 3177 765 3231 de
808 3192 915 3246 qua
956 3181 1218 3248 scriptum
1255 3190 1339 3235 est
1363 3180 1449 3232 ⁸⁸ε
1484 3198 1503 3231 ι
1539 3180 1651 3234 Lux
1700 3182 1990 3251 impiorum

424 3267 824 3338 exstinguetur.
864 3288 882 3320 ι
917 3267 984 3322 Ει
1021 3270 1307 3325 sicut~ista
1351 3270 1439 3325 lux
1476 3271 1797 3340 impiorum,
1825 3282 1882 3327 et
1910 3274 1999 3328 illa

425 3375 548 3428 quae
567 3362 836 3414 convertit
882 3377 941 3415 se
974 3364 1116 3416 sicut
1154 3363 1402 3433 angelum
1432 3363 1589 3429 lucis,
1615 3365 1887 3419 contraria
1917 3376 1999 3421 est

427 3448 506 3504 illi
543 3450 680 3515 luci,
715 3466 837 3520 qua:
863 3452 1079 3506 dicebat
1101 3452 1145 3484 ⁸⁸
1175 3471 1186 3505 :
1212 3471 1232 3504 ι
1264 3452 1373 3523 Ego
1412 3469 1534 3508 sum
1565 3454 1653 3510 lux
1700 3457 1880 3510 mundi
1912 3474 1927 3522 ;
1972 3476 1992 3510 ι

426 3544 503 3598 ita
541 3553 595 3599 et
631 3544 732 3600 iste
761 3546 946 3600 oriens
975 3546 1290 3600 contrarius
1320 3558 1408 3602 est
1435 3548 1511 3601 illi
1547 3548 1767 3613 orienti,
1798 3551 1864 3604 de
1888 3564 1996 3618 quo

427 3634 694 3703 scriptum
746 3644 831 3690 est
868 3637 921 3689 in
975 3636 1240 3692 Zacharia
1279 3638 1366 3692 ’°:
1404 3657 1422 3691 ι
1459 3638 1596 3693 Ecce
1640 3640 1750 3705 vir,
1799 3639 1995 3696 Oriens

425 3741 626 3781 nomen
652 3728 771 3797 ejus
794 3737 932 3782 est.)
962 3728 1038 3782 Ex
1066 3729 1211 3784 illius
1238 3744 1387 3800 ergo,
1431 3746 1540 3785 non
1578 3730 1739 3798 hujus
1767 3733 1997 3787 orientis

424 3818 628 3874 ﬁnibus
655 3820 908 3875 veniebat
935 3819 1183 3885 Balaam,
1218 3821 1553 3878 illuminatus
1594 3824 1713 3878 sine
1740 3824 1904 3878 dubio
1928 3824 1996 3878 ab

423 3910 515 3966 illo
537 3911 816 3978 Lucifero,
850 3914 916 3967 de
945 3928 1053 3983 quo
1085 3913 1284 3968 dicitur
1306 3914 1349 3945 ⁹¹
1378 3931 1391 3967 :
1424 3932 1442 3964 ι
1475 3914 1759 3980 Quomodo
1798 3916 1997 3970 cecidit

424 4005 490 4060 de
516 4006 654 4060 cmlo
685 4005 921 4075 Lucifer,
951 4007 1044 4077 qui
1072 4022 1232 4062 mane
1258 4006 1583 4062 oriebatur?
1609 4027 1629 4061 ι

490 4097 547 4153 2.
579 4096 685 4153 Sed
713 4098 999 4153 videamus
1022 4098 1150 4166 quid
1178 4097 1312 4152 dicit
1337 4099 1409 4152 illi
1440 4098 1636 4153 Balach
1680 4113 1773 4154 rex
1817 4097 1993 4163 Moab,

423 4188 515 4258 qui
549 4189 835 4244 accersivit
870 4203 994 4244 eum
1034 4204 1066 4242 e
1095 4189 1273 4242 medio
1310 4188 1589 4242 ﬂuminum
1626 4190 1692 4243 de
1723 4189 1996 4243 montibus

424 4282 672 4337 orientis.
711 4299 730 4332 ι
765 4280 921 4345 Veni,
956 4281 1132 4351 inquit
1172 4280 1242 4345 ⁸⁸,
1277 4290 1331 4336 et
1375 4280 1607 4336 maledic
1650 4281 1781 4335 mihi
1803 4280 1992 4351 Jacob,

2110 1801 2477 1872 Exspectabat
2500 1806 2645 1859 enim
2677 1811 2954 1866 mercedes
2982 1829 3012 1866 a
3038 1815 3203 1871 divite
3229 1834 3372 1888 rege,
3410 1834 3469 1878 ut
3501 1825 3554 1879 in
3585 1842 3678 1882 oc-

2109 1892 2271 1948 cultis
2326 1894 2660 1950 interﬁceret
2717 1899 3059 1956 innocentes.
3099 1903 3203 1960 Sed
3238 1907 3378 1964 Deus
3417 1911 3506 1980 qui
3549 1913 3681 1970 facit

2110 1998 2327 2053 semper
2355 1984 2627 2043 mirabilia
2671 1993 2840 2060 solus,
2871 2010 2938 2050 ex
2977 1996 3218 2054 inimicis
3241 2011 3498 2070 operatur
3528 2005 3676 2060 salu-

2111 2087 2239 2132 tem.
2275 2078 2468 2149 lujecit
2498 2083 2643 2138 enim
2676 2086 2900 2142 verbum
2930 2089 2982 2144 in
3015 2106 3076 2146 os
3102 2091 3237 2159 ejus,
3266 2097 3513 2164 quamvis
3544 2114 3680 2154 non-

2108 2170 2235 2223 dum
2273 2186 2368 2226 cor
2405 2175 2521 2244 ejus
2557 2190 2754 2242 capere
2807 2192 2990 2247 posset
3035 2186 3261 2240 verbum
3322 2186 3434 2243 Dei.
3484 2190 3678 2247 Adhuc

2108 2263 2252 2316 enim
2281 2275 2403 2318 erat
2427 2267 2480 2319 in
2506 2269 2672 2323 corde
2694 2270 2813 2338 ejus
2843 2276 3110 2331 mercedis
3134 2279 3427 2347 cupiditas,
3459 2293 3678 2352 propter

2105 2357 2248 2424 quod
2282 2358 2446 2412 etiam
2480 2370 2603 2429 post
2658 2363 2882 2418 verbum
2926 2365 3047 2432 Dei,
3093 2371 3236 2438 quod
3267 2372 3459 2428 habuit
3496 2376 3547 2430 in
3580 2393 3677 2434 ore

2106 2461 2224 2513 suo,
2249 2448 2465 2506 dicebat
2497 2452 2563 2508 ad
2597 2453 2795 2510 Balach
2813 2457 2931 2510 ":t
2968 2456 3124 2525 Veni,
3150 2470 3206 2515 et
3249 2462 3390 2517 dabo
3426 2464 3521 2520 tibi
3553 2482 3675 2523 con-

2106 2538 2307 2605 silium,
2347 2559 2367 2593 ι
2417 2552 2473 2597 et
2509 2545 2738 2602 docebat
2777 2562 2898 2602 eum
2935 2551 3210 2619 quomodo
3237 2554 3480 2612 mitteret
3512 2571 3675 2615 scan-

2105 2632 2283 2687 dalum
2332 2634 2385 2688 in
2436 2650 2730 2706 conspectu
2770 2639 3008 2696 ﬁliorum
3056 2643 3244 2711 Israel,
3286 2655 3345 2701 ut
3379 2651 3675 2708 manduca-

2105 2734 2231 2777 rent
2274 2725 2432 2781 idolis
2468 2728 2744 2785 immolata
2773 2741 2829 2787 et
2867 2742 2924 2788 ut
2966 2735 3391 2795 fornicarentur.
3440 2742 3675 2815 Propter

2102 2816 2247 2883 quod
2271 2826 2323 2870 et
2347 2817 2538 2873 cecidit
2563 2821 2811 2888 populus,
2835 2832 2887 2878 et
2918 2824 3071 2893 plaga
3105 2842 3299 2898 magna
3328 2829 3471 2888 facta
3499 2844 3582 2893 est
3614 2838 3670 2893 In

2103 2918 2190 2968 eo,
2228 2904 2400 2961 donec
2432 2907 2667 2964 Phinees
2699 2923 2979 2982 perempto
3008 2915 3274 2987 Israelita,
3306 2923 3398 2992 qui
3429 2922 3670 2983 fornica-

2104 2996 2261 3052 batur
2306 3013 2427 3053 cum
2464 2999 2852 3067 Madianitide,
2890 3008 3099 3062 sedavit
3147 3009 3388 3069 furorem
3436 3017 3668 3076 Domini.

2102 3086 2169 3142 Et
2201 3099 2320 3158 post
2365 3091 2501 3158 haec,
2554 3093 2753 3162 inquit,
2794 3097 3051 3165 produxit
3084 3101 3316 3160 Phinees
3366 3110 3665 3167 exercitum

2101 3191 2293 3236 contra
2334 3181 2676 3252 Madianitas,
2720 3197 2777 3242 et
2815 3188 3206 3247 interfecerunt
3235 3197 3517 3254 duodecim
3548 3204 3671 3257 mil-

2102 3272 2172 3326 lia
2204 3273 2465 3339 virorum,
2512 3285 2568 3330 et
2610 3276 2828 3332 Balaam
2879 3280 3051 3337 ﬁlium
3092 3283 3232 3340 Beor
3273 3288 3327 3343 in
3374 3291 3556 3359 gladio
3599 3293 3666 3350 “.

2102 3363 2208 3418 Sed
2242 3373 2298 3418 et
2342 3366 2457 3420 haec
2490 3376 2621 3423 ante
2649 3378 2861 3439 tempus
2912 3387 3009 3442 per
3058 3389 3341 3432 excessum
3379 3384 3667 3450 quemdam

2102 3455 2530 3521 introduximus,
2575 3469 2635 3512 ut
2677 3460 3088 3517 ostenderemus
3137 3470 3259 3534 quia
3297 3468 3511 3525 Balaam
3561 3489 3668 3529 non

2102 3548 2155 3600 in
2189 3550 2373 3611 corde,
2432 3550 2526 3603 sed
2587 3551 2639 3605 in
2694 3568 2788 3607 ore
2821 3560 3192 3612 tantummodo
3226 3561 3415 3635 habuit
3445 3565 3666 3621 verbum

2103 3641 2218 3695 Dei.
2264 3640 2484 3695 Interim
2522 3658 2641 3711 quae
2676 3645 2916 3712 profert,
2950 3662 3073 3717 quae
3115 3651 3374 3719 loquitur,
3411 3669 3477 3708 ex
3509 3657 3670 3713 verbo

2102 3734 2194 3788 Dei
2224 3734 2463 3801 loquitur
2483 3776 2498 3801 ,
2528 3744 2585 3788 et
2620 3734 2742 3790 ideo
2769 3751 2889 3804 qua:
2922 3737 3078 3805 dicit,
3112 3744 3336 3797 verbum
3372 3742 3466 3799 Dei
3493 3754 3596 3801 est.

2170 3823 2224 3877 5.
2275 3825 2370 3879 Ait
2422 3840 2554 3895 ergo
2588 3844 2601 3880 :
2636 3828 2682 3859 9‘
2720 3846 2739 3879 ι
2779 3827 2916 3905 Quid
2970 3832 3284 3888 maledicam
3318 3875 3334 3901 ,
3370 3850 3528 3906 quem
3561 3854 3667 3895 non

2103 3917 2378 3971 maledicit
2432 3919 2734 3974 Dominus?
2800 3921 2909 3975 Aut
2955 3923 3082 3991 quid
3138 3929 3664 3995 supermaledicam.

2100 4021 2259 4075 quem
2293 4022 2398 4062 non
2441 4007 2884 4078 supermaledicit
2930 4009 3228 4069 Dominus?
3261 4034 3281 4066 ι
3329 4017 3670 4086 Stupet-male-

2099 4100 2275 4163 dicit,
2331 4114 2428 4155 nos
2485 4102 2864 4169 praesumimus
2929 4107 3226 4160 secundum
3279 4107 3440 4179 327
3491 4109 3666 4167 Graeci

2099 4192 2365 4245 sermonis
2398 4193 2681 4257 rationem,
2712 4195 2816 4247 vim
2829 4197 2989 4263 ,‘verbi
3026 4198 3317 4254 ostendere
3345 4214 3410 4254 ex
3444 4215 3658 4271 praepo-

2099 4282 2315 4335 sitionis
2346 4292 2634 4352 augmento
2675 4286 2979 4354 cupientes.
3032 4287 3170 4354 Quid
3214 4303 3345 4361 ergo
3379 4292 3665 4349 dicemus?

422 4384 479 4429 et
509 4375 653 4440 veni,
700 4373 935 4429 maledic
962 4374 1093 4428 mihi
1125 4373 1312 4429 Israel.
1334 4391 1352 4424 ι
1394 4372 1451 4426 In
1485 4374 1694 4429 Latinis
1723 4377 1992 4430 sermoni-
2024 4365 2072 4423 Ι)
2097 4371 2264 4428 Jacob
2288 4375 2505 4442 quidem
2556 4390 2659 4430 non
2708 4378 2986 4433 maledicit
3034 4379 3296 4438 Dominus
3336 4398 3435 4439 nec
3477 4384 3667 4454 Israel,

422 4467 523 4522 bus
546 4482 685 4537 pene
729 4468 999 4536 superﬂua
1034 4467 1246 4522 videtur
1277 4480 1397 4520 esse
1427 4466 1700 4535 repetitio,
1731 4484 1850 4537 qua:
1873 4469 1948 4523 ait
1975 4486 1990 4523 :

427 4579 448 4612 ι
487 4559 714 4615 Maledic
765 4560 896 4615 mihi
939 4558 1110 4614 Jacoh
1134 4599 1150 4624 ,
1184 4557 1415 4611 maledic
1458 4558 1588 4612 mihi
1622 4558 1807 4614 Israel.
1834 4580 1852 4611 ι
1887 4561 1991 4615 Sed

423 4661 505 4707 est
540 4652 593 4706 in
627 4650 835 4707 Grazcis
866 4650 1067 4705 litteris
1093 4651 1194 4705 sub
1228 4648 1446 4703 nomine
1482 4647 1647 4703 Israel
1681 4650 1734 4703 in
1770 4650 1995 4705 maledi-

421 4744 580 4797 cendi
602 4743 770 4797 verbo
793 4740 905 4813 (58)
934 4739 1339 4812 praepositionis
1363 4738 1613 4808 adjectio,
1639 4755 1800 4810 quam
1823 4744 1994 4798 nostri

421 4834 507 4889 vel
539 4835 718 4890 minus
741 4834 997 4889 decenter
1028 4833 1135 4887 dici
1166 4831 1478 4896 credentes,
1510 4832 1596 4887 vel
1639 4831 1839 4887 nullam
1880 4833 1989 4888 vim

423 4926 679 4981 dictionis
722 4926 842 4981 addi
896 4940 963 4981 ex
1003 4925 1106 4980 hoc
1142 4938 1302 4995 posse
1348 4924 1758 4991 existimantes,
1788 4925 1989 4980 omise-

422 5028 568 5073 runt.
602 5018 707 5075 Nos
734 5028 915 5073 autem
949 5032 1257 5073 sermonem
1284 5015 1409 5071 licet
1470 5027 1657 5072 contra
1696 5029 1989 5074 consuetu-

491 5136 536 5168 "
557 5135 715 5190 Num.
735 5151 891 5199 xxm,
910 5135 962 5186 7.
1036 5132 1084 5165 ⁸ο
1111 5132 1250 5187 Psal.
1269 5149 1487 5195 cxxxvr,
1518 5134 1565 5186 I.

420 5220 541 5270 χιιι,
580 5207 667 5259 16.
740 5207 786 5238 ⁸⁸⁸
823 5204 932 5261 Jer.
988 5219 1060 5270 LI,
1088 5205 1177 5259 25.
1256 5206 1300 5237 ³⁵
1327 5203 1368 5257 II
1402 5205 1529 5259 Cor.
1556 5220 1613 5268 x,
1641 5203 1694 5257 5.

420 5278 508 5330 1‘2.
586 5276 630 5305 "
655 5276 756 5348 Isa.
788 5292 896 5337 xrv,
928 5276 1014 5348 12.
1072 5274 1329 5348 _?’_Num.
1372 5273 1639 5348 ιι-ιιιιιηῖ.⁵
1692 5274 1737 5305 ⁵³
1763 5275 2076 5342 Num.xxtv,
2111 5278 2195 5332 14.
2271 5279 2317 5311 ³⁵
2345 5276 2506 5331 Νιιιιι.
2542 5292 2697 5342 xui,
2724 5276 2777 5331 8.
2854 5277 2900 5313 "
2938 5278 3096 5334 Num.
3122 5273 3285 5348 ’xxm,
3317 5281 3370 5337 8.

420 5362 501 5409 ιιι,
532 5346 615 5401 14.
691 5347 735 5379 ⁸⁷
764 5348 889 5401 ibid.
919 5346 1006 5398 17.
1069 5346 1114 5377 ⁸³
1137 5345 1274 5399 Gen.
1298 5361 1371 5411 tv,
1399 5345 1485 5398 11.
1545 5346 1590 5377 ³⁸
1609 5343 1921 5399 Deut.xxvu
1942 5387 1957 5412 ,
1993 5348 2081 5402 15.

489 5442 603 5513 (58)
646 5440 716 5495 1η
765 5441 1109 5495 maledicendi
1159 5440 1333 5495 verba.
1382 5439 1567 5499 Codex
1615 5440 1979 5508 Corbeiensis,

425 5530 443 5564 ι
479 5513 530 5564 in
566 5514 916 5566 tttaledlch

492 5582 602 5652 (59)
630 5582 769 5635 Idem
805 5583 994 5647 codex,
1033 5601 1049 5631 ι
1080 5596 1365 5635 exacuere.
1395 5600 1411 5632 ι
1452 5579 1601 5634 Alias
1630 5620 1642 5643 ,
1679 5599 1696 5630 ι
1724 5594 1996 5645 εχειοιιθ-,

419 5654 512 5708 rit.
554 5673 572 5705 ι
605 5652 770 5708 Paulo
804 5652 946 5707 tul‘ra
980 5654 1143 5719 idem,
1181 5672 1199 5703 ι
1240 5652 1566 5707 interﬁceret
1596 5652 1935 5706 innocentes.
1961 5670 1980 5704 ι

1642 5134 1685 5164 δι
1711 5132 1853 5187 Psal.
1887 5152 2004 5190 Lxx:

1642 5203 1733 5277 5.-
1766 5205 1829 5277 _‘_"
1864 5204 1906 5259 Il
1939 5208 2004 5261 Cc

2125 5176 2139 5197 ,
2175 5135 2226 5189 1.
2303 5134 2512 5189 "Psal.
2539 5136 2776 5199 cxxu,‘5.
2846 5137 3321 5206 l"Psa|.cxxtv,2.
3399 5139 3660 5196 “Jerem.

2107 5223 2170 5260 ιι.
2245 5208 2290 5239 ⁸⁸
2317 5204 2418 5277 Job
2451 5221 2603 5269 xvm,
2627 5206 2680 5259 5.
2734 5207 2801 5277 κδ’
2830 5205 2984 5262 Joan.
3016 5226 3132 5274 vttt,
3167 5211 3253 5265 12.
3330 5212 3376 5245 θ’
3394 5211 3556 5267 Zacb.
3585 5227 3660 5277 vr,

2097 4468 2191 4522 sed
2221 4468 2311 4522 alii
2351 4478 2509 4537 putas
2539 4468 2698 4525 alicui
2735 4472 3049 4527 maledicit?
3093 4473 3347 4544 Legimus
3379 4479 3663 4548 scriptum,

2097 4560 2222 4628 quia
2256 4560 2387 4614 dicit
2417 4560 2677 4617 Dominus
2727 4564 2793 4617 ad
2843 4566 3255 4635 serpentem)“:
3292 4585 3313 4618 ι
3350 4567 3668 4625 Maledictus

2097 4660 2154 4704 tu
2187 4652 2239 4704 in
2270 4651 2520 4706 omnibus
2548 4653 2733 4707 bestiis
2754 4662 2934 4710 terrae.
2964 4673 2983 4706 ι
3010 4655 3290 4711 Etiterum
3318 4659 3382 4712 ad
3400 4659 3663 4715 Adam":

2103 4762 2122 4793 ι
2162 4742 2444 4797 Maledicta
2494 4754 2637 4798 terra
2682 4744 2735 4799 in
2786 4747 3040 4814 operibus
3087 4749 3193 4803 tuis
3217 4747 3352 4821 (60).
3410 4768 3429 4802 ι
3464 4751 3570 4806 Sed
3612 4760 3668 4806 et

2097 4833 2230 4889 Cain
2256 4835 2302 4867 ⁸⁸
2330 4853 2342 4887 ;
2378 4853 2398 4886 t
2445 4834 2511 4888 Et
2534 4850 2676 4890 nunc
2706 4836 3024 4893 maledictus
3050 4853 3104 4892 tu
3153 4855 3182 4892 a
3217 4850 3358 4895 terra
3387 4856 3506 4910 quae
3533 4857 3664 4912 ape-

2098 4927 2208 4980 ruit
2233 4941 2294 4980 os
2323 4942 2479 4983 suum
2503 4966 2519 4992 ,
2550 4936 2607 4981 ut
2632 4929 2896 4997 reciperet
2927 4930 3243 5001 sanguinem
3274 4930 3461 4988 fratris
3490 4935 3567 4988 tui
3597 4934 3668 4989 de

2099 5018 2348 5073 manibus
2375 5020 2512 5083 tuis;
2552 5037 2571 5070 ι
2602 5030 2658 5074 et
2680 5020 2724 5052 ⁹⁹
2755 5038 2770 5074 :
2806 5040 2824 5073 ι
2860 5020 3179 5078 Maledictus
3211 5025 3388 5080 omnis
3412 5028 3505 5096 qui
3537 5027 3669 5084 facit
3720 5104 3725 5109 ἡ

2303 5136 2349 5206 εξ
2369 5134 2512 5189 Psal.
2539 5150 2706 5199 cxx“,
2727 5136 2776 5190 '5.
2846 5137 3046 5206 F'Psal.
3065 5154 3249 5206 cxxtv,
3267 5141 3321 5195 2.
3399 5139 3660 5196 “Jerem.

3454 5280 3499 5313 ’θ
3519 5281 3657 5339 Gen.

2090 5444 2260 5505 Alias,
2292 5463 2310 5495 ι
2343 5444 2635 5499 interﬁciat
2665 5443 3003 5499 innocentes.
3028 5464 3046 5496 ι

2166 5514 2306 5585 (60)
2356 5514 2538 5582 Idem,
2592 5532 2612 5567 ι
2657 5514 2911 5582 operibus
2954 5517 3079 5572 tuis.
3123 5534 3142 5570 ι
3187 5515 3377 5582 Alias,
3442 5530 3460 5565 ι
3501 5524 3668 5583 opere

2098 5595 2205 5641 tuo.
2244 5604 2262 5637 ι
3201 5615 3204 5617 λ
