4074 6156
434 223 537 280 687

1868 212 2189 270 ORIGENIS

3577 214 3684 272 683

434 337 700 410 sculptile,
737 346 829 392 aut
856 335 1040 390 fusile.
1079 351 1098 384 ›
1140 333 1338 388 Verum
1369 347 1435 387 ne
1467 344 1625 401 putes
1658 333 1772 386 haec
1806 331 2008 386 veteri-
2033 335 2080 392 Α
2108 331 2440 390 conferatur.
2467 334 2575 389 Aut
2600 333 2645 390 si
2667 333 2733 389 ad
2763 333 3004 388 futurum
3037 333 3294 389 saeculum
3326 333 3430 389 ista
3457 347 3685 390 conver-

434 434 537 489 bus
566 428 936 489 tantummodo
979 426 1178 482 litteris
1208 424 1510 490 contineri,
1549 425 1712 478 etiam
1744 423 1797 477 in
1833 423 2008 477 Evan-

436 523 592 593 geliis
640 519 838 576 similia
883 515 1150 570 invenies.
1203 511 1478 582 Scriptum
1533 523 1616 568 est
1667 513 1812 568 enim
1863 515 2006 582 quod

436 615 680 670 dicturus
741 611 813 665 sit
861 609 1120 662 Dominus
1171 606 1239 661 iis
1280 608 1372 676 qui
1420 621 1448 659 a
1495 605 1731 660 sinistris
1775 614 1900 660 sunt
1942 605 2003 658 ίε

441 723 462 758 ι
503 701 770 759 Discedite
798 716 826 753 a
864 715 965 761 me,
1011 698 1326 762 maledicti,
1371 697 1426 751 in
1455 697 1630 766 ignem
1657 705 1942 753 aeternum.
1981 715 2000 745 ι

438 796 544 852 Sed
571 805 623 850 et
656 809 778 848 cum
808 793 980 848 dicit’
1008 810 1021 846 τ
1064 810 1083 843 ι
1118 790 1208 846 Vae
1233 793 1410 857 vobis,
1441 792 1633 846 scriba:
1661 801 1714 846 et
1745 789 2004 845 Pharismi

434 888 767 962 hypocrita;
807 905 825 938 ι
863 898 917 941 et
941 886 1000 940 ἐ
1038 905 1057 937 ι
1093 886 1186 941 Vae
1231 885 1385 940 vobis
1418 885 1696 952 divitibus,
1751 903 1769 937 ι
1808 891 1862 938 et
1903 884 2008 938 sin-

435 979 558 1049 gula
583 979 911 1050 hujusmodi,
939 977 1068 1047 quid
1101 977 1245 1030 aliud
1276 975 1378 1030 nisi
1411 975 1714 1029 maledictis
1742 989 1835 1028 eos
1858 975 2006 1029 vide-

437 1085 523 1130 tur
551 1073 788 1142 urgere?
818 1071 923 1126 Sed
957 1070 1086 1140 quid
1117 1069 1363 1124 dicemus
1397 1069 1537 1136 quod
1571 1069 1882 1123 mandatum
1913 1083 2007 1136 per

419 1165 749 1234 Apostolum
775 1163 958 1226 datur,
990 1161 1079 1214 ubi
1105 1159 1316 1215 dieit":
1349 1175 1367 1208 ι
1395 1156 1726 1223 Benedicite,
1757 1169 1812 1213 et
1843 1160 2007 1214 nolite

433 1257 760 1312 maledicere
799 1254 822 1308 ?
855 1273 874 1306 ι
909 1252 1062 1320 Quod
1096 1267 1227 1322 ergo
1273 1252 1339 1305 ab
1383 1251 1696 1306 hominibus
1737 1268 1841 1306 non
1894 1252 2008 1306 vult

435 1349 575 1412 ﬁeri,
613 1347 718 1402 hoc
746 1347 857 1416 ipse
884 1344 1048 1408 facit,
1076 1345 1167 1413 qui
1202 1344 1509 1412 exemplum
1541 1343 1664 1396 vitae
1695 1342 2006 1399 hominibus

435 1441 770 1511 ponit?Non
820 1440 897 1493 ita
949 1448 1053 1494 est.
1102 1437 1248 1492 Deus
1283 1437 1425 1492 enim
1459 1437 1658 1504 quibus
1709 1437 2001 1498 maledicit,

434 1535 684 1588 meritum
718 1533 968 1603 designat
994 1531 1112 1601 ejus
1141 1530 1226 1585 cui
1259 1531 1605 1584 maledicitur
1629 1570 1644 1595 ,
1689 1537 1744 1583 et
1787 1537 2006 1584 senten-

436 1629 565 1682 tiam
594 1626 811 1696 promit,
845 1633 1029 1694 utpote
1062 1639 1223 1693 quem
1253 1639 1359 1679 non
1399 1622 1572 1686 fallat,
1601 1637 1773 1691 neque
1794 1623 1999 1691 peccati

435 1719 686 1790 qualitas,
715 1733 891 1787 neque
913 1718 1184 1786 peccantis
1208 1714 1454 1769 aﬂ'eetus.
1480 1713 1650 1767 IIomo
1675 1721 1851 1768 autem
1875 1714 1998 1782 quia

434 1813 550 1866 haec
577 1826 684 1865 non
710 1819 884 1879 potest
905 1809 1048 1864 scire
1074 1827 1087 1862 :
1117 1823 1290 1876 neque
1317 1806 1460 1860 extim
1489 1806 1820 1874 propositum
1847 1819 2001 1858 men-

435 1915 654 1971 temque
681 1899 904 1955 alterius
937 1898 1116 1952 videre
1147 1896 1284 1951 alius
1315 1903 1407 1949 aut
1438 1909 1766 1961 cognoscere
1793 1903 1998 1962 potest:

437 1995 640 2050 ideirco
665 1992 876 2047 etiamsi
900 1991 1218 2059 judicantis,
1246 1987 1329 2042 vel
1359 1985 1682 2042 sententiam
1702 1985 2004 2056 promentis

434 2087 632 2142 intuitu
668 2083 908 2154 proferat
949 2080 1330 2146 maledictum',
1365 2094 1472 2133 non
1508 2085 1687 2146 potest
1714 2090 1834 2130 esse
1856 2076 2001 2144 justa

434 2176 786 2235 maledicendi
813 2189 1000 2239 causa,
1025 2172 1112 2226 ubi
1139 2173 1420 2243 ignoratur
1438 2169 1714 2240 peccantis
1739 2166 1998 2234 aﬂ'ectus;

434 2271 669 2327 maxime
689 2283 812 2324 cum
846 2267 1137 2320 humanum
1171 2264 1359 2318 vitium
1396 2269 1526 2316 tunc
1555 2261 1691 2315 sciat
1717 2258 2000 2313 maledicta

432 2362 698 2435 proferre,
722 2374 848 2415 cum
872 2357 1009 2413 forte
1026 2355 1288 2411 conviciis
1305 2361 1400 2408 aut
1422 2353 1640 2424 injuriis
1656 2360 1998 2422 provocatur.

434 2455 590 2526 Quod
619 2454 805 2509 vitium
833 2465 1082 2506 resecare
1110 2446 1404 2518 Apostolus
1439 2445 1646 2511 volens,
1679 2461 1747 2499 ne
1778 2443 2005 2500 maledi-

434 2549 537 2604 ctis
589 2545 877 2602 maledicta
924 2553 979 2598 et
1023 2538 1287 2597 conviciis
1336 2537 1584 2592 convicia
1626 2549 2002 2606 provocemus,

434 2639 742 2696 mandatum
776 2633 1139 2690 necessarium
1171 2632 1358 2701 ponit,
1388 2639 1446 2683 ut
1477 2629 1860 2683 benedieamus
1887 2669 1902 2693 ,
1950 2635 2005 2681 et

434 2749 541 2787 non
589 2706 971 2786 maledicamus
1019 2741 1037 2778 :
1070 2738 1177 2792 quo
1219 2721 1559 2777 conviciandi
1615 2719 1806 2775 vitium
1864 2732 2005 2772 rese-

433 2835 610 2890 cetur,
660 2829 715 2876 et
760 2836 864 2876 non
916 2834 1025 2888 quo
1071 2813 1348 2885 judicaudi
1383 2812 1584 2868 veritas
1611 2827 1731 2880 qua:
1759 2811 2006 2866 homines

434 2917 646 2981 Iatet,et
678 2911 1063 2985 pronuntiandi
1111 2911 1405 2964 auctoritas
1447 2907 1770 2976 perimatur.
1823 2905 1887 2958 Et
1927 2914 2006 2956 ta-

2108 422 2272 477 timus
2293 463 2308 488 ,
2344 424 2397 478 id
2425 432 2546 493 est,
2580 425 2646 479 ad
2676 424 3093 479 resurrectionis
3125 433 3334 494 tempus
3360 442 3376 480 :
3398 423 3567 481 Jacob
3591 427 3680 481 vi-

2107 518 2275 584 debo,
2305 527 2486 588 potest
2514 519 2583 575 de
2609 522 2928 590 corporibus
2955 521 3158 576 dictum
3205 519 3434 590 intelligi
3462 538 3476 574 :
3516 520 3682 575 Israel

2107 621 2288 665 autem
2316 611 2632 681 intelligam,
2667 613 2916 683 spiritum
2959 620 3014 667 et
3049 612 3289 666 animam
3323 611 3435 682 (61)
3465 613 3680 682 signiti-

2105 718 2231 758 care
2253 703 2674 772 resurgentium.
2721 722 2741 755 σ
2765 704 2924 771 Ecce,
2963 703 3138 774 inquit
3169 703 3212 768 ⁸,
3257 704 3490 772 populus
3532 703 3684 757 solus

2105 793 2408 858 habitabit,
2439 803 2494 848 et
2544 794 2595 848 in
2641 795 2951 850 nationibus
2980 809 3086 849 non
3118 796 3478 864 reputabitur.
3516 813 3537 847 ι
3579 794 3685 850 Ρο-

2109 895 2212 940 test
2239 885 2457 954 quidem
2482 896 2534 940 et
2562 881 2855 941 secundum
2887 886 3123 941 litteram
3152 897 3320 941 stare.
3351 886 3511 941 Solus
3534 887 3682 942 enim

2105 977 2336 1048 populus
2355 975 2526 1032 Jacob
2554 993 2660 1032 non
2687 987 2768 1032 est
2789 979 3080 1047 permistus
3101 979 3316 1032 caeteris
3341 978 3681 1046 hominibus,

2106 1084 2206 1124 nec
2231 1069 2373 1124 inter
2393 1077 2619 1124 cmteras
2636 1078 2826 1138 gentes
2860 1078 3138 1138 reputatus
3169 1080 3273 1124 est.
3300 1068 3502 1124 IIathit
3531 1071 3680 1126 enim

2105 1171 2254 1218 certa
2297 1176 2522 1232 quaeque
2567 1162 2844 1232 privilegia
2877 1163 2929 1216 in
2976 1163 3484 1232 observationibus,
3515 1172 3572 1218 et
3622 1166 3676 1219 in

2107 1253 2358 1325 legitimis
2406 1256 2561 1320 suis,
2618 1270 2686 1310 ex
2730 1255 2928 1325 quibus
2968 1264 3346 1326 sequestratus
3387 1273 3415 1310 a
3465 1259 3684 1312 cazteris

2104 1347 2354 1415 gentibus
2381 1346 2695 1402 haberetur.
2731 1347 2884 1402 Sicut
2911 1348 3056 1403 enim
3094 1349 3269 1405 tribus
3293 1349 3420 1403 Levi
3457 1366 3565 1404 non
3595 1361 3684 1404 est

2107 1439 2363 1508 permista
2416 1439 2562 1494 inter
2611 1450 2837 1495 caeteras
2869 1441 3085 1506 tribus,
3137 1457 3240 1496 nec
3291 1443 3683 1496 adnumeratur

2105 1529 2247 1583 inter
2272 1544 2363 1584 eas
2393 1547 2406 1582 :
2439 1530 2540 1585 hoc
2573 1541 2730 1601 pacto
2765 1540 2819 1586 et
2850 1533 3026 1586 omnis
3055 1531 3217 1586 Israel
3244 1571 3261 1600 ,
3290 1548 3387 1587 nec
3419 1532 3687 1588 miscetur

2105 1624 2314 1678 caeteris
2342 1624 2612 1694 gentibus,
2649 1640 2746 1678 nec
2780 1635 3063 1694 reputatur
3094 1626 3235 1679 inter
3265 1641 3380 1681 eas.
3413 1624 3537 1679 Haec
3561 1625 3686 1696 qui-

2104 1717 2225 1770 dem
2257 1716 2308 1770 in
2349 1715 2438 1770 illo
2466 1717 2660 1786 popqu
2701 1716 2904 1772 l‘ueri‘nt
2935 1720 3230 1772 secundum
3268 1718 3498 1772 formam
3532 1717 3681 1772 l‘utu-

2104 1817 2285 1856 rorum
2314 1801 2616 1866 bonorum,
2662 1818 2819 1858 verus
2875 1813 3054 1859 autem
3104 1804 3273 1859 .iacob
3321 1813 3375 1858 et
3419 1805 3682 1874 spiritalis

2103 1892 2268 1948 Israel
2310 1907 2437 1948 vere
2489 1893 2634 1948 solus
2683 1894 2949 1949 habitabit
3001 1895 3054 1948 in
3105 1895 3376 1965 gentibus.
3440 1893 3496 1950 Si
3531 1897 3679 1951 enim

2105 1986 2433 2041 accessimus
2475 1987 2541 2040 ad
2582 1985 2712 2041 Sion
2746 1998 3022 2052 montem,
3053 1997 3106 2041 et
3164 1988 3436 2042 civitatem
3472 1988 3563 2042 Dei
3601 1989 3681 2041 vi-

2106 2079 2279 2132 ventis
2307 2077 2605 2132 Jerusalem
2640 2077 2916 2132 etelestem
2941 2077 2986 2143 ⁷,
3021 2087 3074 2132 et
3114 2078 3361 2132 venimus
3409 2078 3475 2131 ad
3514 2077 3676 2146 spiri-

2106 2169 2266 2224 talem
2296 2169 2561 2235 Iudzeam,
2598 2186 2719 2239 quae
2749 2179 2829 2224 est
2864 2170 3040 2240 portio
3069 2170 3199 2233 Dei,
3236 2179 3290 2224 et
3319 2169 3372 2223 in
3402 2172 3560 2225 terris
3586 2185 3677 2238 po-

2105 2261 2193 2314 siti
2238 2260 2311 2315 ibi
2346 2262 2612 2316 habemus
2645 2263 3134 2329 conversationem,
3165 2277 3294 2317 vere
3323 2278 3430 2317 non
3461 2272 3679 2332 reputa-

2107 2367 2226 2406 mur
2249 2354 2390 2406 inter
2414 2362 2640 2407 caeteras
2667 2362 2877 2422 gentes,
2903 2368 3004 2408 nec
3034 2353 3367 2422 reliquarum
3399 2355 3677 2406 nationum

2107 2442 2240 2497 lines
2273 2459 2394 2497 cum
2427 2444 2626 2497 nostris
2663 2442 2856 2497 ﬁnibus
2888 2444 3293 2510 admiscentur,
3339 2445 3552 2498 etiamsi
3590 2460 3674 2499 re-

2105 2535 2359 2589 stituatur
2386 2535 2621 2590 Sodoma
2653 2536 2706 2590 in
2737 2536 3016 2606 antiquum
3037 2575 3050 2600 ,
3084 2545 3139 2603 et
3164 2534 3432 2606 [Egyptus
3464 2537 3518 2591 in
3565 2550 3677 2591 sta-

2107 2636 2218 2680 tttm
2254 2643 2410 2682 suum
2447 2629 2652 2693 redeat,
2683 2637 2736 2683 et
2766 2630 2809 2682 si
2839 2629 2966 2698 quid
3011 2628 3154 2682 aliud
3189 2629 3294 2684 tale
3324 2633 3376 2683 in
3404 2629 3681 2699 prophetis

2105 2720 2364 2786 scriptum
2419 2732 2521 2776 est.
2571 2720 2950 2776 Verumtamen
3009 2721 3085 2775 illi
3130 2719 3296 2775 Jacob
3343 2731 3400 2776 et
3449 2721 3678 2789 spiritali

2107 2809 2291 2876 Israel,
2316 2829 2438 2866 cum
2467 2814 2533 2866 ad
2560 2814 2854 2868 Ecclesiam
2885 2814 3282 2884 primitivorum
3307 2814 3679 2880 ascenderint,

2105 2904 2284 2960 nullus
2335 2908 2736 2976 esasquabitur,
2784 2907 2964 2962 nullus
2997 2909 3389 2963 admiscebitur
3413 2948 3427 2972 ,
3464 2907 3681 2963 etiamsi

432 3020 556 3058 men
586 3003 712 3073 quid
741 3015 919 3056 causa:
946 2998 1057 3061 sit,
1087 2997 1228 3065 quod
1264 3011 1370 3052 non
1413 2995 1702 3050 maledicat
1744 2994 2003 3048 Dominus
2029 3026 2072 3084 ο
2109 2997 2223 3054 ista:
2264 3010 2452 3069 gentes
2482 3001 2777 3054 secundum
2820 3002 2958 3056 dicta
2996 3003 3313 3071 prophetica
3351 3003 3552 3058 fuerint
3597 3018 3682 3058 re-

433 3094 621 3158 Jacob,
666 3108 844 3160 neque
891 3088 1088 3153 Israel,
1121 3089 1189 3142 ab
1236 3089 1351 3156 ipso
1377 3086 1725 3140 nihilominus
1758 3083 2001 3149 Balaam,

434 3187 543 3241 imo
569 3200 601 3239 a
633 3182 800 3238 verbo
825 3181 965 3251 quod
994 3180 1171 3250 posuit
1199 3179 1340 3234 Deus
1387 3178 1437 3232 in
1471 3193 1567 3231 ore
1590 3177 1737 3246 ejus,
1772 3176 2004 3244 diligen—

435 3284 543 3334 tius
577 3275 861 3329 audiamus
890 3291 903 3327 :
952 3291 969 3324 ιι
1003 3271 1267 3339 Quoniam
1317 3273 1382 3325 de
1407 3270 1729 3333 verticibus,
1761 3268 1939 3337 inquit
1958 3269 2000 3331 ⁵,

434 3368 698 3425 montium
747 3366 994 3419 intuebor
1035 3377 1198 3428 eum,
1245 3371 1299 3416 et
1345 3377 1374 3415 a
1425 3361 1656 3415 collibus
1707 3359 2002 3429 intelligam

433 3476 578 3516 eum.
618 3478 637 3511 ι
684 3457 851 3524 Quia,
889 3455 1099 3523 inquit,
1129 3455 1182 3508 in
1214 3453 1444 3508 excelsis
1475 3452 1749 3506 montibus
1781 3459 1836 3505 et
1881 3450 2004 3504 altis

435 3551 661 3608 collibus
690 3549 901 3618 positus
929 3554 1012 3600 est
1038 3544 1232 3612 Israel,
1267 3544 1369 3598 hoc
1403 3553 1518 3606 est,
1549 3545 1603 3597 in
1637 3541 1782 3596 edita
1815 3543 1923 3595 vita
1948 3550 2005 3595 et

435 3645 640 3706 ardua,
677 3643 742 3696 ad
783 3654 942 3708 quam
978 3637 1340 3692 contuendam
1369 3651 1421 3690 et
1457 3634 1862 3704 intelligendam
1895 3647 2000 3686 non

435 3737 594 3791 facile
615 3735 736 3804 quis
763 3733 987 3787 idoneus
1005 3731 1117 3794 Iiat,
1149 3729 1251 3784 nisi
1287 3727 1546 3784 ascendat
1575 3727 1641 3781 ad
1670 3727 2000 3780 eminentem

435 3841 488 3887 et
513 3829 780 3885 excelsam
817 3823 1141 3889 scientiam;
1178 3823 1406 3886 idcirco,
1442 3823 1635 3892 inquit,
1675 3837 1780 3875 non
1811 3820 1860 3874 ei
1889 3834 2003 3872 ma-

434 3923 615 3978 ledicit
657 3919 816 3974 Deus.
867 3917 963 3970 Est
994 3917 1137 3970 enim
1171 3916 1283 3969 vita
1315 3915 1432 3984 ejus
1472 3914 1579 3967 alta
1623 3923 1676 3968 et
1719 3913 1999 3982 praecelsa,

434 4032 539 4072 non
570 4012 790 4068 humilis
816 4018 870 4065 et
899 4010 1128 4079 dejeeta.
1162 4009 1318 4074 Quod
1351 4019 1530 4062 tamen
1557 4022 1664 4061 non
1697 4005 1826 4058 mihi
1857 4005 2003 4058 vide-

437 4121 524 4164 tur
557 4108 681 4176 quia
719 4105 786 4160 de
813 4104 904 4159 illo
935 4103 1120 4164 Israel,
1144 4103 1234 4171 qui
1265 4102 1565 4157 secundum
1595 4113 1813 4153 carnem
1836 4096 2001 4152 Israel

434 4213 539 4266 est,
569 4200 767 4254 dixerit
801 4217 813 4252 :
847 4198 939 4252 sed
969 4198 1037 4252 de
1068 4199 1180 4261 illo,
1206 4199 1360 4268 cujus
1392 4210 1554 4263 super
1581 4206 1780 4248 terram
1814 4194 2003 4248 ambu-

436 4295 594 4348 lautis
625 4291 970 4348 conversatio
999 4291 1054 4344 in
1077 4293 1214 4345 coelo
1238 4300 1343 4344 est.
1376 4291 1481 4342 Aut
1507 4289 1550 4343 si
1571 4287 1733 4341 etiam
1763 4286 1831 4341 ad
1852 4285 2002 4339 illum

436 4386 687 4458 populum
717 4385 859 4438 dicta
897 4385 1006 4437 haec
1037 4383 1320 4437 referenda
1360 4389 1506 4443 sunt,
1553 4390 1700 4434 recte
1737 4394 1858 4434 cum
1891 4378 2003 4432 dis-

439 4479 694 4534 tinctione
739 4477 902 4541 dicit,
946 4493 965 4526 ‹
1000 4475 1253 4528 intuehor
1275 4486 1331 4529 et
1361 4472 1694 4541 intelligam;
1731 4490 1749 4522 ι
1778 4481 1837 4524 ιιι
1862 4469 2007 4523 futu-

437 4583 557 4624 rum
581 4577 792 4638 tempus
816 4567 1104 4636 signiticet,
1137 4564 1269 4618 illud
1301 4565 1419 4618 sine
1445 4564 1606 4618 dubio
1637 4561 1853 4631 quando
1886 4577 2005 4616 om-

438 4665 523 4718 nis
554 4661 715 4716 Isracl
749 4661 816 4714 ad
871 4660 1028 4713 tidem
1058 4656 1261 4712 Christi
1289 4655 1508 4709 veniens
1545 4654 1844 4709 salvabitur
1893 4663 1947 4706 et
1976 4670 2005 4706 a

439 4755 711 4811 montibus
742 4762 794 4807 et
819 4768 848 4806 a
872 4751 1098 4805 collibus
1126 4749 1460 4803 intuebitur:
1493 4747 1648 4800 abiis
1674 4747 1790 4799 siue
1814 4746 2003 4812 dubio,

439 4850 530 4920 qui
557 4849 823 4903 excelsam
852 4855 905 4898 et
939 4845 1214 4899 cmlestem
1248 4844 1416 4896 vitam
1454 4852 1844 4909 consurgentes
1874 4855 2000 4893 cum

438 4941 656 4995 Christo
685 4938 1030 4994 exercuerunt
1054 4950 1216 5006 super
1250 4943 1449 4988 terras.
1477 4931 1582 4985 Sed
1609 4941 1663 4984 et
1696 4930 1841 4999 quod
1871 4931 2006 4984 divit

440 5031 505 5087 de
551 5029 718 5086 Jacob
764 5030 982 5098 quidem
1008 5067 1024 5093 ,
1066 5046 1085 5079 ι
1123 5026 1316 5080 videbo
1353 5041 1370 5090 ;
1419 5042 1437 5075 ι
1490 5023 1554 5076 de
1593 5022 1760 5076 Israel
1801 5031 2004 5090 autem,

445 5120 839 5190 «intelligam,
890 5138 907 5170 ι
957 5117 1119 5170 etiam
1178 5117 1279 5170 hoc
1332 5113 1610 5182 aptissima
1658 5111 2005 5166 distinctione

439 5215 836 5284 suscipiendum
864 5219 948 5266 est
972 5227 986 5264 :
1019 5217 1078 5262 ut
1106 5207 1250 5262 aliud
1287 5208 1353 5260 ad
1377 5216 1542 5259 actus
1569 5203 1827 5270 visibiles,
1859 5204 2004 5258 aliud

439 5307 506 5362 ad
532 5304 857 5360 invisibilem
889 5302 1045 5356 (idem
1078 5310 1240 5367 atque
1286 5296 1674 5365 intelligibilem
1719 5296 2002 5350 scientiam

501 5402 518 5432 ί
551 5400 740 5454 Matth.
770 5414 875 5453 xxv
898 5438 914 5463 ,
946 5396 1035 5450 41.

439 5471 460 5504 ⁷
484 5471 645 5525 Hebr.
678 5486 774 5536 xu,
808 5469 897 5522 22.
998 5468 1020 5499 ⁸
1056 5466 1212 5520 Rom.
1247 5480 1335 5530 ιιι,
1370 5465 1455 5518 I7.

442 5557 563 5607 xu,
594 5544 680 5596 I2.

513 5662 622 5735 (6t)
652 5662 813 5726 Idem,
848 5677 868 5712 ι
901 5660 1122 5730 spiritus
1146 5632 1199 5715 et
1226 5662 1453 5716 animas.
1488 5678 1510 5714 ›

1110 5397 1130 5426 ³
1162 5394 1350 5448 Matth.
1380 5392 1669 5465 “111,99.
1737 5392 1758 5422 ³
1791 5391 1916 5445 Luc.
1949 5409 2043 5460 vr,
2090 5394 2178 5450 24.
2253 5395 2275 5427 ⁸
2310 5397 2464 5452 Rom.
2525 5415 2644 5465 xu,
2695 5401 2780 5457 I4.

1549 5464 1568 5496 °
1593 5462 1752 5519 Num.
1781 5477 1947 5530 mu,
1987 5467 2073 5521 10.

2110 3093 2335 3148 ειὶιυιω.
2372 3091 2486 3147 Nisi
2517 3093 2657 3147 enim
2693 3093 2928 3148 insertus
2957 3094 3122 3148 fuerit
3152 3111 3334 3150 ramus
3357 3096 3603 3162 oleasui,
3626 3105 3682 3151 et

2109 3185 2290 3240 socius
2327 3183 2499 3239 factus
2531 3183 2692 3239 fuerit
2720 3185 2891 3240 radici
2924 3187 3266 3257 pinguedinis
3291 3189 3451 3241 olivae
3472 3189 3515 3250 ⁸,
3546 3205 3682 3258 quo-

2111 3279 2268 3334 modo
2293 3287 2470 3349 potest
2498 3279 2696 3334 sociari
2722 3289 2776 3334 et
2801 3280 3051 3350 conjungi
3083 3286 3148 3333 ad
3168 3279 3358 3344 Jacob,
3384 3281 3468 3335 vel
3491 3278 3678 3343 Israel,

2109 3386 2232 3426 cum
2268 3373 2386 3427 sine
2433 3372 2533 3425 ista
2579 3371 2761 3425 radice
2813 3386 2912 3426 nec
2960 3370 3127 3427 Jacob
3172 3373 3454 3442 quisquam
3511 3375 3683 3442 possit

2109 3462 2387 3532 appellari,
2413 3476 2510 3516 nec
2536 3462 2702 3517 Israel
2727 3463 2748 3516 ?
2773 3461 2959 3532 Neque
2983 3479 3112 3534 ergo
3134 3479 3198 3518 ex
3220 3464 3387 3518 Jacob
3404 3465 3486 3520 vel
3515 3465 3678 3535 Israel

2109 3555 2154 3609 si
2181 3557 2304 3624 quis
2329 3565 2556 3622 peccat,
2585 3552 2750 3609 Jacob
2779 3555 2883 3609 dici
2918 3556 3002 3610 vel
3039 3556 3201 3610 Israel
3245 3565 3463 3626 potest,
3506 3573 3680 3626 neque

2108 3660 2173 3701 ex
2203 3647 2452 3717 gentibus
2476 3645 2521 3700 si
2553 3648 2675 3715 quis
2713 3648 2988 3716 ingressus
3029 3647 3194 3702 fuerit
3236 3649 3530 3703 Ecclesium
3575 3651 3680 3704 Do-

2111 3739 2283 3802 mini,
2314 3739 2455 3794 inter
2505 3751 2690 3809 gentes
2722 3741 2858 3794 ultra
2893 3743 3229 3810 reputabitur
3253 3744 3272 3774 ⁹
3304 3759 3316 3795 :
3356 3761 3375 3794 ι
3417 3742 3546 3808 Quis
3597 3744 3679 3798 in-

2108 3832 2397 3901 vestigabit
2423 3847 2605 3886 semen
2623 3831 2835 3888 Jacob?
2863 3844 2913 3889 et
2935 3835 3055 3904 quis
3083 3835 3445 3890 dinumerabit
3469 3837 3674 3907 plebem

2109 3921 2272 3978 Israel
2313 3923 2335 3977 I
2377 3941 2396 3974 ι
2434 3922 2622 3978 Simile
2651 3935 2733 3978 est
2767 3925 2867 3978 hoc
2897 3923 2968 3978 illi
3016 3928 3156 3995 quod
3203 3928 3462 3997 scriptum
3495 3943 3579 3983 est
3611 3932 3675 3999 ¹⁰,

2110 4015 2237 4084 quia
2268 4032 2287 4065 ι
2325 4015 2512 4068 eduxit.
2558 4015 2699 4068 Deus
2727 4000 3000 4069 Abraham
3043 4016 3208 4082 foras,
3241 4028 3294 4070 et
3340 4019 3416 4072 ait
3438 4019 3487 4074 ei
3520 4037 3534 4074 :
3568 4020 3676 4074 Re-

2110 4105 2259 4174 spice
2285 4105 2350 4158 ad
2379 4106 2597 4168 coelum,
2627 4113 2680 4159 et
2711 4105 2990 4160 dinumera
3020 4107 3228 4173 stellas,
3258 4110 3301 4162 si
3333 4120 3485 4177 potes
3523 4111 3678 4164 dinu-

2111 4213 2326 4253 merare
2348 4213 2461 4264 eas,
2498 4207 2553 4252 et
2585 4197 2698 4250 ait:
2730 4198 2803 4251 Ita
2833 4200 2935 4253 erit
2975 4215 3158 4254 semen
3205 4211 3375 4254 tuum.
3408 4202 3476 4258 Et
3504 4205 3679 4258 credi-

2111 4291 2190 4344 dit
2217 4291 2488 4344 Abraham
2517 4289 2683 4360 328
2717 4291 2825 4345 Deo
2851 4334 2864 4358 ,
2898 4300 2952 4344 et
3000 4303 3306 4361 reputatum
3356 4306 3439 4350 est
3489 4296 3561 4351 illi
3609 4299 3677 4352 ad

2033 4381 2383 4450 Djustitiam.
2429 4401 2447 4433 ι
2482 4383 2550 4437 Et
2581 4384 2852 4436 Abraham
2886 4383 3141 4451 quidem,
3174 4393 3228 4438 et
3277 4386 3415 4442 alius
3447 4388 3677 4456 quilibet

2110 4474 2407 4540 hominum,
2436 4482 2526 4526 aut
2552 4472 2713 4527 etiam
2741 4474 3052 4544 angelorum
3079 4494 3094 4531 :
3126 4488 3181 4532 et
3213 4477 3462 4534 fortassis
3497 4494 3672 4536 autem

2108 4575 2164 4620 et
2211 4566 2548 4634 superiorum
2603 4567 2864 4620 virtutum
2915 4583 3019 4622 non
3081 4579 3332 4638 poterant
3390 4586 3675 4626 numerare

2108 4657 2318 4723 stellas,
2351 4675 2450 4714 nec
2479 4674 2665 4714 semen
2697 4661 2990 4726 Abraham,
3029 4663 3094 4717 de
3124 4677 3230 4732 quo
3261 4665 3523 4734 scriptum
3555 4677 3672 4720 est:

2113 4769 2132 4803 ‹
2179 4750 2268 4805 Sic
2298 4753 2401 4806 erit
2433 4768 2615 4807 semen
2649 4764 2820 4809 tuum.
2854 4775 2870 4806 ο
2910 4755 3050 4809 Deus
3083 4769 3284 4822 autem,
3318 4759 3383 4812 de
3410 4774 3516 4827 quo
3545 4760 3676 4814 scri-

2110 4853 2258 4910 ptum
2281 4850 2363 4895 est
2386 4843 2426 4872 “
2456 4859 2470 4896 :
2507 4862 2526 4894 (
2556 4845 2654 4910 Qui
2676 4855 2923 4898 numerat
2952 4845 3346 4902 multitudinem
3372 4849 3671 4916 stellarum,

2107 4942 2163 4988 et
2203 4933 2452 4989 omnibus
2501 4935 2581 4991 eis
2631 4938 2848 4992 nomina
2891 4947 3089 5003 vocat,
3132 4958 3151 4991 ι
3199 4949 3253 4992 et
3305 4940 3393 5008 qui
3432 4941 3564 4995 dixit
3590 4943 3674 4996 ης

2115 5041 2133 5075 ι
2166 5025 2276 5094 Ego
2303 5025 2474 5080 stellis
2499 5028 2756 5083 omnibus
2778 5030 3050 5096 mandavi,
3084 5049 3103 5083 ι
3137 5041 3312 5100 potest
3343 5033 3674 5105 investigare

2109 5131 2288 5172 semen
2333 5115 2539 5183 Jacob,
2589 5128 2643 5174 et
2687 5121 3032 5176 dinumerare
3082 5123 3292 5192 plebem
3343 5123 3528 5179 Israel.
3560 5127 3675 5195 Ipse

2106 5207 2248 5262 enim
2282 5209 2384 5262 scit
2410 5210 2557 5265 solus
2582 5213 2701 5280 quis
2729 5228 2856 5269 vere
2883 5216 2953 5269 sit
2981 5214 3168 5281 Jacob,
3203 5227 3257 5270 et
3291 5220 3414 5287 quis
3452 5235 3578 5273 vere
3606 5221 3677 5274 sit

2107 5300 2286 5354 Israel.
2319 5300 2434 5356 Non
2485 5305 2627 5358 enim
2665 5307 2731 5359 ad
2774 5323 2895 5360 eum
2938 5310 3110 5378 quiin
3147 5310 3433 5365 manifesto
3458 5311 3674 5366 Iudaeus

2860 5403 2880 5432 ⁵
2912 5402 3068 5457 Nunt.
3136 5419 3308 5468 χχιιι,
3357 5405 3410 5458 9.
3490 5405 3512 5436 ⁸
3543 5406 3671 5459 ibid.

2191 5467 2233 5500 ¹⁰
2261 5467 2397 5524 Gen.
2436 5484 2538 5538 xv,
2567 5471 2623 5536 5,
2653 5470 2706 5526 6.
2801 5474 2841 5503 “
2875 5471 3018 5528 Psal.
3070 5489 3247 5529 cnvn
3270 5467 3303 5540 ,ί
3336 5477 3388 5529 4.
3500 5477 3544 5508 ⁸⁸
3574 5478 3670 5531 lsa.
