4074 6156
425 292 529 348 689

1583 295 1653 352 IN
1687 291 2021 351 NUMEROS
2059 287 2342 347 HOMILIA
2378 287 2518 346 XVI.

3560 290 3664 346 690

421 419 530 476 est,
563 412 823 483 respicit;
848 427 1021 484 neque
1043 415 1110 470 ad
1133 430 1276 484 eam,
1303 430 1423 487 quae
1445 417 1732 473 manifeste
1755 417 1808 471 in
1831 429 1997 472 carne
2025 417 2072 474 Α
2101 420 2278 467 tamen
2346 421 2403 468 et
2457 410 2653 480 populo
2710 409 2786 465 illi
2846 409 3143 464 secundum
3203 422 3266 465 ea
3320 415 3442 479 qua:
3503 423 3662 478 supra

421 515 510 562 est
539 506 916 572 circumcisio;
954 509 1046 562 sed
1075 509 1222 564 videt
1247 510 1419 575 illum,
1443 510 1538 580 qui
1572 509 1623 564 in
1654 509 1872 565 occulto
1899 508 1993 563 Ju-

421 597 574 652 dmus
605 605 693 650 est
723 605 778 651 et
805 597 898 666 qui
930 599 1286 655 circumcisus
1316 611 1402 654 est
1436 601 1630 665 corde,
1665 615 1770 656 non
1805 615 1989 656 carne.

420 685 544 757 Ipse
571 701 701 757 ergo
734 698 818 743 est
843 689 1012 751 solus,
1045 691 1136 759 qui
1167 691 1509 747 dinumerare
1545 701 1722 760 potest
1757 699 1812 748 et
1843 692 1993 748 inve~

425 779 648 844 stigare,
692 788 746 834 et
771 780 886 848 ipse
932 780 1230 834 secundum
1259 781 1582 836 ineffabilem
1608 791 1662 836 et
1691 782 1994 852 incompre-

424 867 750 924 hensibilem
777 872 1094 940 sapientiam
1124 886 1276 926 suam
1305 873 1370 926 ad
1402 872 1546 927 illam
1575 874 1850 929 caelestem
1883 874 1994 927 for-

423 974 568 1013 mam
591 999 610 1024 ,
645 976 806 1030 quam
841 962 954 1031 ipse
1002 961 1150 1018 solus
1192 963 1334 1018 scire
1383 971 1596 1032 potest,
1626 965 1805 1035 posuit
1831 965 1991 1018 etiam

423 1050 559 1106 istos
587 1067 870 1117 numeros,
909 1067 1042 1121 quos
1089 1054 1349 1109 habemus
1380 1055 1433 1109 in
1467 1056 1714 1110 manibus
1743 1073 1757 1109 :
1788 1056 1842 1110 in
1868 1055 1992 1125 qui-

421 1141 526 1196 bus
554 1141 818 1210 praecipit,
849 1152 906 1195 ut
934 1143 1228 1198 secundum
1255 1145 1611 1212 cognationes
1641 1161 1789 1210 suas,
1835 1154 1890 1200 et
1912 1161 1995 1200 se-

421 1234 660 1288 cundum
695 1235 882 1288 domos
910 1233 1236 1288 familiarum
1261 1251 1506 1303 suarum,
1529 1252 1594 1292 ex
1631 1237 1856 1293 nomine
1884 1254 1994 1292 om-

425 1342 524 1382 nes
556 1326 776 1381 masculi
809 1342 905 1394 per
936 1328 1110 1396 capita
1151 1337 1506 1384 numerentur
1535 1344 1565 1384 a
1606 1330 1795 1400 viginti
1835 1331 1993 1385 annis

423 1424 483 1471 et
509 1430 696 1484 supra,
726 1418 904 1470 omnis
947 1417 1035 1486 qui
1071 1419 1368 1488 ingreditur
1397 1421 1452 1473 in
1477 1419 1677 1474 virtute
1703 1420 1864 1475 Israel
1892 1438 1906 1486 ;
1939 1429 1996 1474 et

418 1510 693 1580 colligitur
716 1521 902 1564 eorum
938 1509 1158 1580 quidam
1189 1522 1433 1566 sacratus
1465 1527 1722 1568 numerus
1768 1513 1835 1568 de
1886 1527 1994 1581 quo

413 1602 531 1670 jam
561 1602 829 1669 superius,
861 1610 1021 1671 prout
1050 1599 1273 1656 donavit
1302 1601 1578 1668 Dominus,
1603 1604 1858 1659 diximus.
1888 1603 1994 1661 Sed

418 1693 523 1746 iste
551 1707 809 1748 numerus
840 1704 964 1749 tunc
991 1694 1208 1749 demum
1243 1704 1491 1750 sacratus
1521 1705 1605 1750 est
1657 1705 1714 1751 et
1760 1696 1992 1766 placitus

418 1781 554 1847 Deo,
595 1799 715 1838 cum
759 1784 874 1854 ipso
922 1786 1268 1854 praecipiente
1317 1795 1652 1842 numeratur.
1704 1787 1761 1841 Si
1807 1797 1987 1842 autem

416 1886 608 1927 contra
632 1885 956 1944 praeceptum
981 1876 1433 1931 Dominivoluerit
1456 1878 1652 1946 aliquis
1675 1892 1987 1945 numerare,

418 1965 546 2022 licet
579 1967 668 2022 ille
703 1968 866 2022 David
913 1970 1028 2034 sit,
1065 1967 1191 2023 licet
1220 1984 1447 2039 magnus
1478 1969 1761 2039 prepbeta,
1796 1977 1986 2024 contra

417 2059 589 2128 legem
617 2061 727 2130 agit
753 2101 767 2128 ,
799 2069 854 2115 et
895 2062 1142 2131 arguitur
1184 2077 1279 2131 per
1318 2063 1633 2132 prophetam
1658 2106 1674 2130 ,
1698 2072 1754 2117 et
1785 2065 1991 2134 patitur

419 2153 511 2208 illa
542 2170 660 2224 qua:
705 2156 760 2209 in
807 2157 1046 2211 secundo
1093 2155 1233 2210 libro
1263 2155 1568 2224 Regnorum
1599 2155 1828 2223 legimus
1853 2157 1987 2211 scri-

419 2256 508 2316 pta
539 2247 601 2299 ¹³.
633 2247 791 2303 Solus
835 2263 966 2317 ergo
994 2250 1107 2317 ipse
1149 2247 1241 2316 qui
1289 2257 1537 2302 numerat
1585 2247 1984 2303 multitudinem

419 2339 724 2402 stellarum,
751 2349 806 2394 et
829 2340 919 2407 qui
951 2342 1132 2394 omnia
1160 2357 1408 2397 mensura
1436 2349 1490 2396 et
1521 2355 1746 2395 numero
1772 2349 1826 2395 et
1855 2355 1988 2409 pou-

416 2433 550 2488 dere
585 2435 860 2500 produxit,
903 2434 1191 2505 investigat
1244 2451 1428 2490 semen
1455 2434 1624 2492 Iacob
1651 2446 1705 2490 et
1741 2435 1988 2491 dinume-

418 2533 505 2578 rat
534 2523 742 2592 plebem
776 2524 962 2579 Israel.

487 2616 541 2670 4.
580 2615 710 2670 Post
764 2617 879 2671 haec
924 2618 1080 2687 quasi
1127 2618 1193 2674 de
1233 2619 1528 2688 semetipso
1574 2621 1819 2689 quaedam
1856 2636 1985 2691 pro-

416 2703 642 2774 phetare
703 2708 933 2769 videtur,
1001 2723 1124 2762 cum
1167 2708 1298 2762 dicit
1335 2709 1428 2763 “:
1477 2729 1496 2762 ι
1562 2709 1823 2766 Moriatur
1871 2713 1988 2767 ani-

419 2811 506 2850 ma
531 2812 651 2852 mea
681 2798 823 2852 inter
847 2800 1057 2853 animas
1080 2800 1438 2869 justorum,et
1469 2803 1562 2856 fiat
1590 2817 1772 2859 semen
1805 2819 1984 2859 meum

415 2889 561 2943 sicut
621 2905 805 2946 semen
859 2894 1149 2962 justorum.
1197 2911 1217 2944 ι
1281 2890 1388 2948 Sed
1441 2894 1546 2950 hoc
1599 2905 1858 2965 quantum
1918 2896 1985 2950 ad

417 2998 702 3051 personam
740 2994 949 3055 spectat
1005 2987 1153 3043 illius
1193 2988 1408 3043 Balaam
1439 3029 1454 3054 ,
1491 2997 1548 3044 et
1603 2989 1745 3044 illius
1791 2989 1981 3055 Israel,

2095 501 2347 558 diximus.
2402 500 2516 555 Non
2563 499 2706 554 enim
2759 509 2865 555 tam
2909 499 3052 569 ipsi,
3108 515 3267 569 quam
3329 515 3508 556 semen
3552 517 3663 557 eo-

2093 608 2212 648 rum
2253 592 2516 649 elﬁcietur
2565 592 2708 646 sicut
2745 603 2928 646 semen
2974 591 3272 658 justorum,
3325 607 3510 647 eorum
3560 595 3665 648 sci-

2094 683 2252 751 licet,
2309 685 2402 754 qui
2446 683 2728 754 credentes
2779 698 2843 737 ex
2895 685 3141 755 gentibus
3185 685 3297 754 (62)
3345 687 3399 738 in
3441 685 3662 741 Christo

2088 771 2375 842 justilicati
2419 783 2568 829 sunt.
2602 772 2757 830 Unde
2805 772 3150 830 manifestum
3201 784 3322 841 est,
3353 777 3477 844 quia
3525 777 3665 832 sicut

2092 864 2381 935 Apostolus
2412 864 2541 918 dicit
2567 864 2642 930 ¹⁸,
2682 881 2702 916 ι
2743 878 2917 934 neque
2940 867 3283 921 circumcisio
3315 867 3516 937 aliquid
3555 879 3660 935 est,

2093 971 2269 1025 neque
2295 955 2619 1026 praeputium
2649 996 2663 1020 ,
2694 959 2788 1010 sed
2835 957 2967 1011 fides
2991 995 3008 1022 ,
3050 973 3170 1028 qum
3216 973 3312 1028 per
3341 960 3660 1014 charitatem

2092 1057 2370 1117 operatur.
2411 1066 2430 1099 ι
2465 1047 2532 1101 Ει
2562 1047 2680 1102 ideo
2722 1062 2878 1103 nemo
2914 1057 3008 1103 aut
3039 1049 3472 1105 circumcisionis
3516 1053 3660 1107 antiv

2092 1141 2301 1211 quitate
2337 1155 2397 1195 se
2424 1139 2613 1208 jactet,
2645 1148 2738 1196 aut
2763 1142 2815 1195 in
2845 1143 3092 1212 prmputii
3112 1143 3351 1199 novitate
3378 1143 3657 1213 glorietur.

2095 1229 2200 1286 Sed
2232 1230 2604 1300 utApostolus
2626 1231 2758 1286 dicit
2784 1233 2848 1299 η,
2881 1252 2900 1285 ι
2931 1235 3508 1304 probetunusquisque
3526 1251 3661 1305 opus

2095 1337 2294 1387 suum,
2326 1332 2382 1378 et
2414 1330 2540 1377 tunc
2574 1322 2629 1376 in
2675 1324 2964 1392 semetipso
3000 1331 3211 1377 tantum
3236 1324 3458 1393 gloriam
3497 1326 3662 1380 habe-

2093 1413 2191 1468 bit.
2234 1432 2252 1466 ι
2286 1413 2377 1468 Sic
2403 1416 2635 1485 denique
2669 1415 2930 1485 propheta
2955 1414 3087 1468 dicit
3109 1415 3154 1446 "
3183 1433 3196 1470 :
3227 1414 3367 1470 Ecce
3398 1418 3577 1484 homo,
3606 1427 3661 1472 et

2094 1519 2227 1574 opus
2264 1504 2414 1574 ejus,
2449 1518 2504 1560 et
2541 1522 2748 1562 merces
2780 1508 2832 1561 in
2861 1515 3151 1578 conspectu
3182 1507 3390 1563 Domini
3423 1525 3542 1565 esse
3579 1509 3660 1565 di-

2095 1597 2256 1662 citur,
2286 1607 2345 1652 ut
2375 1599 2564 1654 reddat
2597 1601 2890 1673 unicuique
2925 1601 3220 1657 secundum
3251 1618 3413 1669 opera
3449 1618 3570 1669 sua,
3601 1604 3658 1658 in

2093 1685 2311 1743 Christo
2341 1689 2470 1744 Jesu
2504 1691 2728 1747 Domino
2761 1701 2946 1749 nostro
2971 1731 2988 1759 ,
3025 1693 3113 1749 cui
3144 1703 3228 1750 est
3258 1694 3427 1764 gloria
3456 1703 3510 1749 et
3552 1694 3658 1748 im-

2095 1783 2300 1850 perium
2331 1783 2384 1837 in
2409 1783 2606 1838 saecula
2632 1785 2978 1840 saeculorum.
3006 1787 3198 1841 Amen.

2655 1895 2934 1954 HOMILIA
2972 1897 3110 1953 XVI.

2481 1999 2556 2052 De
2582 2000 2854 2068 prophetia
2880 1999 2987 2053 alia
3016 1999 3261 2053 Balaam.

2159 2091 2214 2145 1.
2241 2089 2427 2146 Priore
2455 2097 2716 2156 tractatu,
2745 2091 3065 2160 inquantum
3099 2091 3360 2162 possibile
3393 2092 3514 2159 fuit,
3545 2094 3659 2164 pri-

2090 2197 2206 2238 mas
2232 2191 2418 2251 partes
2441 2182 2739 2252 prophetiae
2768 2181 2987 2238 Balaam
3014 2183 3284 2254 explicare
3304 2187 3658 2243 tentavimus.

2089 2271 2393 2329 Secundum
2424 2288 2572 2329 nunc
2601 2275 2899 2344 prophetiae
2931 2275 3142 2329 initium
3169 2275 3499 2345 sumpsimus
3520 2276 3655 2347 (65),

2088 2370 2146 2416 ut
2181 2363 2223 2417 si
2254 2362 2515 2418 Dominus
2540 2365 2788 2434 aspirare
2827 2364 3074 2436 dignetur
3097 2405 3111 2429 ,
3138 2365 3298 2418 etiam
3332 2366 3399 2420 de
3432 2365 3531 2421 hac
3559 2381 3658 2437 pro

2088 2454 2314 2520 viribus,
2350 2471 2468 2524 quae
2497 2471 2791 2512 occurrere
2823 2457 3118 2525 potuerint,
3165 2457 3217 2512 in
3254 2457 3490 2513 medium
3527 2474 3657 2529 pro-

2089 2543 2343 2601 feramus.
2373 2545 2766 2604 Inconveniens
2793 2548 2936 2602 enim
2969 2547 3100 2601 mihi
3129 2549 3300 2602 visum
3327 2560 3430 2612 est,
3462 2564 3658 2617 quam-

2087 2636 2169 2691 vis
2198 2635 2314 2691 haec
2345 2636 2579 2692 difﬁcilia
2600 2639 2906 2704 videantur,
2941 2638 3341 2707 interrumpere
3367 2648 3654 2694 tractatum

2086 2743 2290 2792 eorum,
2342 2732 2630 2799 quominus
2679 2731 2747 2784 de
2779 2730 3002 2800 singulis
3049 2745 3168 2798 quae
3197 2733 3656 2802 comprehendere

2086 2834 2392 2888 possumus,
2427 2820 2782 2891 explicemus.
2815 2822 2984 2892 Igitur
3012 2821 3206 2878 Balach
3237 2837 3352 2890 rex,
3380 2825 3544 2878 veluti
3572 2834 3648 2880 at-

2089 2911 2289 2965 tonitus
2314 2949 2329 2975 ,
2376 2919 2433 2964 et
2471 2925 2759 2980 percussus
2785 2925 2847 2964 ex
2881 2911 2948 2966 iis
2985 2927 3104 2980 quae
3134 2921 3320 2966 contra
3369 2929 3517 2983 spem
3547 2915 3654 2971 dici

2085 2999 2306 3054 videbat
2339 3016 2368 3054 a
2397 2999 2640 3065 Balaam,
2669 3000 3072 3058 benedictioues
3093 3001 3206 3074 (64)
3237 3005 3378 3058 enim
3409 3020 3506 3072 pro
3533 3019 3653 3059 ma-

417 3089 520 3130 nec
557 3075 759 3131 factum
797 3089 910 3142 est,
952 3095 1054 3135 nec
1093 3080 1207 3135 ﬁeri
1248 3083 1422 3152 potuit
1453 3097 1468 3135 :
1511 3098 1616 3137 non
1656 3084 1800 3139 enim
1840 3084 1984 3140 inter
2009 3107 2054 3165 ρ
2089 3087 2460 3143 Iedictionibus
2491 3089 2766 3156 audiebat,
2795 3090 2936 3144 ultra
2971 3107 3077 3145 non
3109 3092 3325 3154 ferens,
3363 3094 3654 3163 interrupit

417 3164 603 3234 ipsos,
644 3167 736 3222 sed
769 3168 836 3222 ab
871 3169 1001 3238 ipsis
1039 3184 1284 3226 mortuus
1321 3180 1424 3227 est.
1475 3171 1642 3242 Magis
1698 3175 1840 3229 enim
1867 3214 1882 3239 ,
1924 3185 1983 3229 ut

417 3258 674 3322 diximus,
713 3260 952 3328 ipsorum
992 3276 1236 3330 persona:
1272 3264 1593 3319 conveniet:
1627 3269 1716 3333 qui
1760 3267 1886 3322 licet
1928 3267 1982 3322 in

418 3351 669 3420 praesenti
705 3351 899 3406 sacqu
927 3368 1100 3408 vanus
1137 3354 1365 3423 populus
1391 3355 1676 3418 habeatur,
1708 3357 1832 3426 quia
1867 3358 1985 3414 sine

418 3443 595 3508 gratia
651 3451 736 3497 est
775 3441 1011 3513 Spiritus
1071 3447 1279 3511 sancti,
1323 3447 1377 3501 in
1422 3447 1527 3501 line
1577 3456 1754 3502 tamen
1802 3449 1985 3504 saeculi

417 3547 544 3586 cum
585 3533 857 3603 plenitudo
895 3538 1133 3608 gentium
1194 3539 1497 3605 introierit,
1537 3549 1594 3594 et
1655 3542 1830 3597 omnis
1884 3545 1985 3598 ista

421 3627 698 3696 prophetia
739 3643 859 3698 quae
911 3630 978 3685 de
1027 3631 1196 3687 Israel
1246 3632 1479 3697 dicitur,
1523 3633 1574 3687 in
1629 3635 1860 3703 spiritali
1910 3637 1987 3692 ls-

420 3719 566 3774 raele
599 3720 760 3775 fuerit
791 3721 1032 3790 impleta,
1075 3733 1200 3777 tunc
1228 3726 1406 3778 anima
1432 3724 1551 3793 ejus
1577 3726 1838 3780 morietur
1861 3742 1983 3781 cum

422 3811 705 3867 animabus
741 3813 1035 3883 justorum.
1097 3816 1364 3886 Suscipiet
1409 3816 1553 3870 enim
1610 3817 1662 3871 in
1709 3833 1768 3872 se
1827 3818 1987 3874 ﬁdem

418 3901 652 3966 Christi,
707 3904 776 3958 ita
807 3913 864 3957 ut
895 3915 950 3958 et
999 3906 1097 3974 ipsi
1129 3906 1422 3961 dicant”:
1472 3926 1490 3958 ι
1530 3906 1629 3973 Qui
1678 3907 1731 3962 in
1770 3907 1990 3962 Christo

418 3991 673 4061 baptizati
711 4008 898 4048 sumus
924 4035 938 4059 ,
993 3996 1045 4049 in
1078 4005 1251 4051 morte
1295 3997 1465 4066 ipsius
1496 3997 1754 4066 baptizati
1782 4013 1986 4053 sumus.

415 4084 724 4150 Consepulti
741 4086 882 4139 enim
906 4102 1092 4142 sumus
1118 4087 1190 4141 illi
1216 4103 1312 4157 per
1332 4089 1657 4156 baptismum
1681 4091 1734 4144 in
1761 4101 1984 4146 morte.»

417 4174 486 4228 Et
510 4176 707 4229 iterum
737 4176 780 4208 ⁸⁸
807 4193 820 4230 :
855 4195 874 4227 ι
911 4175 964 4230 Si
997 4178 1139 4231 enim
1166 4181 1575 4247 commorimur,
1605 4191 1658 4234 et
1687 4197 1987 4252 conregna-

419 4265 617 4322 bimus.
650 4285 670 4318 ι
696 4266 859 4323 Etsic
885 4284 1012 4323 vere
1029 4271 1726 4344 complebiturintelligibili
1743 4275 1988 4342 Balaam,

417 4369 480 4412 ut
523 4360 790 4414 moriatur
835 4362 1017 4414 anima
1077 4361 1192 4430 ejus
1240 4365 1388 4418 inter
1435 4367 1648 4422 animas
1691 4366 1985 4434 iustorum.

2085 3183 2250 3234 verba
2281 3178 2415 3248 ejus,
2451 3189 2508 3234 et
2541 3182 2617 3235 ait
2645 3182 2686 3212 ²¹
2715 3199 2729 3236 :
2766 3199 2785 3233 ι
2815 3182 2954 3248 Quid
2986 3183 3159 3238 fecisti
3197 3184 3329 3238 mihi
3367 3184 3390 3237 ?
3419 3185 3500 3240 Ad
3533 3201 3653 3240 ma-

2084 3269 2395 3326 ledicendos
2439 3273 2688 3327 inimicos
2719 3289 2867 3328 meos
2905 3275 3090 3328 vocavi
3123 3283 3207 3343 te,
3246 3283 3300 3330 et
3326 3289 3453 3330 ecce
3489 3275 3655 3331 bene-

2086 3358 2270 3413 dixisti
2299 3359 2696 3414 benedictione.
2735 3376 2755 3410 ι
2791 3356 2906 3414 Non
2941 3358 3064 3412 tulit
3103 3375 3198 3414 rex
3235 3375 3450 3416 amarus
3493 3362 3657 3418 bene-

2086 3451 2382 3505 dictionum
2457 3450 2831 3515 dulcedinem,
2894 3452 2986 3506 sed
3069 3453 3355 3507 maledicta
3425 3456 3653 3522 quaerit,

2085 3539 2370 3595 maledicta
2425 3540 2698 3608 deposcit.
2740 3539 2832 3593 Est
2895 3539 3038 3594 enim
3096 3555 3164 3594 ex
3215 3539 3540 3609 cognatione
3591 3541 3656 3595 il-

2087 3630 2234 3696 lius,
2286 3630 2349 3683 ad
2410 3645 2570 3698 quem
2629 3629 2768 3683 dixit
2819 3629 3076 3684 Dominus
3111 3630 3155 3660 ”
3201 3646 3217 3684 :
3280 3647 3299 3678 ι
3345 3628 3656 3684 Maledictus

2089 3730 2143 3775 tu
2188 3722 2256 3775 ab
2303 3721 2558 3775 omnibus
2611 3719 2802 3775 bestiis
2849 3728 3023 3774 terrae.
3063 3737 3080 3770 ι
3127 3718 3231 3773 Sed
3262 3719 3391 3788 quid
3421 3719 3486 3772 ad
3540 3721 3654 3774 haec

2086 3810 2251 3883 329
2281 3810 2555 3881 respondit
2587 3811 2636 3864 ei
2663 3809 2772 3875 ille,
2809 3809 2894 3862 cui
2929 3809 3149 3862 verbum
3179 3807 3318 3862 Deus
3350 3809 3400 3861 in
3434 3823 3526 3862 ore
3557 3823 3653 3877 po-

2088 3907 2305 3963 suerat?
2333 3926 2352 3959 ι
2385 3905 2570 3960 Nonne
2602 3919 2961 3974 quaecunque,
3000 3904 3197 3972 inquit,
3234 3902 3480 3971 injecerit
3514 3903 3654 3958 Deus

2091 3999 2142 4050 in
2171 4013 2232 4051 os
2259 4011 2459 4062 meum,
2491 3997 2606 4051 hate
2627 3995 2930 4051 observabo
2957 3994 3100 4064 loqui
3131 3993 3215 4047 ²³ἳ
3242 4012 3261 4046 ι
3293 3994 3373 4048 Ad
3403 3994 3518 4048 haec
3549 3993 3654 4047 Ba-

2091 4088 2207 4142 lach
2240 4097 2432 4158 putans
2476 4087 2600 4156 quia
2649 4087 2970 4157 perterritus
3012 4094 3156 4140 esset
3209 4085 3427 4139 Balaam
3473 4085 3655 4154 populi

2090 4178 2368 4233 Israelitici
2397 4177 2765 4244 multitudine,
2796 4185 2852 4232 et
2889 4176 3089 4232 idcirco
3131 4191 3237 4232 non
3270 4177 3463 4231 fuisset
3488 4191 3657 4232 ausus

2090 4270 2334 4340 proferre
2387 4270 2694 4337 maledicta,
2745 4269 3097 4323 mutationem
3147 4270 3248 4324 sibi
3291 4269 3391 4324 loci
3425 4268 3658 4325 credidit

2091 4362 2453 4433 profuturam,
2505 4373 2559 4416 et
2602 4363 2680 4416 ait
2721 4361 2787 4415 ad
2823 4375 2945 4415 eum
2975 4377 2990 4416 :
3024 4377 3043 4411 ι
3075 4359 3210 4415 Veni
3243 4361 3419 4415 adhuc
3445 4375 3658 4416 mecum

417 4449 570 4516 Quod
614 4461 794 4506 autem
827 4453 958 4507 dicit
999 4455 1039 4486 "
1066 4497 1081 4522 ,
1116 4473 1135 4506 ‹
1177 4464 1239 4508 ιιι
1274 4454 1369 4508 fiat
1398 4470 1581 4509 semen
1619 4471 1797 4510 meum
1846 4459 1986 4514 sicut
2018 4467 2061 4522 ι)
2092 4454 2145 4507 iu
2188 4453 2361 4507 locum
2399 4453 2563 4506 alium
2591 4454 2657 4508 de
2688 4466 2794 4521 quo
2833 4459 3001 4506 totum
3031 4468 3137 4507 non
3173 4453 3356 4507 videas
3383 4467 3530 4518 eum,
3564 4452 3660 4505 sed

417 4555 601 4595 semen
625 4543 916 4613 justorum,
960 4563 979 4597 ι
1018 4555 1198 4615 posset
1219 4545 1439 4615 quidem
1469 4555 1524 4599 et
1551 4546 1617 4600 de
1647 4547 1737 4601 illo
1766 4547 1985 4604 Balaam

418 4631 641 4703 intelligi
669 4675 685 4698 ,
713 4636 1010 4690 secundum
1042 4639 1144 4692 hoc
1172 4637 1316 4707 quod
1346 4637 1482 4707 magi
1514 4636 1590 4691 illi
1615 4679 1630 4702 ,
1658 4639 1750 4708 qui
1775 4639 1843 4694 de
1870 4641 1986 4694 ori-

417 4737 542 4780 ente
570 4729 846 4784 venientes
894 4730 1050 4797 primi
1103 4732 1334 4786 adorare
1369 4741 1630 4786 venerunt
1670 4731 1884 4796 Iesum,
1921 4735 1988 4788 de

419 4818 625 4873 semine
651 4819 767 4889 ejus
799 4834 918 4874 esse
949 4821 1234 4876 videantur
1255 4863 1271 4886 ,
1304 4822 1417 4878 sive
1458 4839 1555 4893 per
1583 4825 1981 4879 successionem

418 4910 653 4981 generis,
682 4911 797 4964 sive
823 4927 919 4981 per
949 4913 1246 4982 disciplina
1289 4913 1657 4969 traditionem.
1691 4915 1989 4970 Evidenter

420 5001 564 5056 enim
602 5013 814 5058 constat
843 5004 962 5060 illos
987 5007 1275 5075 agnovisse
1300 5006 1508 5060 stellam
1534 5048 1549 5073 ,
1585 5023 1747 5077 quam
1793 5008 1990 5076 pradi-

419 5101 574 5146 xerat
605 5091 820 5146 Balaam
853 5093 1111 5148 orituram
1145 5096 1197 5148 in
1234 5093 1423 5160 Israel,
1457 5105 1510 5150 et
1539 5097 1618 5152 sic
1652 5097 1863 5151 venisse
1892 5135 1907 5158 ,
1937 5099 1997 5151 et‘

421 5183 680 5238 adorasse
713 5199 894 5254 regem
937 5185 1030 5255 qui
1063 5195 1222 5242 natus
1254 5197 1340 5242 est
1370 5187 1424 5242 in
1466 5187 1658 5242 Israel.
1693 5187 1992 5244 Conveniet

491 5320 538 5396 ‘_'
558 5321 601 5376 ιι
622 5320 752 5396 Reg.
779 5340 927 5377 xxw.
1001 5326 1045 5357 “
1073 5325 1228 5378 Num.
1251 5342 1406 5394 χχιιι,
1428 5326 1518 5380 10.
1583 5327 1627 5358 ³⁵
1655 5326 1811 5383 Rom.
1844 5344 1916 5391 v1,
1951 5327 1984 5381 5

2090 5369 2094 5379 .
2171 5327 2274 5380 “Il
2307 5329 2447 5387 Tim.
2480 5347 2553 5396 ιι,
2587 5330 2646 5383 Η
2673 5331 2793 5395 ,12.

638 5395 828 5465 "VGal.
863 5411 936 5459 vr,
963 5396 1017 5449 4.
1094 5397 1270 5451 "18a.
1303 5411 1433 5453 LXII.
1465 5396 1548 5451 Η.
1601 5398 1644 5428 ’ί
1680 5397 1837 5450 Νιιιηο
1870 5415 2023 5465 XXIII,
2057 5400 2143 5453 “-

420 5409 476 5457 ν,
503 5393 560 5446 6.
638 5395 679 5425 ¹⁹
710 5395 828 5448 Gal.
863 5411 936 5459 vr,
963 5396 1017 5449 4.

426 5463 512 5519 13.
588 5462 637 5494 ⁸⁸
671 5463 860 5519 Matth.
890 5481 944 5531 v,
980 5467 1067 5520 H.

493 5579 605 5654 (62)
632 5579 688 5632 In
725 5591 878 5635 antea
906 5582 1243 5654 editjsdeest
1275 5600 1294 5654 ι
1333 5598 1398 5638 ex
1444 5584 1695 5653 gentibus
1721 5624 1735 5651 ,
1776 5603 1794 5637 ι
1842 5586 1984 5654 quod

425 5650 701 5714 suppletur
724 5665 754 5705 e
778 5653 965 5705 codice
987 5652 1317 5706 Corbeiensi.

496 5719 609 5788 (63)
644 5719 736 5775 Ms.
770 5721 1083 5778 Corbeiens.
1138 5740 1156 5772 ι
1181 5736 1476 5788 sumemus,
1512 5743 1530 5776 ι
1567 5733 1620 5779 et
1651 5724 1808 5795 paulo
1840 5733 1980 5792 post,

2095 4554 2307 4613 partem
2338 4543 2574 4614 aliquam
2615 4544 2733 4614 ejus
2759 4543 2966 4610 videas,
3003 4558 3198 4598 omnes
3224 4554 3404 4598 autem
3429 4560 3534 4599 non
3579 4545 3662 4596 vi-

2094 4637 2244 4702 deas,
2276 4645 2332 4692 et
2384 4637 2611 4693 maledic
2652 4638 2780 4691 mihi
2819 4652 2942 4692 eum
2984 4639 3107 4693 inde
3136 4638 3202 4695 ".
3251 4657 3270 4690 ι
3304 4639 3534 4694 Demens
3566 4638 3659 4707 qui

2094 4728 2444 4784 Israeliticam
2474 4731 2704 4800 gratiam
2735 4731 2837 4784 loci
2872 4730 3175 4799 objectiouc
3215 4733 3461 4786 crederet
3497 4745 3658 4799 posse

2097 4821 2284 4883 celari,
2321 4830 2375 4874 et
2404 4823 2496 4891 qui
2522 4822 2759 4876 nesciret
2786 4825 2909 4890 quia
2949 4839 3054 4878 non
3087 4831 3260 4892 potest
3292 4824 3546 4879 abscondi
3581 4825 3662 4877 ci-

2095 4915 2234 4968 vitas
2253 4930 2414 4983 super
2437 4925 2669 4969 montem
2693 4917 2864 4984 posita
2897 4917 3016 4976 ’δαί
3041 4915 3105 4969 Et
3125 4917 3433 4984 assumpsit,
3465 4915 3660 4984 inquit,

2097 5020 2218 5059 eum
2269 5005 2321 5058 in
2365 5006 2635 5073 speculam
2665 5007 2780 5074 agri
2825 5007 2876 5062 in
2903 5008 3161 5063 verticem
3194 5007 3389 5062 montis
3419 5007 3574 5072 caesi,
3608 5015 3664 5060 et

2098 5097 2399 5150 construxit
2444 5097 2517 5151 ibi
2552 5107 2760 5167 septem
2800 5114 2945 5161 aras.
2976 5107 3030 5153 et
3073 5099 3325 5168 imposuit
3349 5099 3571 5152 vitulum
3609 5107 3664 5152 et

2098 5190 2322 5244 arietem
2357 5205 2520 5260 super
2562 5206 2732 5256 aram,
2773 5202 2830 5247 et
2878 5191 3014 5246 dixit
3058 5189 3273 5245 Balaam
3314 5192 3380 5245 ad
3410 5189 3608 5244 Balach
3641 5204 3658 5242 :

2877 5331 2918 5364 "
2936 5331 3094 5386 Num.
3117 5347 3274 5394 χχιιι,
3300 5329 3388 5385 I0.
3465 5328 3509 5358 ¹³
3535 5327 3660 5383 Gal.

2215 5399 2423 5456 "Gen.
2467 5417 2544 5468 ιιι,
2590 5400 2677 5456 14.
2755 5403 2800 5436 ³³
2849 5401 3009 5457 Num.
3065 5417 3220 5465 xxm,
3273 5400 3359 5452 I2.
3435 5398 3482 5429 "’
3519 5397 3649 5452 ibid.

2098 5604 2117 5638 ι
2155 5603 2272 5658 quae
2308 5587 2639 5658 occurrerint
2661 5627 2674 5650 ,
2708 5603 2760 5640 tn
2793 5587 3024 5642 medium
3056 5587 3411 5658 proferamus.
3433 5601 3470 5658 _i
3589 5649 3619 5658 υ

2149 5652 2274 5738 ⁸(δι)
2308 5657 2449 5710 ldem
2481 5697 2498 5720 ,
2547 5676 2564 5709 ι
2600 5658 3026 5714 benedictioues.
3058 5652 3077 5710 ἰ
3129 5656 3276 5712 Alias
3301 5695 3314 5721 ,
3366 5672 3385 5704 ι
3432 5652 3658 5704 benedi-

2090 5738 2343 5784 CIIOIICIII.
2382 5746 2399 5778 ι
