4074 6156
503 260 605 319 891

1954 279 2276 340 ORIGENIS

3644 301 3747 357 692

503 380 717 437 Assiste
742 382 809 438 ad
831 385 1158 440 sacriﬁcium
1194 395 1366 455 tuum,
1408 408 1510 462 ego
1545 409 1672 451 vero
1697 411 1920 468 pergam
1954 413 2080 468 pero
2108 402 2156 459 Δ
2186 403 2388 459 habeas
2416 405 2577 461 talem
2601 408 2910 478 opinionem
2944 409 3010 464 de
3040 411 3169 478 Deo,
3202 420 3261 469 ut
3295 424 3452 481 putes
3471 433 3591 472 eum
3625 432 3748 475 esse

503 474 710 526 contari
744 474 930 530 Deum.
976 476 1043 529 Et
1084 483 1320 536 occurrit
1344 483 1483 540 Dens
1505 487 1602 556 ipsi
1635 488 1876 554 Balaam,
1906 498 1962 545 et
1993 491 2075 544 in-

497 561 631 631 jecit
654 564 875 619 verbum
912 567 964 619 in
990 583 1052 622 os
1080 568 1217 637 ejus,
1251 581 1305 626 et
1329 573 1486 641 dixit,
1515 596 1533 628 ι
1564 578 1681 633 sine
1712 581 1874 635 dubio
1896 581 2070 638 Deus:

506 668 529 704 ι
575 652 902 710 Convertere
945 658 1010 711 ad
1051 659 1271 727 Balach,
1314 675 1370 719 et
1421 667 1533 721 hate
1574 668 1830 737 loqueris.
1879 673 1948 726 At
1983 673 2073 728 ille

505 743 629 814 (hoc
668 756 750 800 est
773 745 997 820 Balach)
1025 755 1205 809 stabat
1229 756 1390 826 juxta
1436 760 1896 819 holocaustomata
1948 780 2065 832 sua,

501 848 557 891 et
605 853 796 896 omnes
841 845 1114 915 principes
1147 849 1304 907 Moab
1338 868 1459 907 cum
1485 855 1595 911 illo.
1631 857 1697 911 Et
1720 859 1853 913 dixit
1883 859 1932 914 ei
1962 860 2069 914 Ba-

500 927 658 984 lach:
691 931 830 999 Quid
863 935 1074 995 locutus
1120 952 1205 996 est
1236 944 1495 1000 Dominus
1527 947 1612 1001 “?
1644 967 1665 1001 ι
1704 949 1812 1004 Bes
1849 952 2068 1021 quidem

500 1023 742 1091 profanis
787 1028 1070 1086 sacrificiis
1115 1036 1423 1102 gerebatur,
1457 1047 1513 1093 et
1552 1040 1814 1097 divinatio
1858 1046 2065 1115 magica

499 1123 618 1169 arte
659 1119 1038 1188 requirebatur
1091 1124 1254 1197 (65):
1312 1130 1500 1187 volens
1553 1140 1733 1189 tamen
1796 1136 1937 1191 Deus
1991 1138 2065 1192 ibi

499 1205 774 1263 abundare
801 1213 1052 1280 gratiam,
1080 1217 1171 1272 ubi
1206 1221 1663 1289 superabundavit
1686 1238 1967 1294 peccatum
1995 1229 2061 1293 ",

497 1299 687 1355 adesse
718 1301 987 1370 dignatur,
1030 1321 1133 1363 nec
1185 1310 1387 1382 refugit
1430 1314 1498 1369 ab
1548 1316 1636 1381 iis,
1669 1332 1789 1386 qua:
1841 1334 1945 1372 non
1979 1333 2064 1374 se-

497 1393 730 1463 cundum
778 1394 1126 1453 lsraeliticam
1181 1402 1551 1474 disciplinam,
1618 1409 1713 1464 sed
1767 1412 2061 1465 secundum

494 1483 772 1550 gentilium
826 1488 1155 1557 gerebantur
1202 1508 1466 1551 errorem.
1510 1499 1677 1554 Adest
1725 1511 1904 1555 autem
1953 1517 2060 1556 nor.

493 1576 793 1645 sacriﬁciis,
824 1581 916 1635 sed
944 1582 998 1636 in
1033 1599 1318 1641 occursum
1358 1591 1610 1657 venienti,
1637 1601 1691 1646 et
1713 1592 1785 1646 ibi
1813 1594 1904 1647 dat
1938 1609 2059 1648 ver-

493 1661 618 1718 bum
655 1681 832 1732 suum,
883 1681 1045 1741 atque
1084 1674 1158 1729 ibi
1192 1680 1448 1748 mysteria
1489 1680 1668 1736 futura
1710 1688 2055 1755 prmnuntiat,

490 1758 580 1813 ubi
610 1761 838 1817 maxime
866 1763 998 1820 ﬁdes
1028 1777 1083 1821 et
1110 1768 1399 1825 admiratio
1429 1774 1711 1841 gentilium
1743 1779 1961 1847 pendet,
1997 1791 2056 1835 ut

488 1851 581 1921 qui
609 1856 809 1910 nostris
845 1857 1287 1921 noluntcredere
1315 1865 1617 1936 prepbetis,
1652 1871 1877 1924 credant
1921 1871 2057 1928 divi-

488 1942 573 1997 nis
596 1952 651 1998 et
672 1947 881 2003 vatibus
909 1951 1040 2006 suis.

558 2034 613 2088 2.
654 2054 674 2088 ι
706 2037 772 2092 Ει
803 2054 1113 2112 assumens,
1152 2046 1344 2118 inquit,
1385 2051 1697 2118 parabolam
1752 2071 1907 2112 suam
1976 2059 2060 2114 di-

487 2127 585 2221 xit.
619 2146 640 2180 ι
683 2129 786 2186 Per
832 2135 1144 2202 parabolam
1183 2155 1312 2211 ergo
1354 2140 1488 2198 dicit
1525 2144 1785 2204 Balaam:
1826 2168 1842 2201 ι
1881 2149 2055 2221 Surge

489 2217 705 2314 Balach,
753 2233 805 2280 et
831 2229 977 2294 audi,
1013 2231 1231 2288 auribus
1263 2236 1479 2306 percipe
1529 2240 1682 2295 testis
1714 2241 1787 2296 ﬁli
1821 2217 2046 2314 Sepho‘r.

486 2307 601 2369 Non
644 2319 786 2373 sicut
824 2322 984 2378 homo
1011 2323 1150 2383 Deus
1190 2326 1504 2394 frustratur,
1540 2347 1716 2402 neque
1743 2307 2053 2395 sicut'filius

486 2407 718 2464 hominis
751 2420 1004 2469 terretur.
1041 2415 1159 2486 ipse
1188 2435 1311 2474 eum
1338 2422 1553 2490 dixerit,
1581 2442 1686 2480 non
1723 2427 1917 2483 faciet?
1972 2429 2042 2485 lo-

483 2510 674 2566 quetur
708 2512 762 2555 et
811 2520 915 2559 non
948 2512 1319 2576 permanebit?
1349 2512 1488 2569 Ecce
1522 2516 1588 2571 ad
1619 2518 2046 2578 benedicendum

481 2602 786 2663 assumptus
832 2613 975 2665 sum,
1013 2599 1351 2670 benedicam,
1390 2616 1445 2662 et
1494 2623 1598 2664 non
1628 2618 1872 2666 avertam
1901 2628 2043 2672 eam.

479 2681 594 2740 Non
624 2690 730 2744 erit
777 2690 935 2748 labor
958 2693 1013 2748 iu
1064 2696 1247 2760 Jacob,
1282 2714 1455 2769 neque
1486 2703 1758 2760 videbitur
1803 2706 1955 2764 dolor
1991 2709 2045 2763 in

481 2778 663 2836 lsrael.
720 2781 982 2841 Dominus
1031 2789 1170 2845 Deus
1220 2806 1353 2846 suus
1403 2808 1525 2848 cum
1595 2797 1732 2865 ipso,
1786 2800 2046 2869 praeclara

479 2872 783 2942 principum
811 2893 933 2931 cum
958 2878 1076 2946 ipso
1113 2890 1256 2936 sunt.
1293 2885 1435 2939 Deus
1460 2886 1551 2953 qui
1583 2889 1773 2943 eduxit
1803 2905 1928 2946 eum
1977 2908 2043 2947 ex

478 2962 731 3039 Egypto,
781 2973 919 3027 sicut
944 2975 1112 3043 gloria
1147 2980 1421 3034 unicornis
1460 2979 1596 3047 ejus.
1626 2982 1742 3037 Non
1769 2987 1913 3039 enim
1940 2989 2044 3042 erit

2177 498 2320 550 sicut
2373 500 2670 566 hominem,
2716 504 2807 571 qui
2851 505 2902 558 in
2939 506 3006 562 iis
3031 523 3151 576 qua:
3198 508 3455 578 loquitur,
3499 511 3745 567 frustrari

2175 589 2367 658 possit.
2409 590 2668 648 Homines
2705 597 2849 651 enim
2888 599 3072 654 multis
3099 602 3480 657 occasionibus
3516 612 3569 658 et
3596 605 3747 658 vitiis

2173 682 2567 752 impediuntur,
2625 703 2697 743 ne
2752 705 2936 744 verum
2997 692 3069 745 sit
3120 692 3261 762 quod
3300 693 3616 763 loquuntur.
3640 697 3746 750 Aut

2172 775 2293 830 irati
2346 780 2495 832 enim
2521 780 2836 850 loquuntur,
2872 793 2928 838 et
2953 785 3033 838 ira
3065 797 3312 842 cessante
3340 788 3545 842 frustra
3576 788 3742 843 locuti

2171 876 2338 923 sunt:
2388 880 2482 924 aut
2539 881 2738 938 metus,
2793 884 2886 929 aut
2933 875 3268 942 cupiditatis,
3327 886 3419 931 aut
3465 879 3745 947 jactantia

2169 959 2373 1027 gratia,
2397 961 2629 1032 aliisque
2661 965 2853 1019 horum
2903 966 3193 1031 similibus,
3225 977 3279 1023 et
3308 970 3495 1040 utique
3538 969 3745 1031 frustra

2168 1050 2295 1115 erit,
2327 1060 2382 1105 et
2403 1066 2599 1107 vanum
2617 1068 2777 1109 omne
2800 1055 3059 1126 quidquid
3084 1057 3213 1112 vitio
3235 1057 3550 1113 dominante
3579 1061 3744 1116 locuti

2168 1152 2313 1196 sunt.
2329 1142 2470 1199 Deus
2487 1154 2687 1211 autem,
2704 1148 2755 1201 in
2773 1163 2881 1217 quo
2898 1149 3042 1204 nulla
3063 1161 3140 1206 est
3159 1153 3362 1222 passio,
3383 1155 3524 1208 nulla
3539 1155 3746 1225 fragili-

2171 1243 2273 1303 tas,
2290 1252 2452 1293 omne
2467 1239 2609 1308 quod
2625 1240 2843 1303 dixerit,
2865 1256 2963 1311 pro
2974 1257 3261 1299 causarum
3287 1246 3494 1302 meritis
3512 1248 3672 1303 dicit:
3690 1258 3743 1304 et

2168 1326 2289 1383 ideo
2308 1344 2579 1398 nunquam
2595 1330 2846 1387 frustrari
2872 1344 3070 1402 potest,
3091 1336 3216 1405 quia
3239 1338 3381 1404 quod
3403 1339 3614 1394 ratione
3628 1355 3745 1409 pro-

2166 1419 2357 1484 fertur,
2368 1434 2556 1476 carere
2569 1437 2673 1475 non
2694 1432 2869 1491 potest
2899 1425 3138 1480 ratione:
3162 1425 3307 1482 «Non
3336 1443 3467 1498 ergo
3485 1428 3631 1484 Deus
3648 1434 3746 1487 sic-

2164 1519 2225 1564 ut
2239 1510 2421 1576 homo,
2437 1512 2527 1581 qui
2546 1512 2748 1569 frustra
2763 1513 3037 1586 loquatur,
3059 1532 3236 1587 neque
3251 1519 3391 1575 sicut
3406 1522 3547 1575 ﬁlius
3565 1525 3747 1578 homi-

2163 1604 2246 1656 nis
2280 1610 2535 1667 terrelur,
2562 1624 2580 1655 ›
2607 1605 2692 1659 vel
2724 1605 2807 1675 (ut
2836 1608 2888 1661 in
2914 1607 3034 1664 aliis
3057 1612 3458 1681 exemplaribus
3486 1615 3744 1685 legimus)

2169 1709 2188 1743 ι
2211 1708 2385 1764 neque
2407 1696 2549 1751 sicut
2578 1696 2716 1751 ﬁlius
2739 1699 2971 1755 hominis
2995 1710 3180 1756 terret.
3205 1723 3224 1756 ι
3245 1702 3304 1756 In
3329 1704 3644 1761 hominibus
3670 1710 3745 1763 in.

2161 1787 2374 1841 terdum
2392 1790 2711 1844 sententiam
2727 1800 2897 1846 mutat
2913 1801 3107 1860 terror,
3125 1795 3265 1851 Deus
3279 1813 3342 1851 an
3352 1808 3454 1852 tem
3469 1803 3561 1870 qui
3574 1816 3741 1868 supra

2159 1878 2336 1931 omnia
2366 1888 2470 1946 est,
2500 1896 2528 1933 a
2561 1896 2668 1951 quo
2697 1884 2887 1938 terreri
2923 1897 3121 1954 pOtest,
3157 1899 3216 1943 ut
3259 1894 3583 1947 sententiam
3621 1910 3743 1947 mu-

2161 1967 2265 2023 tet?
2326 1967 2383 2023 Si
2430 1985 2558 2024 veru
2603 1975 2897 2029 secundum
2930 1977 3035 2032 hoc
3076 1979 3428 2050 accipiamus,
3460 1983 3622 2052 {quod
3684 1984 3737 2038 in

2156 2064 2278 2120 aliis
2322 2066 2730 2134 exemplaribus
2775 2069 3012 2125 diximus
3045 2071 3266 2138 lectum,
3301 2074 3405 2129 hoc
3429 2084 3535 2137 est,
3573 2094 3596 2127 ‹
3638 2091 3736 2129 ne-

2156 2167 2261 2223 que
2307 2155 2447 2210 sicut
2501 2156 2641 2211 ﬁlius
2681 2158 2918 2214 hominis
2963 2168 3169 2227 terret;
3207 2181 3225 2213 ι
3266 2161 3410 2231 illud
3459 2163 3739 2218 videbitur

2156 2247 2282 2310 dici,
2306 2247 2447 2317 quod
2478 2248 2721 2303 homines
2751 2249 2968 2318 quidem
3014 2250 3289 2305 interdum
3334 2268 3432 2322 pro
3459 2252 3734 2321 jactantia

2157 2350 2392 2395 terrores
2421 2341 2623 2394 faciunt
2658 2352 2713 2395 et
2761 2342 2958 2406 minas,
2994 2343 3157 2398 etiam
3197 2343 3264 2400 iis
3311 2359 3730 2415 nonnunquam,

2153 2433 2348 2502 quibus
2383 2447 2576 2487 nocere
2605 2448 2710 2487 non
2745 2442 3000 2501 possunt;
3044 2435 3185 2489 Deus
3210 2445 3388 2490 autem
3420 2452 3527 2490 non
3554 2445 3732 2492 terret

2153 2525 2225 2578 ita
2246 2524 2515 2586 homines.
2548 2524 2702 2593 quasi
2744 2525 2834 2593 qui
2862 2525 3056 2594 punire
3084 2542 3193 2581 non
3226 2528 3418 2597 possit,
3460 2539 3515 2583 et
3546 2529 3588 2583 si
3618 2538 3731 2584 ter-

2151 2624 2252 2680 ret,
2283 2618 2495 2671 ratione
2526 2627 2709 2672 terret.
2748 2617 2939 2670 Terret
2975 2617 3117 2671 enim
3150 2628 3210 2673 ut
3255 2621 3515 2690 corripiat
3543 2622 3726 2675 homi-

2150 2724 2271 2763 nem
2301 2711 2353 2763 in
2388 2710 2679 2764 auditionis
2721 2710 3091 2775 tribulatione,
3137 2722 3196 2766 ut
3227 2714 3387 2767 verbo
3422 2714 3728 2767 commina-

2149 2801 2311 2856 tionis
2334 2801 2624 2855 deterritus
2652 2803 2905 2855 emendet
2928 2817 2986 2857 se
3016 2804 3106 2871 qui
3148 2803 3287 2857 male
3311 2805 3445 2874 agit,
3474 2818 3575 2859 nec
3597 2820 3725 2874 per-

2146 2893 2327 2947 veniat
2358 2894 2424 2947 ad
2453 2908 2572 2947 eum
2605 2892 2719 2961 ipsa
2748 2892 2981 2947 vindicta
3003 2893 3139 2948 male
3160 2905 3436 2961 gestorum
3466 2910 3715 2950 suorum.

2146 2985 2263 3040 Non
2286 3000 2413 3055 ergo
2432 2986 2505 3038 ita
2526 2984 2671 3039 Deus
2688 2994 2857 3040 terret
2873 2993 2931 3038 ut
2952 2986 3132 3052 homo;
3150 2987 3311 3043 homo
3329 2988 3470 3042 enim
3489 2988 3727 3057 (utdixi-

480 3065 767 3131 auguratio
827 3068 877 3120 in
918 3066 1087 3124 Jacob
1131 3087 1304 3141 neque
1350 3076 1609 3131 divinatio
1650 3079 1701 3131 in
1753 3079 1934 3133 lsrael.
1986 3080 2041 3134 ln
2071 3074 2116 3136 C
2147 3076 2854 3147 mus)projactantia,Deus
2872 3092 3110 3146 veropro
3128 3078 3720 3134 emendationeterret.
3776 3080 3789 3086 ’

481 3163 721 3229 tempore
741 3159 951 3215 dicetur
968 3160 1136 3218 Jacob
1160 3174 1214 3219 et
1232 3165 1415 3232 lsrael.
1451 3172 1579 3240 quid
1611 3172 1854 3238 perﬁciet
1882 3172 2040 3229 Dens.

478 3247 617 3323 Ecce
650 3250 874 3319 populus
902 3253 1044 3308 sicut
1076 3257 1286 3313 catulus
1315 3259 1486 3315 leonis
1514 3274 1791 3334 exsurget,
1824 3275 1877 3319 et
1906 3267 2044 3319 sicut

478 3339 561 3394 leo
582 3340 889 3407 exsultabit,
921 3358 1025 3398 non
1052 3345 1284 3403 dormiet
1310 3350 1480 3405 donec
1507 3357 1756 3408 comedat
1786 3358 2038 3423 praedam,

476 3438 538 3489 et
582 3435 904 3505 sanguinem
970 3438 1378 3499 vulneratorum
1436 3445 1584 3499 bibat
1614 3446 1680 3498 ’⁸.
1722 3466 1740 3497 ι
1790 3447 1913 3504 Haec
1961 3462 2043 3505 est

476 3524 803 3581 continentia
854 3531 1108 3585 secundae
1154 3537 1452 3605 prophetiae.
1498 3539 1551 3591 in
1586 3540 1764 3592 verbis
1796 3539 2038 3598 Balaam.

479 3616 766 3674 Videamus
792 3637 921 3692 ergo
975 3624 1150 3692 primo
1200 3626 1301 3682 hoc
1334 3628 1506 3697 ipsum
1550 3631 1690 3698 quod
1720 3632 1796 3684 ait
1828 3650 1841 3686 :
1880 3651 1899 3684 ι
1935 3633 2043 3687 Ex-

474 3725 633 3780 surge
657 3712 878 3779 Balach,
909 3724 965 3770 et
993 3716 1114 3773 audi
1148 3719 1214 3773 ’9.
1255 3737 1272 3770 ι
1310 3720 1365 3774 Si
1401 3721 1544 3776 enim
1574 3722 1626 3776 in
1669 3724 2041 3793 superioribus

475 3816 578 3857 non
627 3803 849 3861 dixisset
883 3808 1005 3877 quia
1039 3818 1207 3865 staret
1240 3809 1393 3880 juxta
1446 3814 1818 3870 holocaustum
1855 3833 2036 3885 suum,

472 3910 577 3950 non
612 3897 893 3952 videretur
922 3916 1249 3972 magnopere
1283 3907 1659 3974 requirendum
1688 3924 1786 3962 cur
1807 3909 2035 3965 dixerit:

475 4003 495 4038 α
528 3989 767 4061 Exsurge
788 3990 1007 4047 Balacb.
1044 4012 1065 4045 ι
1099 3995 1252 4051 Nunc
1280 4009 1460 4053 autem
1494 4016 1614 4054 cum
1660 4001 1903 4056 hortetur
1940 4018 2037 4057 ex—

471 4095 695 4153 surgere
721 4100 868 4149 eum,
897 4100 1055 4154 quem
1094 4102 1264 4158 nuper
1291 4090 1504 4145 dixerat
1542 4104 1706 4159 stare,
1731 4109 1836 4149 non
1862 4095 2037 4153 otiose

470 4177 877 4242 prtetereundus
904 4192 1083 4234 sermo
1114 4181 1480 4250 propheticus.
1514 4184 1666 4250 Quod
1701 4199 1830 4256 ergo
1859 4188 1935 4241 ait
1981 4191 2034 4244 in

469 4268 856 4335 superioribus,
912 4272 1036 4341 quia
1092 4283 1265 4328 staret
1325 4277 1391 4330 ad
1438 4276 1809 4334 holocaustum
1854 4298 2032 4347 suum,

468 4358 714 4429 designat
737 4378 858 4415 eum
884 4378 988 4419 non
1022 4374 1173 4420 recte
1196 4377 1360 4421 stare.
1393 4367 1746 4424 Stabatenim
1779 4373 1832 4426 in
1865 4374 2033 4430 idolo-

469 4451 625 4506 latria
660 4455 886 4522 positus,
923 4467 977 4510 et
1016 4459 1194 4513 stabat
1245 4460 1399 4529 quasi
1436 4461 1688 4516 inimicus
1733 4464 1852 4532 Dei,
1886 4470 2028 4536 quod

465 4545 635 4613 magis
671 4557 815 4601 esset
844 4564 948 4604 non
986 4557 1154 4616 stare,
1187 4551 1282 4606 sed
1313 4552 1526 4608 cadere.
1565 4553 1727 4621 Quasi
1767 4573 1898 4631 ergo
1935 4562 2027 4630 qui

464 4635 530 4690 de
554 4636 645 4690 illo
673 4647 819 4692 statu
847 4641 1041 4695 cadere
1072 4642 1344 4707 debuerit,
1372 4645 1480 4698 imo
1532 4656 1585 4699 et
1613 4651 1702 4715 qui
1742 4654 2023 4723 ceciderit,

462 4727 536 4781 ita
562 4745 704 4784 nunc
730 4730 1002 4787 intellectu
1032 4737 1347 4805 prophetico
1374 4754 1667 4815 exsurgere
1690 4760 1812 4798 eum
1830 4745 2022 4814 jubet:

460 4819 659 4890 quippe
687 4822 776 4891 qui
811 4839 908 4893 per
936 4825 1059 4896 hoc,
1095 4831 1235 4896 quod
1263 4841 1408 4886 stare
1447 4833 1499 4888 iu
1549 4835 1850 4890 idololatria
1875 4839 2023 4894 visus

461 4909 655 4976 fuerat,
686 4916 993 4973 cecidisset.
1036 4917 1307 4991 Exsurgat
1348 4938 1477 4991 ergo
1514 4926 1604 4992 qui
1635 4925 1760 4980 talis
1788 4939 1892 4992 est,
1924 4943 2021 4982 ex-

458 5014 646 5074 surgat
667 5006 792 5072 ﬁde,
821 5018 875 5063 et
897 5008 1162 5065 efﬁciatur
1187 5014 1376 5069 testis:
1413 5017 1455 5069 si
1486 5016 1698 5085 quidem
1732 5032 2020 5074 converte-

458 5102 752 5168 tur,'tcstis
800 5103 951 5172 ﬁdei;
995 5107 1040 5160 si
1074 5121 1203 5162 vero
1240 5120 1521 5178 permanet
1564 5111 1816 5177 inﬁdelis,
1846 5122 1903 5165 ut
1949 5115 2022 5168 sit

458 5193 613 5250 testis
644 5196 1108 5251 condemnationis
1133 5213 1263 5254 suae.

523 5284 579 5341 ὅ.
638 5284 747 5341 Sed
779 5287 904 5355 quid
947 5296 1030 5343 est
1065 5291 1209 5357 quod
1245 5291 1294 5345 ei
1339 5293 1647 5358 annuntiat,
1688 5293 1966 5351 videamus
2003 5319 2013 5352 :

459 5388 480 5424 ι
525 5373 642 5429 Non
674 5376 814 5432 sicut
844 5378 1026 5445 homo,
1066 5380 1258 5449 inquit,
1295 5380 1439 5437 Deus
1467 5382 1791 5453 frustratur,
1840 5403 2018 5459 neque

454 5467 595 5523 sicut
625 5470 764 5525 ﬁlius
792 5471 1028 5529 hominis
1058 5483 1295 5531 terretur
1336 5478 1452 5546 ipse
1497 5479 1562 5533 ³ο.
1593 5499 1612 5532 ι
1648 5479 1784 5547 Non,
1818 5482 2014 5553 inquit,

522 5561 569 5593 "
599 5560 758 5617 Num.
794 5581 949 5628 χχιιι,
982 5567 1158 5623 14-17.
1266 5570 1308 5601 ³⁷
1336 5568 1495 5625 Rom.
1539 5586 1588 5626 ν.
1623 5571 1715 5628 20.

452 5630 499 5667 ³⁸
533 5629 654 5686 Jon.
682 5648 765 5687 ιιι.
839 5636 884 5668 ³³
907 5636 949 5690 ll
987 5636 1121 5707 Reg.
1155 5653 1301 5693 xxiv.

1821 5575 1879 5645 ’⁸,
1908 5575 2066 5632 Num.
2113 5592 2270 5642 χχιιι,
2316 5577 2503 5633 18-24.

2215 3169 2269 3222 4.
2306 3167 2436 3223 Post
2457 3171 2573 3224 haec
2612 3169 2726 3221 ait:
2766 3185 2788 3218 α
2830 3167 2947 3237 lpse
2977 3182 3099 3221 cum
3125 3168 3344 3235 dixerit,
3377 3183 3481 3223 non
3515 3168 3721 3225 faciet?

2145 3263 2416 3333 loquetur,
2450 3272 2628 3317 etnon
2664 3261 3006 3331 permanebit
3042 3261 3121 3315 “ﬁt
3160 3280 3178 3313 ι
3225 3261 3315 3315 Sic
3342 3261 3599 3331 legendus
3626 3271 3716 3318 est

2144 3354 2315 3420 locus,
2349 3354 2500 3424 quasi
2537 3354 2926 3425 interrogantis
2961 3352 3155 3407 all‘ectu
3188 3352 3335 3407 dicat
3369 3371 3382 3406 :
3415 3352 3556 3423 Ipse,
3607 3354 3717 3409 hoc

2143 3459 2245 3513 est,
2276 3447 2437 3512 Deus,
2463 3447 2604 3516 quod
2634 3446 2784 3512 dicit,
2822 3460 3002 3500 nonne
3021 3455 3075 3499 et
3119 3444 3320 3499 faciet?
3343 3453 3398 3499 et
3425 3460 3544 3514 qua:
3565 3445 3718 3521 locu-

2143 3551 2230 3596 tus
2278 3539 2463 3607 fuerit,
2515 3554 2692 3595 nonne
2723 3539 3063 3609 permanebit
3093 3538 3145 3592 in
3189 3537 3309 3593 eis?
3348 3538 3482 3591 Cum
3526 3539 3717 3608 utique

2142 3634 2390 3689 homines
2429 3648 2535 3687 non
2578 3631 2783 3687 faciant
2819 3647 2939 3701 qua:
2967 3632 3176 3695 dicunt,
3206 3641 3262 3685 et
3291 3633 3425 3687 vitio
3460 3632 3715 3688 humana:

2142 3728 2452 3797 fragilitatis
2493 3727 2546 3780 in
2578 3727 2644 3780 iis
2676 3742 2780 3781 non
2816 3736 3167 3795 permaneant
3203 3741 3322 3795 qua:
3363 3725 3656 3795 loquuntur
3694 3745 3708 3780 :

2140 3819 2416 3875 mutabilis
2448 3818 2608 3889 330
2630 3818 2769 3873 enim
2805 3828 2889 3871 est
2920 3816 3106 3882 homo,
3136 3817 3279 3871 Deus
3308 3831 3436 3871 vero
3459 3818 3712 3872 immuta-

2137 3916 2282 3969 bilis.
2315 3914 2420 3969 Sed
2469 3922 2647 3983 potest
2668 3910 2862 3980 aliquis
2887 3926 3195 3979 occurrere,
3226 3921 3282 3966 et
3305 3913 3489 3966 dicere
3522 3929 3537 3966 :
3566 3911 3711 3978 Quo-

2138 4010 2299 4064 modo
2321 4024 2451 4079 ergo
2478 4024 2582 4065 non
2618 4011 2917 4077 permansit
2960 4008 3100 4061 Dens
3131 4008 3183 4061 in
3221 4007 3311 4073 iis,
3342 4021 3464 4075 qum
3496 4006 3709 4062 locutus

2136 4108 2221 4154 est
2263 4100 2328 4153 de
2381 4099 2572 4154 Ninive
2621 4108 2679 4153 ut
2731 4110 2852 4169 post
2904 4100 3137 4154 triduum
3188 4099 3599 4155 subverteretur
3625 4097 3709 4151 “1’

2136 4190 2320 4261 Neque
2360 4191 2413 4245 in
2456 4191 2523 4246 iis
2561 4206 2682 4261 quae
2711 4193 2921 4246 locutus
2950 4201 3033 4245 est
3062 4192 3127 4246 de
3173 4188 3486 4256 David,ubi
3537 4192 3707 4249 tribus

2137 4283 2324 4358 diebus
2354 4285 2618 4353 promissa
2649 4284 2825 4341 fuerat
2854 4301 3021 4351 mors,
3058 4298 3116 4339 ut
3159 4295 3397 4342 vastaret
3426 4287 3700 4358 populum,

2135 4385 2190 4429 et
2217 4356 2356 4429 intra
2398 4392 2562 4430 unum
2616 4376 2780 4441 diem,
2829 4387 2883 4431 et
2930 4393 3100 4448 usque
3154 4379 3218 4431 ad
3256 4380 3445 4433 horam
3492 4378 3701 4447 prandii

2136 4469 2371 4523 cessavit
2419 4467 2498 4521 ³³ἳ
2531 4468 2598 4521 Et
2623 4468 2895 4523 videbitur
2946 4469 3213 4534 fortassis,
3259 4471 3385 4538 quia
3428 4471 3545 4525 hinc
3583 4486 3702 4540 qua:

2133 4576 2231 4630 per
2264 4561 2738 4629 interrogationem
2771 4562 3043 4626 dicuntur,
3078 4577 3182 4615 non
3208 4564 3418 4632 penitus
3446 4578 3543 4632 pro
3573 4564 3701 4617 deﬁ-

2132 4654 2247 4708 nito
2271 4653 2584 4721 accipienda
2612 4655 2752 4721 sint;
2784 4656 2876 4709 sed
2928 4655 3047 4708 talis
3071 4658 3315 4724 quaedam
3354 4656 3525 4726 figura
3551 4656 3696 4710 verbi

2132 4746 2223 4809 sit,
2270 4760 2391 4814 quae
2437 4748 2670 4800 medium
2703 4746 2905 4816 aliquid
2948 4749 3199 4802 videatur
3233 4750 3545 4814 ostendere,
3590 4765 3693 4805 non

2133 4847 2314 4891 tamen
2363 4837 2597 4892 definitae
2638 4847 2691 4892 et
2722 4839 3097 4898 irrevocabilis
3128 4842 3413 4896 sententia
3457 4841 3693 4896 declaret

2127 4931 2377 4986 affectum
2404 4947 2417 4982 :
2450 4947 2558 5002 quo
2580 4934 2970 5003 temperantius
2998 4935 3198 5006 aliquid
3226 4936 3425 4989 dictum
3450 4937 3696 4991 videatur

2133 5026 2189 5078 in
2224 5039 2289 5079 eo
2311 5025 2453 5093 quod
2487 5025 2747 5095 scriptum
2779 5037 2884 5093 est,
2915 5047 2932 5079 ι
2961 5028 3077 5096 ipse
3113 5043 3236 5083 cum
3265 5030 3487 5096 dixerit,
3517 5045 3694 5086 nonne

2126 5114 2325 5170 faciet?
2365 5137 2385 5166 ι
2417 5131 2577 5184 quam
2609 5116 2652 5170 si
2675 5117 2941 5187 ‘scriptum
2969 5127 3135 5185 esset,
3170 5120 3283 5189 Ipse
3312 5136 3438 5175 cum
3471 5122 3687 5188 dixerit,

2126 5208 2632 5273 omnimodefaciet.
2657 5210 2762 5265 Sed
2786 5225 3161 5267 recenseamus
3185 5222 3237 5267 et
3261 5214 3373 5283 ipsa
3398 5213 3688 5284 Scriptura:

2127 5302 2266 5368 loca,
2314 5317 2435 5372 quae
2467 5302 2552 5356 vel
2580 5303 2632 5356 in
2667 5301 2801 5357 Jona
2835 5304 2919 5358 vel
2947 5304 2998 5358 in
3031 5303 3337 5374 Regnorum
3361 5305 3514 5360 libris
3541 5306 3689 5376 posi-

2123 5403 2180 5447 ta
2212 5407 2355 5461 sunt,
2381 5409 2448 5448 ne
2480 5395 2616 5449 forte
2646 5404 2700 5448 et
2732 5393 2829 5460 ibi,
2863 5404 2923 5448 ut
2948 5398 3114 5451 moris
3146 5406 3249 5465 est,
3292 5398 3584 5468 Scripturae
3609 5396 3686 5452 di-

2123 5487 2262 5540 vina:
2292 5486 2487 5542 secreti
2526 5486 2728 5556 aliquid
2758 5486 3017 5544 habeant.
3050 5489 3321 5559 Scriptum
3364 5500 3449 5547 est
3475 5505 3607 5560 ergo
3631 5488 3685 5544 in

2609 5579 2654 5611 ¹⁹
2681 5578 2809 5635 ibid.
2854 5578 2941 5634 18.
3018 5580 3091 5625 -³⁹
3129 5582 3259 5638 ibid.
3287 5582 3373 5639 1-9.
3468 5584 3513 5619 ³⁸
3554 5584 3683 5640 ibid.

521 5727 637 5800 (65)
678 5728 845 5797 Idem,
901 5750 921 5782 ‹
961 5732 1187 5803 geritur,
1232 5744 1289 5790 et
1333 5736 1594 5794 divinatio
1645 5743 1849 5813 magica
1899 5752 2016 5801 arte
2040 5737 2391 5815 perquiritur.
2431 5761 2453 5796 ι
