4074 6156
405 261 512 317 693

1564 273 1632 328 IN
1667 274 1998 346 NUMEROS
2039 275 2318 332 HOMlLlA
2353 278 2487 333 XVI.

3547 273 3651 328 696

400 383 541 438 Jona
577 383 621 415 "
653 400 667 439 :
698 402 717 436 ι
753 382 817 437 Et
842 384 1046 440 factum
1073 394 1158 441 est
1184 390 1405 444 verbum
1453 390 1665 448 Domini
1694 395 1760 449 ad
1788 394 1979 450 Jonam
2011 402 2055 457 Α
2085 395 2294 465 Moyses
2328 396 2547 466 propria
2575 395 2901 450 auctoritate
2931 392 3206 448 mandavit
3234 409 3248 446 :
3278 391 3428 462 quod
3463 387 3645 444 Domi-

404 476 578 530 ﬁiium
605 477 824 531 Amathi
860 478 1088 533 dicens:
1147 479 1340 551 Surge,
1380 491 1435 537 et
1465 484 1602 539 Vade
1646 488 1698 540 in
1748 486 1974 542 Niniven

403 567 681 624 civitatem
718 584 988 637 magnam,
1021 579 1077 625 et
1105 574 1334 640 praedica
1368 574 1421 627 in
1460 589 1545 642 ea,
1574 578 1699 644 quia
1730 579 1979 634 ascendit

402 658 616 715 clamor
647 654 867 717 malitia:
899 661 1016 730 ejus
1052 664 1120 717 ad
1158 679 1261 720 me.
1319 683 1338 717 ι
1370 665 1438 719 Et
1467 677 1816 738 posteaquam
1841 685 1978 739 prae-

401 762 620 821 ceptum
646 764 731 808 est
757 762 897 819 ceto,
922 764 973 810 et
1008 755 1167 821 ejecit
1192 756 1384 811 Jonam
1416 759 1470 812 in
1509 770 1731 825 terram,
1782 763 1974 818 iterum

302 858 319 871 ο
400 844 669 912 scriptum
694 856 778 899 est
807 846 850 877 ³³
882 863 894 898 :
926 864 946 896 ι
986 847 1052 901 Εῑ
1074 846 1276 909 factum
1304 858 1389 903 est
1420 852 1641 906 verbum
1672 854 1878 909 Domini
1911 857 1975 909 ad

402 931 600 990 Jonam
642 938 901 1002 secundo,
934 939 1158 993 dicens:
1192 938 1390 1008 Surge,
1428 952 1482 996 et
1509 944 1643 997 vade
1672 944 1724 997 in
1750 934 1976 1000 Niniven

401 1025 684 1081 civitatem
723 1043 998 1098 magnam,
1022 1036 1076 1083 ct
1104 1032 1333 1097 praedica
1368 1033 1418 1086 in
1442 1047 1503 1086 ea
1528 1036 1821 1089 secundum
1850 1051 1980 1106 prae-

401 1115 731 1171 dicationem
762 1134 922 1186 quam
954 1135 1053 1189 ego
1078 1121 1286 1176 locutus
1312 1136 1430 1177 sum
1459 1126 1525 1178 ad
1562 1133 1633 1178 te.
1667 1143 1685 1175 δ
1719 1125 1784 1180 Ει
1813 1125 1977 1182 Jonas

398 1209 624 1276 quidem
656 1227 673 1259 ι
722 1211 1051 1278 praedicavit,
1096 1223 1150 1269 et
1199 1213 1335 1268 dixit
1380 1215 1613 1273 :Adhuc
1644 1226 1751 1272 tres
1779 1220 1913 1283 dies,
1954 1238 1971 1271 ι

407 1299 492 1351 vel
525 1298 603 1370 (ut
645 1299 851 1355 llebraai
886 1303 1087 1359 habere
1116 1320 1176 1361 se
1212 1307 1471 1378 scriptum
1509 1309 1719 1379 dicunt)
1753 1329 1771 1360 ι
1803 1312 1978 1366 adhuc

402 1392 760 1460 quadraginta
796 1394 930 1453 dies,
966 1404 1021 1449 et
1063 1395 1256 1452 Ninive
1289 1400 1622 1457 destruetur.
1651 1400 1765 1455 Viri
1797 1412 1975 1455 autem

401 1478 657 1537 Ninivita:
691 1486 1040 1541 crediderunt
1083 1488 1137 1542 in
1172 1489 1311 1557 Deo,
1353 1499 1409 1547 et
1437 1492 1868 1561 praedicaverunt
1892 1493 1977 1562 je-

394 1571 633 1639 junium,
664 1587 714 1629 et
751 1577 1040 1634 induerunt
1071 1595 1130 1634 se
1163 1581 1376 1647 ciliciis,
1411 1599 1441 1636 a
1473 1583 1681 1637 minore
1711 1597 1883 1652 usque
1909 1583 1975 1636 ad

404 1666 664 1737 majorem
689 1669 948 1739 ipsorum.
980 1691 1001 1723 ι
1030 1673 1093 1727 Et
1120 1683 1240 1742 post
1258 1690 1428 1743 pauca
1460 1692 1474 1728 :
1511 1694 1530 1727 ι
1560 1675 1775 1732 Etvidit
1810 1676 1974 1738 Deus,

2087 501 2190 541 nus
2220 488 2270 540 in
2304 487 2615 557 Evangeliis
2645 486 3050 541 evidentissima
3086 484 3431 539 distinctione
3461 496 3645 536 secer-

2087 578 2185 644 nit,
2204 593 2326 633 cum
2357 579 2489 633 dicit
2507 578 2571 633 de
2587 578 2810 647 repudio
2833 578 3075 633 mulieris
3105 578 3488 645 interrogatus,
3519 573 3651 643 quia

2092 685 2111 720 α
2152 670 2217 723 ad
2270 668 2524 722 duritiam
2579 668 2758 723 cordis
2806 667 2971 723 vestri
3004 687 3023 719 ι
3055 669 3275 736 scripsit
3317 668 3474 723 vobis
3534 665 3649 720 haec

2086 760 2316 828 Moyses,
2347 778 2367 810 r
2405 761 2472 814 ab
2501 760 2656 815 initio
2684 768 2863 814 autem
2896 776 3001 814 non
3031 760 3130 813 luit
3166 761 3243 815 sic
3269 760 3334 814 θ’.
3362 760 3461 826 Qui
3498 759 3644 815 enim

2087 852 2213 905 fecit
2244 852 2538 916 hominem,
2587 839 2882 907 masculum
2925 860 2980 905 et
3017 851 3268 905 feminam
3312 850 3442 907 fecit
3467 866 3583 915 eos,
3618 869 3637 903 ι

2083 952 2137 997 et
2170 943 2447 998 benedixit
2479 958 2592 1009 eos,
2626 963 2644 995 ι
2681 954 2735 997 et
2762 944 2938 997 dixit:
2987 942 3212 1013 Propter
3243 951 3346 999 hoc
3375 945 3644 1013 relinquet

2086 1036 2246 1090 homo
2273 1047 2480 1106 patrem
2517 1046 2692 1101 suum,
2724 1046 2778 1091 et
2803 1044 3030 1091 matrem
3058 1052 3234 1104 suam,
3266 1048 3319 1093 et
3348 1039 3646 1094 adhaerebit

2085 1129 2238 1182 uxori
2278 1144 2407 1195 suae,
2436 1137 2492 1183 et
2523 1129 2681 1184 ambo
2702 1137 2861 1185 erunt
2882 1128 2933 1181 in
2972 1143 3135 1185 carne
3156 1146 3260 1187 una
3292 1131 3359 1185 ⁸ο.
3399 1150 3418 1184 ι
3458 1132 3525 1185 Ει
3550 1132 3648 1185 ad-

2085 1221 2193 1273 dit:
2228 1239 2246 1271 ‹
2292 1221 2442 1285 Quod
2477 1236 2606 1288 ergo
2654 1220 2793 1277 Deus
2823 1226 3119 1296 conjunxit,
3158 1225 3319 1279 homo
3354 1239 3456 1278 non
3491 1235 3648 1290 sepa-

2087 1318 2168 1363 ret
2199 1311 2263 1362 δ’.
2321 1328 2339 1360 ι
2380 1307 2539 1362 Vides
2560 1324 2689 1379 ergo
2719 1322 2772 1365 et
2802 1314 2889 1368 hic
2919 1315 3083 1368 Deum
3115 1314 3331 1382 quidem
3366 1327 3469 1365 non
3506 1322 3646 1380 prae-

2085 1399 2314 1468 cepisse,
2346 1413 2444 1452 nec
2482 1397 2598 1452 ﬁeri
2642 1402 2876 1457 voluisse
2900 1403 3221 1467 divortium;
3269 1401 3486 1471 Moysen
3517 1413 3645 1454 vero

2084 1503 2302 1562 propter
2348 1492 2597 1548 duritiam
2633 1496 2813 1552 cordis
2844 1496 3148 1551 Iudaeorum
3193 1478 3475 1565 scripsisse
3515 1494 3645 1550 dan-

2084 1584 2209 1638 dum
2238 1598 2361 1638 esse
2399 1586 2707 1654 repudium.
2747 1586 2994 1642 Ostendit
3023 1589 3137 1643 hanc
3158 1597 3212 1644 et
3235 1587 3432 1642 Paulus
3465 1588 3520 1641 in
3556 1585 3646 1640 lit-

2087 1676 2218 1729 teris
2243 1676 2354 1730 suis
2381 1691 2504 1729 cum
2533 1677 2666 1732 dicit
2692 1679 2758 1733 de
2778 1679 3098 1747 quibusdam
3128 1698 3141 1733 :
3176 1698 3194 1731 ι
3228 1679 3650 1744 Dominusdicit,

401 1758 585 1829 inquit
632 1762 699 1827 ³⁸,
741 1778 906 1831 opera
942 1780 1152 1831 eorum,
1197 1768 1324 1837 quia
1368 1772 1613 1826 conversi
1644 1778 1773 1824 sunt
1800 1786 1830 1824 a
1869 1770 1975 1822 viis
2009 1752 2053 1811 Β
2081 1776 2261 1823 etnon
2290 1783 2390 1839 ego
2415 1768 2480 1820 δ’.
2521 1786 2539 1819 ι
2578 1768 2643 1822 Et
2675 1768 2741 1824 de
2765 1770 2889 1826 aliis
2916 1788 2929 1826 :
2961 1790 2981 1823 ι
3013 1771 3137 1826 Haec
3158 1781 3338 1827 autem
3377 1786 3476 1841 ego
3500 1771 3642 1835 dico,

399 1852 521 1908 suis
552 1853 730 1920 malis,
774 1865 831 1909 et
879 1857 1157 1924 paenituit,
1195 1878 1215 1909 ι
1258 1860 1342 1915 vel
1399 1861 1481 1932 (ut
1535 1864 1589 1917 in
1635 1863 1757 1917 aliis
1791 1878 1976 1917 exem-

401 1946 652 2015 plaribus
688 1947 938 2021 legimus)
983 1968 1001 2001 ε
1040 1952 1366 2022 deprecatus
1391 1964 1475 2010 est
1496 1956 1640 2010 Deus
1663 1969 1827 2024 super
1860 1970 1974 2008 ma-

399 2037 578 2092 litiam
611 2057 772 2109 quam
806 2041 1015 2099 loeutus
1042 2054 1124 2101 est
1156 2047 1335 2103 facere
1370 2050 1474 2111 eis.
1503 2060 1559 2104 et
1608 2064 1716 2105 non
1770 2050 1918 2104 fecit.
1952 2070 1969 2097 ι

400 2128 646 2186 Observa
675 2133 841 2203 igitur
870 2140 921 2189 in
950 2138 1019 2192 iis
1048 2153 1170 2207 qute
1204 2142 1594 2209 assumpsimus
1624 2141 1691 2197 de
1714 2143 1975 2211 propheta

402 2223 548 2291 quod
581 2238 684 2277 non
741 2225 1011 2282 invenitur
1039 2231 1093 2283 in
1131 2231 1477 2286 sermonibus
1526 2231 1618 2286 Dei
1660 2232 1857 2301 quibus
1908 2234 1977 2288 ad

403 2312 724 2380 prophetam
756 2313 967 2368 locutus
999 2326 1102 2384 est,
1154 2318 1380 2384 dictum,
1430 2319 1555 2388 quia
1599 2337 1618 2370 ι
1656 2319 1834 2375 adhuc
1868 2328 1977 2375 tres

402 2402 544 2465 dies,
579 2410 633 2456 et
662 2401 852 2459 Ninive
879 2407 1218 2474 destruetur;
1261 2428 1281 2461 ι
1321 2411 1415 2465 sed
1449 2409 1616 2466 Jonas
1641 2426 1764 2466 cum
1798 2413 1977 2482 ingre-

403 2493 651 2560 deretur,
697 2495 871 2565 inquit
900 2498 968 2563 ³⁷,
1005 2517 1024 2550 ι
1080 2500 1355 2556 civitatem
1397 2503 1552 2572 quasi
1613 2503 1717 2559 iter
1768 2504 1974 2559 dierum

404 2585 593 2653 trium,
620 2585 738 2656 ipse
777 2589 935 2657 dixit,
960 2592 1086 2660 quia
1123 2593 1305 2649 adhuc
1354 2602 1465 2649 tres
1495 2597 1629 2663 dies,
1681 2607 1735 2651 et
1786 2596 1977 2651 Ninive

403 2676 775 2747 subvertetur;
809 2700 828 2734 ι
874 2690 931 2734 ιιι
974 2698 1154 2739 sermo
1192 2685 1316 2750 iste,
1350 2687 1440 2758 qui
1480 2688 1717 2757 scriptus
1752 2697 1856 2751 est,
1920 2699 1977 2743 et

406 2784 518 2823 non
537 2780 618 2825 est
650 2771 849 2837 factus,
879 2789 909 2827 a
935 2773 1069 2828 Jona
1106 2777 1305 2845 potius,
1336 2794 1498 2848 quam
1531 2796 1560 2834 a
1589 2779 1700 2835 Deo
1734 2780 1976 2848 prolatus

402 2876 530 2916 esse
570 2864 831 2918 videatur.
886 2865 991 2920 Sed
1040 2880 1094 2921 et
1122 2869 1187 2924 de
1216 2872 1454 2925 secundo
1482 2871 1621 2927 libro
1660 2872 1971 2942 Regnorum

405 2953 748 3023 proferamus
786 2972 907 3025 qua:
940 2960 1141 3028 scripta
1183 2969 1329 3026 sunt,
1365 2963 1453 3016 ubi
1493 2978 1616 3017 cum
1669 2965 1837 3019 David
1882 2981 1977 3035 po-

404 3046 591 3114 pulum
622 3061 984 3116 numerasset,
1018 3070 1036 3103 r
1083 3051 1287 3107 factum
1326 3062 1428 3119 est,
1460 3054 1636 3125 inquit
1662 3056 1723 3120 ³⁸,
1751 3058 1974 3113 verbum

406 3136 620 3195 Domini
652 3144 718 3196 ad
757 3143 870 3199 Gad
900 3148 1219 3216 praphetam
1245 3149 1515 3204 videntem
1544 3149 1731 3206 dicens
1766 3150 1976 3217 :Vade,

405 3239 465 3283 et
492 3230 712 3301 loquere
758 3236 824 3289 ad
857 3236 1048 3292 David.
1082 3239 1203 3294 ilazc
1233 3241 1365 3295 dicit
1390 3241 1682 3297 Dominus:
1719 3241 1842 3297 Tria
1879 3258 1977 3314 ego

405 3317 598 3373 levabo
628 3336 790 3392 super
818 3334 889 3387 te.
915 3325 1052 3397 elige
1076 3328 1168 3383 tibi
1199 3344 1264 3382 ex
1292 3330 1359 3384 iis
1390 3344 1580 3395 unum,
1605 3332 1747 3399 quod
1784 3330 1975 3384 faciam

410 3409 536 3464 tibi.
571 3412 636 3465 Et
688 3414 927 3470 introivit
954 3417 1067 3472 Gad
1098 3420 1164 3472 ad
1196 3418 1387 3485 David,
1434 3430 1487 3475 ct
1535 3421 1876 3476 denuntiavit
1927 3423 1976 3476 ei

408 3501 632 3557 dicens:
666 3505 773 3559 Ant
808 3509 990 3563 veniet
1029 3510 1127 3563 tibi
1175 3513 1345 3564 tribus
1395 3513 1551 3568 annis
1601 3513 1770 3568 fames
1819 3529 1980 3584 super

412 3602 616 3648 terram
663 3606 845 3665 tuam;
889 3610 982 3653 aut
1029 3602 1200 3656 tribus
1233 3604 1506 3659 mensibus
1542 3613 1601 3658 ut
1632 3605 1806 3674 fugias
1856 3616 1980 3659 ante

406 3688 658 3744 inimicos
685 3698 829 3757 tuos,
861 3694 950 3763 qui
977 3703 1028 3763 κθ
1052 3708 1473 3764 persequentur;
1505 3709 1599 3751 aut
1631 3699 1811 3753 triduo
1838 3713 1980 3754 mors

407 3778 504 3833 flat
534 3781 586 3834 in
622 3790 764 3837 terra
795 3794 906 3840 tua.
931 3785 1083 3840 Nunc
1105 3801 1235 3856 ergo
1259 3789 1415 3853 scito,
1454 3790 1576 3845 vide
1599 3791 1727 3859 quid
1754 3805 1977 3860 respon-

408 3874 567 3928 deam
596 3875 670 3941 ei,
698 3877 791 3946 qui
823 3893 908 3933 me
947 3880 1112 3935 misit.
1146 3880 1210 3934 Et
1231 3881 1369 3935 dixit
1392 3882 1557 3936 David
1593 3884 1659 3936 ad
1683 3882 1797 3938 Gad
1835 3902 1847 3938 :
1878 3886 1981 3937 An-

406 3966 600 4035 gustiae
642 3968 775 4023 mihi
828 3980 956 4024 sunt
990 3972 1229 4042 undique
1259 3973 1433 4027 valde.
1480 3975 1586 4028 Sed
1638 3976 1870 4030 incidam
1924 3977 1978 4031 in

408 4073 605 4113 manus
643 4061 853 4115 Domini
890 4066 1082 4134 magis,
1106 4066 1230 4134 quia
1259 4066 1441 4120 multm
1468 4067 1845 4122 miserationes
1863 4066 1979 4135 ejus

410 4158 560 4214 sunt,
588 4159 642 4204 et
675 4151 728 4205 in
756 4168 949 4209 manus
978 4156 1253 4210 hominum
1304 4173 1409 4212 non
1458 4158 1718 4215 incidam.
1742 4159 1807 4212 Et
1831 4159 1980 4214 dedit

411 4239 669 4297 Dominus
698 4244 748 4297 in
790 4243 957 4301 Israel
984 4257 1211 4303 mortem
1241 4264 1271 4302 a
1299 4264 1457 4303 mane
1488 4265 1659 4319 usque
1689 4252 1755 4304 ad
1789 4252 1975 4306 horam

408 4334 638 4402 prandii,
669 4345 723 4390 et
754 4340 953 4393 mortui
979 4350 1109 4395 sunt
1140 4341 1206 4396 de
1245 4341 1439 4410 populo
1470 4359 1497 4395 a
1519 4342 1628 4395 Dan
1656 4358 1821 4412 usque
1846 4344 1977 4397 Der.

2084 1871 2189 1912 non
2230 1857 2487 1913 Dominus
2509 1858 2575 1912 “.
2619 1877 2638 1911 ι
2672 1859 2738 1914 Et
2761 1861 2953 1915 iterum
2981 1861 3034 1915 in
3064 1861 3185 1916 aliis
3215 1880 3228 1916 :
3261 1880 3280 1909 ι
3315 1860 3645 1930 Praeceptum

2084 1948 2296 2004 Domini
2331 1965 2438 2005 non
2468 1951 2660 2017 habeo,
2689 1954 2972 2023 consilium
2997 1964 3174 2009 autem
3211 1954 3279 2009 do
3301 1953 3366 2005 “.
3406 1972 3426 2006 ι
3460 1952 3523 2007 Et
3554 1954 3649 2006 ite-

2085 2034 2203 2094 rum
2220 2058 2234 2095 :
2266 2057 2286 2091 r
2314 2038 2444 2107 Quze
2470 2040 2680 2111 loquor,
2699 2058 2801 2098 non
2820 2044 3010 2114 loquor
3038 2045 3333 2100 secundum
3354 2044 3521 2099 Deum
3543 2042 3641 2098 ⁸⁸.»

2087 2130 2237 2186 Unde
2269 2132 2520 2188 similiter
2573 2135 2738 2189 etiam
2784 2136 2835 2188 in
2882 2135 3095 2190 cteteris
3141 2135 3419 2204 prophetis
3464 2133 3645 2202 aliqua

2082 2222 2298 2291 quidem
2358 2222 2621 2279 Dominus
2680 2224 2890 2279 locutus
2938 2233 3042 2287 est,
3098 2234 3153 2278 et
3196 2239 3300 2280 non
3349 2224 3645 2295 prophetae,

2083 2310 2187 2364 alia
2216 2326 2349 2366 vero
2378 2313 2676 2383 prophetae,
2715 2322 2772 2367 et
2799 2328 2904 2367 non
2938 2314 3216 2377 Dominus,
3266 2323 3322 2368 et
3367 2314 3447 2369 sic
3492 2313 3647 2369 vide-

2083 2400 2229 2454 bitur
2262 2401 2493 2469 objectio
2533 2403 2793 2458 intentata
2824 2404 3061 2469 dissolvi,
3091 2417 3213 2457 cum
3254 2418 3359 2458 non
3385 2412 3493 2457 tam
3524 2418 3644 2468 sua,

2084 2507 2244 2561 quam
2274 2494 2550 2564 prophetae
2587 2498 2749 2549 verba
2801 2496 3059 2551 Dominus
3100 2505 3342 2561 revocat,
3368 2510 3432 2551 ac
3474 2504 3649 2550 mutat

2085 2584 2138 2637 in
2165 2585 2373 2640 melius.
2402 2585 2505 2640 Sed
2532 2589 2705 2657 magis
2729 2589 2963 2643 arbitror
2981 2588 3372 2645 absolutionem
3403 2589 3645 2658 priorem

2087 2677 2248 2731 totius
2279 2678 2576 2748 Scriptura:
2608 2681 2862 2735 sensibus
2890 2681 3200 2747 convenire,
3233 2693 3285 2736 et
3311 2681 3417 2736 illis
3451 2681 3645 2751 praeci-

2084 2784 2186 2837 pue
2216 2768 2397 2833 dictis,
2441 2770 2636 2839 quibus
2665 2771 2875 2840 patiens
2918 2781 2973 2825 et
3017 2771 3195 2826 multa:
3236 2771 3645 2834 misericordiae.

2085 2869 2140 2914 et
2182 2862 2452 2929 paenitens
2478 2877 2639 2932 super
2687 2863 2920 2918 malitias
2970 2863 3171 2918 dicitur
3224 2864 3365 2920 Deus
3400 2880 3413 2917 :
3446 2864 3531 2921 vel
3578 2865 3648 2919 iis

2085 2954 2339 3020 maxime,
2368 2968 2485 3022 quae
2505 2954 2831 3024 generaliter
2856 2956 2923 3009 ab
2950 2955 3182 3012 Jeremia
3202 2958 3645 3026 pronuntiantur,

2085 3046 2138 3097 in
2167 3045 2363 3112 quibus
2394 3045 2677 3101 evidenter
2705 3048 3010 3102 ostenditur
3045 3063 3142 3118 pro
3191 3048 3377 3105 multis
3416 3048 3642 3104 misera-

2084 3136 2342 3203 tionibus,
2368 3145 2421 3190 ct
2440 3137 2970 3207 incomprehensibili
2998 3140 3240 3195 bonitate
3265 3153 3362 3194 sua
3394 3138 3536 3194 Deus
3560 3139 3647 3194 di-

2079 3243 2228 3290 cere,
2267 3237 2322 3283 et
2364 3245 2470 3282 non
2508 3229 2707 3292 facere,
2738 3228 2909 3297 loqui,
2951 3238 3006 3284 et
3046 3245 3152 3283 non
3184 3243 3523 3300 permanere.
3554 3229 3645 3282 Ait

2079 3334 2207 3389 ergo
2232 3318 2634 3389 perJeremiam
2660 3320 2801 3376 Deus
2820 3321 2865 3352 ’⁵⁸
2899 3341 2910 3374 :
2957 3340 2974 3372 ι
2998 3321 3055 3375 ln
3078 3321 3234 3375 finem
3254 3321 3464 3390 loquar,
3494 3340 3514 3373 ›
3542 3321 3645 3376 hoc

2080 3420 2182 3471 est,
2208 3426 2273 3464 ex
2309 3411 2526 3466 detinito
2552 3412 2745 3483 loquar
2774 3430 2793 3463 ι
2831 3427 2993 3483 super
3011 3422 3250 3483 gentem,
3277 3423 3331 3467 et
3368 3427 3529 3481 super
3556 3428 3646 3467 re-

2080 3519 2266 3572 gnum,
2298 3512 2356 3558 ut
2383 3503 2625 3558 auferam
2653 3519 2770 3570 eos,
2810 3513 2866 3559 et
2901 3505 3229 3569 disperdam.
3270 3504 3399 3559 Etsi
3423 3518 3649 3559 conver-

2084 3605 2227 3648 tatur
2254 3608 2385 3667 gens
2418 3595 2506 3649 illa
2562 3610 2590 3648 a
2644 3596 2866 3650 malitiis
2911 3598 3046 3662 suis,
3080 3595 3354 3664 poenitebo
3380 3594 3539 3665 331
3574 3594 3645 3651 de

2080 3688 2331 3743 omnibus
2365 3689 2520 3743 malis
2552 3704 2672 3757 quae
2700 3689 2933 3760 cogitavi
2965 3690 3145 3743 facere
3177 3689 3277 3753 eis,
3310 3697 3366 3742 et
3392 3690 3443 3742 in
3479 3687 3643 3743 finem

2082 3779 2272 3848 loquar
2298 3794 2461 3849 super
2489 3790 2703 3851 gentem
2722 3790 2777 3834 et
2808 3796 3057 3850 regnum,
3086 3790 3146 3834 ut
3177 3780 3499 3836 remditicem
3530 3795 3644 3847 eos,

2080 3882 2134 3925 et
2164 3873 2461 3940 replantem
2489 3892 2503 3927 :
2535 3881 2588 3927 et
2616 3873 2661 3927 si
2693 3872 3077 3927 fecerintmala
3109 3874 3162 3927 in
3183 3884 3469 3942 conspectu
3502 3889 3645 3941 meo,

2082 3972 2139 4014 ut
2173 3977 2275 4015 non
2300 3962 2520 4016 audiant
2548 3977 2732 4018 vocem
2768 3977 2971 4028 meam,
3003 3964 3289 4031 pmnitebit
3318 3979 3403 4018 me
3440 3968 3505 4019 de
3526 3980 3647 4019 om-

2081 4054 2240 4107 nibus
2274 4052 2430 4108 bouis
2473 4067 2592 4122 quae
2623 4052 2836 4108 locutus
2866 4053 3076 4108 fueram
3113 4063 3171 4108 ut
3215 4052 3449 4111 facerem
3480 4057 3581 4112 eis.
3620 4074 3639 4108 ι

2082 4144 2361 4210 Quomodo
2391 4159 2520 4214 ergo
2555 4160 2841 4214 possumus
2874 4146 2960 4211 iis,
2994 4161 3112 4214 quae
3143 4138 3385 4202 absolute
3410 4163 3505 4215 per
3555 4147 3645 4204 Je-

2083 4238 2306 4292 remiam
2331 4238 2473 4291 dicta
2506 4248 2652 4303 sunt,
2686 4238 2942 4308 prmferre
2978 4239 3066 4292 illa
3100 4255 3218 4308 qua:
3258 4256 3516 4310 suspense
3550 4257 3646 4311 per

2081 4329 2299 4382 Balaam
2352 4329 2604 4385 dicuntur
2640 4348 2654 4384 :
2691 4330 2796 4384 nisi
2845 4331 2967 4399 quia
3003 4331 3393 4401 negligentibus
3433 4340 3488 4386 et
3520 4348 3645 4388 con-

406 4425 571 4479 sabee
613 4430 956 4499 septuaginta
992 4430 1157 4485 millia
1194 4432 1455 4486 virorum.
1494 4431 1562 4486 Et
1601 4435 1846 4489 extendit
1883 4450 1978 4489 an.
2010 4440 2055 4495 ι)
2082 4422 2436 4491 temploribus
2461 4422 2548 4477 illa
2574 4420 2965 4488 conﬁrmanda.
2996 4425 3111 4478 haec
3139 4439 3267 4480 vero
3313 4440 3343 4478 ει
3366 4424 3643 4495 perfectio-

406 4517 559 4587 gelus
580 4517 672 4574 Dei
701 4536 920 4575 manum
952 4538 1102 4578 suam
1138 4524 1191 4577 in
1225 4521 1551 4590 Jerusalem,
1582 4533 1641 4579 ut
1667 4539 1981 4595 corrumpe-

408 4619 492 4663 ret
522 4625 662 4672 eam.
686 4623 742 4667 et
759 4613 1082 4682 deprecatus
1102 4626 1184 4670 est
1215 4616 1473 4670 Dominus
1506 4631 1667 4685 super
1695 4618 1972 4682 malitiam,

404 4708 459 4752 et
481 4699 556 4753 ait
580 4703 646 4756 ad
685 4702 941 4774 angelum
974 4705 1066 4773 qui
1105 4705 1501 4761 exterminabat
1524 4706 1808 4777 populum:
1837 4706 1979 4761 Satis

403 4804 509 4855 est,
547 4795 760 4848 remitte
785 4810 1002 4850 manum
1039 4807 1206 4852 tuam.
1237 4817 1257 4848 ι
1301 4798 1539 4855 Observa
1562 4815 1688 4869 ergo
1709 4801 1975 4870 quomodo

404 4898 507 4938 nec
558 4886 611 4939 in
658 4886 725 4939 iis
759 4887 932 4942 tribus
959 4889 1490 4946 comminationibus
1522 4892 1662 4947 Deus
1703 4892 1975 4946 invenitur

403 4975 470 5030 de
502 4990 676 5033 morte
706 4979 911 5036 dixisse
942 4983 1107 5036 trium
1150 4983 1381 5040 dierum.
1407 4982 1462 5037 In
1485 4985 1666 5039 verbis
1691 4985 1834 5038 enim
1856 4984 1973 5040 Gad

401 5072 635 5136 positum
666 5081 766 5135 est,
800 5088 905 5127 non
938 5074 990 5128 in
1028 5076 1290 5129 mandatis
1323 5076 1534 5130 Domini
1564 5092 1578 5128 :
1611 5085 1665 5131 et
1702 5092 1807 5132 non
1831 5091 1975 5131 sem-

402 5176 498 5230 per
525 5178 587 5217 ea
620 5178 740 5233 quae
768 5178 867 5235 per
909 5168 1227 5236 prophetam
1258 5169 1532 5233 dicuntur,
1580 5169 1732 5239 quasi
1780 5184 1808 5222 a
1864 5168 1974 5224 Deo

401 5254 546 5308 dicta
595 5257 971 5325 suscipiuntur
1028 5258 1168 5330 (66).
1211 5259 1457 5330 Denique
1499 5270 1555 5314 et
1609 5274 1703 5330 per
1752 5259 1970 5330 Moysen

402 5346 625 5413 quidem
661 5349 829 5405 multa
859 5349 1074 5407 locutus
1101 5362 1185 5407 est
1215 5353 1377 5416 Deus,
1409 5352 1681 5422 aliquanta
1714 5360 1892 5407 tamen
1919 5362 1975 5407 et

2086 4519 2234 4573 ribus
2258 4518 2523 4572 secretius
2549 4518 2875 4572 advertenda
2891 4517 3056 4571 sunt?

2150 4614 2204 4668 5.
2250 4614 2355 4667 Sed
2399 4622 2523 4682 post
2558 4612 2672 4667 haec
2720 4612 2935 4667 Balaam
2973 4630 2986 4665 :
3028 4629 3047 4662 ι
3093 4612 3232 4667 Ecce
3276 4612 3537 4683 inquit",
3573 4614 3646 4668 ad

2079 4702 2505 4758 benedicendum
2539 4710 2847 4771 assumptus
2875 4716 3020 4764 sum,
3052 4699 3388 4768 benedicam,
3433 4709 3488 4756 et
3534 4717 3643 4756 non

2081 4804 2323 4851 avertam
2357 4811 2499 4850 eam.
2532 4814 2551 4846 ι
2583 4794 2662 4848 Ad
2716 4792 3139 4849 benedicendum
3175 4792 3390 4847 Balaam
3439 4808 3643 4848 assum-

2082 4900 2204 4959 ptus
2229 4898 2334 4952 est,
2371 4903 2474 4941 non
2501 4902 2527 4941 a
2564 4886 2784 4950 Balach,
2813 4885 2908 4941 sed
2942 4902 2972 4940 a
3015 4886 3143 4950 Deo,
3173 4886 3264 4955 qui
3304 4885 3492 4957 injecit
3522 4901 3643 4941 ver-

2080 4983 2204 5037 bum
2232 4983 2283 5035 in
2325 4996 2386 5037 os
2409 4981 2546 5049 ejus,
2576 4994 2682 5049 quo
2715 4978 2966 5047 populum
3000 4977 3366 5044 benediceret,
3417 4986 3472 5032 et
3502 4979 3643 5033 hanc

2082 5072 2513 5126 benedictionem
2534 5086 2640 5126 non
2662 5070 2878 5126 avertit.
2912 5067 3024 5123 Nec
3043 5069 3186 5123 enim
3210 5077 3403 5138 potest,
3430 5068 3643 5123 etiamsi

2081 5164 2231 5232 velit,
2263 5165 2485 5219 verbum
2514 5162 2609 5217 Dei
2637 5162 2872 5216 humana
2909 5161 3097 5231 lingua
3141 5166 3478 5215 convertere.
3508 5158 3641 5213 Post

2084 5256 2195 5310 haec
2240 5271 2252 5306 :
2293 5274 2312 5308 ι
2348 5254 2463 5308 Non
2490 5255 2614 5319 erit,
2651 5253 2823 5322 inquit
2863 5252 2929 5315 ‘3,
2974 5252 3128 5306 labor
3157 5253 3211 5306 in
3243 5250 3430 5316 Jacob,
3465 5264 3644 5319 neque

2082 5351 2352 5406 videbitur
2383 5349 2537 5403 dolor
2564 5350 2616 5401 in
2650 5345 2834 5401 Israel.
2873 5365 2891 5397 ι
2920 5347 3120 5415 Aperte
3143 5345 3194 5399 in
3222 5345 3342 5400 istis
3372 5342 3643 5397 sermoni-

475 5459 524 5493 “
559 5461 683 5518 Jon.
719 5479 797 5530 xl,
824 5465 880 5518 2.
957 5466 1002 5497 ³⁵
1024 5465 1147 5520 Jon.
1181 5482 1263 5529 ιιι,
1297 5466 1349 5527 l,
1377 5466 1431 5528 2,
1458 5465 1512 5523 Α.
1532 5465 1583 5519 5.
1662 5466 1707 5497 ³⁸
1740 5466 1868 5521 ibid.
1903 5466 1976 5521 l0.

2083 5468 2107 5498 ”
2140 5466 2273 5522 ibid.
2302 5464 2356 5519 4.
2434 5463 2547 5518 ³⁸11
2572 5462 2703 5530 Reg.
2741 5479 2887 5528 mv,
2933 5461 3115 5518 ll-lG.
3192 5460 3235 5492 ³⁹
3288 5458 3470 5530 Matth.
3527 5469 3642 5530 six,

404 5529 458 5583 8.
530 5530 576 5562 ⁸⁸
608 5535 735 5588 ibid.
771 5529 826 5601 4,
857 5534 910 5589 5.
989 5535 1185 5589 “ibid.
1219 5536 1273 5589 6.
1350 5537 1394 5568 δ’
1431 5536 1450 5589 Ι
1485 5534 1612 5589 Cor.
1649 5552 1744 5595 vlt.
1782 5536 1868 5590 10.
1942 5538 1976 5579 δε

2089 5537 2160 5593 id.
2209 5537 2295 5589 12.
2370 5536 2415 5566 “
2459 5535 2591 5590 ibid.
2632 5534 2721 5588 25.
2801 5534 2846 5565 ⁸³
2876 5534 2915 5587 ll
2964 5535 3089 5588 Cor.
3145 5548 3219 5594 XI,
3260 5530 3322 5584 l7

402 5615 560 5665 xvm,
591 5603 748 5658 7-10.
827 5605 869 5636 ’⁵⁷
911 5605 1067 5659 Num.
1099 5620 1256 5671 xxm,
1288 5606 1376 5661 ΞΟ.
1460 5605 1503 5636 ⁸⁸
1535 5605 1666 5661 ibid.
1702 5606 1792 5662 21.

3422 5528 3461 5558 ιε
3526 5525 3641 5580 .ter.

477 5712 591 5779 (66)
622 5714 787 5781 Alias,
836 5735 853 5768 ι
894 5716 1002 5773 dici
1041 5716 1429 5785 suscipiantur.
1472 5737 1492 5771 ι
1535 5717 1642 5774 Sed
1689 5734 1789 5777 ms.
1818 5729 1871 5777 ut
1906 5721 1957 5776 in
1990 5730 2176 5778 nostro
2208 5728 2379 5776 textu.
