4074 6156
539 257 643 313 695

1969 252 2286 311 ORIGENIS
3663 241 3751 297 696

544 382 646 432 bus
680 377 872 431 futurae
905 373 1030 428 vitae
1056 372 1342 428 denuntiat
1381 381 1605 428 statum.
1643 372 1776 439 Quis
1811 371 1952 428 enim
2000 381 2106 433 est,
2139 375 2185 430 Α
2212 378 2299 424 est
2322 369 2490 440 gloria
2532 367 2834 425 unicornis.
2872 367 2963 422 Sic
2999 368 3144 421 enim
3169 375 3223 422 et
3256 367 3373 435 ipse
3407 368 3460 421 in
3487 367 3750 439 Evangelio

543 471 641 538 qui
675 471 814 523 hanc
845 467 1010 518 vitam
1041 465 1158 519 sine
1203 464 1391 518 labore
1436 473 1490 518 et
1517 464 1706 520 dolore
1732 464 2110 519 transcurrat?

546 561 656 616 Nec
688 563 734 615 si
762 558 956 612 Petrus
985 556 1198 623 aliquis,
1231 564 1325 609 aut
1375 555 1420 610 si
1470 555 1669 610 Paulus
1697 557 1790 612 sit.
1829 556 2109 623 Quomodo

548 667 652 706 non
690 652 742 705 in
775 651 957 702 labore
990 656 1044 700 et
1072 647 1260 701 dolore
1283 655 1367 701 est
1399 662 1523 702 cum
1547 658 1633 702 ter
1663 648 1831 718 virgis
1848 649 2106 714 caeditur,

545 741 710 798 semel
735 741 1021 810 Iapidatur,
1049 748 1130 793 ter
1154 739 1501 808 naufragium
1550 739 1705 806 facit,
1759 742 1808 794 in
1843 740 2110 810 profundo

547 834 715 887 maris
746 833 832 886 die
858 847 922 887 ac
936 843 1094 886 nocte
1111 839 1217 895 est,
1241 829 1453 900 aliaque
1476 829 1759 885 innumera
1789 834 2108 902 perpetitur,

544 941 664 995 qua:
690 924 755 979 de
788 923 1064 978 laboribus
1105 925 1218 980 suis
1255 938 1320 978 ac
1351 923 1630 978 doloribus
1674 925 1866 980 scribit
1893 925 1974 978 ‘9?
2005 925 2109 981 Sed

547 1018 617 1070 ibi
665 1016 810 1072 istud
836 1015 1214 1085 complebitur,
1247 1016 1339 1070 ιιιιὶ
1386 1015 1591 1070 dictum
1631 1026 1713 1070 est
1749 1034 1764 1068 :
1801 1036 1820 1068 ι
1860 1017 2111 1087 Aufugiet

545 1109 719 1174 dolor,
753 1117 807 1162 et
838 1108 1084 1172 tristitia,
1112 1118 1166 1162 et
1191 1108 1424 1178 gemitus
1450 1107 1518 1162 ⁵ο.
1560 1127 1581 1161 ι
1625 1108 1775 1174 Quod
1802 1118 1978 1162 tamen
2003 1123 2106 1164 non

546 1208 611 1252 ad
638 1213 850 1262 omnes,
874 1199 971 1253 sed
1002 1199 1068 1252 ad
1103 1213 1197 1253 eos
1231 1205 1466 1263 tantum,
1491 1200 1580 1266 qui
1626 1200 1834 1254 meritis
1857 1198 2024 1254 Jacob
2057 1209 2112 1254 et

547 1289 716 1344 Israel
744 1288 964 1356 fuerint,
989 1289 1220 1344 refertur
1245 1308 1259 1343 :
1293 1299 1352 1344 ut
1381 1289 1480 1344 fuit
1503 1291 1592 1345 ille
1626 1305 1827 1360 pauper
1849 1291 2108 1355 Lazarus,

550 1381 643 1450 qui
678 1392 999 1450 prasentem
1033 1381 1252 1450 quidem
1287 1382 1453 1435 vitam
1491 1383 1543 1436 in
1578 1382 1766 1437 labore
1813 1398 1876 1437 ac
1925 1383 2110 1440 dolore

549 1474 832 1543 transegit,
872 1473 942 1528 ibi
973 1481 1150 1528 autem
1171 1473 1372 1528 dicitur
1405 1473 1468 1529 ad
1491 1475 1746 1529 divitem:
1773 1493 1792 1526 ι
1813 1473 2106 1542 Memento,

545 1562 642 1628 fili,
675 1562 800 1632 quia
836 1571 888 1616 tu
921 1563 1178 1632 recepisti
1219 1565 1359 1618 bona
1392 1565 1446 1618 in
1487 1565 1601 1618 vita
1635 1575 1750 1630 tua,
1791 1574 1844 1618 et
1873 1564 2109 1620 Lazarus

545 1655 800 1708 similiter
823 1653 981 1707 mala.
1014 1653 1166 1710 Nunc
1197 1665 1375 1710 autem
1425 1656 1512 1710 hic
1541 1657 1856 1725 requiescit,
1889 1667 1942 1712 ιιι
1979 1673 2110 1714 vero

546 1744 808 1798 cruciaris
842 1743 910 1798 ⁵¹.
951 1763 968 1796 ι
1005 1742 1100 1798 Ille
1148 1760 1279 1816 ergo
1333 1754 1418 1801 est
1469 1745 1652 1812 Israel,
1712 1755 1767 1801 et
1799 1747 1988 1814 Iacob,
2053 1750 2106 1804 in

545 1849 704 1906 quem
750 1851 858 1892 non
905 1838 1051 1893 venit
1085 1836 1256 1900 labor,
1303 1847 1359 1892 et
1388 1838 1562 1892 dolor.
1603 1837 1764 1894 Dives
1808 1849 1986 1896 autem
2021 1841 2108 1896 ille

548 1938 667 1982 erat
692 1928 909 1998 quidem
941 1941 996 1984 et
1023 1930 1137 1998 ipse
1176 1931 1473 1984 secundum
1499 1945 1715 1985 carnem
1743 1933 1928 1998 Israel,
1970 1933 2107 1988 dici-

549 2027 641 2073 tur
669 2019 814 2073 enim
844 2019 916 2087 ei,
955 2020 1081 2089 quia
1129 2019 1330 2076 fratres
1367 2021 1453 2076 sui
1495 2021 1697 2078 habent
1725 2022 1870 2092 leges
1900 2031 1956 2078 et
1983 2038 2109 2093 pro-

547 2110 762 2180 phetas,
783 2111 1010 2167 audiant
1029 2110 1239 2179 illos“;
1270 2112 1363 2168 sed
1391 2112 1514 2181 quia
1549 2129 1654 2169 non
1673 2123 1790 2170 erat
1810 2115 2106 2169 secundum

546 2203 798 2274 spiritum
815 2203 1004 2268 Israel,
1029 2204 1152 2258 ideo
1175 2205 1324 2260 venit
1339 2221 1502 2274 super
1519 2207 1669 2261 illum
1688 2207 1841 2262 labor
1861 2217 1914 2262 et
1931 2208 2104 2263 dolor.

613 2294 669 2350 ὅ.
689 2314 709 2348 ι
735 2296 993 2351 Dominus
1025 2296 1169 2354 Deus
1200 2313 1331 2354 suus
1363 2313 1486 2354 cum
1511 2299 1650 2370 ipso,
1676 2300 1933 2370 praeclara
1959 2301 2108 2370 prin-

545 2387 726 2457 cipum
789 2402 912 2443 cum
947 2388 1066 2458 ipso
1113 2401 1242 2445 sunt
1268 2390 1336 2444 ⁸³.
1372 2409 1392 2443 ι
1441 2389 1728 2461 Nunquam
1757 2391 1903 2446 enim
1944 2390 2108 2448 Israel

545 2495 701 2534 suum
731 2481 936 2536 deserit
966 2481 1128 2536 Deus.
1159 2481 1400 2549 Quorum
1437 2494 1614 2538 autem
1639 2484 1941 2555 principum
1966 2500 2106 2554 pra:-

546 2569 694 2624 clara
733 2586 858 2626 cum
916 2571 1034 2642 ipso
1081 2571 1248 2626 Israel
1303 2573 1444 2638 sint,
1493 2574 1791 2628 videamus.
1842 2573 2106 2629 Praeclara

544 2662 871 2732 principum,
911 2673 1153 2732 potestas
1206 2673 1312 2730 est,
1369 2665 1703 2736 principatus
1751 2677 1805 2721 et
1859 2681 2103 2738 regnum.

545 2752 744 2810 Verum
774 2756 1028 2824 quoniam
1061 2767 1186 2811 sunt
1223 2769 1281 2810 et
1326 2758 1492 2828 aliqui
1547 2757 1851 2828 principes,
1898 2759 1990 2827 qui
2041 2759 2108 2812 de

541 2848 849 2919 principatu
897 2863 1016 2912 suo,
1048 2850 1130 2903 vel
1161 2850 1432 2920 pellendi,
1463 2853 1546 2905 vel
1570 2852 1680 2919 jam
1713 2851 1858 2908 forte
1895 2852 2107 2922 depulsi

543 2950 691 3007 sntit,
737 2950 791 2996 et
833 2942 888 2995 in
929 2940 1106 2995 locum
1143 2957 1208 2996 ac
1247 2943 1608 3014 principatum
1638 2958 1826 2998 eorum
1858 2943 2103 2998 introdu-

2215 463 2472 518 Dominus
2507 463 2638 517 dicit
2674 478 2689 515 :
2725 481 2743 514 ι
2782 461 2966 526 Pater,
2999 464 3065 515 da
3099 461 3226 525 illis,
3253 463 3480 517 utsicut
3503 475 3600 530 ego
3627 475 3675 519 et
3702 475 3748 521 tu

2212 572 2377 610 unum
2417 570 2639 620 sumus,
2673 556 2746 608 ita
2777 563 2833 610 et
2876 555 2961 608 isti
3011 554 3064 607 in
3119 553 3273 608 nobis
3305 569 3476 608 unum
3510 555 3614 608 sint
3637 556 3698 610 ⁸⁸.
3730 577 3744 608 ι

2210 647 2278 702 Ει
2308 649 2429 703 ideo
2459 647 2654 702 similis
2685 647 2856 715 gloria
2894 646 3116 700 dabitur
3142 646 3346 708 Israeli,
3378 645 3518 698 sicut
3546 655 3627 702 est
3649 647 3750 716 glo-

2211 741 2288 794 ria
2321 740 2624 806 uuicornis,
2667 739 2903 792 maxime
2959 753 3082 791 cum
3135 735 3548 791 transformabit
3576 752 3752 805 corpus

2213 831 2536 886 humilitatis
2563 840 2760 884 nostrae
2791 828 3073 884 conforme
3099 830 3317 898 corpori
3350 828 3534 896 gloriae
3562 844 3666 882 suae
3694 830 3749 882 “.

2282 925 2331 976 7.
2366 941 2385 974 ι
2426 923 2543 977 Non
2570 923 2673 976 erit
2700 923 2981 992 auguratio
3012 922 3064 975 in
3097 919 3280 985 Jacob,
3309 935 3486 989 neque
3521 921 3754 977 divinatio

2213 1017 2264 1071 in
2299 1015 2488 1071 Israel.
2531 1015 2591 1070 In
2619 1025 2894 1084 ,tempore
2929 1014 3144 1070 dicetur
3175 1015 3240 1067 ad
3287 1012 3460 1068 Jacob
3510 1023 3564 1069 et
3609 1015 3753 1072 Israel

2209 1107 2337 1174 quid
2390 1105 2642 1176 perficiet
2681 1106 2826 1160 Deus
2861 1106 2932 1160 “.
2967 1123 2987 1156 ι
3014 1105 3180 1175 Igitur
3207 1105 3465 1172 quoniam
3496 1105 3661 1158 visum
3684 1114 3755 1158 est

2203 1197 2316 1266 jam
2357 1198 2515 1254 nobis
2551 1198 2863 1266 diligentius
2887 1198 2954 1252 de
2990 1195 3225 1265 singulis
3253 1197 3563 1265 quibusque
3590 1196 3752 1252 discu-

2213 1301 2348 1357 tere,
2379 1306 2484 1344 non
2509 1290 2781 1344 videbitur
2814 1290 3132 1354 absurdum,
3158 1290 3204 1344 si
3225 1291 3392 1344 etiam
3418 1289 3548 1359 quid
3579 1283 3646 1343 sit
3671 1305 3754 1343 au-

2211 1383 2460 1450 guratio,
2524 1381 2608 1436 vel
2640 1381 2950 1447 'divinatio,
3003 1382 3261 1451 quoniam
3311 1380 3530 1450 quidem
3581 1380 3756 1450 placuit

2211 1475 2510 1544 Scriptum
2537 1488 2963 1531 commemorare
2987 1473 3055 1528 de
3092 1474 3180 1538 iis,
3214 1488 3282 1528 ne
3309 1473 3434 1542 quis
3459 1473 3593 1526 forte
3624 1473 3758 1542 igno-

2210 1577 2400 1622 ranter
2433 1569 2486 1622 in
2519 1571 2635 1623 haec
2685 1568 2908 1634 incidat,
2968 1567 3332 1636 requiramus.
3392 1563 3620 1618 Videtur
3645 1578 3758 1633 ergo

2212 1661 2342 1714 mihi
2372 1661 2682 1714 futurorum
2717 1659 3060 1728 prmscientia
3083 1667 3346 1727 quantum
3379 1657 3446 1711 ad
3473 1656 3636 1724 ipsam
3658 1669 3756 1709 rem

2211 1763 2441 1823 spectat,
2474 1753 2712 1807 medium
2743 1751 3003 1822 quiddam
3047 1765 3188 1817 esse,
3235 1750 3288 1804 id
3328 1759 3414 1804 est
3448 1763 3619 1818 neque
3651 1764 3759 1817 pro-

2210 1848 2324 1916 prie
2351 1847 2574 1910 bonum,
2613 1859 2784 1913 neque
2814 1845 3030 1913 proprie
3057 1844 3256 1896 malum
3288 1859 3304 1896 :
3341 1843 3755 1911 quandoquidem

2209 1948 2390 2010 potest
2425 1939 2696 1993 interdum
2723 1937 2888 1993 etiam
2927 1951 2955 1989 a
2982 1946 3138 2005 parte
3163 1934 3366 1989 diaboli
3401 1934 3466 1987 ad
3501 1933 3755 1988 hominum

2211 2033 2460 2088 notitiam
2501 2032 2807 2086 Iuturorum
2838 2030 3028 2084 venire
3059 2027 3429 2099 prmscientia.
3459 2027 3586 2081 Sine
3611 2028 3757 2081 dubio

2209 2135 2388 2178 autem
2417 2139 2543 2177 cum
2580 2132 2792 2192 tempus
2836 2132 2892 2175 et
2919 2121 3302 2190 opportunitas
3334 2121 3532 2189 poscit,
3580 2129 3631 2172 et
3673 2133 3755 2173 vo-

2210 2216 2390 2271 luntas
2424 2217 2514 2270 Dei
2544 2215 2729 2280 fuerit,
2767 2215 2929 2268 datur
2950 2214 3111 2269 etiam
3143 2228 3173 2266 a
3221 2213 3334 2268 Deo
3364 2229 3462 2282 per
3490 2213 3755 2282 prophetas

2209 2309 2522 2364 hominibus
2547 2307 2914 2378 praescieutia;
2939 2316 2997 2360 et
3018 2306 3136 2360 ideo
3154 2306 3417 2370 diximus,
3451 2306 3570 2375 quia
3602 2317 3756 2372 neque

2212 2401 2430 2470 praprie
2462 2401 2662 2455 bonum
2706 2399 2811 2453 dici
2845 2407 3047 2468 potest,
3077 2399 3219 2468 quod
3250 2396 3542 2465 aliquando
3571 2411 3598 2450 a
3633 2394 3756 2449 malo

2209 2492 2388 2556 vertit;
2421 2505 2595 2561 neque
2626 2489 2840 2560 pr0prie
2861 2489 3083 2552 malum,
3118 2489 3263 2557 quod
3295 2487 3583 2557 aliquando
3606 2502 3633 2540 a
3663 2485 3757 2540 Deo

2213 2581 2514 2635 descendit.
2548 2580 2614 2634 Et
2636 2580 2884 2648 quamvis
2907 2581 2972 2633 de
2997 2579 3098 2633 hoc
3130 2579 3474 2634 abundanter
3520 2579 3673 2633 etiam
3699 2591 3756 2630 ex

2211 2670 2511 2740 Scripturis
2561 2669 2760 2724 divinis
2811 2670 3055 2737 exempla
3114 2671 3485 2739 suppeditent,
3538 2667 3759 2723 sufficere

2212 2773 2395 2818 tamen
2426 2762 2704 2818 credimus
2750 2763 2796 2816 si
2827 2770 3042 2815 utamur
3069 2775 3154 2825 eo,
3202 2761 3351 2830 quod
3391 2761 3442 2813 in
3478 2759 3755 2828 Regnorum

2211 2856 2353 2910 libro
2383 2856 2646 2923 scriptum
2680 2854 2912 2924 legimus
2937 2871 2950 2906 :
2985 2853 3075 2908 ubi
3109 2869 3237 2907 arca
3264 2851 3362 2907 Dei
3389 2850 3457 2906 ab
3484 2849 3758 2920 Allophylis

2211 2959 2366 3019 capta
2393 2957 2496 3014 est,
2534 2956 2589 3002 et
2620 2947 2853 3002 deducta
2886 2945 2940 3000 in
2966 2947 3222 3007 Azotum,
3251 2955 3308 3000 et
3361 2945 3435 2998 ibi
3471 2962 3490 2995 ι
3524 2941 3750 2996 introdu—

543 3032 700 3087 cendi
731 3031 789 3097 ii,
824 3032 915 3101 qui
951 3046 1080 3086 vere
1117 3032 1373 3088 Israelita:
1402 3043 1548 3101 sunt,
1583 3033 1845 3104 praeclara
1872 3034 1963 3089 illa
1986 3049 2104 3089 om-
2129 3049 2173 3109 α
2207 3043 2443 3104 xerunt,’
2467 3039 2642 3110 inquit
2686 3039 2761 3105 θ’,
2793 3054 2914 3094 eam
2945 3039 2999 3092 in
3040 3037 3255 3092 domum
3278 3036 3491 3107 Dagon,
3514 3045 3566 3090 et
3587 3035 3754 3088 inven-

543 3126 656 3190 nia,
688 3140 807 3195 quae
834 3125 1140 3181 habuerunt
1173 3127 1224 3179 in
1247 3126 1403 3180 caelis
1426 3125 1500 3180 illi
1534 3126 1829 3198 principes,
1862 3126 1955 3196 qui
1999 3141 2106 3182 non

542 3227 898 3272 servaverunt
922 3218 1283 3287 principatum
1317 3233 1510 3284 suum,
1559 3218 1656 3273 sed
1705 3219 2110 3288 dereliquerunt

545 3318 748 3364 aeterna
771 3309 1066 3374 domicilia,
1096 3308 1262 3364 Israel
1289 3310 1392 3365 iste
1433 3319 1489 3364 et
1508 3308 1696 3375 Iacob,
1727 3309 1818 3380 qui
1847 3309 2102 3366 collucta-

543 3411 629 3456 tus
665 3410 751 3458 est
777 3411 831 3457 et
850 3402 1002 3466 vicit,
1033 3401 1285 3470 accipiet,
1307 3415 1361 3457 et
1392 3403 1474 3458 sic
1494 3418 1615 3459 cum
1645 3403 1765 3472 ipso
1783 3414 1944 3458 erunt
1968 3419 2109 3473 prae-

539 3494 686 3547 clara
719 3494 1045 3565 principum.
1073 3513 1092 3547 ι
1120 3493 1262 3549 Deus
1287 3494 1378 3564 qui
1401 3495 1588 3551 eduxit
1614 3511 1737 3550 eum
1765 3509 1832 3550 ex
1869 3494 2108 3570 :Egypto

539 3584 680 3638 sicut
711 3583 881 3652 gloria
914 3585 1197 3640 unicornis
1220 3585 1269 3639 ei
1292 3584 1361 3638 “.
1414 3605 1433 3637 ι
1479 3584 1718 3640 Eductus
1746 3595 1830 3640 est
1862 3587 1952 3642 ille
1981 3589 2106 3657 qui-

541 3679 660 3733 dem
701 3677 866 3733 Israel
895 3677 965 3734 de
997 3678 1232 3750 Egypto
1265 3679 1363 3732 ista
1399 3688 1633 3742 terrena,
1668 3679 1756 3732 hic
1787 3687 1968 3734 autem
1994 3681 2106 3749 spi-

541 3770 714 3825 ritalis
744 3771 908 3826 Israel
939 3773 1004 3827 de
1022 3771 1259 3842 Egypto
1285 3770 1490 3838 saeculi,
1533 3781 1588 3825 et
1614 3772 1682 3826 de
1707 3781 1977 3842 potestate
2024 3783 2106 3827 te-

541 3864 857 3930 nebrarum,
904 3875 960 3918 et
1005 3875 1090 3919 est
1128 3864 1300 3935 gloria
1339 3864 1457 3934 ejus
1503 3876 1759 3934 tanquam
1805 3864 2107 3919 unicornis.

545 3957 838 4014 Unicornis
865 3959 1080 4027 quidem
1119 3957 1290 4014 fertur
1317 3973 1437 4014 esse
1462 3959 1668 4014 animal
1690 3973 1755 4014 eo
1781 3957 1966 4013 habitu
1999 3957 2110 4012 for-

541 4061 768 4116 matum,
794 4065 901 4120 quo
930 4050 1169 4106 nominis
1196 4051 1364 4120 ipsius
1379 4051 1624 4122 designat
1652 4051 1929 4105 indicium.
1952 4047 2105 4116 Quod

540 4144 745 4198 animal
772 4141 1089 4213 frequenter
1115 4145 1170 4198 in
1196 4142 1496 4214 Scripturis
1523 4143 1720 4198 divinis
1752 4143 1989 4212 positum
2025 4141 2105 4195 le-

540 4238 736 4307 gimus,
769 4237 864 4292 sed
900 4237 1170 4306 praecipue
1200 4239 1338 4306 apud
1373 4237 1474 4291 Job
1503 4237 1547 4268 ⁸⁵
1577 4237 1669 4292 Dei
1693 4237 1864 4305 ipsius
1887 4235 2110 4291 vocibus

540 4330 782 4399 potentia
817 4331 934 4400 ejus
968 4337 1024 4384 et
1051 4329 1223 4383 virtus
1246 4329 1566 4398 exponitur,
1608 4330 1659 4382 in
1700 4328 1914 4397 quibus,
1967 4335 2024 4380 ut
2054 4327 2106 4381 in

2213 3143 2299 3187 tus
2328 3141 2411 3186 est
2445 3131 2632 3200 Dagon
2664 3130 2920 3185 recidisse
2935 3145 3138 3199 pronus
3163 3129 3216 3183 in
3236 3138 3442 3183 terram
3462 3137 3581 3181 ante
3595 3138 3753 3179 arcam

2211 3225 2520 3280 testamenti
2553 3223 2786 3278 Domini.
2820 3222 2886 3276 Et
2929 3233 3159 3291 gravata
3201 3229 3286 3275 est
3342 3235 3536 3274 manus
3567 3213 3753 3271 Domini

2211 3331 2378 3384 super
2401 3315 2630 3379 Azotos,
2671 3325 2725 3368 et
2757 3313 3035 3384 dissipavit
3064 3328 3180 3378 eos,
3222 3322 3277 3366 et
3307 3313 3574 3381 percussit
3596 3323 3684 3364 eos
3707 3307 3753 3359 in

2212 3409 2452 3463 natibus.
2481 3425 2501 3458 ›
2532 3406 2664 3461 Post
2710 3407 2846 3472 haec,
2898 3405 3094 3474 inquit,
3145 3404 3391 3474 ingressa
3437 3413 3519 3458 est
3553 3415 3669 3455 arca
3707 3397 3752 3451 in

2210 3501 2480 3566 Accaron,
2511 3507 2567 3553 et
2604 3499 2870 3552 miserunt
2896 3497 3355 3561 Accaronienses,
3405 3505 3459 3550 et
3485 3504 3752 3562 congrega-

2211 3600 2403 3646 verunt
2431 3604 2620 3645 omnes
2647 3589 2903 3659 Satrapas
2939 3587 3378 3660 Allophylorum,
3414 3605 3433 3638 ο
3472 3595 3528 3640 et
3551 3593 3754 3649 congre-

2210 3689 2476 3754 gaverunt
2505 3681 2814 3736 sacerdotes
2841 3690 2895 3735 et
2921 3680 3138 3734 divinos
3164 3693 3293 3735 suos
3319 3679 3564 3733 dicentes
3592 3691 3604 3725 ε
3631 3670 3752 3738 Quid

2210 3774 2477 3828 faciemus
2497 3771 2660 3843 332
2695 3787 2837 3826 arca:
2869 3769 3120 3827 Domini?
3153 3769 3398 3824 Indicate
3447 3769 3597 3823 nobis
3636 3778 3755 3833 quo-

2211 3866 2370 3920 modo
2407 3866 2748 3920 remittamus
2783 3880 2902 3919 eam
2942 3864 2997 3918 in
3033 3863 3208 3918 locum
3239 3877 3420 3917 suum.
3467 3857 3754 3928 Responde-

2213 3967 2340 4012 runt
2370 3957 2682 4012 sacerdotes
2715 3965 2768 4010 et
2800 3955 2973 4011 divini
3002 3972 3017 4010 :
3061 3954 3119 4008 Si
3150 3954 3429 4010 remittitis
3459 3966 3634 4008 arcam
3665 3948 3756 4002 Do-

2210 4049 2341 4103 mini
2377 4048 2470 4102 Dei
2504 4046 2689 4110 Israel,
2723 4045 2888 4100 nolite
2927 4061 3050 4100 eam
3097 4045 3372 4100 dimittere
3404 4046 3630 4108 inanem,
3670 4036 3751 4092 sed

2210 4143 2401 4195 dantes
2433 4139 2632 4194 dabitis
2658 4139 2707 4193 ei
2743 4153 2840 4207 pro
2883 4138 3102 4200 delicto,
3151 4147 3208 4192 et
3248 4147 3382 4192 tunc
3427 4128 3736 4192 sanabimini

2211 4241 2267 4288 et
2298 4233 2601 4287 innotescet
2626 4230 2799 4284 vobis.
2824 4229 2919 4282 Sin
2951 4238 3153 4295 autem,
3180 4242 3286 4282 non
3313 4227 3551 4283 discedet
3582 4231 3752 4276 manus

2213 4327 2330 4397 ejus
2374 4341 2404 4380 a
2446 4325 2606 4380 vobis
2637 4323 2703 4379 “.
2740 4343 2759 4376 ι
2797 4323 2864 4378 Ει
2902 4330 3023 4392 post
3059 4335 3228 4391 pauca
3273 4337 3290 4374 :
3335 4339 3354 4373 ι
3404 4321 3472 4375 Ει
3495 4331 3648 4378 nunc,
3683 4312 3752 4364 in-

538 4421 979 4492 quamplurimis,
1011 4420 1261 4476 Christus
1283 4421 1594 4490 intelligitur
1621 4419 1918 4489 designari.
1956 4419 2026 4474 Et
2052 4419 2104 4472 in
2137 4420 2184 4480 ι)
2214 4418 2332 4487 quit
2357 4417 2423 4482 “,
2458 4415 2621 4470 facile
2666 4429 2889 4470 carrum
2935 4427 3158 4478 novum,
3189 4411 3326 4466 duas
3379 4422 3567 4465 vaccas
3609 4403 3752 4457 festas

541 4514 845 4583 Scripturis
872 4514 1076 4570 divinis
1128 4528 1296 4569 cornu
1333 4528 1430 4582 pro
1471 4527 1638 4580 regno
1688 4512 1921 4581 positum
1969 4525 2111 4580 saepe

548 4609 874 4677 reperimus,
911 4609 1052 4663 sicut
1089 4618 1141 4662 et
1177 4607 1432 4678 propheta
1464 4607 1597 4661 dicit
1633 4623 1646 4659 :
1686 4626 1704 4657 ‹
1736 4607 1974 4672 Quatuor
2007 4620 2110 4658 au-

549 4709 657 4753 tem
690 4713 919 4764 cornua,
949 4709 1180 4769 quatuor
1229 4714 1392 4768 regna
1425 4708 1553 4753 sunt
1582 4699 1649 4750 '°.
1691 4717 1709 4751 ι
1742 4698 1857 4753 Sub
1890 4696 2112 4750 nomine

542 4792 729 4863 itaque
760 4793 1060 4859 unicornis,
1101 4794 1153 4849 in
1187 4792 1406 4849 Christo
1461 4793 1562 4846 hoc
1611 4791 1822 4846 videtur
1869 4789 2106 4854 ostendi,

538 4881 668 4950 quia
708 4895 869 4936 omne
892 4881 1034 4950 quod
1063 4890 1171 4946 est,
1209 4897 1372 4934 unum
1399 4880 1516 4950 ejus
1547 4895 1714 4935 cornu
1742 4887 1845 4946 est,
1876 4879 1978 4935 hoc
2023 4888 2109 4935 est

540 4988 709 5027 unum
761 4987 985 5042 regnum
1036 4973 1174 5043 ejus.
1230 4973 1422 5028 Omnia
1476 4972 1622 5027 enim
1677 4973 1833 5027 Pater
1877 4971 2108 5042 subjecit

539 5063 642 5120 sub
669 5063 895 5134 pedibus
921 5064 966 5096 "
993 5065 1110 5135 ejus
1151 5080 1434 5134 usquequo
1466 5073 1522 5118 et
1564 5064 1889 5118 novissimus
1922 5063 2106 5118 inimi-

539 5170 639 5212 cus
675 5157 995 5212 destruatur
1029 5171 1197 5222 mors,
1239 5167 1294 5211 et
1334 5167 1590 5224 tanquam
1635 5156 1912 5210 unicornis
1939 5171 2103 5210 unum

538 5249 782 5302 omnium
825 5263 1053 5318 regnum
1094 5257 1276 5302 teneat
1319 5247 1593 5313 Christus,
1624 5247 1751 5316 quia
1785 5247 1925 5300 sicut
1968 5247 2105 5300 scri-

538 5350 690 5410 ptum
722 5349 805 5396 est
830 5355 847 5392 :
877 5357 896 5391 ι
931 5338 1101 5409 Regni
1128 5339 1245 5408 ejus
1263 5355 1368 5392 non
1398 5339 1504 5393 erit
1528 5339 1648 5394 fluis
1667 5338 1788 5405 “.{r
1817 5338 2102 5407 Eritergo,

542 5433 741 5502 inquit,
769 5433 841 5498 ei,
870 5432 973 5487 hoc
1001 5442 1086 5488 est
1124 5431 1313 5487 Israell
1335 5431 1412 5486 illi
1443 5431 1696 5502 spiritali,
1731 5431 1924 5502 gloria,
1963 5431 2106 5484 sicut

610 5597 656 5628 δ’
677 5597 717 5652 ΙΙ
753 5598 877 5653 Cor.
912 5615 985 5652 χι.

549 5678 731 5738 ικιιιι,
776 5669 829 5724 9.
907 5671 952 5702 '°
989 5670 1328 5734 Daniel.vm,
1368 5673 1459 5730 22.
1556 5674 1600 5713 ⁸⁷
1631 5673 1646 5726 Ι
1673 5673 1800 5728 Cor.
1830 5689 1918 5738 xv,
1950 5673 2039 5725 2t).

543 5737 586 5768 ”
614 5737 768 5794 Num.
802 5757 957 5806 χχιιι,
984 5742 1075 5796 ‘25.
1183 5744 1268 5796 “I
1303 5743 1435 5813 Reg.
1472 5759 1524 5810 v,
1549 5743 1604 5809 2,
1629 5745 1681 5810 5,
1721 5745 1810 5800 IO.

1079 5601 1124 5632 ⁵⁰
1150 5601 1266 5656 Isai.
1294 5616 1461 5666 xxxv,
1491 5601 1573 5656 10.
1651 5603 1693 5634 ⁵⁸
1727 5601 1857 5657 an.
1882 5618 1992 5666 xvr,
2021 5601 2107 5655 ‘25.

2215 5601 2392 5655 ’ibid.
2432 5599 2525 5654 29.
2602 5599 2647 5630 ⁸³
2710 5597 2870 5652 Num.
2921 5613 3078 5661 um,
3125 5595 3218 5649 2i.

2135 5671 2180 5702 δε
2205 5641 2525 5734 1.1322135:
2601 5670 2644 5700 ιο
2671 5641 3090 5729 ιὸξιῖι’ῖ”ινῖῖ,”ἐί
3107 5641 3244 5719 .”ἐο
3289 5641 3516 5731 puiiipp.
3551 5667 3628 5715 ιιι,
3657 5641 3742 5698 ει.

1941 5743 2021 5797 ⁶³Ι
2054 5742 2186 5814 Reg.
2226 5759 2299 5807 vt,
2329 5742 2381 5807 Ξ,
2415 5740 2470 5803 3,
2503 5750 2554 5795 et
2584 5755 2739 5809 seqq.

2187 4508 2492 4571 assumite,
2522 4506 2720 4575 quibus
2739 4505 2930 4575 jugum
2965 4520 3072 4558 non
3096 4512 3180 4557 est
3207 4503 3537 4572 impositum,
3562 4506 3614 4551 et
3641 4495 3752 4564 jun-

2209 4603 2320 4673 gite
2361 4614 2553 4655 vaccas
2581 4598 2650 4652 ad
2677 4613 2914 4663 carrum,
2943 4607 2997 4652 et
3024 4596 3187 4652 fretus
3212 4613 3399 4650 eartttn
3429 4606 3568 4650 retro
3599 4588 3749 4643 abdu-

2208 4694 2320 4750 cite
2341 4693 2408 4746 ad
2433 4693 2650 4746 domum
2683 4705 2696 4740 :
2734 4699 2788 4743 et
2813 4689 3075 4743 assumite
3101 4703 3286 4744 arcam
3319 4685 3549 4748 Domini,
3581 4689 3632 4735 et
3658 4678 3748 4731 im-

2212 4785 2396 4855 ponite
2429 4797 2548 4838 eam
2578 4796 2743 4852 super
2765 4796 3003 4849 carrum,
3030 4793 3084 4838 et
3123 4796 3253 4835 vasa
3275 4797 3438 4836 aurea
3461 4791 3577 4847 qua:
3605 4771 3748 4827 obtu-

2210 4880 2356 4934 listis
2381 4879 2432 4932 ei
2458 4891 2555 4946 pro
2589 4876 2809 4942 delicto,
2835 4875 2998 4930 simul
3041 4875 3222 4946 ponite
3248 4890 3410 4944 super
3453 4881 3678 4930 carrum,
3704 4867 3750 4915 et

2208 4972 2391 5027 omnia
2436 4979 2624 5024 sancta
2685 4970 2840 5032 eius:
2875 4976 2932 5022 et
2982 4966 3239 5022 dimittite
3280 4980 3422 5029 eam,
3464 4971 3518 5017 et
3563 4956 3746 5010 vadat:

2206 5073 2264 5120 et
2280 5064 2480 5128 videte,
2509 5061 2777 5131 siquidem
2809 5060 2960 5114 vadit
2987 5074 3084 5130 per
3112 5059 3254 5113 viam
3282 5071 3441 5112 suam
3464 5064 3517 5110 et
3541 5051 3605 5105 ad
3627 5046 3748 5101 ﬁnes

2211 5172 2343 5214 suos
2393 5155 2639 5210 ascendit
2677 5155 2730 5208 in
2765 5152 3094 5217 Bethsamis,
3126 5151 3240 5220 ipsa
3294 5147 3448 5203 nobis
3473 5142 3595 5198 fecit
3623 5131 3747 5234 mala

2211 5252 2327 5306 haec
2346 5261 2559 5318 magna.
2586 5247 2646 5303 Si
2677 5257 2855 5302 autem
2887 5262 2993 5301 non
3023 5243 3172 5299 vadit
3193 5241 3348 5307 illuc,
3380 5239 3606 5294 sciemus
3633 5239 3744 5318 quia

2209 5355 2403 5395 manus
2431 5315 2547 5408 ejus
2575 5353 2681 5393 non
2710 5337 2936 5408 contigit
2969 5351 3090 5402 nos,
3115 5335 3207 5390 sed
3230 5332 3452 5387 fortuitu
3481 5329 3588 5382 haec
3609 5315 3748 5375 nobls

2211 5431 2549 5488 acciderunt.
2587 5450 2608 5484 ι
2634 5429 2871 5485 Observa
2904 5443 3036 5499 ergo
3082 5427 3138 5482 in
3167 5427 3258 5492 iis,
3295 5419 3555 5495 quomodo
3580 5419 3744 5470 sacer—

3314 5593 3362 5624 σι
3388 5588 3514 5645 ibid.
3596 5569 3746 5645 "19"

2821 5739 2864 5769 ⁸⁸
2896 5741 3026 5793 ibid.
3061 5738 3092 5789 7
3119 5745 3173 5792 et
3196 5751 3349 5805 seqq.
