4074 6156
379 279 487 337 697

1555 284 1621 338 ΙΝ
1663 283 1998 340 NUMEROS
2033 283 2320 341 HOMILIA
2359 284 2498 341 XVI.

3539 287 3646 344 698

379 401 541 455 dotes
580 409 635 455 et
669 399 837 456 divini
878 415 1106 458 causam
1154 402 1441 468 malorum,
1476 418 1598 470 qua:
1654 403 1972 458 acciderant
2000 408 2045 463 Α
2076 420 2205 458 suos
2239 405 2292 458 in
2325 405 2447 475 igne
2483 405 2535 458 in
2578 403 2916 471 Gebennom,
2957 412 3010 460 et
3053 405 3408 470 sortiebatur,
3435 416 3490 461 et
3525 424 3645 462 ma-

379 491 710 564 Allopbylis,
738 505 921 548 tttrum
951 509 1015 548 ex
1049 510 1212 549 manu
1250 497 1363 560 Dei,
1394 504 1448 549 et
1477 511 1572 562 pro
1602 511 1742 550 arcae
1767 498 1964 566 injuria

380 585 620 652 venerit,
654 600 721 636 an
766 583 992 637 fortuitu
1040 586 1324 650 acciderit,
1371 586 1662 655 propositis
1716 598 1964 641 contem-

380 676 608 743 plantur
638 675 874 730 indit-iis.
911 677 1199 730 dicentes:
1237 696 1255 728 ι
1295 679 1353 731 Si
1393 694 1488 746 per
1513 680 1656 731 viam
1707 694 1856 732 suam
1897 679 1964 731 ad

379 765 524 818 lines
563 781 692 819 suos
729 768 976 821 ascendit
1017 769 1070 821 in
1109 768 1416 824 Bethsamis
1444 812 1458 836 ,
1503 772 1616 840 ipsa
1647 771 1801 826 nobis
1841 770 1969 826 fecit

379 857 505 912 haec
556 858 780 912 mala“.
831 879 848 910 ι
885 858 1125 929 Denique
1173 863 1225 914 in
1275 865 1626 931 sequentibus
1679 865 1962 919 refertur:

385 967 411 1001 ι
453 949 517 1002 Et
562 965 682 1002 cum
739 952 1148 1016 imposuissent,
1191 955 1364 1022 inquit
1407 956 1473 1023 “,
1514 942 1698 1011 arcam
1756 956 1964 1011 Domini

381 1057 555 1110 super
583 1056 823 1108 carrum,
850 1043 1172 1098 direxerunt
1203 1046 1367 1101 boves
1393 1047 1444 1100 in
1470 1049 1577 1112 via,
1611 1058 1799 1103 contra
1824 1049 1964 1101 viam

381 1147 509 1200 qua:
545 1133 693 1185 ducit
721 1131 1049 1196 Bethsamis,
1074 1141 1130 1186 et
1170 1151 1274 1188 non
1309 1136 1722 1192 declinaverunt
1745 1139 1810 1192 ad
1837 1140 1969 1192 dex-

380 1235 553 1289 tram,
584 1237 676 1279 ant
704 1228 769 1280 ad
801 1229 1103 1283 sinistram.
1142 1247 1161 1279 ι
1197 1229 1330 1294 Quis
1363 1245 1498 1300 ergo
1533 1233 1585 1284 in
1623 1233 1726 1296 his,
1761 1233 1805 1286 si
1843 1233 1966 1286 dili—

381 1330 580 1388 genter
630 1321 885 1390 inspiciat
934 1324 1069 1394 (67),
1119 1323 1516 1391 praescientiam
1554 1325 1693 1378 hanc
1725 1340 1848 1392 qum
1901 1327 1968 1381 de

383 1411 554 1466 boum
592 1414 894 1469 directione
936 1419 1198 1491 przedicta
1232 1426 1334 1483 est,
1365 1418 1449 1471 vel
1485 1415 1759 1471 fortuitam
1799 1418 1963 1481 dicat,

381 1504 476 1558 vel
533 1505 708 1574 aliqua
771 1520 890 1563 arte
943 1510 1328 1579 compositam,
1382 1519 1438 1564 et
1487 1526 1592 1563 non
1649 1512 1968 1579 operatione

381 1593 623 1664 quadam
670 1598 977 1654 daemonum
1020 1601 1408 1665 ministratam,
1461 1601 1553 1670 qui
1588 1602 1967 1669 pertimuerint

383 1702 534 1740 arcte
560 1688 767 1744 Domini
793 1691 1046 1744 virtutem
1066 1708 1079 1743 τ
1099 1707 1207 1760 qua
1234 1706 1340 1746 non
1371 1691 1542 1745 solum
1567 1690 1963 1762 aﬁligebaotur,

2069 497 2246 552 leﬁcia
2301 497 2555 560 faciebat,
2587 506 2644 551 et
2671 497 3076 566 augurabatur,
3116 505 3168 551 et
3206 497 3337 552 fecit
3375 501 3641 554 ventrilo-

2071 605 2229 658 quos,
2267 589 2658 652 incantatores,
2694 598 2749 642 et
2790 589 3170 657 multiplicavit
3201 600 3260 643 ut
3297 591 3497 646 faceret
3531 609 3644 648 ma-

2070 680 2274 749 lignum
2310 681 2362 734 in
2396 689 2685 750 conspectu
2727 680 2963 743 Domini,
2989 691 3047 732 ut
3078 681 3429 738 exacerbaret
3451 700 3594 740 eum.
3618 705 3637 740 ι

2069 768 2196 824 Haec
2220 785 2351 839 ergo
2384 771 2591 833 omnia,
2639 769 2689 822 id
2718 781 2824 833 est,
2858 769 2970 822 sive
2993 773 3304 839 auguratio,
3345 773 3458 828 sive
3501 774 3643 827 exti-

2069 862 2324 931 spicium,
2353 864 2466 915 sive
2495 860 2753 930 quaelibet"
2783 863 3104 927 immolatio,
3139 863 3253 918 sive
3283 865 3447 917 etiam
3479 864 3644 918 sorti-

2070 954 2166 1018 tio,
2204 963 2295 1005 aut
2320 954 2630 1022 quicunque
2659 963 2837 1005 motus
2869 953 3073 1018 avium,
3117 953 3201 1007 vel
3243 957 3530 1023 pecudum,
3559 955 3639 1010 vel

2071 1044 2336 1112 inspectio
2369 1059 2703 1112 qumcunqne
2736 1046 3019 1110 librarum,
3045 1053 3106 1098 ut
3127 1045 3325 1113 aliquid
3355 1046 3422 1099 de
3448 1046 3651 1102 futuris

2069 1137 2361 1189 videantur
2388 1138 2700 1202 ostendere,
2735 1137 2789 1188 in
2841 1135 3162 1204 operatione
3189 1137 3490 1190 daemonum
3524 1136 3636 1192 ﬁeri

2070 1244 2174 1282 non
2217 1228 2425 1291 dubito,
2475 1229 2824 1298 dirigentium
2859 1228 2940 1282 vel
2974 1228 3177 1294 avium,
3231 1227 3312 1281 vel
3356 1228 3649 1296 pecudum,

2067 1322 2150 1374 vel
2181 1321 2444 1374 ﬁbrarum
2477 1329 2674 1384 motus,
2731 1328 2822 1372 aut
2853 1321 3104 1384 sortium,
3137 1321 3432 1374 secundum
3481 1333 3543 1373 ea
3575 1319 3650 1372 si-

2067 1426 2169 1482 gna
2198 1426 2320 1479 quae
2343 1415 2650 1466 docuerunt
2681 1409 2844 1463 iidem
2870 1411 3142 1464 daemones
3167 1409 3443 1463 observari
3463 1409 3530 1462 ab
3557 1409 3642 1472 iis,

2068 1504 2266 1572 quibus
2293 1505 2432 1558 artis
2460 1503 2620 1573 hujus
2653 1502 2940 1556 scientiam
2973 1504 3337 1556 tradiderunt.
3375 1502 3414 1554 A
3447 1501 3648 1569 quibus

2068 1597 2345 1660 omnibus,
2397 1597 2443 1651 is
2487 1599 2579 1665 qui
2622 1595 2788 1651 homo
2826 1595 2923 1648 Dei
2957 1605 3063 1659 est,
3091 1605 3144 1648 et
3180 1595 3231 1648 in
3274 1595 3519 1664 portione
3552 1591 3644 1646 Dei

2070 1699 2408 1756 muneratur,
2450 1689 2664 1757 penitus
2695 1704 2814 1743 esse
2841 1687 3002 1742 debet
3033 1687 3265 1748 alienus,
3317 1701 3417 1739 nec
3445 1683 3645 1753 aliquid

377 1793 445 1834 et
478 1781 837 1848 punieb‘antur
859 1782 1152 1853 Allaphyli,
1190 1799 1378 1837 verum
1419 1792 1471 1838 et
1511 1785 1688 1838 cultus
1715 1785 1828 1852 ipse
1854 1786 1964 1838 daa-
1996 1767 2040 1823 Β
2077 1781 2127 1833 in
2160 1781 2226 1833 iis
2265 1781 2468 1835 habere
2501 1796 2810 1846 commune,
2839 1795 2962 1848 qua:
2988 1779 3218 1833 occultis
3241 1776 3351 1848 (68)
3381 1776 3646 1830 machinis

380 1887 608 1925 monum
663 1874 1090 1939 destruebatur,
1148 1883 1339 1945 utpote
1390 1876 1695 1930 simulacris
1741 1890 1964 1937 eorum,

383 1963 736 2031 templisque,
771 1966 838 2019 ad
879 1967 1188 2037 ingressum
1241 1979 1384 2019 arca:
1415 1965 1625 2018 Domini
1661 1967 1968 2019 corruenti-

387 2055 535 2109 bus?
563 2054 656 2109 Est
681 2072 811 2126 ergo
837 2058 960 2112 talis
985 2059 1227 2126 quadam
1259 2057 1314 2111 in
1341 2057 1648 2111 ministerio
1674 2057 1966 2125 przeseien-

385 2146 483 2199 lia:
512 2149 752 2214 operatio
787 2152 1114 2212 daemonum,
1163 2163 1284 2216 qua:
1313 2148 1523 2200 artibus
1549 2146 1868 2217 quibusdam
1898 2149 1965 2202 ab

382 2239 480 2302 iis,
508 2241 597 2310 qui
629 2256 688 2295 se
715 2241 1048 2296 darmonibus
1101 2243 1552 2310 mancipaverint,
1583 2227 1968 2310 colligiturfet

384 2347 536 2386 nunc
577 2346 673 2399 per
723 2346 817 2386 eas
859 2348 997 2401 quas
1029 2344 1203 2388 801⁵188
1239 2335 1545 2399 nominant,
1589 2348 1733 2386 nunc
1771 2348 1869 2401 per
1901 2348 1962 2386 ea

380 2438 510 2491 qua!
526 2425 751 2492 auguria
765 2425 1064 2493 appellant,
1083 2440 1224 2480 nunc
1240 2435 1287 2480 et
1300 2426 1404 2479 iam
1421 2439 1485 2478 ex
1505 2424 1964 2494 contemplatione

386 2514 676 2577 ﬁbrarum,
729 2531 850 2581 quae
895 2515 1177 2584 extispicia
1229 2525 1446 2580 vocant,
1505 2515 1735 2584 aliisque
1770 2515 1961 2568 horum

381 2603 651 2657 similibus
682 2605 970 2674 praestigiis
1001 2605 1397 2674 comprehendi
1447 2606 1683 2668 videtur,
1727 2613 1780 2659 et
1807 2605 1966 2660 intel-

390 2694 511 2763 ligi.
548 2693 679 2761 Quae
725 2704 873 2750 artes
924 2696 978 2750 in
1039 2706 1246 2750 tantum
1281 2696 1347 2750 ad
1376 2696 1756 2764 decipiendqu
1795 2712 1963 2766 genus

386 2785 669 2841 hominum
704 2788 1076 2858 profecerunt,
1117 2798 1175 2842 ut
1205 2788 1370 2844 etiam
1395 2790 1682 2858 justissimi
1717 2789 1964 2845 Ezechiae

389 2879 535 2934 ﬁlius
567 2881 815 2937 Manasse
850 2884 951 2938 hoc
979 2898 1166 2937 errore
1201 2885 1479 2953 deceptus,
1510 2881 1855 2946 aediﬁcaverit
1882 2884 1964 2955 (ut

386 2972 672 3041 Scriptura
731 2975 890 3038 dicit)
924 2995 942 3028 ι
979 2975 1152 3030 altare
1209 2976 1357 3030 omni
1409 2978 1670 3032 exercitui
1723 2978 1844 3034 caeli
1906 2978 1963 3033 in

386 3076 623 3136 utraque
665 3068 826 3121 domo
876 3068 1178 3122 Domini".
1218 3088 1236 3122 ι
1275 3069 1430 3124 Hunc
1467 3081 1644 3124 autem
1670 3085 1792 3125 esse
1817 3071 1966 3126 arbi-

386 3166 502 3211 tror
539 3161 842 3214 exercitum
881 3161 1024 3224 coeli,
1053 3176 1210 3229 quem
1241 3160 1439 3216 Paulus
1464 3163 1737 3230 spiritales
1774 3163 1962 3232 nequi-

386 3252 496 3305 tias
520 3255 572 3306 in
602 3252 920 3308 coelestibus
947 3255 1157 3322 positas
1178 3255 1398 3324 scripsit
1437 3255 1503 3309 ⁸⁸.
1534 3253 1643 3309 Nisi
1669 3270 1799 3326 ergo
1825 3255 1962 3310 mul-

389 3355 501 3397 tum
541 3345 593 3398 in
622 3346 701 3406 ,iis
740 3347 952 3400 artibus
992 3354 1048 3401 et
1083 3347 1422 3416 deceptionis
1458 3358 1602 3401 esset
1636 3357 1690 3403 et
1733 3348 1959 3409 erroris,

385 3450 496 3489 non
525 3445 655 3503 puto
679 3437 811 3490 tanti
839 3436 938 3492 viri
965 3437 1135 3493 ﬁlium
1168 3441 1222 3494 in
1253 3440 1371 3510 lege
1395 3439 1608 3494 Domini
1648 3439 1961 3504 edtmatum,

382 3529 440 3581 iu
473 3526 596 3582 illas
620 3529 920 3597 impietates
952 3534 1195 3600 potuisse
1223 3534 1504 3597 corruere,
1536 3548 1657 3602 quae
1683 3533 1733 3585 in
1766 3543 1962 3601 quarto

389 3619 700 3688 Regnorum
729 3622 868 3676 libro
900 3622 967 3678 de
996 3639 1062 3679 eo
1086 3624 1304 3693 scriptae
1320 3623 1756 3678 referuntur.Ait
1782 3624 1958 3677 enim:

389 3729 411 3762 ι
455 3711 522 3766 Ει
552 3714 909 3782 sortiebatur,
943 3726 997 3770 et
1021 3718 1411 3786 augurabatur,
1437 3726 1491 3770 et
1521 3715 1652 3772 fecit
1673 3716 1959 3787 τεμένη,ει

390 3807 775 3862 transducebat
805 3806 945 3863 ﬁlios
979 3823 1105 3862 suos
1139 3809 1192 3862 in
1223 3810 1378 3878 igne,
1407 3820 1463 3862 et
1494 3809 1754 3877 przescios
1783 3809 1959 3863 abun-

384 3899 522 3953 dare
553 3897 704 3964 fecit,
747 3910 804 3954 ut
848 3901 1054 3956 faceret
1089 3901 1381 3973 malignum
1433 3903 1486 3955 in
1519 3911 1813 3972 conspectu
1848 3903 1958 3956 Do-

381 3990 538 4055 mini,
569 4001 622 4045 et
645 3994 1000 4048 exacerbaret
1028 4008 1148 4048 eum
1180 3995 1245 4047 δι’.
1277 4013 1294 4045 ι
1318 3994 1467 4049 Talia
1505 4010 1635 4066 ergo
1664 4003 1821 4049 erant
1843 4009 1959 4062 quae

380 4083 670 4152 peccabat,
704 4083 985 4154 dequibus
1015 4085 1118 4140 dici
1156 4088 1348 4155 possit,
1381 4089 1510 4157 quia
1545 4087 1597 4141 in
1619 4087 1833 4142 omni”
1859 4087 1962 4139 vir-

382 4181 520 4235 tute,
563 4173 738 4243 signis
767 4182 820 4228 et
854 4175 1114 4244 prodigiis
1153 4177 1508 4232 mendacibus
1537 4176 1962 4233 ﬁerent."'itaut

381 4265 770 4335 deciperentur
809 4269 974 4322 etiam
1015 4268 1199 4323 electi.
1245 4271 1516 4338 Deceptus
1553 4281 1636 4325 est
1685 4271 1828 4324 enim
1862 4285 1961 4340 per

382 4373 507 4412 eum
534 4369 587 4412 et
615 4360 864 4429 populus,
902 4371 959 4413 ut
986 4361 1193 4416 faceret
1241 4361 1536 4433 malignum
1578 4363 1630 4416 in
1663 4372 1956 4432 conspectu

2070 1873 2340 1928 daemones
2369 1885 2697 1943 operantur:
2718 1889 2785 1928 ne
2815 1875 2952 1928 torte
2975 1888 3163 1929 rursus
3185 1889 3281 1942 per
3311 1873 3425 1925 haec
3446 1871 3648 1926 daemo-

2070 1965 2230 2018 nibus
2274 1970 2534 2030 societur,
2593 1977 2754 2036 atque
2782 1981 2970 2021 eorum
3003 1968 3200 2037 spiritu
3239 1976 3295 2022 et
3326 1968 3528 2021 virtute
3563 1980 3649 2020 re-

2066 2056 2298 2124 pleatur,
2332 2068 2387 2112 et
2418 2060 2484 2114 ad
2522 2059 2793 2113 idolorum
2847 2059 3053 2114 cultum
3105 2061 3282 2113 denuo
3333 2068 3643 2126 reparetur.

2067 2147 2192 2204 Haec
2221 2151 2363 2204 enim
2394 2153 2575 2204 omnia
2619 2152 2810 2220 religio
2861 2161 3044 2206 nostra
3094 2152 3275 2206 divina
3323 2161 3378 2206 et
3407 2151 3650 2206 cmlestis

2068 2240 2304 2310 abjurat,
2339 2243 2393 2296 in
2433 2241 2673 2298 Levitico
2708 2244 2927 2314 quidem
2959 2252 3146 2312 aperta
3183 2243 3299 2310 lege
3330 2243 3646 2312 designans,

2066 2345 2121 2386 et
2138 2334 2356 2390 dicens:
2384 2352 2402 2384 ‹
2431 2333 2544 2389 Non
2565 2335 2901 2396 divinabitis,
2927 2349 3101 2402 neque
3125 2334 3643 2404 augurabimini".t

2069 2425 2134 2479 Et
2185 2437 2312 2497 post
2341 2443 2516 2496 pauca
2544 2445 2558 2481 :
2590 2445 2608 2477 ι
2639 2425 2755 2480 Non
2807 2427 3337 2496 sequemini,inquit,
3383 2429 3651 2482 ventrilo-

2065 2534 2225 2586 quos,
2254 2534 2350 2573 nec
2383 2519 2752 2589 adjungemini
2787 2521 2852 2572 ad
2873 2521 3258 2584 incantatores,
3295 2529 3352 2572 ut
3378 2521 3648 2574 contami-

2065 2613 2269 2665 nemini
2307 2614 2360 2665 in
2387 2612 2487 2677 eis,
2519 2626 2620 2679 ego
2647 2611 2906 2665 Dominus
2938 2611 3081 2665 Dens
3104 2621 3283 2666 vester
3307 2611 3373 2666 "".
3408 2631 3426 2664 ι
3460 2612 3524 2666 Et
3549 2613 3648 2666 ite-

2063 2718 2185 2757 rum
2222 2705 2275 2758 in
2305 2705 2768 2760 Deuteronomio:
2807 2720 2825 2754 ι
2860 2702 2914 2757 Si
2948 2715 3125 2757 autem
3153 2714 3230 2770 tu,
3271 2704 3538 2775 inquit",
3566 2705 3648 2759 in-

2067 2797 2284 2853 troieris
2305 2797 2359 2851 in
2408 2807 2611 2851 terram
2679 2811 2840 2865 quam
2873 2793 3137 2850 Dominus
3164 2796 3306 2850 Deus
3345 2809 3468 2851 tuus
3495 2797 3647 2853 dabit

2065 2889 2192 2953 tibi,
2225 2905 2329 2944 non
2384 2890 2562 2943 discas
2625 2889 2806 2944 facere
2853 2890 3152 2942 secundum
3199 2890 3642 2944 abominatioues

2068 2984 2310 3052 gentium
2343 2982 2582 3045 illarum,
2640 2997 2745 3034 non
2797 2981 3108 3034 inveniatur
3149 2982 3200 3034 in
3239 2991 3288 3035 te
3317 2983 3405 3050 qui
3454 2981 3647 3036 lustret

2078 3077 2245 3131 ﬁlium
2277 3090 2452 3136 suum,
2485 3083 2576 3126 aut
2609 3073 2774 3125 ﬁliam
2808 3086 2960 3125 suam
3014 3073 3144 3142 igni,
3183 3087 3359 3142 neque
3395 3073 3647 3129 divinans

2066 3169 2424 3229 divinatione,
2443 3179 2616 3234 neque
2627 3165 2863 3218 sortiens
2882 3165 3140 3230 sortibus,
3158 3164 3642 3234 nequemaleﬁcus,

2065 3274 2241 3330 neque
2259 3259 2588 3320 incantator,
2611 3270 2787 3325 neque
2809 3255 3204 3327 ventriloquus,
3230 3269 3404 3324 neque
3421 3263 3644 3324 porten-

2065 3363 2240 3408 torum
2260 3351 2543 3419 inspector,
2553 3364 2724 3418 neque
2745 3349 3089 3418 interrogans
3108 3356 3370 3401 mortuos.
3387 3347 3483 3401 Est
3497 3346 3643 3400 enim

2063 3442 2393 3495 abominatio
2407 3439 2656 3505 Domino,
2673 3438 2849 3492 omnis
2862 3439 2951 3506 qui
2973 3437 3102 3492 facit
3119 3440 3250 3492 haec.
3269 3437 3497 3507 Propter
3514 3439 3646 3492 istas

2063 3528 2207 3584 enim
2225 3529 2654 3581 abominationes
2669 3525 2860 3580 Domin
2871 3543 2931 3581 us
2951 3527 3090 3581 Deus
3111 3535 3234 3581 tuus
3251 3528 3647 3596 evertitgentes

2063 3620 2550 3687 istasaconspectu
2571 3628 2678 3674 tuo.
2713 3639 2731 3670 ι
2767 3619 2823 3672 1η
2872 3619 3070 3687 quibus
3122 3620 3376 3674 omnibus
3429 3619 3644 3673 videtur

2061 3711 2372 3773 ostendere,
2397 3708 2558 3779 333
2577 3712 2701 3779 quia
2727 3713 2905 3764 omnis
2928 3710 3019 3777 qui
3044 3711 3094 3762 in
3116 3709 3184 3763 iis
3207 3720 3479 3771 versatur,
3505 3706 3643 3762 nihil

2061 3805 2204 3859 aliud
2235 3803 2404 3858 faciat
2447 3804 2548 3857 nisi
2592 3812 2836 3858 mortuos
2889 3803 3207 3872 interroget.
3261 3800 3457 3856 Mortui
3517 3808 3643 3855 sum

2061 3897 2382 3964 enim,quia
2421 3909 2526 3948 non
2579 3903 2704 3949 sunt
2732 3895 2854 3948 vitae
2908 3894 3218 3963 participes.
3277 3893 3417 3948 Dens
3461 3903 3638 3947 autem

2061 3989 2401 4058 noster(69),
2421 3987 2662 4040 vivorum
2693 3985 2832 4040 Deus
2863 3995 2966 4051 est,
2998 3993 3054 4040 et
3081 4003 3184 4039 non
3210 3997 3544 4039 mortuorum
3565 3985 3634 4039 ⁷⁸.

2062 4081 2158 4136 His
2191 4089 2369 4135 autem
2405 4078 2660 4135 omnibus
2688 4077 2900 4147 legibus
2933 4079 3152 4133 additur
3185 4079 3347 4133 etiam
3403 4079 3559 4144 illud,
3582 4088 3641 4132 ut

2059 4174 2284 4245 quivult
2318 4188 2439 4227 esse
2471 4171 2768 4241 perfectus,
2810 4187 2840 4226 a
2874 4168 3022 4224 nullo
3073 4170 3181 4225 alio
3213 4171 3408 4235 discat,
3443 4172 3544 4226 nisi
3575 4171 3642 4225 ab

2059 4278 2124 4317 eo
2149 4261 2240 4331 qui
2273 4277 2368 4333 per
2398 4262 2489 4316 Dei
2527 4262 2783 4316 virtutem
2808 4258 2974 4314 fuerit
3005 4260 3213 4315 electus
3266 4261 3553 4331 prapheta,
3581 4271 3641 4315 ut

2061 4355 2336 4410 ministret
2377 4353 2598 4424 populo.
2627 4355 2716 4408 Ait
2743 4369 2874 4424 ergo
2901 4353 2946 4386 ⁷⁷
2984 4371 3000 4409 :
3051 4371 3069 4404 ι
3113 4351 3389 4407 Perfectus
3432 4362 3548 4406 esto
3587 4352 3645 4406 in

383 4450 597 4503 Domini
651 4465 816 4518 super
869 4459 1068 4522 gentes
1116 4453 1254 4519 illas,
1309 4466 1450 4522 quas
1498 4455 1960 4507 exterminaverat
1990 4455 2037 4514 D
2064 4459 2354 4518 conspectu
2392 4448 2605 4503 Domini
2627 4447 2720 4502 Dei
2756 4448 2834 4502 tui
2870 4464 2886 4502 :
2924 4456 3113 4517 gentes
3141 4447 3286 4501 enim
3330 4445 3467 4510 istm,
3509 4460 3644 4514 qua-

381 4541 526 4595 Deus
556 4557 583 4594 a
629 4541 767 4597 facie
803 4542 1038 4598 ﬁliorum
1104 4542 1292 4598 Israel.
1349 4543 1456 4599 Sed
1505 4552 1559 4599 et
1619 4545 1672 4597 in
1717 4545 1959 4598 secundo

380 4632 519 4686 libro
564 4631 1013 4704 Paralipomenon
1068 4633 1270 4688 similia
1324 4632 1680 4688 nihilominus
1721 4633 1790 4688 de
1840 4633 1954 4688 Ma-

379 4740 543 4778 nasse
590 4727 903 4780 scribuntur
947 4744 960 4778 :
1003 4745 1021 4777 ‹
1073 4725 1139 4779 Ει
1169 4724 1319 4790 fecit,
1362 4723 1543 4793 inquit
1577 4725 1648 4791 ",
1691 4723 1861 4792 lucos,
1899 4735 1954 4780 et

377 4819 629 4871 adoravit
656 4833 873 4873 omnem
909 4819 1160 4873 militiam
1206 4819 1354 4882 coeli,
1391 4828 1446 4872 et
1496 4819 1720 4872 servivit
1752 4819 1856 4884 eis,
1896 4827 1952 4874 et

378 4911 685 4964 construxit
712 4911 905 4965 altaria
935 4912 1177 4966 in‘domo
1212 4912 1306 4966 Dei
1340 4911 1430 4966 ubi
1472 4909 1611 4965 dixit
1641 4910 1902 4966 Dominus
1933 4926 1950 4965 :

375 5000 434 5054 In
458 4998 760 5056 Jerusalem
800 5002 907 5058 erit
954 5018 1148 5058 nomen
1182 5019 1358 5058 meum
1398 5003 1452 5057 in
1479 5013 1762 5069 aeternum,
1797 5011 1854 5057 et
1879 5002 1951 5058 ibi

379 5094 642 5149 instruxit
661 5095 854 5149 altaria
880 5097 1028 5150 omni
1057 5095 1476 5166 magniﬁcentiae
1501 5095 1648 5159 coeli,
1677 5095 1729 5149 in
1762 5097 1953 5150 amba-

378 5180 482 5236 bus
529 5182 781 5239 domibus
812 5182 1050 5242 Domini.
1080 5183 1147 5238 Et
1191 5186 1307 5243 inse
1360 5185 1756 5240 transducebat
1807 5185 1946 5241 ﬁlios

2061 4557 2180 4597 rum
2211 4551 2266 4596 tu
2302 4542 2676 4598 haereditatem
2711 4541 2926 4611 cepisti,
2953 4541 3072 4595 istm
3135 4541 3364 4594 audiunt
3415 4537 3638 4592 sortile-

2060 4649 2157 4704 gos
2183 4643 2237 4688 et
2264 4634 2496 4700 divinos,
2531 4633 2624 4690 tibi
2677 4642 2856 4688 autem
2896 4647 3007 4688 non
3063 4631 3138 4685 ita
3186 4630 3334 4685 dedit
3382 4629 3646 4684 Dominus

2059 4726 2203 4780 Deus
2237 4735 2384 4780 tuus.
2410 4724 2735 4797 Prophetam
2770 4727 2916 4783 enim
2964 4724 3030 4778 de
3058 4724 3235 4778 medio
3295 4723 3370 4777 tui
3407 4737 3477 4776 ex
3530 4721 3646 4774 fra-

2059 4817 2231 4872 tribus
2256 4818 2365 4872 tuis
2387 4819 2676 4874 suscitabit
2702 4819 2796 4874 tibi
2829 4820 3094 4875 Dominus
3116 4817 3253 4871 Deus
3283 4825 3425 4880 tuus,
3459 4815 3635 4883 ipsum

2063 4910 2298 4966 audietis
2337 4925 2436 4980 per
2473 4911 2655 4966 omnia
2690 4926 3034 4981 quaecunque
3078 4909 3286 4981 petiisti
3321 4923 3350 4962 a
3408 4907 3641 4963 Domino

2060 5005 2171 5059 Deo
2199 5013 2290 5058 tuo
2327 5004 2380 5058 in
2404 5003 2547 5080 Oreb
2571 5005 2624 5059 in
2645 5004 2733 5060 die
2761 5004 3038 5067 Ecclesiae,
3067 5017 3191 5058 cum
3227 5001 3442 5056 dixistis
3473 5019 3486 5054 :
3521 4999 3645 5054 Non-

2059 5111 2387 5166 apponemus
2411 5097 2601 5152 audire
2624 5111 2812 5152 vocem
2839 5095 3052 5152 Domini
3073 5095 3165 5150 Dei
3192 5095 3383 5162 nostri,
3401 5105 3456 5148 et
3475 5094 3641 5147 istum

2057 5187 2232 5257 ignem
2287 5203 2541 5260 magnum
2601 5204 2706 5244 non
2753 5190 3062 5247 videbimus
3129 5189 3267 5244 ultra
3316 5202 3386 5243 ne
3432 5185 3640 5241 moria-

449 5327 528 5382 “l
553 5325 787 5400 Reggvt.
815 5328 872 5383 9.
892 5395 905 5400 _
940 5327 994 5380 .“
1013 5327 1142 5382 ibid.
1163 5326 1277 5400 if).._
1319 5323 1555 5400 "liﬁeg.
1581 5343 1693 5390 χχι,
1719 5327 1773 5382 5.
1818 5327 1864 5400 ‘f'
1893 5329 1960 5400 Ep

2065 5347 2129 5391 Vl,
2161 5330 2246 5385 12.
2310 5333 2354 5366 ⁸⁸
2383 5329 2449 5385 IV
2480 5330 2612 5393 Reg.
2643 5331 2817 5393 xxt,6.
2879 5331 2928 5363 '"’
2955 5330 2998 5385 11
3026 5329 3224 5400 Thess.
3247 5343 3304 5400 tt.
3369 5327 3415 5400 τί
3445 5325 3638 5379 Matth.

379 5414 530 5454 χχιν.
607 5395 656 5429 ⁷¹
689 5396 727 5451 ll
753 5395 928 5452 Paral.
958 5413 1154 5461 χχχιιι,
1185 5399 1218 5450 5
1248 5396 1304 5453 6.
1401 5399 1448 5430 ⁷³
1481 5395 1609 5454 Lev.
1661 5414 1777 5464 χιχ,
1832 5399 1919 5455 26.

378 5468 472 5523 52.
551 5468 596 5500 ’⁷⁷
638 5470 802 5522 Deut.
844 5484 996 5531 xvm,
1048 5468 1230 5522 15-16.

455 5581 568 5651 (67)
602 5581 880 5646 Inspiciat.
912 5583 1002 5637 Sic
1034 5591 1181 5636 recte
1209 5585 1369 5638 habet
1387 5585 1556 5638 codex
1575 5584 1938 5639 Corbeiensis.

379 5654 548 5712 Alias.
581 5671 616 5721 th
640 5654 956 5721 inspiciens.
1005 5671 1023 5702 ι

455 5723 568 5788 (68)
601 5719 745 5778 Ideni
771 5726 962 5790 codex,
1001 5741 1020 5773 ι
1065 5723 1310 5778 occultis.
1360 5744 1376 5775 ι
1408 5726 1552 5780 Alias
1585 5743 1602 5776 ι
1650 5726 1880 5781 occulte.
1923 5746 1940 5779 ι

2025 5401 2072 5433 ’⁸
2102 5403 2234 5458 ibid.
2281 5403 2372 5457 51.

2469 5403 2523 5435 ⁷⁵
2555 5403 2711 5458 Deut.
2737 5417 2894 5470 xvttt,
2919 5402 2974 5470 9,
3003 5400 3092 5456 12.
3169 5399 3216 5432 ⁷⁸
3244 5398 3434 5454 Matth.
3489 5411 3641 5460 χχιι,

2125 5588 2242 5658 (69)
2282 5588 2498 5645 Noster.
2563 5589 2724 5646 Deest
2773 5589 2826 5645 in
2877 5596 3036 5644 antea
3072 5588 3255 5656 editis,
3282 5584 3372 5640 sed
3407 5580 3641 5637 habetur

2055 5660 2106 5714 in
2145 5676 2273 5714 mss.
