4074 6156
572 288 680 349 699

2016 274 2268 330 ORIGEN
2274 274 2335 329 IS
3700 272 3787 328 700

575 420 721 457 mur.
762 422 782 456 ι
806 402 923 462 Non
953 400 1064 455 vult
1088 400 1229 455 Deus
1250 398 1526 452 auditores
1569 411 1670 450 nos
1720 395 1839 449 fieri
1878 403 1930 448 et
1974 393 2140 447 disci-
2170 400 2214 453 Α
2246 391 2603 459 quodcunque
2654 389 2848 443 horum
2888 387 3148 458 recipere,
3192 403 3265 443 ne
3316 389 3427 444 iste
3459 389 3665 457 quidem
3693 390 3787 460 ipse

575 494 732 563 pulos
758 495 1091 556 dzemonutn,
1144 505 1323 559 neque
1367 489 1515 553 vult,
1560 497 1614 540 ut
1655 489 1698 541 si
1735 487 1863 554 quid
1896 486 2137 541 volumus

576 586 807 647 discere,
853 584 1121 637 discamus
1164 596 1194 634 a
1240 581 1589 635 daemonibus.
1633 580 1819 634 Melius
1867 589 1949 633 est
1993 580 2137 633 enim

576 675 844 741 ignorare,
903 688 1064 741 quam
1109 687 1138 725 a
1170 671 1505 725 daemonibus
1551 670 1811 726 discere:
1850 682 1905 725 et
1949 671 2140 725 melius

573 776 657 819 est
683 780 710 818 a
741 766 999 834 propheta
1047 765 1279 829 discere,
1330 778 1492 833 quam
1523 780 1552 817 a
1588 764 1786 819 divinis
1837 765 2134 833 inquirere.

575 858 843 912 Divinatio
865 860 1007 912 enim
1033 874 1162 924 non,
1188 867 1248 911 ut
1271 858 1490 926 quidam
1516 868 1726 926 putant,
1762 857 2025 912 divinitus
2045 860 2139 912 da-

574 959 680 1014 tur,
705 949 795 1003 sed
821 950 1016 1017 magis,
1041 959 1099 1003 ut
1119 947 1250 1002 mihi
1279 948 1509 1013 videtur,
1534 962 1633 1016 per
1667 948 2053 1014 antiphrasim,
2087 947 2137 1001 id

570 1045 674 1103 est,
708 1052 772 1091 ex
807 1038 1082 1092 contrario
1135 1051 1328 1092 nomen
1382 1037 1613 1105 accepit,
1657 1037 1811 1105 quasi
1874 1051 1995 1106 qua:
2044 1051 2140 1105 per

572 1128 818 1183 hozuines
870 1129 1202 1183 daemonibus
1260 1131 1491 1198 repletos
1539 1129 1656 1182 fiat.
1710 1128 1815 1183 Sed
1861 1129 2136 1200 gentilium

574 1219 709 1272 ritus
737 1219 976 1273 divinum
1001 1221 1170 1274 credit
1190 1234 1370 1286 omne,
1403 1220 1547 1288 quod
1578 1234 1675 1288 per
1703 1220 2138 1289 qualemcunque

570 1310 821 1376 Spiritum
851 1309 1140 1380 profertur.
1176 1310 1284 1365 Nos
1324 1323 1500 1364 tamen
1555 1310 1686 1363 nihil
1728 1312 1794 1363 ab
1840 1311 1907 1364 iis
1932 1311 2139 1365 discere

573 1399 715 1451 Deus
764 1396 937 1466 jubet,
987 1416 1053 1453 ne
1101 1398 1399 1453 efficiamur
1445 1412 1725 1453 consortes
1769 1400 2031 1468 ipsorum,
2079 1408 2134 1452 et

574 1490 914 1546 iucurramus
953 1493 1005 1546 in
1031 1506 1119 1556 ea,
1149 1491 1452 1559 qumlsaias
1479 1490 1672 1545 dicit"
1704 1507 1718 1544 :
1745 1509 1764 1541 ι
1795 1491 1860 1545 Et
1882 1490 2136 1545 humilia-

573 1579 776 1634 buntur
805 1581 857 1634 in
884 1590 1036 1635 terra
1074 1582 1233 1635 verba
1269 1591 1381 1646 tua,
1406 1590 1460 1636 et
1489 1596 1773 1636 sermones
1811 1581 1883 1634 tui
1914 1581 1964 1634 in
1993 1591 2135 1636 terra

573 1672 975 1741 demergentur,
1029 1682 1085 1727 et
1129 1674 1232 1727 erit
1267 1688 1368 1726 νος
1410 1681 1499 1727 tua
1557 1672 1697 1728 sicut
1745 1672 2016 1740 loquentis
2071 1674 2137 1727 de

2240 484 2455 537 Balaam
2492 482 2827 552 recipiendus
2866 489 2948 536 est
2981 495 3009 534 a
3053 482 3224 537 nobis.
3266 481 3425 537 Unus
3474 483 3612 538 enim
3648 486 3790 540 exiis

2240 584 2341 641 est,
2372 589 2508 644 quos
2537 574 2700 642 recipi
2729 572 2981 642 prohibet
3020 573 3202 627 divina
3245 574 3547 628 sententia.
3576 574 3675 627 Sed
3705 580 3787 629 ad-

2238 678 2388 724 verte
2418 668 2745 736 diligentius,
2777 675 2834 721 et
2863 676 3137 722 memento
3179 668 3311 736 quid
3344 667 3403 721 in
3453 668 3788 737 superioribus

2240 760 2488 832 legimus,
2539 762 2629 817 ubi
2681 761 2874 816 dicitur
2919 759 2985 814 de
3028 774 3094 814 eo
3135 761 3260 829 quia
3320 759 3511 829 injecit
3564 760 3789 815 Dominus

2239 855 2462 908 verbum
2491 868 2646 909 suum
2680 854 2732 907 in
2771 868 2832 908 os
2865 855 3002 920 ejus.
3052 851 3166 905 Non
3226 867 3365 922 ergo
3424 853 3542 906 haec
3598 868 3729 908 nunc
3762 870 3787 908 a

2239 943 2475 1007 Balaam,
2507 945 2598 999 sed
2629 960 2657 997 a
2685 944 2850 997 verbo
2878 944 2993 1007 Dei,
3032 944 3172 1013 quod
3211 944 3265 997 in
3301 959 3404 998 ore
3442 943 3561 1011 ejus
3598 955 3677 999 est
3708 961 3788 1015 po-

2239 1034 2421 1101 situm,
2452 1033 2730 1089 discimus.
2755 1034 2867 1088 Nisi
2902 1035 3045 1089 enim
3089 1035 3253 1089 verba
3314 1035 3409 1089 Dei
3464 1018 3661 1099 essent,
3699 1053 3786 1092 non

2237 1142 2299 1180 ea
2324 1127 2504 1194 utique
2536 1127 2825 1181 revelasset
2857 1125 3052 1179 famulo
3101 1141 3199 1180 suo
3233 1125 3431 1196 Moysi,
3472 1142 3592 1196 quae
3627 1129 3788 1194 procul

2238 1220 2441 1286 positus
2470 1235 2591 1272 cum
2625 1220 2692 1271 ab
2723 1235 2788 1273 eo
2823 1220 2934 1287 regi
2980 1218 3179 1272 Balach
3218 1220 3560 1284 dicerentur,
3609 1231 3786 1276 certum

2237 1320 2322 1366 est
2349 1313 2488 1379 quod
2528 1312 2629 1364 nisi
2669 1326 2696 1363 a
2733 1310 2843 1365 Deo
2865 1309 2965 1364 sibi
3002 1309 3236 1363 revelata
3271 1309 3492 1379 Moyses
3523 1312 3660 1365 scire
3701 1326 3789 1365 non

2238 1406 2430 1472 potuit.
2467 1402 2660 1455 Adhuc
2694 1411 2870 1454 autem
2907 1401 2973 1452 ad
3005 1399 3394 1455 destruendam
3439 1402 3651 1471 penitus
3676 1403 3789 1456 divi-

2240 1495 2540 1555 nationem,
2568 1493 2647 1547 vel
2681 1492 3107 1561 augurationem,
3151 1502 3320 1563 atque
3353 1495 3460 1548 alia
3495 1495 3788 1563 hujusmodi,

2238 1585 2401 1638 etiam
2444 1584 2547 1638 hoc
2581 1592 2953 1651 competenter
2986 1582 3264 1646 addemus,
3321 1583 3469 1650 quod
3510 1599 3686 1637 omnes
3719 1584 3789 1639 isti

2242 1676 2441 1741 avium,
2486 1674 2568 1728 vel
2618 1674 2929 1727 animalium
2977 1674 3281 1728 ministerio
3314 1684 3564 1739 utuntur,
3607 1675 3695 1729 sed
3726 1684 3793 1728 ta-

574 1770 742 1825 terra,
776 1774 830 1818 et
851 1765 915 1817 ad
952 1764 1146 1820 solium
1177 1780 1277 1819 vox
1306 1777 1393 1818 tua
1428 1764 1814 1819 inlirmabitur.
1846 1783 1864 1816 ι
1903 1765 2133 1834 Propter
2169 1737 2211 1790 Β
2241 1767 2370 1819 lium
2409 1782 2529 1835 qua:
2556 1776 2610 1821 et
2634 1764 2908 1820 immunda
2940 1765 3258 1819 scribuntur
3292 1766 3348 1818 in
3380 1765 3518 1835 lege,
3545 1777 3596 1819 et
3624 1765 3789 1819 Imma-

572 1853 674 1907 boc
702 1862 756 1909 et
786 1854 1042 1912 Dominus
1079 1865 1264 1911 noster
1289 1855 1444 1911 Jesus
1472 1871 1575 1910 non
1605 1855 1856 1926 dignatur
1881 1872 1910 1909 a
1937 1856 2137 1911 daemo-

573 1945 729 1999 nibus
757 1948 1002 2016 accipere
1034 1949 1421 2013 testimonium,
1453 1948 1550 2003 sed
1574 1949 1648 2001 ait
1681 1968 1694 2003 :
1731 1966 1750 1998 r
1787 1947 2137 2014 Obmutesce,

572 2048 627 2090 et
650 2039 735 2091 exi
770 2039 838 2093 ab
872 2053 940 2093 eo
963 2040 1028 2093 ⁷³.
1068 2059 1087 2092 ι
1125 2040 1294 2107 Quem
1323 2041 1485 2095 etiam
1524 2040 1799 2108 apostolus
1835 2055 1963 2094 suus
1999 2040 2138 2093 Pau-

573 2128 656 2182 lus
693 2130 949 2195 imitatus,
1005 2131 1190 2187 dolens
1247 2133 1513 2187 convertit
1567 2146 1647 2198 se,
1703 2142 1758 2185 et
1802 2132 1875 2185 ait
1925 2131 2136 2199 spiritui

575 2219 830 2289 Pythonis
862 2237 874 2274 :
908 2239 927 2271 ι
959 2220 1221 2292 Ρτεεοίιιίο
1253 2226 1344 2277 tibi
1379 2225 1430 2277 in
1485 2225 1703 2278 nomine
1750 2221 1877 2276 Jesu
1908 2222 2134 2285 Christi,

572 2308 786 2363 discede
818 2310 888 2364 ab
920 2326 982 2366 ea
1025 2312 1091 2363 ⁸ο.
1127 2332 1145 2364 ι
1180 2311 1235 2366 in
1274 2328 1384 2382 quo
1425 2315 1673 2382 requiras
1718 2313 1971 2379 fortasse,
2008 2313 2136 2380 quid

572 2399 757 2453 dolens
808 2400 1025 2468 Paulus,
1066 2404 1310 2471 increpat
1361 2404 1609 2473 spiritum
1664 2404 1946 2474 Pythonis.
1991 2403 2137 2458 Nun-

570 2490 695 2557 quid
750 2492 947 2560 aliqnid
992 2495 1367 2563 bIaSphemum
1415 2496 1665 2550 dixerat?
1722 2495 1913 2549 Mulier
1960 2497 2126 2559 enim,

570 2581 765 2648 inquit,
794 2583 996 2639 habens
1036 2587 1282 2653 spiritum
1325 2587 1579 2656 Pythonis
1621 2590 1950 2656 sequebatur
1998 2588 2138 2641 Pau-

570 2671 704 2739 lum,
733 2682 788 2728 et
818 2690 911 2730 eos
936 2677 1025 2745 qui
1058 2692 1182 2729 cum
1227 2693 1292 2732 co
1329 2688 1505 2742 erant,
1536 2690 1588 2734 et
1615 2681 1883 2733 clamabat
1908 2680 2131 2734 dicens:

573 2784 594 2814 ς
623 2764 708 2818 Isti
736 2765 979 2821 homines
1003 2769 1143 2822 servi
1172 2778 1298 2823 sunt
1329 2771 1523 2824 summi
1550 2772 1664 2835 Dei,
1688 2772 1781 2840 qui
1814 2773 2138 2826 annuntiant

572 2855 712 2909 viam
755 2858 966 2923 salutis,
999 2868 1053 2913 et
1079 2860 1180 2913 hoc
1217 2859 1451 2915 faciebat
1481 2877 1578 2931 per
1607 2863 1721 2916 dies
1756 2863 1952 2918 multos
1987 2864 2056 2918 ει.
2104 2881 2122 2914 ι

570 2946 724 3003 Unde
751 2951 1055 3005 ostenditur
1081 2968 1183 3006 non
1223 2968 1320 3022 pro
1350 2954 1682 3022 blasphemia
1711 2955 1953 3009 doluisse
1997 2954 2138 3008 Pau-

2241 1871 2309 1911 no
2354 1858 2536 1927 generi
2594 1857 3073 1926 deprehenduntur
3122 1871 3342 1925 semper
3394 1856 3786 1917 insidiantia,ex

2238 1960 2345 2014 quo
2385 1948 2570 2015 utique
2598 1956 2923 2014 opportuna,
2975 1955 3028 2000 et
3064 1946 3220 2014 digna
3283 1946 3592 1999 ministerio
3620 1949 3789 2000 dictator

2241 2054 2364 2092 num
2421 2039 2659 2109 judicata
2710 2048 2855 2092 sunt.
2925 2036 3058 2091 Nam
3123 2036 3460 2108 pythonibus
3519 2038 3790 2107 dracones,

2239 2130 2438 2199 aliique
2463 2138 2739 2199 serpentes
2766 2129 3074 2183 ministrare
3103 2131 3487 2196 perhibentur.
3516 2131 3790 2200 Auguribus

2238 2214 2385 2277 et'iis
2415 2223 2504 2291 qui
2538 2238 2605 2276 ex
2640 2223 2997 2277 incidentibus
3031 2224 3316 2286 divinandi
3365 2234 3586 2293 captare
3619 2233 3787 2292 putan-

2242 2326 2330 2370 tur
2361 2314 2622 2382 auspicia,
2662 2325 2756 2367 aut
2792 2315 2899 2384 lupi
2932 2316 3115 2369 ferunt
3139 2315 3347 2380 omina,
3373 2327 3469 2368 aut
3490 2315 3683 2383 vulpes,
3710 2322 3791 2369 aut

2239 2407 2549 2475 accipitres,
2607 2416 2700 2459 aut
2750 2409 2921 2473 corvi,
2972 2415 3065 2461 aut
3100 2408 3318 2477 aquilae,
3352 2416 3447 2462 aut
3477 2408 3577 2462 alia
3627 2407 3789 2475 hujus-

2240 2499 2403 2560 modi,
2429 2513 2548 2567 quae
2584 2500 2640 2552 in
2676 2499 2793 2568 lege
2820 2498 3030 2570 Moyses
3056 2502 3138 2572 (ut
3167 2500 3433 2567 diximus)
3466 2502 3533 2555 iis
3559 2500 3707 2555 credo
3732 2500 3788 2552 de

2239 2593 2422 2647 causis
2448 2592 2661 2645 notavit
2694 2592 2990 2647 immunda.
3046 2632 3055 2637 υ

2307 2682 2359 2736 8.
2394 2682 2520 2736 Post
2547 2682 2659 2736 haec
2685 2701 2696 2735 :
2726 2700 2745 2732 ε
2775 2682 2944 2751 Ecce,
2975 2683 3182 2752 inquit,
3223 2683 3456 2753 populus
3495 2682 3627 2736 sicut
3654 2685 3786 2759 cate:

2239 2774 2322 2829 lus
2360 2774 2533 2828 leonis
2568 2784 2824 2845 exsurget
2852 2814 2867 2839 ,
2899 2784 2953 2829 et
2981 2777 3125 2830 sicut
3154 2775 3237 2830 leo
3269 2772 3646 2830 exsultabit”.
3688 2789 3706 2822 ι
3733 2769 3780 2823 In

2237 2867 2305 2920 iis
2334 2866 2464 2920 mihi
2496 2867 2706 2920 videtur
2735 2866 3114 2921 confidentiam
3138 2866 3323 2934 populi
3355 2865 3655 2919 describere
3683 2874 3785 2913 cre-

2238 2952 2414 3006 dentis
2451 2954 2504 3006 in
2540 2953 2776 3019 Christo,
2805 2964 2860 3008 ct
2882 2954 3180 3008 libertatem
3204 2969 3369 3022 quam
3400 2955 3558 3008 habet
3599 2952 3647 3005 in
3679 2951 3784 3010 lide,

571 3040 701 3104 lum,
729 3040 823 3094 sed
851 3056 947 3109 pro
986 3058 1051 3097 eo
1088 3047 1228 3112 quod
1270 3046 1543 3115 indignum
1584 3047 1857 3115 judicaret
1895 3047 2132 3101 sermoni
2163 3072 2204 3127 ε
2241 3053 2294 3096 et
2328 3044 2743 3099 exsultationem
2787 3061 2949 3114 quam
3004 3049 3146 3117 gerit
3186 3046 3238 3098 in
3295 3059 3418 3114 spe.
3463 3045 3784 3112 Comparatur

569 3145 668 3184 suo
698 3131 769 3186 ab
791 3133 981 3202 spiritu
1018 3134 1277 3207 Pythonis
1317 3138 1684 3192 testimonium
1737 3139 1878 3192 dari.
1906 3136 2061 3203 Quod
2091 3137 2135 3190 si

568 3223 769 3279 Paulus
791 3227 1155 3281 testimonium
1193 3229 1293 3282 sibi
1331 3243 1453 3282 eum
1485 3229 1616 3283 dare
1647 3244 1752 3283 non
1785 3230 2012 3298 patitur,
2044 3227 2137 3282 sed

569 3315 713 3370 dolet
735 3332 899 3386 super
927 3316 1028 3371 hoc
1056 3335 1071 3372 :
1097 3328 1300 3387 quanto
1338 3319 1511 3389 magis
1550 3320 1733 3375 dolere
1782 3320 2061 3381 debemus,
2090 3319 2134 3372 si

567 3408 786 3475 quando
813 3408 989 3476 decipi
1014 3408 1259 3463 videmus
1285 3412 1497 3466 animas
1523 3410 1591 3463 ab
1629 3411 1715 3476 iis,
1745 3412 1835 3479 qui
1873 3411 2020 3467 velut
2055 3413 2136 3467 di-

568 3498 695 3552 vino
722 3499 884 3552 alicui
914 3499 1129 3568 spiritui
1165 3499 1445 3570 Pythonis,
1495 3511 1589 3554 aut
1636 3501 1998 3569 ventriloquo,
2046 3513 2140 3558 aut

568 3588 772 3653 divino,
801 3592 1126 3657 antauguri,
1173 3590 1256 3644 vel
1289 3590 1409 3646 aliis
1450 3590 1789 3659 quibuslibet
1830 3592 2137 3660 bujusmodi

568 3678 907 3734 daemonibus
936 3683 1201 3735 credunt?
1220 3680 1446 3750 Propter
1478 3682 1578 3735 hoc
1605 3697 1736 3751 ergo
1764 3697 1774 3731 :
1814 3701 1833 3733 ι
1871 3682 1984 3737 Νοιι
2011 3686 2133 3746 erit,

570 3767 744 3835 inquit
786 3769 853 3835 ⁸³,
899 3774 1180 3841 auguratio
1216 3773 1269 3826 in
1324 3772 1517 3838 Jacob,
1551 3789 1728 3842 neque
1786 3774 2050 3831 divinatio
2079 3778 2133 3830 in

570 3855 748 3913 Israel.
797 3878 815 3911 ι
846 3860 949 3914 Sed
979 3863 1105 3932 quid
1152 3864 1217 3917 iis
1258 3864 1517 3918 additur?
1558 3881 1577 3915 ι
1623 3863 1680 3917 lu
1743 3874 2008 3934 tempore,
2053 3868 2136 3919 in-

570 3952 708 4019 quit,
754 3954 966 4007 dicetur
1040 3955 1226 4021 Jacob,
1300 3968 1355 4011 et
1414 3957 1621 4025 lsraeli,
1677 3960 1820 4027 quod
1898 3960 2139 4028 perficiet

572 4044 734 4098 Dens.
766 4064 785 4096 ι
828 4045 964 4111 Quid
995 4057 1096 4112 est,
1153 4068 1170 4098 ι
1224 4046 1281 4100 In
1333 4058 1574 4118 tempore
1627 4050 1871 4105 dicetur?
1926 4068 1945 4101 ι
2005 4050 2177 4105 Cum»

569 4148 802 4205 oportet,
833 4150 1028 4195 etcum
1065 4143 1303 4210 expedit,
1338 4143 1437 4196 hoc
1484 4153 1589 4206 est,
1636 4162 1654 4196 ‹
1702 4145 1757 4197 in
1809 4152 2069 4212 tempore.
2113 4163 2131 4195 ι

572 4232 629 4285 Si
664 4248 791 4302 ergo
818 4236 1033 4302 expedit
1062 4250 1398 4305 praenoscere
1440 4251 1540 4290 nos
1576 4234 1777 4300 futura,
1823 4237 2073 4290 dicentur
2099 4253 2128 4288 a

571 4325 682 4378 Deo
707 4342 801 4393 per
836 4327 1158 4395 prophetam
1186 4326 1298 4389 Dei,
1332 4343 1424 4394 per
1459 4327 1724 4397 Spiritum
1772 4339 2039 4382 sanctum.
2078 4329 2134 4382 Si

2240 3135 2379 3187 enim
2424 3135 2601 3189 catulo
2651 3136 2847 3203 leonis,
2906 3153 3025 3192 cum
3083 3137 3253 3191 tendit
3301 3141 3374 3193 ad
3430 3135 3779 3207 perfectionem

2242 3223 2414 3288 Ianus,
2445 3233 2495 3278 et
2522 3224 2676 3279 velox
2704 3244 2717 3280 :
2742 3227 2878 3281 leoni
2916 3241 3045 3281 vero
3082 3228 3386 3293 confertur,
3417 3242 3537 3281 cum
3571 3224 3674 3292 jam
3697 3222 3780 3275 ob-

2238 3313 2376 3365 tinet
2407 3328 2524 3382 quae
2555 3314 2793 3382 perfecta
2825 3326 2971 3372 sunt.
3026 3318 3177 3373 Sicut
3204 3322 3350 3374 enim
3391 3318 3475 3373 leo
3504 3325 3560 3370 et
3599 3311 3782 3368 catulus

2240 3402 2411 3458 leonis
2442 3404 2643 3458 nullum
2697 3406 2917 3473 animal,
2961 3408 3162 3462 nullam
3203 3411 3433 3464 bestiam
3478 3407 3674 3468 timent,
3703 3400 3782 3454 sed

2241 3504 2361 3547 sunt
2406 3496 2484 3549 eis
2527 3481 2719 3550 cuncta
2775 3496 3020 3565 subjecm
3073 3520 3084 3553 :
3146 3501 3218 3552 ita
3262 3510 3318 3553 et
3369 3498 3602 3569 perfecto
3643 3489 3782 3562 336

2239 3585 2585 3650 Christiano,
2623 3587 2718 3655 qui
2744 3588 2883 3641 tollit
2908 3604 3126 3644 crucem
3158 3606 3308 3644 suam
3330 3602 3386 3646 et
3401 3590 3634 3658 sequitur
3652 3583 3782 3639 Chri-

2240 3688 2404 3740 stum,
2437 3679 2524 3745 qui
2551 3688 2727 3748 potest
2749 3681 2949 3746 dicere,
2992 3700 3010 3732 r
3046 3683 3174 3736 Mihi
3202 3684 3351 3737 enim
3383 3683 3605 3737 mundus
3627 3674 3779 3732 cruci-

2241 3770 2379 3823 lixus
2398 3783 2504 3835 est,
2525 3781 2580 3824 et
2600 3787 2702 3841 ego
2728 3773 2925 3826 mundo
2946 3775 3011 3839 ⁸⁸,
3037 3794 3056 3827 ι
3075 3788 3265 3830 cuncta
3294 3776 3594 3837 calcantur,
3614 3776 3778 3824 cuncta

2239 3861 2482 3929 subjecta
2495 3873 2638 3917 sunt.
2661 3865 2893 3933 Despicit
2912 3868 3053 3920 enim
3073 3869 3442 3921 etcoutemnit
3461 3863 3651 3925 omnia,
3676 3871 3777 3928 qua!

2242 3955 2293 4007 in
2327 3953 2429 4009 hoc
2457 3956 2654 4010 mundo
2673 3967 2818 4022 sunt,
2849 3968 2903 4012 et
2934 3959 3174 4011 imitatur
3194 3974 3314 4013 eum
3351 3959 3442 4029 qui
3472 3961 3553 4011 leo
3574 3957 3633 4008 de
3659 3949 3777 4005 tribu

2237 4044 2373 4100 Juda
2401 4046 2617 4113 dicitur,
2640 4056 2695 4103 et
2723 4048 2934 4102 catulus
2964 4049 3133 4103 leonis
3158 4051 3378 4114 dicitur,
3398 4050 3521 4119 quia
3548 4045 3677 4099 sicut
3698 4039 3775 4091 lux

2238 4147 2320 4191 est
2362 4140 2565 4206 mundi,
2588 4149 2643 4194 et
2674 4140 2949 4208 discipulis
2981 4143 3093 4195 suis
3119 4142 3265 4195 dedit
3292 4154 3349 4195 ut
3392 4151 3444 4195 et
3480 4137 3578 4208 ipsi
3619 4135 3776 4188 essent

2240 4228 2327 4282 lux
2360 4230 2519 4300 hujus
2550 4233 2754 4299 mundi,
2787 4234 2856 4285 ita
2888 4245 2940 4287 et
2974 4250 3096 4288 cum
3123 4236 3237 4302 ipse
3260 4235 3331 4288 sit
3366 4236 3472 4296 leo,
3497 4243 3548 4286 et
3583 4221 3770 4283 catulus

2241 4320 2434 4384 leonis,
2474 4323 2822 4376 credentibus
2863 4324 2914 4375 in
2947 4339 3006 4378 se
3046 4339 3239 4377 nomen
3295 4323 3484 4388 leonis,
3528 4329 3581 4372 et
3631 4309 3769 4369 catuli

572 4429 699 4469 vero
728 4430 831 4467 non
865 4417 1141 4478 dicuntur,
1182 4429 1360 4483 neque
1402 4414 1815 4482 denuntiantur,
1847 4416 1983 4470 scito
2014 4416 2135 4484 quia
2172 4405 2214 4460 Ι)
2244 4412 2415 4465 leonis
2441 4413 2704 4480 ascripsit.
2746 4414 2875 4468 Vide
2903 4426 3079 4468 autem
3103 4430 3264 4482 quam
3291 4416 3562 4470 evidenter
3582 4422 3674 4461 non
3710 4403 3765 4456 de

572 4521 677 4557 non
724 4505 881 4558 nobis
936 4504 1155 4573 expedit
1215 4512 1440 4557 ventura
1487 4519 1843 4572 praenoscere.
1890 4504 2040 4569 Quod
2092 4503 2138 4557 si

572 4595 779 4650 idcirco
815 4613 919 4649 non
949 4597 1200 4651 dicuntur
1228 4596 1404 4662 nobis,
1435 4596 1556 4664 quia
1582 4598 1738 4651 nobis
1766 4612 1827 4652 ea
1861 4598 2000 4652 scire
2032 4613 2138 4650 non

574 4690 809 4757 expedit,
840 4690 929 4758 qui
964 4691 1191 4745 diversis
1230 4692 1458 4751 artibus,
1495 4700 1549 4745 et
1570 4691 1873 4745 diemonum
1916 4692 2137 4747 invoca-

576 4779 812 4834 tiouibus
839 4782 1076 4850 gestiunt
1104 4782 1282 4836 futura
1319 4798 1683 4851 prmnoscere,
1718 4783 1850 4838 nihil
1888 4784 2031 4838 aliud
2057 4785 2138 4838 fa-

574 4870 745 4933 ciunt,
777 4871 879 4926 nisi
909 4887 971 4926 ea
1011 4874 1228 4943 cupiant
1284 4875 1516 4941 discere,
1555 4889 1675 4943 quae
1719 4876 1818 4929 sibi
1865 4877 2004 4930 scire
2033 4892 2138 4931 non

574 4965 810 5031 expedit.
856 4962 1024 5019 Iacob
1071 4975 1249 5018 autem
1299 4966 1350 5019 in
1398 4966 1466 5020 iis
1501 4966 1604 5021 dici
1637 4964 2015 5035 intelligendus
2058 4976 2141 5023 est

574 5057 753 5111 omnis
808 5058 892 5112 cui
951 5057 1222 5113 luctamen
1279 5067 1363 5113 est
1406 5060 1668 5112 adversus
1719 5058 2052 5126 principatus
2086 5071 2142 5112 et.

2248 4504 2335 4557 illo
2362 4506 2452 4574 qui
2483 4516 2606 4559 tunc
2653 4513 2789 4569 erat,
2827 4507 3040 4575 populo,
3081 4509 3176 4562 sed
3220 4510 3285 4561 de
3324 4508 3426 4563 hoc
3467 4504 3554 4573 qui
3587 4501 3769 4554 [ιιῑιπυε

2244 4605 2381 4663 erat,
2407 4596 2508 4673 ista
2537 4596 2807 4650 dicuntur.
2839 4597 2929 4650 Ait
2963 4598 3106 4650 enim
3142 4612 3160 4651 :
3193 4617 3210 4648 ε
3242 4598 3379 4652 Ecce
3410 4593 3618 4667 populus
3652 4586 3767 4641 sicut

2245 4688 2457 4742 catulus
2493 4687 2663 4741 leonis
2691 4697 2962 4757 exsurget,
2987 4697 3040 4742 et
3081 4689 3224 4744 sicut
3259 4689 3343 4743 leo
3368 4683 3641 4744 exsultabit
3662 4679 3720 4729 ⁸³-
3748 4691 3763 4724 ι

2247 4777 2696 4833 Exsurrecturum
2734 4780 2867 4833 dicit
2912 4780 3164 4849 populum
3221 4781 3406 4851 utique
3451 4778 3536 4848 qui
3587 4772 3767 4826 ΐυῑυτυε

2246 4880 2390 4925 erat.
2430 4867 2563 4922 Nam
2595 4869 2639 4923 si
2670 4872 2735 4924 de
2766 4884 2829 4925 eo
2851 4871 3055 4925 diceret
3086 4886 3245 4941 quem
3300 4872 3532 4933 videbat,
3581 4862 3770 4918 dixisset

2248 4963 2363 5016 sine
2392 4960 2575 5028 dubio,
2590 4962 2724 5015 Ecce
2750 4961 2975 5032 pupulas
3006 4963 3145 5017 sicut
3172 4963 3382 5018 catulus
3414 4959 3577 5016 leonis
3600 4963 3766 5008 exsur-

2253 5052 2409 5105 rexit.
2438 5051 2544 5106 Sed
2568 5050 2886 5107 certum'est
2917 5054 3043 5121 quia
3078 5053 3145 5111 de
3178 5053 3270 5108 illo
3309 5053 3495 5123 populo
3540 5048 3688 5106 dicat.
3714 5037 3768 5090 de

2253 5160 2359 5213 quo
2383 5144 2435 5197 in
2456 5143 2681 5200 Psalmis
2710 5145 2968 5214 scriptum
2997 5153 3114 5199 cst:
3142 5165 3158 5196 ε
3181 5144 3247 5199 Et
3271 5142 3643 5199 annuntiabunt
3663 5127 3762 5185 cmli

2249 5239 2515 5308 justitiam
2542 5241 2659 5309 ejus
2693 5241 2887 5310 populo
2923 5242 3017 5311 qui
3058 5251 3330 5310 nascetur,
3370 5255 3520 5311 quem
3546 5234 3656 5289 fecit
3683 5230 3767 5281 Do-

2255 5334 2433 5386 minus
2456 5332 2522 5385 ”.
2561 5351 2580 5385 ι
2617 5333 2710 5387 Est
2738 5349 2864 5403 ergo
2883 5333 3112 5404 populus
3132 5334 3217 5389 hic
3244 5335 3450 5390 catulus
3476 5319 3761 5389 Ιθοῐιίενάυίι1

2253 5423 2426 5478 adhuc
2453 5433 2704 5490 tanquam
2736 5440 2903 5492 nuper
2926 5426 3089 5494 geniti
3128 5424 3383 5490 infantes,
3416 5410 3699 5480 rationabile
3718 5411 3759 5458 et

2255 5514 2371 5566 siue
2416 5513 2535 5567 dolo
2586 5516 2672 5569 lac
2722 5516 2944 5584 cupiunt
2996 5516 3060 5569 ⁸⁷.
3117 5516 3224 5571 Leo
3280 5529 3455 5573 autem
3507 5503 3759 5565 exsultans.

2315 5635 2355 5663 ⁸¹
2387 5635 2514 5689 ibid.
2543 5635 2626 5701 l7,
2666 5636 2750 5689 £8.
2851 5637 2893 5669 ⁸³
2933 5636 3089 5692 Num.
3116 5653 3269 5704 xxnt,
3301 5638 3389 5693 25.
3488 5623 3659 5684 "ibid.
3686 5613 3759 5671 24·

2300 5704 2343 5734 ⁸⁷
2384 5706 2398 5758 l
2433 5704 2573 5759 Pctr.
2610 5722 2667 5767 Il,
2700 5706 2752 5758 ‘2.

577 5158 899 5214 potestates,
948 5159 1003 5202 et
1044 5150 1303 5205 adversus
1349 5148 1505 5217 hujus
1544 5148 1727 5202 mundi
1783 5156 2042 5201 rectores.
2078 5147 2146 5201 Et

578 5238 828 5292 lsraelem
849 5238 1087 5307 intelligo
1106 5254 1341 5305 omnem,
1361 5240 1450 5308 qui
1476 5254 1570 5308 per
1596 5237 1721 5292 fidei
1745 5236 2057 5306 puritatem,
2092 5247 2148 5291 et

578 5331 897 5407 tnuuditiam
945 5332 1142 5386 mentis
1168 5333 1313 5386 videt
1340 5333 1527 5385 Deum.
1579 5329 1683 5384 Sed
1732 5339 1907 5399 potest
1957 5329 2150 5396 aliquis

576 5428 779 5491 dicere,
804 5426 857 5483 Si
892 5446 921 5481 a
953 5429 1068 5483 solo
1104 5428 1211 5482 Deo
1257 5428 1514 5482 debemus
1575 5427 1781 5479 discere
1822 5426 1887 5479 de
1934 5422 2144 5483 futuris,

578 5528 634 5568 et
672 5532 845 5584 neque
888 5518 1155 5581 divinum,
1211 5530 1385 5585 neque
1438 5531 1715 5585 augurem,
1779 5529 1953 5583 neque
2005 5514 2146 5567 aliud

1191 5636 1235 5667 τε
1271 5636 1433 5689 Marc.
1463 5654 1500 5698 I,
1535 5635 1622 5689 es.
1731 5637 1776 5667 ⁸ο
1812 5638 1925 5690 Act.
1967 5650 2074 5695 xw,
2109 5633 2194 5687 18.

1118 5708 1161 5739 ⁸³
1197 5706 1352 5759 Num.
1391 5722 1539 5768 χχιιι,
1569 5707 1661 5760 Ἡ.
1738 5708 1782 5738 ⁸⁸
1808 5706 1946 5762 Psal.
1985 5705 2224 5770 xxn,2'»2.

639 5637 687 5667 ⁷⁸
717 5634 819 5690 lsa.
852 5653 1002 5697 xxix,
1027 5637 1079 5691 4.

582 5705 629 5740 "
663 5706 779 5761 Cal.
811 5722 882 5769 Vt,
918 5709 1002 5761 Η.
