4074 6156
338 274 446 335 Ίθι

1440 288 1507 343 1N
1535 287 1869 345 NUMEROS
1909 287 2200 344 IlOMlLlA
2240 287 2401 345 XVII.

3499 300 3597 359 702

339 410 477 452 cum
538 395 968 467 vir‘perl’ectus,
1021 415 1140 471 quae
1181 405 1390 471 parvuli
1440 416 1598 460 erant
1645 408 1910 476 deposuit.
1945 409 1992 465 Α
2023 404 2109 458 hic
2130 419 2260 474 ergo
2289 406 2508 475 sanguis
2538 406 2627 475 qui
2674 408 2984 466 nominatur
3030 426 3167 476 uvae,
3196 414 3339 469 illius
3376 432 3490 471 uvae
3513 435 3598 478 est

419 486 472 543 9.
524 503 546 538 ι
600 484 716 542 Non
783 490 1016 544 dormiet
1066 492 1239 548 donec
1286 497 1540 551 comedat
1573 499 1831 566 praadam,
1869 508 1923 553 et

344 581 668 647 sanguinem
710 583 1109 639 vulneratorum
1163 588 1311 641 bibat
1347 589 1417 644 ⁸⁸.
1456 610 1474 643 ι
1512 590 1568 645 In
1612 591 1694 645 his
1744 593 1923 647 verbis

343 671 477 740 quis
511 671 585 725 ita
614 674 721 726 erit
756 674 1031 732 historica:
1074 678 1402 736 narrationis
1432 685 1802 739 contentiosus
1834 700 1935 747 asa

341 771 549 831 sertor,
583 764 694 819 imo
717 768 840 834 quis
873 768 943 822 ita
971 770 1163 828 brutus
1203 771 1317 843 (70)
1363 774 1653 839 invenitur,
1687 777 1776 845 qui
1815 793 1920 831 non

342 856 676 916 horrescens
703 876 893 916 sonum
920 863 1135 932 litterae,
1169 869 1234 921 ad
1266 868 1534 938 allegoriae
1577 859 1919 925 dulcedinem

341 948 463 1019 ipsa
495 953 821 1007 necessitate
853 952 1169 1026 confugiat?
1195 958 1476 1026 Quomodo
1519 960 1665 1015 enim
1699 962 1800 1017 iste
1827 977 1922 1030 po-

337 1045 505 1109 pulus
541 1056 647 1099 tam
680 1046 980 1113 laudabilis.
1013 1060 1122 1106 tam
1148 1053 1481 1123 magniﬁcus,
1522 1055 1590 1109 de
1633 1069 1740 1123 quo
1771 1064 1916 1107 tanta

338 1133 618 1195 praeconia
648 1147 831 1190 sermo
865 1136 954 1190 Dei
997 1148 1298 1205 enumerat,
1361 1142 1413 1195 in
1468 1141 1570 1196 hoc
1624 1141 1822 1206 veniet,
1865 1151 1924 1195 ut

335 1227 661 1297 sanguinem
692 1229 1094 1286 vulneratorum
1149 1233 1343 1288 bibat?
1394 1234 1530 1290 Cum
1586 1245 1693 1290 tam
1726 1236 1920 1291 validis

341 1322 631 1390 praeceptis
685 1322 840 1377 cibus
897 1325 1177 1392 sanguinis
1232 1326 1588 1381 iuterdicatur
1634 1343 1662 1380 a
1700 1328 1831 1389 Deo,
1863 1335 1920 1381 ut

343 1411 517 1466 etiam
544 1428 641 1468 nos
674 1414 765 1484 qui
797 1430 859 1469 ex
897 1417 1150 1484 gentibus
1180 1419 1351 1474 vocati
1388 1435 1576 1475 sunms
1616 1420 1682 1487 ⁸⁸,
1724 1435 1916 1475 neces—

340 1504 496 1559 sario
517 1505 803 1572 jubeamur
830 1508 1127 1573 abstinere,
1161 1511 1300 1566 sicut
1353 1513 1418 1567 iis
1465 1527 1583 1582 qua:
1632 1513 1789 1569 idolis
1817 1515 1917 1567 im-

338 1600 633 1661 molantur,
684 1598 759 1651 ita
808 1609 861 1654 et
914 1614 942 1652 a
991 1602 1279 1671 sanguine.
1317 1602 1506 1658 Dicant
1550 1619 1681 1673 ergo
1734 1602 1912 1670 nobis,

334 1687 465 1755 quis
490 1689 698 1744 estiste
728 1690 976 1759 populus,
1017 1694 1108 1761 qui
1153 1695 1206 1748 in
1241 1710 1340 1749 usu
1394 1696 1554 1750 habet
1594 1699 1910 1766 sanguinem

2027 512 2147 566 qua:
2178 501 2442 555 'nascitur
2480 517 2542 555 ex
2586 503 2674 557 illa
2717 505 2846 570 vite,
2891 506 2957 561 de
2989 522 3093 577 qua
3128 507 3375 564 Salvator
3419 513 3548 568 dicit
3581 534 3595 569 :

2032 611 2051 643 ι
2092 593 2203 661 Ego
2239 607 2356 646 sum
2387 593 2511 648 vitis
2540 609 2688 661 vera,
2738 615 2759 648 ι
2796 597 3043 667 discipuli
3084 615 3210 655 vero
3259 624 3278 652 ι
3330 603 3593 672 palmites.

2025 681 2187 736 Pater
2214 692 2391 737 autem
2424 685 2657 754 agricola
2693 695 2777 741 est
2805 689 2872 755 “,
2930 708 2949 741 ι
3000 690 3092 758 qui
3135 703 3327 759 purgat
3383 709 3497 760 eos,
3536 704 3596 749 ut

2025 767 2257 822 fructum
2290 770 2575 837 plurimum
2613 768 2857 831 afferant.
2884 774 2959 829 Tu
2991 791 3123 848 ergo
3149 793 3206 834 es
3232 796 3390 836 verus
3423 797 3595 852 popu-

2024 858 2306 924 luslsrael,
2330 862 2419 930 qui
2441 864 2549 916 scis
2565 867 2881 932 sanguinem
2906 866 3109 933 bibere,
3134 879 3189 923 et
3213 874 3350 926 nosti
3376 889 3593 930 carnem
3644 874 3651 879 ⁷

2025 948 2191 1004 Verbi
2216 949 2309 1004 Dei
2330 954 2630 1019 comedere,
2643 962 2695 1007 et
2714 957 3030 1024 sanguinem
3051 959 3255 1027 bibere,
3273 973 3329 1016 et
3345 979 3460 1017 uvae
3478 979 3594 1018 san-

2022 1038 2237 1107 guinem
2264 1038 2406 1093 illius
2435 1055 2553 1110 qua:
2574 1051 2744 1098 estex
2773 1060 2898 1099 vera
2930 1047 3035 1102 vite
3062 1058 3116 1102 et
3148 1049 3251 1104 illis
3284 1052 3594 1120 palmitibus

2023 1134 2321 1194 quosPater
2330 1143 2543 1203 purgat,
2559 1134 2792 1190 haurire.
2808 1138 3044 1204 Quorum
3064 1141 3343 1211 palmitum
3363 1146 3389 1197 Γ
3388 1156 3588 1212 ructus,

2022 1220 2420 1276 vulneratorum
2438 1224 2657 1294 sanguis
2683 1228 2876 1283 merito
2907 1229 3124 1297 dicitur,
3146 1248 3304 1303 quem
3326 1249 3389 1288 ex
3415 1239 3592 1293 verbis

1972 1344 1977 1353 -
2019 1326 2204 1368 eorum
2228 1326 2282 1371 et
2306 1316 2548 1371 doctrina
2585 1318 2846 1385 bibimus,
2874 1322 2918 1377 si
2944 1331 3123 1379 tamen
3158 1326 3328 1382 simus
3347 1336 3405 1381 ut
3429 1331 3590 1385 catuli

2020 1402 2190 1459 leonis
2206 1421 2334 1460 essu
2346 1417 2580 1477 rgentes,
2597 1417 2651 1463 et
2673 1420 2730 1463 ut
2753 1409 2837 1466 leo
2853 1414 3207 1471 exsultantes.
3229 1416 3353 1473 Haec
3374 1420 3587 1474 interim

2019 1496 2095 1551 de
2115 1504 2350 1552 secunda
2395 1500 2603 1555 visione
2629 1501 2846 1558 Balaam
2872 1505 3013 1560 dicta
3045 1506 3327 1563 sulliciant.
3362 1512 3591 1566 Oremus

2020 1598 2199 1641 autem
2228 1589 2510 1644 Dominum
2555 1602 2612 1646 ut
2641 1594 2796 1648 nobis
2825 1595 2987 1649 etiam
3018 1598 3084 1651 ad
3115 1607 3331 1663 caetera,
3374 1615 3495 1668 quae
3521 1603 3591 1655 ab

2017 1698 2081 1738 eo
2112 1684 2428 1752 prophetata
2455 1696 2604 1752 sunt,
2636 1686 2989 1759 intelligenda
3035 1691 3322 1746 lucidiores
3348 1709 3590 1764 quosque

335 1775 547 1831 bibere.
585 1777 708 1833 Haec
736 1788 894 1834 erant
918 1759 1048 1848 quae
1066 1791 1121 1837 et
1159 1783 1208 1835 in
1241 1781 1535 1852 Evangelio
1565 1759 1842 1837 aridientes
1873 1784 1907 1837 ii
1945 1759 1986 1813 Β
2016 1785 2070 1827 ει
2103 1775 2317 1828 veritati
2346 1777 2622 1845 Proximos
2648 1794 2844 1836 sensus
2886 1782 3100 1851 aperire
3128 1784 3396 1853 dignetur,
3441 1796 3501 1839 ut
3533 1788 3586 1841 in

337 1866 436 1935 qui
465 1881 531 1921 ex
573 1865 770 1923 Judmis
798 1868 1082 1924 Dominum
1129 1872 1510 1940 sequebantur,
1562 1874 1909 1928 scandalizati

339 1970 493 2025 sunt,
525 1970 579 2015 et
599 1961 851 2016 dixerunt
880 1980 894 2015 :
919 1962 1049 2028 Quis
1080 1973 1255 2031 potest
1300 1965 1626 2019 manducare
1664 1979 1909 2031 carnem,

338 2060 398 2104 et
426 2052 741 2121 sanguinem
771 2052 989 2108 bibere?
1023 2052 1128 2109 Sed
1156 2054 1385 2124 p0pulus
1413 2055 1782 2122 Christianus,
1807 2071 1909 2126 po-

333 2144 495 2212 pulus
528 2144 698 2199 ﬁdelis
730 2144 881 2199 audit
901 2144 1034 2209 haec,
1069 2154 1124 2200 et
1169 2146 1531 2214 amplectitur,
1575 2158 1629 2202 et
1667 2149 1913 2217 sequitur

334 2251 463 2290 eum
485 2238 575 2305 qui
598 2237 731 2291 dicit
755 2254 769 2289 :
803 2256 821 2289 ‹
852 2235 964 2290 Nisi
991 2236 1446 2292 rnandueaveritis
1468 2252 1689 2292 carnem
1709 2253 1904 2303 meam,

296 2313 301 2316 ’
334 2334 395 2379 et
429 2325 676 2379 biberitis
704 2326 1022 2394 sanguinem
1050 2339 1251 2393 meum,
1281 2342 1385 2381 non
1421 2328 1688 2383 habebitis
1739 2327 1906 2381 vitam

334 2416 392 2469 in
413 2417 565 2472 vobis
598 2417 772 2486 ipsis;
832 2419 960 2487 quia
999 2432 1128 2473 caro
1179 2434 1296 2474 mea
1333 2434 1462 2475 vere
1515 2420 1672 2476 cibus
1722 2429 1823 2486 est,
1855 2430 1910 2474 et

331 2512 555 2581 sanguis
589 2525 739 2566 meus
762 2526 889 2566 vere
937 2520 1020 2566 est
1067 2524 1227 2580 porus
1259 2513 1327 2565 ⁸ο.
1390 2533 1409 2565 ι
1460 2513 1527 2567 Et
1581 2513 1766 2581 utique
1812 2515 1903 2584 qui

332 2607 449 2657 tunc
476 2602 688 2658 dicebat
724 2603 1039 2659 vulneratus
1068 2614 1149 2658 est
1181 2620 1283 2674 pro
1305 2605 1613 2660 hominibus
1641 2607 1907 2677 (7i),ipse

328 2698 475 2750 enim
513 2714 534 2746 ¢
569 2696 883 2752 vulneratus
940 2706 1024 2752 est
1074 2713 1168 2767 pro
1223 2701 1463 2765 peccatis
1523 2699 1723 2754 nostris
1773 2700 1838 2763 εί,
1881 2718 1899 2751 ι

329 2788 474 2844 sicut
504 2789 667 2844 Isaias
693 2790 844 2843 dicit.
880 2788 1070 2843 Bibere
1097 2798 1276 2844 autem
1316 2790 1550 2845 dicimur
1585 2793 1904 2857 sanguinem

335 2881 563 2944 Christi,
596 2896 700 2935 non
729 2881 900 2935 solum
922 2889 1388 2935 sacramentorum
1427 2879 1561 2943 ritu,
1584 2880 1676 2935 sed
1702 2890 1757 2934 et
1781 2895 1902 2933 cum

328 2986 611 3027 sermones
630 2974 746 3039 ejus
770 2972 1083 3040 recipimus,
1125 2971 1178 3024 in
1231 2971 1426 3040 quibus
1474 2973 1581 3024 vita
1630 2971 1899 3035 consistit,

328 3059 473 3115 sicut
499 3068 553 3114 ct
578 3060 692 3130 ipse
726 3059 857 3115 dicit
890 3076 905 3112 :
938 3077 957 3110 ι
992 3057 1166 3113 Verba
1204 3073 1330 3128 quae
1373 3058 1586 3114 locutus
1613 3074 1758 3126 sum,
1792 3060 1902 3127 spi-

332 3152 470 3209 ritus
491 3162 547 3208 et
574 3153 685 3206 vita
719 3162 802 3206 est
826 3152 892 3204 θ’.
928 3170 948 3203 ι
978 3151 1075 3205 Est
1100 3165 1228 3220 ergo
1249 3150 1363 3219 ipse
1390 3150 1720 3215 vulneratus,
1746 3152 1903 3222 cujus

328 3261 432 3302 nos
456 3247 773 3317 sanguinem
805 3247 1062 3311 bibimus,
1090 3246 1143 3300 id
1175 3254 1278 3307 cst,
1311 3245 1571 3299 doctrina:
1595 3246 1711 3310 ejus
1731 3250 1898 3302 verba

325 3339 674 3406 suscipimus.
709 3336 816 3391 Sed
854 3345 909 3392 et
948 3335 1022 3391 illi
1055 3336 1405 3391 nihilominus
1448 3335 1717 3391 vulnerati
1773 3347 1903 3392 sunt

327 3430 423 3496 qui
459 3427 611 3481 nobis
632 3427 853 3480 verbum
883 3426 1000 3494 ejus
1027 3425 1416 3495 praedicarunt.
1454 3425 1698 3495 Ipsorum
1726 3427 1898 3490 enim,

329 3521 386 3575 id
418 3527 525 3582 cst,
551 3517 910 3587 apostolorum
943 3517 1062 3587 ejus
1097 3518 1260 3571 verba
1283 3532 1405 3571 cum
1435 3516 1690 3587 legimus,
1726 3527 1782 3573 et
1824 3519 1903 3572 vi-

330 3625 447 3667 tam
472 3627 537 3667 ex
573 3611 654 3667 eis
688 3610 1094 3679 consequimur,
1132 3608 1530 3662 vulneratorum
1583 3609 1898 3679 sanguinem

331 3706 585 3760 bibimus.
629 3722 650 3756 ι
695 3701 811 3758 Non
844 3718 1009 3771 ergo,
1064 3701 1240 3769 inquit
1287 3701 1356 3765 ",
1416 3701 1685 3766 dormiet,
1730 3702 1901 3757 donec

329 3798 578 3853 comedat
607 3795 864 3865 praedam.
902 3813 921 3846 ι
969 3792 1074 3851 Iste
1125 3794 1269 3850 enim
1322 3794 1548 3863 populus
1599 3795 1688 3861 qui
1723 3795 1901 3848 catulo

328 3889 527 3952 leonis,
567 3888 652 3943 vel
699 3888 839 3942 leoni
901 3895 1269 3956 comparatur,
1326 3899 1430 3938 non
1469 3884 1736 3952 quiescet,
1803 3899 1901 3939 nec

328 3981 562 4036 dormiet
600 3982 770 4035 donec
802 3977 976 4047 rapiat
1026 3977 1282 4047 praedam,
1310 3975 1361 4029 id
1393 3982 1495 4040 est,
1525 3976 1698 4029 donec
1729 3975 1903 4044 rapiat

329 4085 553 4139 regnum
580 4069 842 4125 caelorum
864 4084 879 4132 ;
905 4067 1035 4137 quia
1075 4085 1094 4120 ι
1141 4082 1170 4119 a
1207 4065 1399 4120 diebus
1428 4063 1653 4120 Joannis
1676 4079 1901 4134 regnum

326 4163 592 4217 cmlorum
620 4163 724 4215 vim
755 4161 976 4231 patitur,
1005 4169 1060 4213 et
1096 4157 1205 4211 vim
1246 4156 1506 4212 facientes
1555 4156 1816 4227 diripiunt
1842 4157 1902 4211 il-

327 4254 421 4307 Iud
454 4253 520 4305 ἰ.
568 4272 588 4306 ι
629 4251 700 4306 Ut
745 4260 925 4307 autem
989 4249 1293 4304 evidentius
1356 4262 1650 4318 cognoscas
1698 4249 1813 4304 haec
1838 4249 1902 4303 de

328 4356 520 4401 nostro
542 4346 757 4415 populo,
792 4345 882 4415 qui
915 4345 965 4397 in
1004 4342 1364 4399 sacramentis
1393 4340 1595 4395 Christi
1624 4340 1900 4397 confoede-

2017 1864 2221 1934 Spiritu
2250 1876 2439 1921 sancto
2471 1866 2583 1939 (72)
2612 1870 3037 1927 considerantes
3060 1889 3179 1943 quae
3210 1890 3306 1944 per
3330 1876 3586 1945 spiritum

2013 1957 2215 2026 scripta
2241 1967 2391 2021 sunt,
2417 1967 2474 2013 et
2501 1961 2836 2028 spiritalibus
2876 1964 3141 2034 spiritalia
3181 1980 3586 2036 comparantes,

2012 2048 2169 2118 digne
2205 2050 2311 2102 Deo
2348 2059 2403 2102 et
2451 2059 2641 2105 sancto
2690 2052 2935 2122 Spiritu,
2974 2056 3064 2125 qui
3111 2061 3224 2111 haec
3282 2058 3586 2127 inspiravit,

2012 2151 2129 2206 qua:
2151 2140 2353 2207 scripta
2387 2150 2510 2195 sunt
2538 2142 2892 2212 explicemus,
2919 2147 2973 2201 in
3009 2148 3231 2204 Christo
3251 2149 3374 2205 Jesu
3401 2152 3586 2207 Domi-

2010 2248 2080 2286 no
2112 2242 2315 2296 nostro,
2346 2234 2430 2288 cui
2457 2243 2544 2290 est
2571 2235 2746 2306 gloria
2778 2246 2834 2294 et
2862 2240 3147 2310 imperium
3172 2243 3223 2296 in
3260 2244 3455 2298 sacula
3482 2260 3585 2300 sa:-

2009 2325 2273 2379 culorum.
2299 2324 2490 2380 Amen.

2560 2417 2843 2476 HOMILIA
2879 2421 3039 2478 XVII.

2363 2509 2441 2563 De
2474 2510 2712 2580 ejusdem
2737 2514 2892 2566 tertia
2926 2514 3227 2583 praphetia.

2078 2604 2132 2658 1.
2165 2602 2402 2657 Tertiam
2453 2618 2595 2658 nunc
2637 2607 2979 2675 prophetiam
3021 2622 3087 2663 ex
3130 2609 3198 2663 iis
3227 2623 3347 2679 quae
3405 2625 3586 2666 sermo

2010 2695 2100 2750 Dei
2137 2710 2233 2764 per
2261 2694 2478 2749 Balaam
2523 2697 2766 2765 protulit,
2805 2697 3069 2753 habemus
3114 2699 3168 2752 in
3224 2701 3476 2755 manibus
3529 2712 3585 2755 ut

2006 2787 2169 2841 etiam
2222 2787 2288 2841 de
2339 2788 2455 2856 ipsa
2515 2787 2710 2859 (prout
2769 2790 3030 2844 Dominus
3096 2791 3340 2862 dederit)
3403 2793 3584 2863 aliqua

2007 2878 2357 2933 disseramus.
2412 2878 2623 2933 Etenim
2679 2880 2865 2935 infelix
2946 2883 3048 2936 iste
3114 2882 3315 2938 Balach
3391 2893 3586 2952 putans

2004 2968 2145 3036 quod
2203 2969 2421 3023 Balaam
2481 2970 2664 3025 divino
2722 2971 2790 3025 ad
2841 2971 3269 3028 maledicendum
3321 2974 3426 3030 loci
3487 2990 3587 3046 op-

2006 3059 2306 3129 portunitas
2368 3057 2538 3129 magis
2594 3059 2825 3116 defuerit
2884 3077 3049 3131 quam
3120 3066 3403 3131 voluntas,
3476 3068 3584 3122 uti-

2007 3153 2109 3206 lius
2136 3167 2256 3208 esse
2281 3161 2429 3207 ratus
2456 3153 2501 3206 si
2531 3162 2765 3208 mutaret
2787 3153 2962 3208 locum
2996 3173 3009 3209 :
3040 3176 3057 3206 σ
3101 3154 3259 3219 Veni.
3300 3157 3475 3227 inquit
3513 3160 3581 3225 ",

2005 3250 2059 3295 et
2096 3242 2321 3297 educam
2362 3252 2412 3297 te
2452 3241 2506 3296 in
2530 3243 2702 3298 locum
2729 3244 2914 3312 alium,
2934 3246 2976 3299 si
2998 3245 3169 3314 placet
3192 3247 3320 3311 Deo,
3346 3259 3401 3303 et
3421 3249 3585 3304 male-

2004 3332 2154 3387 dices
2183 3346 2305 3387 eum
2338 3332 2486 3398 inde,
2517 3343 2572 3388 et
2613 3338 2908 3405 assumpsit
2936 3338 3132 3393 Balach
3160 3340 3333 3409 ipsum
3358 3339 3581 3396 Balaam

2002 3423 2163 3495 335
2210 3426 2264 3479 in
2298 3424 2561 3481 verticem
2604 3428 2803 3483 montis
2844 3428 3039 3497 Fogor,
3075 3431 3166 3499 qui
3196 3433 3367 3487 tendit
3406 3433 3459 3487 in
3486 3435 3584 3489 de-

1952 3534 1955 3537 ί
2001 3525 2228 3571 sertum.
2259 3535 2278 3569 ι
2323 3517 2431 3572 Eos
2454 3518 2675 3586 quidem
2706 3536 2841 3590 quos
2888 3521 3030 3576 Deus
3060 3531 3234 3586 vocat,
3268 3523 3494 3593 imponit
3526 3526 3580 3579 in

2001 3609 2265 3666 verticem
2304 3611 2505 3666 montis
2552 3610 2680 3666 Sina
2715 3627 2731 3665 :
2761 3613 2849 3665 hic
2887 3622 3067 3668 autem
3097 3614 3323 3680 Balach,
3353 3616 3443 3685 qui
3473 3616 3584 3672 Deo

1997 3705 2302 3757 contrarius
2331 3711 2447 3766 est,
2478 3703 2708 3771 imponit
2738 3700 2950 3754 Balaam
2991 3702 3047 3755 in
3092 3703 3352 3758 verticem
3377 3707 3580 3761 montis

2003 3793 2197 3864 Fogor.
2248 3791 2422 3863 Fogor
2471 3800 2652 3847 autem
2692 3793 3082 3862 interpretatur
3127 3793 3403 3849 delectatio
3443 3797 3577 3867 (73).

2000 3886 2059 3940 In
2096 3884 2353 3939 verticem
2405 3900 2535 3955 ergo
2582 3885 2959 3940 delectationis
2993 3894 3047 3940 et
3087 3887 3324 3943 libidinis
3350 3889 3580 3959 imponit

2001 3979 2252 4033 homines
2298 3977 2400 4033 iste
2442 3978 2658 4033 Balach.
2707 3979 2931 4032 Amator
2975 3981 3119 4034 enim
3165 3990 3248 4036 est
3288 3983 3581 4054 voluptatis

2000 4070 2171 4141 magis
2207 4086 2369 4140 quam
2411 4070 2543 4136 Dei,
2587 4080 2642 4125 et
2689 4070 2890 4126 idcirco
2920 4072 3147 4143 imponit
3190 4089 3284 4129 eos
3325 4074 3379 4129 in
3427 4091 3581 4131 sum-

2001 4162 2244 4217 mitatem
2280 4171 2337 4217 et
2378 4164 2637 4218 verticem
2675 4165 2989 4235 voluptatis,
3020 4175 3082 4220 ut
3123 4167 3368 4222 excludat
3415 4184 3510 4224 eos
3548 4162 3578 4225 ἐι

2001 4255 2132 4309 Deo.
2196 4253 2489 4308 Exeludens
2545 4256 2690 4310 enim
2751 4265 2807 4312 et
2871 4258 3138 4312 devoratio
3192 4260 3582 4328 interpretatur

2001 4343 2199 4400 Balach
2229 4343 2362 4417 (74).
2403 4345 2526 4401 Ideo
2557 4346 2794 4415 denique
2826 4356 2880 4402 et
2905 4349 2959 4403 in
2995 4364 3237 4404 eremum
3274 4349 3445 4405 tendit
3475 4349 3581 4405 Fo-

326 4450 484 4494 ratus
512 4448 615 4503 est,
646 4438 831 4501 scribi,
864 4437 985 4492 audi
1017 4437 1288 4505 quomodo
1332 4441 1387 4488 et
1427 4435 1481 4488 in
1526 4432 1646 4489 aliis
1684 4434 1899 4505 Moyses
1928 4452 1972 4507 Ι)
2001 4449 2118 4505 gor,
2153 4437 2207 4491 id
2256 4446 2356 4502 est,
2391 4438 2456 4492 ad
2497 4453 2559 4493 ea
2614 4452 2735 4507 quae
2773 4440 2826 4492 in
2879 4456 3061 4497 eremo
3093 4450 3241 4507 sunt,
3281 4450 3335 4495 et
3367 4442 3579 4497 deserta

327 4532 525 4586 similia
566 4532 877 4595 pronuntiat
929 4530 1112 4584 dicens
1158 4544 1173 4583 :
1227 4544 1247 4579 ι
1293 4525 1555 4597 Butyrum
1593 4528 1753 4582 boum
1782 4568 1798 4594 ,
1845 4538 1900 4582 et

325 4627 414 4681 lac
446 4628 649 4691 ovium,
678 4641 800 4680 cum
843 4624 998 4693 adipe
1048 4637 1333 4693 agnorum,
1375 4630 1432 4676 et
1463 4621 1715 4687 arietum,
1765 4621 1901 4677 lilio.

328 4735 450 4789 rum
486 4728 764 4772 taurorum
812 4726 865 4771 et
916 4716 1215 4779 hircorum,
1274 4729 1397 4768 cum
1458 4714 1615 4783 adipe
1667 4712 1898 4778 renium,

325 4809 605 4875 frumenti,
639 4818 694 4865 et
714 4808 1027 4878 sanguinem
1075 4820 1192 4860 uvae
1222 4805 1412 4860 bibent
1454 4806 1637 4858 vinum
1667 4803 1733 4858 ³⁸.
1776 4820 1796 4855 ι
1836 4802 1903 4857 Ει

398 4990 444 5021 ⁸⁸
466 4985 626 5042 Num.
665 5003 822 5049 nul,
851 4985 941 5039 24.
1040 4985 1084 5017 ⁸³
1115 4983 1233 5041 Act.
1266 4997 1356 5037 xv.
1431 4981 1476 5013 ⁹⁰
1507 4979 1658 5036 Joan.
1691 4996 1765 5043 vi.
1798 4980 1888 5035 54.

1968 4983 2024 5037 .⁹¹
2054 4981 2158 5038 lsa.
2186 5000 2297 5046 LIII,
2348 4987 2403 5041 5.

2007 4529 2114 4583 Deo
2152 4531 2393 4600 negotia.
2441 4549 2459 4582 ι
2491 4531 2558 4584 Et
2599 4531 2737 4586 dixit
2774 4530 2995 4587 Balaam
3039 4535 3104 4588 ad
3155 4533 3350 4588 Balach
3387 4552 3401 4588 :
3440 4533 3583 4589 Con-

2006 4629 2157 4674 strue
2181 4612 2320 4676 mihi
2346 4622 2436 4678 hic
2465 4633 2672 4692 septem
2700 4638 2848 4691 aras,
2889 4635 2941 4679 et
2978 4624 3064 4679 fac
3094 4627 3223 4680 mihi
3258 4627 3344 4680 hic
3374 4634 3579 4695 septem

2010 4714 2229 4781 vitulos,
2280 4726 2337 4770 et
2387 4728 2591 4788 septem
2632 4719 2833 4774 arietes
2871 4737 2884 4773 :
2920 4728 2969 4773 et
3022 4719 3148 4774 fecit
3197 4719 3393 4773 Balach
3440 4720 3582 4773 sicut

2012 4807 2151 4861 dixit
2176 4810 2225 4864 ei
2252 4809 2492 4878 Balaam,
2525 4822 2579 4866 et
2628 4811 2824 4866 obtulit
2850 4811 3098 4877 vitulum,
3154 4823 3209 4868 et
3240 4813 3464 4868 arietem
3491 4826 3583 4867 su-

2489 4989 2536 5021 "
2561 4986 2715 5042 Joan.
2751 5005 2824 5054 vi,
2852 4987 2941 5043 64.
3018 4990 3063 5022 ³³
3088 4988 3243 5045 Num.
3287 5007 3444 5059 χχιιι,
3485 4992 3578 5047 24.

315 5062 371 5094 ³⁸
401 5059 593 5113 Matth.
626 5074 702 5125 xi,
744 5058 832 5111 12.
908 5056 952 5087 ’⁸
980 5054 1137 5110 Deut.
1167 5070 1338 5121 xxx",
1372 5052 1457 5107 1'4.
1551 5052 1597 5083 ⁸⁸
1626 5050 1785 5106 Joaﬂo
1818 5066 1907 5117 XV.

2022 5053 2129 5108 ὅθι
2161 5054 2215 5110 8.
2293 5057 2337 5089 ⁸⁷
2364 5057 2521 5114 Νυιιι.
2550 5076 2705 5127 xxnl,
2731 5050 2821 5126 27,
2840 5059 2927 5113 28.

398 5224 512 5297 (70)
555 5221 641 5278 Ita
683 5223 888 5300 brutus.
946 5220 1036 5300 Sic
1079 5220 1287 5300 habent
1340 5233 1468 5300 mss.
1528 5217 1700 5300 Alias,
1748 5233 1769 5268 ε
1811 5217 1893 5272 sic

330 5288 617 5363 abruptus.
649 5311 668 5343 ι
703 5292 843 5345 lnlra
874 5292 1046 5344 codex
1075 5288 1435 5355 Corbeiensis,
1475 5306 1494 5339 ι
1532 5297 1676 5342 tanta
1698 5302 1892 5357 praeco-

329 5369 420 5421 nia
448 5380 627 5418 sermo
653 5363 981 5417 dinumerat.
1021 5378 1039 5409 ι

401 5434 517 5504 (71)
553 5433 704 5497 Mss,
751 5450 769 5482 ι
817 5430 1142 5486 hominibus.
1188 5447 1205 5478 ι
1246 5426 1402 5481 Libb.
1463 5429 1612 5491 editi,
1666 5446 1684 5478 t
1724 5428 1901 5482 omni-

328 5507 515 5643 Ιωῗῆέ)
544 5574 600 5628 In
635 5587 767 5627 mss.
824 5567 1135 5627 Corbeiensi
1185 5577 1240 5622 et
1277 5566 1589 5622 Belvacensi
1636 5567 1902 5621 omittitur

333 5664 354 5697 .
386 5655 736 5785 Ἦὲῗθὲοέιοτ
762 5720 935 5766 autem
982 5710 1355 5775 interpretatur
1371 5705 1900 5765 DEI.EC’I'AT10.UIltle

2001 5219 2179 5290 Fogor
2202 5225 2600 5294 iinterpretetur
2633 5227 2953 5292 delectatio,
2996 5226 3169 5282 lateor
3225 5243 3310 5282 me
3343 5231 3576 5286 nescire.

2006 5303 2168 5366 Tum
2195 5298 2340 5348 enim
2364 5297 2603 5351 radicem
2630 5299 2830 5351 habere
2872 5295 3086 5351 videtur
3120 5307 3239 5364 "ma
3271 5316 3291 5350 ι
3343 5303 3579 5366 aperuit,

2009 5363 2287 5485 dilisteiidit,
2335 5384 2354 5417 ι
2391 5368 2533 5435 quod
2585 5366 2786 5421 nullam
2830 5367 2996 5421 habet
3040 5363 3174 5422 cum,
3222 5363 3581 5426 delectatione

2012 5446 2039 5484 a
2083 5443 2353 5489 mitatem.

2079 5525 2191 5595 (74)
2247 5527 2562 5580 Excwnsss
2599 5526 2737 5579 enim
2784 5536 2830 5578 et
2871 5538 3178 5580 pavonum
3210 5527 3583 5594 interpretatur

2007 5609 2229 5664 Balach.
2281 5607 2373 5661 Vel
2409 5623 2436 5661 a
2487 5595 2617 5674 D‘m,
2658 5628 2674 5659 ι
2720 5608 3023 5662 exinauivit
3069 5628 3087 5662 ι
3119 5611 3199 5666 vel
3234 5627 3263 5666 a
3293 5599 3402 5675 v5;
3441 5629 3458 5660 ι
3488 5613 3584 5665 ab-

2009 5694 2232 5762 sorpsit,
2267 5693 2571 5757 devoravit,
2604 5709 2624 5743 ι
2658 5699 2764 5745 etc.
