4074 6156
647 207 750 263 705

2127 226 2446 287 ORIGENIS
3771 263 3842 321 Ἱοι

640 340 738 395 per
784 343 933 382 aram
960 330 1026 386 ⁸⁸.
1053 350 1072 383 ι
1133 334 1334 402 Aprrta
1389 338 1609 404 quidem
1661 341 1907 412 Apostnli
1959 349 2230 402 sententia
2262 353 2308 408 Α
2339 352 2676 407 contrariam
2711 365 3036 424 potestatem
3077 361 3319 422 victimis
3368 366 3481 424 suis
3529 371 3751 432 assistere
3777 397 3843 437 au-

640 426 723 471 est
749 418 981 475 dicentis
1005 426 1051 458 ⁹⁹
1087 440 1102 476 :
1142 444 1160 476 i
1186 425 1315 490 Quae
1347 429 1492 483 enim
1524 433 1845 489 sacriﬁcant
1871 447 2085 505 gentes,
2111 440 2224 494 dae-

639 509 867 570 moniis,
919 520 974 566 et
1000 528 1106 567 non
1144 515 1253 570 Deo
1299 519 1635 578 sacriﬁcant.
1665 542 1684 576 »
1728 523 1836 581 Sed
1873 538 1929 582 et
1959 530 2222 598 propheta

634 600 885 657 similiter
914 604 1042 659 dicit
1069 607 1086 638 ¹
1118 625 1132 660 :
1165 627 1183 660 ι
1215 610 1676 673 Sacriﬁcaverunt
1699 620 2000 688 daemoniis,
2027 633 2081 678 et
2111 640 2218 679 nou

636 692 760 746 Deo.
791 712 810 744 ι
871 695 1074 752 Tamen
1128 705 1387 770 quoniam
1427 717 1481 762 et
1526 709 1613 765 lex
1664 712 1756 766 Dei
1813 716 1880 769 de
1934 718 2219 775 sacriﬁciis

629 786 896 856 principit,
945 801 1000 846 et
1046 794 1210 850 ritum
1259 801 1605 858 sacriﬁcandi
1653 808 1818 863 tradit
1851 809 1976 865 ﬁliis
2026 813 2212 880 Israel,

627 878 938 941 requiratur
964 882 1240 953 fortassis,
1288 906 1387 946 cur
1416 893 1529 949 haec
1561 913 1684 951 cum
1726 901 2006 958 dienmniis
2035 907 2212 962 dicata

626 970 937 1039 videantur,
975 978 1138 1032 etiam
1173 981 1280 1036 Deo
1303 982 1596 1051 jiibeantur
1627 991 1834 1050 oﬁ‘erri.
1874 996 1942 1052 Et
1967 1001 2072 1054 erit
2100 1003 2215 1070 qui-

624 1062 747 1116 dem
805 1066 1034 1136 simplex
1075 1082 1130 1126 et
1166 1086 1272 1130 eita
1321 1083 1622 1151 responsio,
1658 1097 1715 1141 ut
1753 1095 2208 1157 quemadmodum

625 1153 679 1206 iu
713 1155 836 1211 aliis
875 1164 1234 1234 ostendimus,
1264 1171 1405 1237 quod
1434 1171 1675 1231 libellum
1712 1153 1918 1247 repudii
1951 1188 2065 1239 dari
2100 1203 2205 1242 non

619 1245 717 1301 Dei
758 1251 1056 1309 voluntatis
1106 1258 1220 1322 fuit,
1285 1265 1375 1332 qui
1427 1269 1571 1335 quod
1626 1245 1987 1343 conjuiixerat
2033 1282 2208 1336 noluit

621 1346 889 1412 separari,
925 1349 1021 1402 sed
1052 1349 1262 1423 Moyses
1292 1357 1404 1411 haec
1437 1364 1656 1432 proprie
1690 1369 1755 1421 ad
1789 1369 2045 1426 duritiam
2083 1390 2206 1430 cor-

619 1433 704 1487 dis
735 1433 1046 1496 Judaeorum
1077 1448 1302 1515 scripsit
1340 1469 1353 1504 :
1399 1454 1470 1507 ita
1509 1456 1672 1512 etiam
1705 1471 1760 1514 et
1793 1464 1858 1515 de
1900 1465 2002 1520 hoc
2033 1469 2200 1526 videri

617 1529 811 1597 possit,
865 1533 989 1600 quia
1028 1535 1190 1602 Deus,
1242 1541 1385 1597 sicut
1419 1561 1517 1614 per
1558 1549 1721 1603 alium
1752 1551 2080 1624 Prophetam
2115 1563 2198 1616 di-

2330 433 2568 503 dentem,
2628 441 2878 499 exclusos
2929 460 3051 503 esse
3107 465 3298 508 omnes
3349 455 3562 515 malitiae
3607 464 3841 536 ministros,

2327 529 2526 594 quibus
2559 533 2640 587 uti
2673 537 2739 590 ad
2773 537 3204 598 maledicendum
3254 547 3491 616 solebat,
3535 557 3692 620 potuit
3711 573 3764 611 ex
3785 529 3844 618 his

2325 620 2688 692 intellexisse,
2719 629 2847 698 quia
2885 632 3084 689 bonum
3113 647 3256 693 esset
3284 641 3340 693 in
3375 655 3654 712 conspectu
3683 647 3841 707 Domini

2323 711 2651 770 benedicere
2688 719 2876 776 Israel.
2917 723 3032 794 Ego
3066 737 3247 783 tamen
3285 733 3461 802 magis
3493 711 3614 790 illud
3638 738 3840 813 intelligo,

2318 808 2462 875 quod
2517 812 2754 879 populiis
2789 816 2900 882 ille,
2943 820 3038 889 qui
3073 838 3217 877 nunc
3255 839 3433 880 vanus
3479 837 3577 893 est,
3609 841 3660 884 et
3691 833 3751 887 illi
3773 808 3842 891 do-

2319 907 2518 964 ctores,
2549 903 2645 969 qui
2678 904 2894 960 Christo
2928 925 3034 963 non
3071 915 3360 970 credentes
3391 917 3442 970 in
3476 921 3698 977 vanitate
3721 941 3842 995 popu-

2315 987 2424 1044 lum
2455 992 2726 1061 detinent,
2779 999 3072 1069 aliquando
3106 1007 3275 1061 visuri
3308 1019 3456 1077 sunt,
3497 1010 3547 1066 id
3576 1025 3669 1079 est,
3702 1017 3744 1070 in
3772 1035 3840 1074 no-

2313 1081 2554 1140 vissimis
2588 1087 2820 1157 diebus,
2873 1109 2995 1147 cum
3031 1097 3314 1166 plenitudo
3343 1103 3580 1171 gentium
3608 1106 3838 1177 introierit,

2312 1182 2365 1226 et
2402 1176 2581 1230 omnis
2633 1176 2796 1234 Israel
2848 1184 3041 1240 venire
3071 1190 3306 1256 coeperit
3356 1192 3425 1244 ad
3474 1194 3626 1249 ﬁdem
3665 1196 3837 1266 Christi,

2311 1262 2408 1329 illi,
2449 1266 2696 1336 inquam,
2738 1273 2830 1341 qui
2862 1291 3008 1330 nunc
3049 1279 3236 1336 oculos
3265 1283 3534 1340 habentes
3561 1303 3658 1340 non
3685 1291 3837 1355 vident,

2311 1363 2440 1410 tunc
2471 1359 2756 1416 videbunt.
2782 1363 3086 1423 Elevabunt
3109 1372 3252 1426 enim
3279 1375 3472 1432 oculos
3499 1393 3622 1434 suos
3645 1383 3702 1434 ad
3726 1381 3838 1437 altio-

2307 1461 2396 1502 res
2428 1458 2484 1502 et
2531 1453 2805 1519 spiritales
2836 1473 3055 1524 sensus.
3091 1472 3144 1517 et
3183 1465 3471 1535 videbunt,
3501 1479 3554 1524 et
3602 1471 3838 1541 intelligent

2303 1539 2430 1608 quia
2480 1542 2678 1598 bonum
2728 1559 2812 1602 est
2860 1550 2912 1604 in
2958 1567 3259 1623 conspectu
3303 1559 3520 1614 Domini
3572 1562 3834 1619 benedicere

617 1619 760 1684 (η’.
800 1637 903 1676 non
942 1630 1236 1684 manducat
1285 1649 1483 1692 carnes
1517 1649 1815 1711 taurorum,
1847 1663 1946 1703 nec
1979 1654 2198 1723 sangui,
2302 1635 2601 1700 spiritalem
2635 1638 2825 1694 Israel.
2877 1643 3149 1701 Videbunt
3196 1664 3359 1758 enim.
3401 1667 3525 1758 eum
3570 1656 3834 1725 dispositum

617 1723 740 1758 nem
788 1711 1062 1758 hirt‘nrnm
1117 1732 1263 1758 ηηιιιι
1357 1727 1414 1758 Ir.
1475 1730 1602 1758 nn...
1650 1743 1703 1758 ...
1757 1738 1881 1758 -.εις
2029 1744 2040 1755 .
2086 1753 2096 1758 -
2232 1719 2272 1758 R
2306 1737 2402 1758 nm-
2437 1727 2606 1758 uti“...
2672 1742 2720 1758 ι..
2756 1749 2854 1758 ω.-.
2888 1735 3072 1758 ann“
3138 1749 3177 1758 -.
3227 1756 3269 1758 η

615 1723 740 1763 nem
788 1711 1062 1772 hircorum
1117 1732 1287 1790 potat.
1354 1727 1418 1780 Et
1474 1730 1602 1784 item
1650 1743 1709 1786 ut
1755 1738 1881 1793 alibi
1934 1711 2196 1813 scriptum
2231 1719 2272 1773 Β
2306 1737 2402 1790 per
2437 1727 2630 1793 "ibust
2670 1742 2723 1785 e'
2756 1749 2854 1803 pe"
2883 1735 3100 1805 domos’
3129 1749 3183 1794 θι
3211 1756 3310 1811 per
3331 1742 3585 1810 familias’
3613 1757 3663 1801 ⁸⁸
3687 1764 3836 1801 ¹¹¹¹¹¹¹¹¹⁸

613 1811 699 1855 est
722 1803 764 1867 ³,
821 1808 946 1875 quia
1008 1829 1156 1868 «non
1209 1821 1459 1876 mandavi
1513 1825 1703 1883 tibide
1750 1836 2060 1902 sacriﬁciis,
2114 1843 2196 1896 vel

611 1895 870 1963 victimis,
911 1902 963 1956 in
992 1906 1080 1960 die
1125 1924 1229 1978 qua
1283 1913 1441 1968 eduxi
1499 1925 1551 1971 te
1599 1920 1664 1975 de
1711 1933 1853 1980 terra
1901 1895 2191 2004 Aﬂgypti.»

613 1984 722 2040 Sed
751 1987 964 2062 Moyses
991 1995 1104 2051 haec
1133 2001 1200 2054 ad
1225 2003 1480 2060 duritiam
1510 2012 1690 2067 cordis
1711 2030 1898 2072 eorum
1935 1984 2031 2090 pro
2046 1984 2198 2081 rcon-

613 2082 906 2137 snetudiiie
941 2090 1172 2153 pessima
1223 2107 1330 2162 qua
1367 2097 1555 2153 imbuti
1604 2101 1824 2161 fuerant
1853 2111 1902 2164 in
1935 2082 2190 2187 iEgypto,

607 2174 994 2232 mandaviteis
1048 2198 1062 2234 :
1096 2193 1156 2237 ut
1185 2172 1274 2253 qui
1311 2188 1589 2248 abstinere
1638 2211 1696 2250 se
1735 2214 1841 2255 non
1874 2218 2094 2272 possent
2124 2216 2191 2268 ab

606 2263 960 2336 immolando,
997 2272 1106 2328 Deo
1136 2278 1348 2345 saltem,
1381 2292 1435 2338 et
1482 2301 1588 2340 non
1622 2289 1902 2352 dmoniis
1944 2299 2190 2360 immola-

605 2365 747 2410 reiit.
797 2359 1096 2417 Videndum
1132 2377 1312 2423 tamen
1355 2384 1460 2439 est,
1515 2394 1583 2434 ne
1623 2380 1761 2438 forte
1795 2387 1868 2441 sit
1921 2402 1975 2445 et
2005 2395 2184 2465 aliqua

599 2447 945 2506 sacriﬁcandi
999 2455 1108 2509 Deo
1156 2463 1441 2532 occultior,
1488 2484 1552 2524 ac
1603 2479 1864 2532 secretior
1893 2486 2048 2538 ratio.
2108 2487 2187 2544 Ne

600 2539 759 2605 forte,
812 2546 1055 2614 inquam,
1108 2557 1378 2612 sacriﬁcia
1438 2577 1558 2630 quin
1611 2568 1720 2622 Deo
1757 2571 2080 2644 oﬁ’eruutnr,
2115 2583 2181 2635 ad

597 2630 1028 2694 destructionem
1082 2645 1212 2701 ﬁant
1241 2663 1429 2705 eorum
1467 2657 1891 2729 sacriﬁciorum,
1927 2683 2048 2736 qua;
2075 2671 2183 2726 dm-

594 2728 850 2783 mouibiis
902 2731 1256 2794 immolantur
1299 2760 1313 2797 :
1355 2755 1411 2799 ut
1463 2751 1592 2817 quia
1628 2767 1727 2820 per
1761 2754 1848 2810 illa
1879 2759 2180 2819 vulneran-

592 2824 683 2868 tur
710 2820 927 2886 auiuiae,
980 2842 1078 2894 per
1129 2830 1233 2885 ista
1279 2849 1579 2907 sanentur;
1635 2844 1776 2901 sicut
1822 2851 1940 2906 etii
1975 2857 2178 2913 conﬁr-

590 2921 766 2973 mant,
805 2915 897 2982 qui
951 2919 1235 2977 medicinae
1285 2930 1537 2995 peritiam
1582 2946 1800 3002 gerunt.
1845 2941 2170 3012 Serpentum

591 3014 826 3070 namque
874 3021 1079 3066 venena
1113 3016 1307 3084 depelli
1362 3025 1774 3088 medicamentis
1803 3035 2173 3100 'uihilominus
2204 3070 2245 3128 ο

591 3093 856 3128 ιιηηΐοηιςσ
889 3117 950 3128 η..
987 3120 1138 3128 ....__-
1189 3113 1243 3128 ,ιι
1483 3119 1494 3128 .
1523 3119 1554 3128 ..
1750 3126 1764 3128 _

589 3093 856 3153 confectis
887 3117 952 3154 ex
986 3113 1352 3180 serpentibus,
1380 3119 1693 3185 perhibent.
1749 3126 1825 3182 Ita
1853 3145 1982 3201 ergo
2009 3145 2064 3190 et
2089 3153 2176 3193 sa-

585 3186 918 3245 criﬁciorum
953 3195 1385 3260 dmmonicorum
1420 3211 1575 3267 virus
1631 3229 1728 3283 per
1763 3223 2036 3282 sacriﬁcia
2068 3229 2177 3287 Dco

581 3279 762 3336 oblata
799 3286 1102 3356 depellitur,
1155 3297 1295 3351 sicut
1325 3309 1379 3353 et
1428 3318 1574 3360 mors
1617 3279 1746 3364 .Iesu
1776 3327 2006 3373 mortem
2055 3338 2178 3392 pec-

582 3372 690 3425 cati
727 3378 1074 3434 credentibus
1107 3399 1213 3440 non
1245 3388 1371 3443 sinit
1401 3393 1692 3456 dominari.
1729 3401 1793 3458 Et
1827 3372 2176 3477 quidemrdo-

582 3477 686 3517 nec
719 3475 931 3537 tempus
961 3474 1291 3543 patiebatur,
1323 3483 1596 3540 sacriﬁcia
1621 3474 1908 3554 sacriﬁciis
1934 3515 2176 3574 oppone-

580 3554 784 3610 bantur
810 3576 830 3613 :
879 3563 967 3616 ubi
1023 3581 1154 3622 vero
1189 3570 1338 3625 venit
1374 3574 1622 3644 perfecta
1669 3581 1875 3654 hostia,
1909 3554 2170 3665 etrarguus

582 3643 980 3717 iinniaculatus,
1039 3655 1129 3723 qui
1189 3661 1353 3716 totius
1381 3643 1581 3722 mundi
1619 3671 1833 3732 tolleret
1862 3643 2165 3757 pecca:iim,

579 3739 860 3794 sacrilicia
887 3743 976 3798 illa
1006 3761 1127 3816 qua:
1149 3752 1465 3822 singillatim
1495 3759 1868 3826 offerebantur
1895 3775 2023 3841 Deo,
2050 3778 2164 3847 jam

577 3828 850 3896 superflua
888 3836 1000 3889 visa
1055 3849 1199 3904 sunt,
1237 3859 1357 3899 cum
1396 3862 1501 3902 una
1535 3853 1712 3912 hostia
1744 3864 1924 3920 omnis
1966 3869 2165 3927 daemo-

577 3935 706 3973 num
737 3924 948 3980 cultura
981 3928 1204 3999 depulsa
1255 3938 1348 3992 sit.
1405 3939 1606 3999 Verum
1641 3947 1862 4008 Balaam
1897 3957 2021 4025 iste,
2051 3963 2164 4020 sive

574 4016 871 4071 secundum
902 4023 1085 4077 cordis
1113 4027 1194 4080 sui
1235 4035 1572 4102 propositum
1603 4044 1744 4109 quod
1771 4062 1875 4102 non
1906 4057 2162 4111 emenda-

574 4116 749 4172 verat,
809 4112 923 4166 sive
972 4120 1272 4173 secundum
1306 4123 1456 4180 illam
1505 4128 1754 4204 ﬁguram,
1791 4155 1898 4209 qua
1923 4144 2159 4206 diximus

570 4214 695 4253 eum
752 4209 942 4258 tenere
977 4223 1266 4276 personam
1313 4216 1620 4287 doctorum,
1667 4241 1728 4281 ac
1753 4227 2156 4296 Pharisaeorum

571 4291 749 4360 plebis
805 4297 1120 4366 incredulae,
1171 4306 1437 4364 instaurat
1468 4313 1643 4371 adhuc
1676 4319 1906 4392 hostias,
1935 4341 1990 4384 et
2016 4347 2156 4401 pra:-

569 4387 753 4451 parari
786 4391 1057 4446 sacriﬁcia
1103 4394 1278 4461 jubet.
1339 4401 1392 4456 In
1442 4407 1525 4462 his
1575 4413 1720 4466 enim
1759 4387 1972 4475 omnem
2005 4387 2154 4495 spem
2186 4425 2237 4488 D

570 4491 764 4542 gerunt
797 4481 853 4546 ii,
889 4499 1126 4552 quorum
1161 4506 1256 4545 cor
1289 4509 1392 4549 non
1429 4502 1619 4570 recipit
1662 4508 1820 4563 ﬁdem
1851 4481 2078 4574 Christi.

641 4569 694 4622 2.
732 4570 839 4627 Sed
876 4577 1002 4644 quid
1041 4582 1326 4649 sequitur?
1372 4605 1392 4638 ς
1429 4589 1492 4645 Et
1514 4569 1721 4663 videns,
1753 4604 1927 4674 inquit
1962 4569 2151 4678 ﬂii—Ba-

567 4660 734 4728 Iaaiii,
790 4667 915 4735 quia
951 4671 1150 4728 bonum
1181 4688 1264 4731 est
1295 4681 1347 4732 in
1383 4698 1678 4755 conspectu
1723 4660 1932 4754 Domini
1980 4660 2150 4760 bene-

565 4751 753 4809 dicere
788 4755 972 4828 lsrael,
1006 4767 1350 4824 nouabiitex
1385 4789 1535 4830 more
1563 4777 1614 4832 in
1647 4795 1934 4844 occursum
1964 4797 2149 4863 auspi-

564 4845 691 4908 ciis,
729 4850 823 4902 sed
871 4857 1143 4912 convertit
1193 4859 1384 4916 faciem
1426 4881 1579 4920 suain
1631 4871 1683 4924 in
1735 4875 2005 4938 desertum
2041 4904 2055 4939 :
2093 4898 2148 4942 et

567 4939 786 4995 elevans
836 4941 1052 5002 Balaam
1100 4953 1286 5008 oculos
1316 4971 1442 5011 suos
1495 4960 1734 5017 intuetur
1778 4969 1940 5028 Israel
1968 4989 2146 5036 castra

563 5033 918 5090 constituisse
967 5053 1064 5107 per
1121 5043 1319 5110 tribus,
1371 5059 1426 5103 et
1475 5049 1651 5109 factus
1694 5069 1776 5113 cst
1825 5077 1988 5134 super
2021 5087 2146 5128 eum

564 5123 792 5192 spiritus
847 5127 962 5194 Dei,
1010 5142 1067 5187 et
1104 5149 1378 5207 assumpta
1419 5148 1674 5211 parabola
1708 5166 1829 5222 sua,
1859 5123 1952 5211 ait.
1977 5179 1995 5211 ›
2042 5161 2144 5218 Re-

563 5214 813 5280 quiratur
859 5216 1092 5278 fortasse
1135 5228 1283 5283 unde
1313 5232 1444 5286 vidit
1478 5234 1717 5306 Balaam,
1770 5214 1898 5314 quia
1942 5250 2142 5308 bonum

561 5316 646 5358 est
676 5306 729 5359 iu
761 5323 1054 5381 conspectu
1090 5315 1300 5374 Domini
1331 5324 1651 5388 benedicere
1683 5335 1867 5404 Israel,
1907 5351 1962 5394 et
1990 5353 2146 5410 puta-

564 5397 711 5452 bitiir
746 5418 811 5456 ex
866 5407 1153 5466 sacriﬁciis
1206 5413 1542 5478 intellexisse
1593 5441 1716 5495 quae
1744 5429 2140 5491 immolaverat.

568 5490 666 5548 Ubi
719 5496 864 5549 enim
898 5499 1031 5554 vidit
1081 5505 1282 5560 nullum
1314 5512 1508 5569 adesse
1538 5506 1886 5591 dwmouium,
1937 5527 2138 5583 nullam

635 5609 680 5640 ⁸⁸
701 5606 856 5698 Νμῐξξ.
891 5627 1044 5698 xuii,
1319 5627 1395 5698 _9°
1422 5629 1438 5681 l
1461 5630 1588 5690 Cor.
1617 5651 1672 5698 x,
1696 5637 1785 5692 20.

565 5696 712 5748 xxiv,
741 5682 788 5748 I,
814 5680 868 5746 2,
893 5682 945 5737 5.
1023 5688 1041 5717 ⁵
1071 5680 1198 5742 ibid.
1227 5691 1278 5757 '5,
1306 5693 1354 5748 4.
1423 5680 1456 5732 ί⁶
1480 5680 1589 5758 Daii
1638 5680 1672 5761 ii
1698 5719 1746 5762 et
1777 5727 1868 5764 \ii.

2303 1827 2578 1884 quemque
2605 1819 2660 1872 in
2692 1836 2790 1876 suo
2817 1827 3014 1882 ordine
3046 1836 3476 1890 resurrectionis
3513 1837 3724 1906 gloriam
3745 1841 3834 1892 ade-

2301 1915 2546 1972 pturum,
2584 1920 2642 1965 et
2678 1927 2956 1985 assumpta
2991 1921 3253 1988 parabola
3308 1941 3407 1981 sua
3445 1928 3723 1999 intelligent
3747 1945 3834 1998 qua

2301 1997 2354 2050 in
2391 2001 2668 2068 parabolis
2715 2007 2920 2076 scripta
2952 2022 3080 2065 sunt
3114 2031 3128 2066 :
3159 2029 3282 2082 qua:
3314 2034 3462 2074 nunc
3491 2032 3697 2091 propter
3719 2023 3833 2078 vela-

2298 2105 2419 2144 men
2444 2095 2590 2162 quod
2617 2100 2856 2166 positum
2888 2109 2974 2154 est
3003 2117 3169 2173 super
3196 2123 3292 2162 cor
3326 2126 3542 2176 eorum,
3591 2128 3749 2182 neque
3769 2115 3830 2168 vi-

2295 2184 2443 2250 dent,
2484 2202 2661 2257 neque
2709 2192 3036 2265 intelligunt.
3087 2199 3358 2271 Denique,
3394 2221 3415 2254 i
3458 2219 3563 2258 non
3593 2205 3746 2267 abiit,
3771 2207 3830 2260 in-

2290 2277 2448 2344 quit,
2489 2295 2558 2335 ex
2595 2297 2746 2338 more
2777 2285 2828 2339 in
2866 2303 3154 2344 occursum
3187 2295 3474 2364 auspiciis.
3517 2316 3536 2349 ι
3576 2297 3680 2351 Νοη
3716 2299 3826 2353 enim

2289 2384 2443 2424 more
2471 2372 2574 2426 sibi
2607 2374 2788 2442 solito,
2827 2379 3008 2436 stultis
3035 2390 3089 2436 et
3117 2383 3379 2442 inanimis
3428 2389 3664 2444 sensibus
3691 2390 3826 2459 rapie-

2289 2469 2394 2525 tur,
2429 2464 2755 2522 auimalibus
2782 2472 2944 2526 mutis
2975 2483 3030 2528 et
3060 2478 3368 2544 pecudibus
3398 2479 3492 2534 Dei
3528 2483 3826 2535 considerans

2288 2552 2650 2622 voluntatem,
2700 2561 2843 2617 sicut
2887 2564 2948 2629 ii,
2983 2568 3077 2636 qui
3124 2585 3192 2624 ex
3228 2571 3350 2626 istis
3393 2573 3592 2628 talibus
3625 2573 3824 2642 auspicia

2285 2645 2550 2717 colligunt
2585 2667 2600 2704 :
2636 2656 2732 2707 sed
2767 2668 3028 2725 agnoscet
3071 2661 3239 2715 etiam
3274 2664 3415 2732 ipse,
3447 2667 3567 2735 quia
3597 2681 3749 2736 neque
3773 2666 3822 2718 de

2282 2736 2456 2793 bobus
2511 2755 2643 2796 cura
2698 2757 2782 2801 est
2818 2749 2954 2814 Deo,
3010 2753 3264 2810 similiter
3311 2773 3494 2828 neque
3540 2759 3603 2813 de
3649 2757 3819 2823 ovibus,

2280 2843 2459 2900 neque
2509 2833 2576 2888 de
2605 2836 2818 2904 avibus,
2871 2841 3104 2912 aliisque
3148 2847 3508 2914 animalibus,
3537 2850 3624 2906 sed
3653 2849 3692 2904 si
3731 2863 3813 2918 qua

2291 2921 2360 2976 de
2413 2923 2497 2978 his
2563 2929 2768 2998 scripta
2818 2942 2967 3001 sunt,
3025 2950 3250 3008 propter
3304 2942 3555 2998 homines
3602 2941 3817 3010 intelliget

2285 3015 2515 3085 scripta.

2354 3129 2405 3184 5.
2442 3131 2548 3186 Sed
2577 3134 2856 3192 videamus
2878 3137 2990 3208 jam
3019 3157 3142 3212 qua:
3171 3145 3280 3202 sint
3310 3163 3435 3220 quae
3464 3151 3517 3206 in
3547 3152 3690 3206 tertia
3711 3161 3812 3217 pro-

2278 3223 2464 3291 phetia
2517 3229 2877 3298 proloquatur
2927 3233 3166 3293 Balaam.
3229 3259 3248 3292 ι
3281 3242 3452 3309 Dixit,
3484 3247 3649 3314 inquit
3666 3245 3703 3309 ⁵,
3728 3242 3810 3295 Ba-

2279 3314 2420 3369 laam
2453 3317 2595 3374 ﬁlius
2627 3319 2784 3389 Bcor,
2816 3323 2982 3381 homo
3018 3343 3146 3384 vere
3191 3333 3403 3397 videns,
3431 3337 3580 3402 dixit,
3625 3333 3809 3387 audiens

2276 3406 2446 3461 verba
2482 3407 2660 3474 fortis,
2715 3413 2808 3481 qui
2844 3415 3019 3470 visum
3058 3417 3152 3474 Dei
3188 3422 3320 3479 vidit
3354 3427 3411 3482 in
3445 3428 3655 3491 somnis,
3684 3436 3808 3478 reve-

2276 3497 2369 3551 Iati
2402 3499 2544 3554 oculi
2577 3501 2717 3570 ejus.
2746 3523 2766 3556 ι
2812 3503 3006 3560 Mirum
3039 3510 3287 3578 profecto
3322 3527 3408 3572 est
3437 3518 3593 3591 336
3621 3527 3808 3584 quomo-

2273 3587 2342 3642 do
2377 3599 2542 3646 tanta:
2577 3592 2750 3650 laudis
2793 3597 2990 3667 dignus
3036 3601 3311 3661 habeatur
3344 3587 3584 3678 Balaam,
3613 3607 3694 3679 qui
3732 3620 3803 3659 ac-

2271 3695 2427 3751 cepta
2467 3687 2723 3755 parabola
2759 3706 2880 3757 sua,
2913 3693 3029 3752 hiec
3057 3697 3122 3752 de
3175 3707 3469 3775 semetipso
3512 3702 3802 3774 pronunti“-

2270 3772 2553 3838 Quomodo
2598 3781 2742 3834 enim
2796 3783 2961 3839 homo
2989 3803 3138 3844 .vere
3166 3793 3354 3850 videns
3382 3797 3593 3851 Balaam
3625 3796 3702 3858 sit.
3727 3789 3801 3860 tI'li

2269 3864 2872 3942 divinationi,auguriis
2903 3890 3124 3946 operam
3155 3885 3385 3953 dederit,
3419 3887 3677 3958 quietiam
3711 3898 3801 3936 ina-

2269 3959 2403 4028 gica:
2427 3963 2719 4032 studuerit,
2778 3969 2919 4024 sicut
2949 3986 3112 4038 supra
3164 3979 3524 4045 ostendimus,
3560 3977 3699 4032 valde
3720 3973 3799 4027 mi-

2266 4065 2382 4103 rum
2421 4063 2524 4118 est,
2571 4057 2673 4111 nisi
2706 4058 2845 4114 forte
2877 4077 2979 4131 pro
3012 4078 3098 4128 eo,
3142 4070 3284 4136 quod
3314 4085 3479 4140 supra
3507 4073 3687 4126 dictum
3713 4073 3795 4126 est.

2264 4141 2390 4203 quia
2422 4145 2646 4211 spiritus
2681 4149 2772 4202 Dei
2804 4148 2980 4208 factus
3008 4154 3171 4211 fuerit
3202 4158 3255 4212 in
3291 4160 3429 4231 ipso,
3464 4174 3517 4218 et
3553 4163 3662 4231 quia
3698 4171 3793 4209 ver-

2261 4231 2389 4286 bum
2421 4234 2515 4290 Dei
2544 4240 2780 4307 posituiu
2818 4243 2885 4298 sit
2919 4245 2969 4298 in
2997 4261 3094 4302 ore
3120 4247 3256 4318 ejus,
3304 4253 3419 4310 haec
3453 4259 3516 4311 de
3547 4269 3606 4309 eo
3634 4259 3792 4320 puteti-

2262 4327 2352 4373 tur
2401 4330 2508 4376 tam
2587 4343 2778 4398 magna
2835 4336 3142 4405 conscripta
3199 4354 3321 4396 esse
3370 4346 3648 4413 praeconia.
3706 4338 3791 4392 Nec

2264 4411 2470 4484 Moyses
2525 4420 2693 4486 enim,
2754 4439 2852 4480 nec
2907 4427 3048 4483 alius
3097 4432 3217 4500 quis
3251 4411 3625 4506 prophetarum
3664 4430 3790 4487 facile

2266 4505 2577 4565 invenietur
2631 4517 2796 4572 tantis
2848 4519 3094 4578 laudibus
3143 4526 3410 4586 elevatus.
3475 4531 3617 4588 Unde
3647 4523 3786 4593 ηιιιεῐε

2261 4599 2392 4653 mihi
2427 4603 2640 4659 videtur
2671 4608 2784 4664 hare
2816 4611 2890 4665 illi
2925 4618 3125 4685 popqu
3157 4626 3448 4681 convenire
3477 4641 3538 4681 eo
3565 4629 3783 4688 teinPO'e’

2255 4703 2363 4758 quo
2387 4694 2498 4760 jam
2532 4711 2829 4757 conversus
2858 4706 2922 4759 ad
2953 4707 3266 4780 Dominum,
3296 4716 3540 4785 deposuit
3563 4707 3780 4769 velamen;

2257 4786 2400 4852 quod
2431 4799 2551 4842 erat
2598 4806 2761 4860 super
2793 4811 2889 4851 cor
2935 4815 3117 4857 suum.
3177 4804 3437 4864 Dominus
3471 4809 3670 4881 spiritus
3697 4809 3780 4899 est.

2258 4877 2460 4899 ,μμ-
2519 4884 2529 4899 ,
2609 4884 2620 4894 .
3156 4897 3165 4899 _

2256 4877 2469 4934 Idcirco
2499 4884 2734 4952 denique
2764 4888 2919 4953 dicit,
2977 4911 2995 4943 ‹
3025 4897 3244 4952 revelati
3279 4903 3419 4956 oculi
3458 4907 3587 4974 ejus,
3609 4917 3626 4951 ›
3658 4889 3780 4992 quasi

2253 4972 2343 5040 qui
2398 4989 2540 5029 nunc
2588 4993 2757 5048 usque
2799 4982 2968 5040 clausi
3004 4988 3226 5055 fuerint,
3264 5004 3317 5048 et
3369 4972 3510 5051 nunc
3542 5009 3627 5065 per
3654 4984 3779 5057 δρῶ·

2255 5073 2364 5117 tum
2396 5065 2507 5133 Dei,
2536 5071 2627 5138 qui
2659 5088 2822 5141 super
2852 5092 2973 5130 eum
3009 5080 3185 5137 factus
3214 5093 3317 5150 est,
3350 5087 3528 5143 ablato
3559 5078 3778 5139 velamine

2255 5159 2591 5216 revelentur.
2635 5163 2792 5220 Nunc
2841 5184 2973 5238 ergo
3026 5183 3110 5226 est
3153 5180 3368 5243 quando
3399 5195 3520 5236 vere
3561 5176 3702 5232 videt,
3733 5179 3776 5220 el

2251 5264 2381 5308 vere
2417 5255 2568 5307 audit
2595 5257 2759 5311 verba
2796 5258 2972 5326 fortis,
3006 5272 3060 5316 et
3089 5266 3260 5322 visum
3296 5271 3390 5327 Dei
3421 5275 3554 5328 videt
3583 5272 3627 5323 in
3657 5274 3774 5318 βοτη·

2249 5347 2331 5400 "is
2386 5365 2399 5402 ε
2455 5349 2506 5403 id
2555 5360 2656 5416 εει»
2707 5367 2769 5405 ea
2817 5370 2935 5424 quae
2984 5358 3037 5414 in
3067 5363 3272 5419 somnis
3311 5367 3511 5421 Danieli
3541 5360 3771 5454 prophetat

2250 5447 2491 5509 tempora
2549 5444 2828 5514 designata
2882 5463 3008 5506 sunt
3032 5453 3073 5518 °,
3126 5456 3331 5512 videbit
3363 5460 3567 5529 imp!eta
3601 5445 3770 5510 εεινί·

2246 5531 2426 5586 siones
2481 5535 2622 5602 illas,
2675 5555 2794 5606 qua:
2849 5541 2904 5596 iu
2935 5547 3145 5602 somnis
3176 5550 3238 5602 ad
3272 5550 3422 5604 illum
3455 5552 3625 5606 delata:
3647 5545 3765 5599 sutili

1869 5642 1884 5670 ²
1931 5641 2083 5698 Deut.
2131 5661 2302 5718 xxxii,
2347 5646 2431 5702 Π.
2508 5649 2694 5706 'Psal.
2727 5669 2870 5723 xuii,
2901 5657 2983 5714 I5.
3064 5659 3306 5717 ’Jcrem.
3337 5679 3428 5732 vn,
3452 5667 3504 5722 2.
3595 5655 3758 5713 ⁸Νυτ¹¹⁶
