4074 6156
271 172 392 226 ’ἴοὸ

1372 173 1816 233 lN'NUMEROS
1856 173 2143 232 HOMILIA
2189 176 2354 235 XVlI.

3438 194 3549 252 706

274 292 498 348 videbit
533 311 546 348 :
576 293 679 348 hoc
726 304 812 350 est
857 295 1143 363 intelliget,
1177 306 1234 352 et
1268 309 1528 368 agnoscet
1555 298 1732 354 oculis
1781 311 1865 351 re-
1895 299 1941 357 Α
1971 295 2108 352 laam
2139 313 2236 367 pro
2283 313 2348 354 eo
2382 300 2525 370 quod
2560 301 2784 356 revelati
2841 302 3057 360 fuerant
3113 306 3255 362 oculi
3293 309 3430 379 ejus,
3466 311 3552 366 di-

276 384 508 439 velatis.
568 383 843 440 Eﬂicietut‘
883 385 1028 441 enini
1067 387 1262 443 similis
1297 389 1385 452 iis,
1435 390 1526 458 qtti
1566 389 1860 444 dieebant:

284 495 308 530 ι
339 477 456 532 Nos
487 486 670 532 autem
697 492 893 534 omnes
940 480 1170 534 revelata
1223 481 1358 536 facie
1386 481 1616 550 gloriam
1650 480 1864 535 Domini

276 567 640 636 speculamur
669 571 861 625 eadem
895 570 1132 640 imagine
1155 570 1269 642 (75)
1298 571 1664 626 transformati
1695 585 1725 624 a
1753 570 1866 640 glo-

280 660 369 713 ria
403 660 454 713 in
488 658 742 729 gloriam,
777 670 1034 730 tanquam
1071 677 1099 713 a
1133 662 1346 717 Domini
1395 662 1588 733 spiritu
1614 662 1657 716 '.
1689 679 1709 714 ι
1757 659 1863 715 Ve-

277 751 382 806 lim
433 764 610 807 tamen
649 754 947 822 requirere,
1001 754 1090 823 qui
1121 766 1250 810 sunt
1278 757 1365 811 isti
1413 757 1557 812 oculi
1594 756 1734 826 ejus,
1772 755 1861 824 qui

277 845 512 900 revelati
547 847 806 900 dicuntur
857 864 873 902 :
925 861 994 902 ne
1027 848 1166 903 forte
1202 848 1303 916 ipsi
1356 847 1486 912 sint,
1537 847 1629 916 qui
1660 847 1712 900 i'n
1743 846 1863 902 aliis

277 935 590 1006 Scriptura:
617 939 768 1002 Iocis,
825 949 884 993 ut
928 940 980 993 in
1007 941 1326 1010 quibusdam
1355 939 1755 1009 exemplaribus
1781 939 1858 993 le-

276 1030 486 1098 gimus,
521 1031 664 1086 oculi
704 1040 860 1086 terra:
894 1031 1254 1101 appellantur,
1298 1043 1352 1086 et
1389 1031 1500 1097 ille,
1529 1046 1689 1101 quem
1723 1031 1861 1085 Pau-

276 1120 371 1173 lus
426 1135 648 1177 sensum
696 1123 877 1176 carnis
930 1123 1084 1186 dicit,
1136 1137 1259 1176 cum
1317 1123 1400 1177 ait
1443 1123 1508 1176 de
1557 1123 1788 1192 quodam
1811 1120 1858 1185 ⁸,

281 1212 558 1268 «Frustra
611 1212 826 1269 inﬂatus
862 1230 891 1267 a
945 1227 1108 1268 sensu
1155 1217 1334 1271 carnis
1381 1232 1513 1272 sum.
1541 1234 1560 1268 ι
1620 1218 1694 1269 De
1743 1213 1860 1268 istis

277 1305 455 1358 credo
485 1305 681 1370 oculis,
715 1306 878 1359 etiam
910 1322 1135 1377 serpens
1172 1307 1371 1362 dixerit
1405 1307 1470 1360 ad
1511 1307 1698 1368 Evam,
1733 1304 1858 1372 quia

280 1397 502 1451 sciebat
531 1396 793 1452 Dominus
847 1415 866 1448 ι
889 1401 1031 1468 quod
1061 1401 1113 1454 in
1161 1413 1483 1468 quacunque
1515 1399 1602 1452 die
1632 1396 1859 1450 mandu-

274 1488 540 1543 caveritis
567 1503 634 1543 ex
663 1504 752 1553 eo,
789 1492 1101 1559 aperientur
1131 1491 1274 1547 oculi
1307 1491 1538 1546 vestri’.
1568 1509 1586 1542 ι
1629 1489 1697 1544 Ει
1729 1505 1859 1560 pau-

275 1579 332 1632 lo
359 1589 480 1646 post
514 1579 560 1612 ¹⁶
596 1597 610 1634 :
646 1598 665 1632 ι
694 1581 760 1634 Ει
797 1583 1300 1643 manducaverunt.
1341 1582 1551 1651 inquit,
1585 1590 1642 1635 et
1681 1581 1854 1650 aperti

1974 404 2100 444 cere
2128 391 2196 444 de
2231 393 2524 462 semetipso
2550 393 2618 456 ¹¹⁵,
2679 411 2696 445 ε
2719 395 2878 448 homo
2913 411 3038 452 vere
3064 397 3290 463 videns;
3316 419 3335 452 ι
3387 411 3443 456 et
3469 404 3551 457 di-

1972 495 2122 545 cere,
2172 483 2353 537 cdixit
2401 484 2626 538 audiens
2678 487 2841 540 verba
2877 487 3057 543 fortis.
3089 508 3109 542 ι
3176 491 3375 547 Eodem
3403 495 3548 548 enim

1971 573 2162 626 ordine
2191 589 2298 641 quo
2329 573 2421 628 alii
2451 574 2594 629 oculi
2621 575 2969 644 clauduntur,
3004 579 3167 633 etalii
3201 583 3548 650 aperiuntur,

1969 663 2135 718 etiam
2165 680 2324 722 aures
2361 667 2480 722 aliae
2508 668 2847 732 claudendae,
2893 679 2949 724 et
2977 672 3097 726 alia:
3128 674 3434 741 aperiendae
3463 675 3548 729 in—

1971 755 2315 825 telliguntur.
2384 758 2580 813 Verum
2629 759 2673 814 si
2726 761 2848 830 quis
2894 762 3010 817 btec
3034 763 3198 818 etiam
3249 767 3545 820 secundum

1969 846 2252 901 historiam
2286 847 2417 903 velit
2455 848 2597 902 dicta
2628 851 2926 920 suscipere,
2975 864 3153 922 potest
3181 855 3384 920 dicere,
3418 857 3544 926 quia

1970 937 2023 990 in
2071 952 2138 991 eo
2185 939 2328 1006 quod
2373 941 2505 993 vidit
2540 941 2754 994 Balaam
2802 943 2943 1010 quod
2985 945 3185 1000 bonum
3215 958 3298 1002 est
3332 948 3384 1002 in
3414 965 3548 1004 con-

1968 1038 2155 1098 speetu
2195 1029 2406 1083 Domini
2441 1031 2767 1088 benedicere
2789 1033 2973 1101 Israel,
3004 1038 3362 1092 ostenduntur
3394 1056 3547 1095 reveo

1968 1119 2061 1173 lati
2088 1121 2230 1174 oculi
2285 1122 2422 1190 ejus,
2475 1131 2527 1176 et
2583 1123 2762 1179 factus
2814 1141 2936 1181 esse
2983 1127 3144 1182 homo
3175 1144 3302 1184 vere
3331 1130 3542 1186 videns.

1968 1213 2108 1268 Vere
2131 1211 2277 1266 enim
2309 1213 2440 1267 vidit
2479 1229 2598 1282 qua:
2633 1215 2812 1272 futura
2841 1228 2998 1273 erant
3027 1221 3093 1274 de
3127 1220 3308 1284 Israel,
3339 1224 3419 1277 vel
3449 1223 3542 1279 Ja-

1966 1305 2089 1358 cob.
2130 1305 2362 1358 Audisse
2415 1321 2635 1374 quoque
2662 1323 2782 1362 eum
2832 1311 2998 1365 verba
3031 1311 3186 1368 fortis
3212 1314 3344 1368 dicit
3376 1315 3426 1367 in
3455 1329 3542 1380 en,

1965 1407 2087 1447 cum
2139 1393 2296 1446 venit
2350 1395 2415 1447 ad
2467 1409 2588 1447 eum
2642 1395 2807 1462 Deus,
2863 1406 2918 1451 et
2952 1398 3088 1451 dixit
3121 1399 3172 1451 in
3223 1401 3427 1454 somnis
3452 1401 3538 1454 “z

1971 1501 1988 1534 t
2015 1480 2249 1537 Verbum
2297 1487 2442 1554 quod
2473 1487 2675 1541 dedero
2710 1490 2763 1540 in
2813 1503 2909 1543 ore
2942 1499 3055 1554 tuo,
3090 1491 3192 1543 hoc
3223 1494 3449 1546 observa
3483 1503 3542 1546 ut

1966 1571 2234 1643 loquaris;
2264 1594 2283 1627 ι
2337 1585 2391 1630 et
2443 1576 2546 1630 hoc
2596 1587 2714 1631 erat
2759 1581 2933 1634 visum
2961 1580 3079 1646 Dei,
3131 1583 3273 1650 quod
3307 1583 3440 1636 vidit
3486 1584 3538 1639 in

275 1681 412 1726 sum
459 1671 602 1727 oculi
642 1687 852 1728 eorum,
878 1691 898 1724 ι
959 1673 1075 1728 Nisi
1124 1675 1267 1728 enim
1313 1682 1495 1730 essent
1541 1672 1856 1730 dinarchum
1886 1657 1930 1710 B
1959 1667 2182 1732 somnis,
2215 1677 2270 1722 et
2304 1682 2399 1736 per
2439 1667 2552 1722 haec
2584 1670 2851 1725 revelatus
2879 1687 2998 1726 esse
3029 1673 3217 1728 oculos
3244 1674 3359 1740 ejus
3389 1689 3537 1728 asse-

273 1761 591 1828 oculornm,
647 1772 703 1816 et
747 1762 838 1816 alii
871 1772 1055 1817 essent
1099 1765 1191 1834 qui
1223 1779 1321 1834 per
1349 1764 1854 1833 praevaricationem

272 1853 620 1920 aperientur,
670 1861 723 1907 et
769 1853 860 1907 alii
888 1854 1086 1924 quibus
1117 1855 1378 1911 videbant
1407 1855 1576 1910 Adam
1632 1865 1687 1911 et
1721 1857 1855 1920 Eva,

275 1954 578 2013 antequam
634 1946 717 2000 isti
757 1947 1119 2014 aperirentur,
1179 1963 1454 2018 nunquam
1485 1949 1669 2019 utique
1703 1947 1855 2004 Seri-

276 2046 440 2106 ptura
498 2037 741 2092 nondum
791 2038 996 2108 apertis
1034 2039 1208 2095 oculis
1254 2055 1462 2106 eorum,
1510 2041 1616 2096 illis
1649 2042 1740 2111 qui
1785 2056 1854 2096 ex

271 2129 724 2196 praevaricatione
750 2131 1000 2200 patefacti
1031 2143 1177 2197 sunt,
1210 2133 1417 2188 diceret
1439 2134 1482 2165 “
1520 2151 1534 2187 :
1577 2153 1596 2186 c
1624 2134 1691 2188 Et
1719 2135 1857 2190 vidit

273 2219 482 2274 mulier
513 2221 638 2290 quia
677 2222 878 2277 bonum
911 2233 995 2280 est
1045 2224 1251 2296 lignum
1298 2227 1364 2280 ad
1396 2227 1854 2292 manducandum,

276 2319 339 2364 et
370 2321 583 2380 gratum
611 2312 784 2370 oculis
815 2315 883 2369 ad
911 2314 1223 2380 videndum,
1255 2323 1310 2370 et
1336 2320 1643 2385 speciosum
1673 2325 1756 2372 est
1783 2319 1852 2372 ad

273 2403 766 2472 considerandum,
819 2416 874 2460 et
909 2407 1190 2476 accipiens
1219 2409 1284 2461 de
1314 2407 1456 2477 ligno
1485 2408 1853 2470 manducavit.

272 2504 335 2549 et
373 2495 522 2548 dedit
573 2495 693 2550 viro
741 2511 840 2551 suo
893 2512 1102 2562 secum,
1151 2507 1206 2554 et
1254 2500 1733 2560 manducaverunt,
1799 2507 1854 2553 et

277 2585 456 2652 aperti
513 2594 640 2639 sunt
685 2587 826 2641 oculi
881 2589 1240 2643 amborum.»
1303 2587 1583 2654 Quomodo
1616 2591 1760 2642 enim
1807 2589 1851 2642 si

272 2679 514 2731 nondum
543 2678 716 2746 aperti
747 2679 959 2734 fuerant
990 2680 1132 2734 oculi
1159 2682 1464 2744 amborum,
1499 2681 1630 2735 vidit
1658 2681 1856 2736 mulier

273 2770 403 2837 quia
453 2769 655 2824 bonum
709 2780 855 2826 esset
911 2771 1117 2842 lignum
1161 2773 1228 2826 ad
1286 2773 1743 2840 manducandum,
1799 2784 1854 2830 et

272 2869 493 2930 gratum
523 2861 698 2917 oculis
724 2863 790 2917 ad
827 2863 1159 2918 videndum?
1197 2864 1499 2934 quibusque
1525 2864 1692 2919 etiam
1721 2879 1854 2918 ocu-

274 2953 348 3007 lis
377 2953 681 3022 speciosum
712 2954 913 3010 dicitur
934 2954 1100 3010 fuisse
1129 2956 1192 3009 ad
1225 2956 1712 3011 considerandum?
1745 2955 1849 3010 Sed
1879 2992 1922 3050 ο

271 3061 378 3114 ego
411 3048 636 3103 audiens
681 3063 870 3103 vocem
926 3049 1136 3104 Domini
1197 3049 1301 3102 mei
1347 3047 1472 3102 Jesu
1525 3049 1749 3112 Christi,
1799 3061 1855 3104 et

273 3138 534 3192 virtutem
566 3139 828 3194 bonitatis
857 3139 972 3207 ejus
1007 3139 1336 3208 intelligens,
1368 3140 1440 3193 ita
1471 3141 1694 3195 adverto
1724 3141 1853 3196 illud

272 3231 421 3298 quod
449 3230 577 3286 dicit
603 3232 646 3262 ¹²
680 3251 694 3286 :
730 3250 749 3282 ι
772 3232 828 3286 In
851 3231 1113 3300 judicium
1152 3246 1253 3302 ego
1285 3233 1402 3286 veni
1439 3233 1492 3286 in
1527 3233 1667 3287 hunc
1696 3248 1853 3287 mun-

273 3323 430 3387 dum,
483 3332 540 3377 ut
592 3339 696 3378 non
746 3325 993 3380 videntes
1042 3325 1280 3389 videant,
1329 3334 1384 3378 et
1434 3324 1678 3378 videntes
1725 3325 1850 3379 caeci

275 3414 446 3480 flant;
474 3433 493 3467 ι
526 3416 666 3484 quod
713 3416 766 3470 in
795 3415 1170 3486 peccatoribus
1203 3431 1306 3470 non
1352 3415 1535 3471 vident
1577 3415 1653 3469 illi
1684 3415 1847 3482 oculi,

274 3504 373 3574 qui
407 3503 660 3560 meliores
688 3515 852 3569 sunt;
886 3505 980 3559 sed
1010 3502 1070 3568 ii,
1103 3504 1194 3572 qui
1229 3518 1419 3558 sensus
1451 3500 1634 3556 carnis
1664 3500 1849 3569 appel-

275 3595 479 3660 lantur,
517 3608 571 3651 et
598 3598 688 3668 qui
718 3599 954 3654 consilio
999 3597 1272 3666 serpentis
1315 3596 1488 3666 aperti
1518 3603 1664 3649 sunt.
1704 3592 1848 3664 Opus

274 3704 412 3759 ergo
463 3692 811 3760 magniticum
842 3691 1140 3746 Salvatoris
1177 3691 1346 3744 nostri
1391 3688 1602 3744 Domini
1639 3698 1741 3753 est,
1790 3697 1848 3746 ut

276 3782 336 3848 ii,
369 3782 459 3851 qui
493 3798 600 3836 non
627 3783 813 3838 vident
847 3783 1160 3838 melioribus
1190 3780 1360 3837 oculis
1386 3795 1507 3848 qua:
1530 3780 1670 3834 bona
1703 3789 1846 3842 sunt,

274 3875 370 3928 sed
406 3873 512 3928 illis
563 3875 654 3942 qui
706 3876 934 3930 consilio
985 3875 1256 3946 serpentis
1307 3871 1559 3944 patefacti
1597 3882 1746 3937 sunt,
1794 3881 1848 3926 et

273 3980 394 4033 qua:
424 3966 564 4019 mala
619 3975 750 4020 sunt
780 3967 1081 4030 intuentur,
1114 3966 1243 4021 caeci
1299 3965 1430 4018 fiant
1465 3981 1479 4018 :
1509 3973 1563 4018 et
1591 3963 1684 4034 qui
1719 3963 1847 4018 caeci

274 4056 481 4112 fuerint
512 4058 617 4114 illis
664 4058 863 4124 oculis,
921 4074 1056 4128 quos
1089 4060 1368 4126 persuasio
1408 4057 1674 4126 serpentis
1715 4070 1845 4124 ape-

275 4149 408 4212 ruit,
443 4149 666 4204 videant
712 4150 850 4204 bona
899 4149 1110 4204 Domini
1159 4149 1242 4203 his
1287 4147 1478 4210 oculis,
1529 4161 1665 4216 quos
1691 4144 1848 4202 Jesus

273 4237 525 4292 Salvator
557 4249 743 4293 noster
773 4241 919 4294 venit
953 4239 1186 4308 aperire.
1227 4238 1340 4293 Nisi
1372 4238 1518 4292 enim
1549 4237 1696 4306 prius
1732 4253 1846 4290 ma-

1964 1756 2053 1823 rit,
2085 1759 2212 1826 quia
2247 1761 2425 1828 potuit
2481 1761 2667 1816 videre
2718 1777 2838 1826 qua:
2867 1765 3020 1818 vidit.
3064 1764 3188 1820 Haec
3222 1767 3436 1835 quidem
3469 1769 3536 1822 de

1959 1849 2024 1903 iis
2055 1865 2174 1919 qua:
2227 1854 2279 1908 in
2328 1855 2644 1926 praefatione
2690 1870 2791 1911 sua
2824 1855 3045 1911 Balaam
3093 1859 3147 1912 in
3184 1860 3536 1930 semetipsum

1957 1942 2107 1996 visus
2133 1953 2217 1998 est
2251 1949 2607 2016 prophetare.

2025 2035 2081 2088 4.
2121 2033 2275 2090 Nunc
2323 2037 2434 2104 jam
2480 2040 2758 2095 videamus
2791 2056 2909 2110 quae
2959 2049 3108 2104 sunt,
3158 2057 3278 2111 quae
3305 2042 3357 2096 in
3401 2059 3536 2098 cou-

1958 2128 2313 2194 sequentibus
2342 2130 2517 2184 dicit:
2560 2149 2580 2182 ι
2622 2129 2798 2198 Quam
2837 2133 3026 2197 bonae,
3081 2133 3254 2201 inquit
3309 2135 3382 2197 ιτ,
3433 2135 3534 2190 do-

1956 2234 2076 2274 mus
2111 2218 2434 2287 tuteJacob,
2465 2221 2808 2276 tabernacula
2837 2233 2948 2289 tua,
2985 2223 3183 2279 Israel!
3213 2225 3281 2280 Ut
3313 2241 3534 2282 nemora

1957 2313 2285 2380 umbrantia,
2345 2322 2405 2366 ut
2431 2312 2666 2381 paradisi
2701 2328 2866 2382 super
2898 2315 3142 2380 flumina,
3177 2328 3233 2370 et
3278 2318 3420 2371 sicut
3450 2327 3532 2370 ta-

1955 2399 2247 2455 bernacula
2289 2417 2410 2470 qua:
2474 2401 2592 2455 ﬁxit
2655 2401 2938 2467 Dominus,
2993 2404 3134 2458 sicut
3183 2407 3331 2460 cedri
3377 2406 3532 2475 juxa

1954 2507 2146 2562 aquas.
2173 2511 2192 2544 ι
2231 2492 2407 2547 Bonas
2446 2507 2582 2560 quas
2631 2493 2764 2547 dicit
2800 2495 2992 2549 domus
3021 2495 3210 2562 Jacob,
3265 2515 3369 2553 non
3403 2513 3532 2569 puto

1955 2585 2097 2653 quod
2154 2585 2423 2639 domicilia
2471 2600 2660 2638 eorum
2716 2587 2990 2644 collaudet
3040 2601 3280 2658 terrena,
3353 2610 3532 2662 neque

1953 2679 2097 2730 enim
2135 2676 2239 2730 tale
2292 2677 2496 2746 aliquid
2537 2678 2705 2734 fuisse
2757 2680 2902 2749 apud
2940 2696 3033 2736 eos
3089 2695 3288 2752 prwter
3341 2697 3531 2755 gentes

1960 2778 2184 2824 caeteras
2226 2780 2580 2823 memoratur.
2623 2771 2728 2824 Sed
2769 2773 3047 2830 videamus
3087 2790 3155 2830 ne
3187 2776 3348 2840 forte,
3388 2793 3526 2846 quo-

1955 2863 2101 2916 niam
2140 2863 2368 2932 populus
2408 2879 2504 2931 per
2545 2865 2715 2919 tribus
2750 2875 2867 2920 erat
2909 2868 3135 2930 divisus,
3175 2880 3227 2923 et
3267 2886 3525 2938 numqua:-

1956 2968 2062 3022 que
2094 2956 2265 3010 tribus
2295 2971 2392 3025 per
2425 2957 2634 3026 plebes,
2675 2965 2730 3011 et
2772 2958 2962 3013 iterum
2997 2957 3176 3025 plebes
3211 2975 3306 3028 per
3333 2976 3533 3031 cogna-

1961 3045 2157 3110 tiones,
2201 3057 2254 3100 et
2295 3049 2650 3116 cognationes
2685 3063 2783 3118 per
2835 3050 3022 3104 domos
3074 3050 3426 3117 familiarum,
3474 3062 3531 3108 et

1957 3151 2174 3190 rursum
2236 3136 2430 3192 domus
2489 3136 2818 3191 familiarum
2870 3154 2966 3207 per
3023 3155 3308 3194 numerum
3349 3144 3529 3196 nomi-

1954 3243 2103 3287 num,
2147 3238 2200 3282 et
2253 3244 2352 3298 per
2389 3234 2569 3300 capita
2611 3235 3038 3288 numerabantur
3078 3245 3095 3287 :
3137 3236 3236 3287 hoc
3286 3244 3372 3287 est
3409 3250 3528 3287 ont-

1955 3321 2037 3373 nis
2075 3321 2166 3388 qui
2206 3331 2325 3376 erat
2364 3337 2392 3375 a
2428 3324 2616 3393 viginti
2649 3326 2805 3379 annis
2831 3336 2885 3380 et
2919 3341 3100 3395 supra,
3140 3326 3412 3380 masculus
3436 3325 3530 3396 qui

1951 3412 2245 3479 procedere
2285 3415 2486 3481 poterit
2524 3415 2590 3468 ad
2631 3415 2827 3469 bellum
2885 3433 2897 3468 :
2942 3417 3038 3469 has
3078 3416 3270 3470 domus
3311 3414 3525 3469 Balaam

1953 3504 2005 3557 in
2063 3505 2260 3572 spiritu
2316 3518 2585 3561 contuens
2635 3506 2939 3577 magnitieet
2991 3517 3042 3560 et
3097 3507 3338 3562 extollat.
3419 3507 3527 3562 Sed

1952 3611 2060 3650 non
2110 3597 2162 3650 in
2203 3596 2288 3650 his
2325 3598 2495 3653 solius
2535 3599 2730 3653 littera:
2769 3597 3070 3651 contneuda
3113 3598 3379 3665 sententia
3419 3608 3524 3660 est,

1951 3691 2207 3756 quoniam
2248 3691 2466 3760 quidem
2518 3706 2638 3761 quae
2685 3691 2921 3760 loquitur
2960 3689 3202 3754 Balaam,
3247 3700 3524 3757 assumpta

1948 3781 2110 3853 337
2139 3784 2392 3852 parabola
2447 3799 2542 3839 sua
2575 3783 2833 3852 loquitur.
2889 3781 2943 3834 In
2980 3779 3252 3848 parabolis
3295 3794 3425 3848 ergo
3469 3790 3528 3836 et

1952 3893 2050 3929 nos
2077 3879 2222 3946 quod
2253 3876 2450 3931 dicitur
2478 3877 2784 3932 audiamus.
2817 3874 2872 3930 Si
2917 3875 3060 3928 enim
3094 3873 3409 3928 consideres
3440 3873 3527 3925 di-

1948 3967 2190 4022 visiones
2225 3967 2364 4033 illas,
2399 3977 2453 4021 et
2491 3965 2710 4021 ordines
2752 3963 3070 4032 populorum
3109 3962 3200 4032 qui
3235 3963 3287 4015 in
3339 3976 3526 4015 resur~

1947 4060 2194 4114 rectione
2222 4058 2563 4112 habebuntur
2597 4056 2647 4110 in
2690 4055 2884 4125 populo
2932 4056 3041 4108 veri
3091 4053 3278 4118 Israel,
3311 4053 3527 4121 quando

1949 4151 2320 4218 unusquisque
2350 4157 2598 4218 resurget
2624 4147 2675 4201 in
2717 4162 2814 4200 suo
2844 4146 3038 4201 ordine
3065 4144 3108 4176 ¹⁸
3140 4160 3154 4196 :
3187 4145 3231 4198 si
3257 4157 3408 4213 pates
3439 4143 3554 4206 in-,

1951 4244 2088 4301 tueri
2125 4243 2301 4298 tribus
2343 4241 2462 4295 illas
2495 4251 2549 4294 et
2577 4238 2758 4308 plebes
2781 4277 2796 4302 ,
2825 4246 2879 4292 et
2913 4236 3288 4304 cognationes,
3318 4235 3369 4289 ili
3403 4235 3525 4302 qui—

275 4331 455 4385 Ιυηιηὲ
486 4332 636 4387 Visus
663 4331 974 4398 Clandalu".
1006 4333 1269 4386 honorum
1304 4345 1409 4383 ηοιι
1443 4329 1646 4399 Palebil
1673 4329 1837 4383 ἱηιιιὶ·
1872 4326 1916 4382 D
1946 4335 2046 4390 bus
2068 4349 2177 4387 non
2211 4341 2321 4386 tam
2355 4332 2536 4385 carnis
2565 4340 2620 4384 et
2653 4328 2934 4396 sanguinis
2963 4339 3045 4380 est
3071 4327 3338 4396 cognatio,
3360 4340 3522 4394 quam

276 4432 382 4477 tus.
441 4421 532 4477 Sic
560 4438 690 4492 ergo
721 4423 885 4476 etiam
920 4422 1046 4476 illud
1079 4420 1206 4476 boni
1254 4419 1346 4474 Dei
1375 4419 1581 4473 dictum
1612 4417 1839 4486 accipio,

272 4515 419 4587 quod
451 4517 587 4570 dixit
612 4516 654 4546 "
688 4533 705 4573 :
747 4533 767 4566 ι
794 4515 925 4581 Quis
979 4515 1108 4569 fecit
1140 4513 1436 4574 videntem,
1469 4520 1523 4565 et
1556 4509 1791 4564 caecum?
1815 4528 1835 4562 ι

272 4611 544 4664 videntem
577 4608 795 4680 quidem
824 4607 1120 4663 secundum
1149 4605 1442 4668 Christum,
1487 4619 1690 4658 caecum
1716 4617 1843 4658 vero

273 4704 571 4757 secundum
604 4703 889 4758 consilium
938 4701 1230 4770 serpentis.
1293 4697 1416 4751 Haec.
1465 4706 1646 4749 autem
1698 4709 1844 4749 com-

275 4797 606 4860 monuimus,
638 4807 698 4852 ut
723 4798 1028 4853 evidentius
1049 4795 1383 4849 eluceseeret
1411 4792 1501 4860 qui
1536 4799 1665 4846 sunt
1697 4791 1839 4846 oculi

269 4889 365 4960 qui
400 4889 742 4955 claudantur,
776 4900 832 4944 et
863 4888 957 4960 qui
992 4896 1121 4942 sunt
1161 4884 1300 4940 oculi
1339 4883 1434 4953 qui
1486 4883 1794 4938 revelentur
1824 4900 1838 4937 :

272 4981 434 5035 simul
485 4992 545 5035 ut
577 4993 632 5036 et
662 4981 794 5036 illud
843 4996 911 5036 ex
961 4980 1044 5034 his
1073 4977 1425 5044 intelligatur,
1456 4974 1599 5044 quod
1636 4974 1686 5029 in
1714 4988 1842 5044 pro-

269 5071 434 5142 pheta
465 5073 723 5142 scriptum
763 5081 848 5126 est
872 5071 915 5102 “
956 5090 971 5125 :
1019 5089 1040 5123 ι
1068 5067 1324 5123 Videntes
1359 5067 1625 5130 videbitis,
1649 5076 1703 5120 et
1737 5081 1839 5119 non

271 5164 561 5232 videbitis;
591 5183 613 5216 ι
646 5174 706 5219 ιιι
731 5165 964 5220 sciamus
987 5162 1183 5231 quibus
1212 5159 1381 5213 oculis
1401 5159 1608 5223 vident,
1646 5167 1699 5212 et
1723 5159 1844 5226 qui-

270 5255 372 5311 bus
398 5257 645 5312 videntes
677 5271 782 5312 non
815 5256 1019 5310 vident.
1058 5255 1298 5323 Apparet
1329 5266 1457 5321 ergo
1485 5257 1541 5304 et
1575 5251 1719 5304 hunc
1745 5249 1845 5302 Ba-

935 5398 958 5430 ⁸
979 5397 1188 5450 (Ioloss.
1209 5411 1268 5461 ιι,
1292 5395 1378 5449 18.

384 5401 404 5431 ⁷
430 5401 469 5455 ΙΙ
493 5403 618 5458 Cor.
645 5415 728 5463 In,
753 5400 840 5456 18.
935 5400 958 5430 ⁸
979 5400 1188 5450 (loloss.
1209 5411 1268 5461 ιι,
1292 5400 1378 5449 18.
1455 5400 1503 5436 νε

384 5469 460 5529 ιι.
538 5475 582 5506 ³⁸
613 5471 736 5526 lsai.
761 5487 834 5531 vt,
856 5471 910 5526 9.
990 5468 1033 5500 ¹¹
1055 5466 1215 5520 Νυιιι.
1240 5480 1386 5531 xxiv,
1411 5463 1503 5519 ΞΗ.

271 5469 460 5536 ιν,Ί1.
538 5475 582 5506 ³⁸
613 5471 736 5526 lsai.
761 5487 834 5536 vt,
856 5471 910 5526 9.

1455 5394 1476 5425 ’
1498 5391 1694 5447 Genes.
1722 5407 1804 5457 III,
1827 5391 1882 5445 5.

1579 5465 1622 5495 ιθ
1644 5461 1801 5515 Num.
1827 5478 1962 5527 xxn,
1987 5461 2075 5514 35.

1949 4424 2147 4479 mentis
2180 4429 2234 4477 et
2263 4421 2429 4475 animi
2469 4438 2484 4476 :
2531 4432 2657 4476 tunc
2700 4418 2968 4488 intelliges
3002 4434 3162 4485 quam
3207 4417 3358 4469 bOnze
3392 4424 3520 4468 sunt

1947 4517 2142 4570 domus
2201 4513 2401 4575 Jacob,
2434 4526 2488 4566 et
2539 4527 2697 4581 quam
2747 4510 2887 4564 bona
2936 4506 3284 4562 tabernacula
3329 4505 3518 4560 Israel.

1947 4608 2100 4678 Quod
2146 4607 2190 4661 si
2238 4614 2294 4660 et
2324 4604 2658 4659 differentias
2709 4603 2987 4656 domorum
3010 4639 3025 4662 ,
3059 4609 3113 4654 et
3148 4598 3523 4653 tabernaculo--

1949 4716 2068 4756 rum
2102 4698 2370 4767 requiras,
2403 4706 2454 4751 et
2483 4694 2651 4749 Iacob
2703 4705 2865 4762 atque
2909 4690 3074 4745 Israel
3125 4691 3517 4753 diversitatem,

1948 4793 2112 4848 etiam
2145 4791 2209 4845 de
2237 4790 2339 4843 hoc
2368 4787 2490 4841 talis
2531 4786 2775 4856 quaedam
2813 4783 3056 4837 habenda
3105 4781 3383 4836 distinctio
3413 4789 3513 4832 cst.

1949 4883 2148 4938 Domus
2189 4896 2274 4935 res
2311 4889 2394 4934 est
2424 4877 2676 4938 fundata,
2725 4891 2789 4929 ac
2827 4873 3056 4938 stabilis,
3107 4880 3162 4925 et
3203 4873 3365 4925 certis
3411 4881 3519 4923 ter-

1949 4975 2110 5029 minis
2139 4985 2310 5040 septa.
2336 4966 2707 5024 Tabernacula
2738 4979 2868 5019 vero
2887 4975 3012 5019 sunt
3039 4961 3344 5016 habitacula
3371 4974 3519 5028 quae-

1949 5068 2072 5121 dam
2107 5061 2426 5130 eorum,qui
2461 5074 2674 5128 semper
2707 5057 2758 5110 in
2794 5057 2880 5110 via
2913 5063 3134 5118 sunt,et
3170 5067 3380 5120 semper
3407 5067 3519 5104 am-

1949 5155 2155 5218 bulant,
2183 5168 2280 5208 nec
2315 5150 2526 5206 itineris
2555 5149 2635 5202 sui
2668 5148 2953 5201 termimnn
2982 5150 3318 5212 repererunt.
3355 5139 3520 5208 Igitur

1947 5248 2117 5304 Jacob
2151 5245 2432 5301 habendus
2460 5252 2544 5298 est
2571 5242 2623 5295 in
2663 5254 2851 5295 eorum
2882 5237 3148 5308 personis,
3175 5235 3264 5304 qui
3305 5234 3356 5286 in
3391 5231 3522 5283 acti-

2757 5381 2799 5412 “
2821 5379 2976 5433 Joan.
3009 5394 3085 5438 ιχ,
3109 5375 3200 5430 39.
3278 5373 3321 5405 ¹³
3347 5371 3516 5427 Exod.

2802 5451 2884 5504 ³⁸1
2918 5451 3040 5503 (lor.
3077 5463 3166 5502 xv.

1959 5392 2002 5423 ¹⁰
2030 5389 2158 5444 ibid.
2186 5389 2240 5440 7.
2317 5387 2358 5418 “
2386 5386 2517 5439 ibid.
2546 5382 2599 5448 6,
2625 5381 2678 5437 7.

2153 5459 2194 5494 ¹⁷
2220 5457 2380 5512 Num.
2407 5469 2554 5518 xxtv,
2583 5455 2637 5518 5,
2665 5453 2720 5509 6.

341 5640 455 5712 (75)
489 5639 744 5712 Imagine.
786 5637 878 5694 Sic
906 5651 1039 5693 mss.
1067 5634 1222 5690 Libb.
1247 5634 1402 5700 editi,
1439 5651 1457 5685 ι
1491 5630 1904 5701 imaginatione.
1938 5647 1957 5682 ι
