4074 6156
659 195 754 248 707
2116 190 2437 246 ΟΒΙΒΕΝΙΞ
3777 191 3857 247 708

650 309 751 362 bus
788 318 841 363 et
881 321 1041 375 apere
1072 307 1292 376 perfecti
1328 319 1455 361 sunt
1492 325 1507 362 :
1541 308 1705 362 Israel
1746 324 1874 361 vero
1913 307 1986 359 illi
2020 308 2212 359 intelli-
2244 323 2289 372 Α
2320 313 2539 359 sanctus
2572 319 2678 358 non
2709 303 2881 358 solum
2906 303 3022 373 ipse
3050 301 3254 357 ﬂuvius
3285 300 3381 365 sit,
3413 301 3508 355 sed
3542 309 3595 355 et
3620 300 3682 356 iis
3702 303 3853 371 quibus

649 403 806 472 gendi
839 411 980 463 sunt,
1014 402 1103 469 qui
1136 401 1372 455 stmlinm
1414 416 1538 471 erga
1575 402 1896 471 sapientiam
1931 415 1995 453 ac
2037 400 2211 454 scien-

652 496 781 548 tiam
807 505 1021 564 gerunt.
1061 493 1196 558 Quia
1229 506 1360 561 ergo
1385 508 1604 559 operum
1642 503 2029 562 gestorumque
2054 505 2210 545 exer-

645 583 775 638 citia
803 582 1091 636 certo-ﬁne
1142 581 1471 635 clauduntur
1519 587 1720 651 (neque
1752 583 1895 636 enim
1953 582 2070 637 sine
2106 581 2210 635 ﬁne

645 684 729 727 est
763 687 982 741 operum
1016 672 1319 742 perfectio),
1348 672 1435 725 ubi
1470 673 1845 741 adimpleverit
1872 675 1992 741 quis
2031 673 2207 726 omnia

644 779 763 831 quae
788 764 964 818 facere
998 764 1202 827 debuit,
1234 775 1289 818 et
1322 767 1389 818 ad
1422 765 1581 819 ﬁnem
1609 764 1963 834 perfectionis
1987 780 2208 833 operum

643 855 874 918 venerit,
922 856 1187 924 perfectio
1222 856 1337 925 ipsa
1377 871 1634 925 operum,
1667 858 1807 910 bona
1856 857 2045 910 domus
2091 857 2210 925 ejus

644 961 767 1001 esse
792 947 1023 1000 dicetur.
1055 947 1254 1000 Eorum
1285 962 1411 1001 vero
1443 949 1535 1016 qui
1571 948 1849 1015 sapientiae
1877 957 1931 1001 et
1969 947 2211 1002 scientia:

643 1055 866 1108 operam
900 1040 1051 1105 dant,
1101 1042 1357 1107 quoniam
1406 1040 1530 1093 ﬁnis
1574 1040 1754 1094 nullus
1787 1049 1871 1093 est
1896 1040 2040 1110 (quis
2063 1038 2207 1092 enim

646 1133 907 1186 terminus
942 1133 1033 1185 Dei
1070 1133 1348 1201 sapientiae
1391 1133 1496 1185 erit
1538 1133 1679 1185 ?ubi
1727 1141 1930 1201 quanto
1979 1131 2210 1200 amplius

644 1225 767 1292 quis
797 1224 1101 1285 accesserit,
1139 1233 1286 1276 tanto
1317 1222 1666 1292 profumliora
1697 1223 2023 1286 inveniet,et
2046 1237 2210 1289 quan-

644 1328 701 1369 to
737 1317 906 1385 magis
930 1326 1203 1369 scrutatus
1229 1314 1413 1380 fuerit,
1442 1324 1592 1367 tanto
1647 1329 1710 1369 ea
1752 1312 2103 1368 iueﬁ'abiliora
2156 1321 2210 1368 et

645 1405 1271 1474 incomprehensibiliora
1313 1405 1703 1473 deprehendet,
1740 1404 2206 1472 incomprehensi-

644 1500 767 1553 bilis
792 1497 1412 1552 enimetimestimabilis
1445 1507 1528 1551 est
1548 1497 1640 1550 Dei
1662 1496 1971 1566 sapientia),
2003 1496 2206 1551 idcirco

642 1602 831 1640 eorum
890 1587 980 1653 qui
1021 1587 1125 1639 iter
1179 1586 1458 1652 sapientiae
1503 1584 1593 1638 Dei
1640 1584 1925 1647 incedunt,
1966 1600 2071 1637 non
2109 1584 2205 1638 do-

2327 399 2484 451 datus
2510 398 2693 458 fuerit,
2728 384 2945 450 flumina
2992 398 3058 450 de
3086 405 3294 449 ventre
3333 407 3531 448 eorum
3569 399 3854 463 procedant:

2321 497 2372 541 et
2403 487 2543 541 Deus
2576 485 2741 540 Pater
2771 487 2915 540 dicat
2939 487 2983 516 ¹⁰
3018 501 3029 533 :
3057 505 3074 535 ι
3117 483 3203 537 Me
3230 484 3651 552 dercliquerunt
3697 484 3856 540 fontem

2318 594 2471 645 aqua:
2502 580 2657 643 vivae,
2683 597 2700 630 ι
2729 594 2793 631 ex
2819 593 2924 646 quo
2956 580 3165 633 Scilicet
3191 578 3357 631 fonte
3398 575 3620 629 ﬁumina
3652 578 3739 630 ista
3763 595 3857 646 pro-

2317 672 2536 724 cedunt.
2571 668 2665 724 IIis
2700 670 2861 738 igitur
2894 671 3147 723 inundata
3192 670 3529 724 fluminibus
3563 670 3855 724 tabernacula

2319 763 2507 825 Israel,
2537 762 2670 815 ﬁunt
2721 761 3070 815 tabernacula
3116 763 3267 817 sicut
3332 770 3463 816 sunt
3498 760 3587 813 illa
3628 775 3735 828 quae
3770 762 3859 814 fixit

2319 853 2601 907 Dominus.
2646 852 2751 907 Sed
2796 853 3061 906 intentum
3122 850 3392 905 fortassis
3446 864 3663 904 movere
3702 854 3858 919 poterit

2317 945 2638 1006 auditorem,
2671 945 2812 1013 quod
2844 945 2979 999 duas
3005 943 3274 1011 quasdam
3321 941 3543 1009 species
3585 940 3857 994 tabernacu-

2317 1033 2491 1088 lorum
2529 1050 2768 1103 praesens
2820 1048 3000 1089 sermo
3034 1042 3465 1087 commemorat.
3514 1022 3603 1084 Ait
3633 1032 3759 1085 enim
3782 1031 3855 1084 “z

2321 1147 2338 1179 ι
2380 1128 2553 1193 Quam
2603 1130 2755 1181 boum
2802 1128 2994 1181 domus
3034 1124 3384 1187 tuatJacoh,
3430 1122 3859 1182 tabernaculatua,

2316 1220 2511 1274 Israel!
2548 1219 2611 1274 Ut
2651 1234 2875 1273 nemora
2912 1218 3245 1285 umbrantia,
3278 1226 3340 1270 et
3373 1225 3430 1268 ul
3464 1215 3694 1283 paradisi
3730 1230 3855 1281 super

2315 1311 2557 1365 ﬁumina.
2582 1330 2601 1363 ι
2630 1312 2694 1365 Ει
2719 1327 2932 1365 rursum
2966 1311 3322 1365 tabernacula
3358 1307 3722 1363 tabernaculis
3741 1321 3856 1360 com-

2313 1412 2564 1471 parat,et
2598 1404 2727 1458 dicit
2760 1421 2816 1459 :t
2848 1404 2915 1457 Et
2941 1405 3082 1458 sicut
3109 1404 3473 1457 tabernacula
3501 1414 3620 1469 quae
3650 1398 3751 1451 ﬁxit
3779 1400 3855 1451 Do-

2317 1496 2516 1549 minus.
2562 1515 2580 1547 ι
2614 1496 2799 1551 Potest
2830 1512 2959 1567 ergo
2984 1506 3037 1550 et
3069 1497 3175 1549 alia
3225 1506 3356 1565 post
3388 1495 3513 1549 illas
3556 1509 3684 1562 quas
3730 1506 3855 1559 supra

2316 1588 2663 1654 proutlimus,
2700 1591 2860 1658 recipi
2894 1591 3177 1659 expositio,
3216 1599 3281 1643 ut
3309 1589 3566 1642 dicamus
3591 1586 3763 1641 domus
3785 1584 3855 1637 Ia-

645 1694 761 1732 mos
800 1677 1002 1739 laudnt,
1029 1692 1133 1729 non
1170 1677 1313 1729 enim
1364 1682 1726 1744 pervenerunt
1773 1675 1837 1727 ad
1890 1673 2047 1729 ﬁnem
2070 1714 2084 1737 .
2119 1676 2211 1728 sed
2244 1679 2286 1733 B
2316 1679 2417 1733 cob
2464 1695 2584 1734 esse
2642 1681 2833 1751 legem,
2871 1693 2927 1737 et
2964 1681 3318 1734 tabernacula
3365 1680 3538 1733 Israel
3590 1680 3854 1747 prophetas.

643 1769 999 1823 tabernacula
1049 1768 1300 1830 miratur,
1325 1766 1378 1819 in
1422 1767 1616 1833 quibus
1667 1780 1882 1835 semper
1907 1766 2209 1830 ambulant,

644 1872 700 1915 et
750 1874 966 1928 semper
1015 1858 1327 1928 proficiunt,
1360 1868 1415 1911 et
1442 1866 1646 1927 quanto
1694 1859 1868 1923 magis
1897 1858 2208 1927 proﬁciunt,

644 1964 797 2007 tanto
828 1953 909 2007 eis
946 1951 1261 2021 proficiendi
1289 1951 1371 2003 via
1400 1958 1645 2019 augetur,
1673 1958 1727 2004 et
1759 1950 2078 2003 immensum
2105 1960 2215 2003 ten-

644 2046 827 2109 ditur;
861 2056 916 2098 et
954 2046 1075 2098 ideo
1104 2045 1234 2097 istos
1272 2042 1418 2111 ipsos
1457 2041 1730 2110 profectus
1763 2056 1949 2095 eorum
1988 2056 2083 2109 per
2108 2042 2212 2108 spi'

646 2138 803 2189 ritum
842 2145 1125 2195 contuens,
1170 2133 1518 2187 tabernacula
1558 2147 1620 2186 ea
1664 2133 1905 2186 nominat
1935 2132 2119 2188 Israel.
2148 2133 2214 2187 Et

642 2243 767 2281 vere
789 2228 831 2280 si
861 2226 983 2296 quis
1010 2225 1248 2281 scientize
1294 2223 1440 2294 capit
1465 2223 1677 2293 aliquos
1708 2223 2005 2292 profectus,
2034 2236 2087 2279 et
2118 2241 2213 2279 ex-

641 2319 922 2388 perimenli
946 2317 1146 2387 aliquid
1188 2319 1242 2371 in
1295 2316 1488 2371 talibus
1534 2319 1801 2385 sumpsit,
1833 2318 1936 2371 scit
1971 2318 2212 2386 profecto

639 2410 781 2480 quod
814 2410 903 2464 ubi
953 2412 1021 2464 ad
1058 2408 1295 2478 aliquam
1350 2419 1570 2464 ventum
1617 2409 1780 2463 fuerit
1836 2410 2122 2474 theoriam,
2157 2419 2213 2465 et

640 2503 966 2572 agnitionem
995 2502 1371 2573 mysteriorum
1396 2501 1742 2570 spiritalium,
1766 2502 1837 2555 ibi
1869 2502 2048 2554 anima
2073 2517 2211 2570 qua-

640 2595 683 2648 si
719 2595 771 2647 in
804 2593 1035 2662 quodam
1075 2593 1428 2648 tabernaculo
1458 2595 1792 2648 demoratur.
1828 2594 1962 2647 Cum
1989 2608 2117 2647 vero
2142 2607 2212 2646 ex

638 2686 724 2739 his
758 2700 876 2754 qua:
905 2686 1126 2754 reperit,
1153 2686 1254 2739 alia
1284 2701 1470 2740 rursus
1493 2688 1742 2747 rimatur,
1763 2694 1816 2739 et
1837 2686 1901 2737 ad
1930 2684 2064 2738 alios
2087 2699 2211 2753 pro-

641 2778 751 2833 ﬁcit
783 2778 1108 2845 intellectus,
1132 2779 1254 2833 inde
1290 2781 1443 2847 quasi
1468 2779 1677 2847 elevato
1706 2777 2053 2832 tabernacqu
2091 2789 2211 2831 ten-

640 2871 720 2924 dit
747 2875 813 2924 ad
853 2871 1157 2939 superiora,
1200 2878 1255 2923 et
1286 2870 1358 2925 ibi
1404 2871 1636 2926 collocat
1660 2869 1825 2923 animi
1867 2871 2214 2933 sedem,sen—

640 2979 796 3017 suum
828 2962 1127 3017 stabilitate
1161 2962 1434 3017 confixam
1470 2980 1484 3017 :
1516 2973 1570 3017 et
1599 2962 1725 3016 inde
1758 2963 1950 3016 iterum
1982 2978 2047 3015 ex
2082 2964 2213 3032 ipsis

639 3054 775 3108 alios
826 3052 1035 3106 invenit
1078 3052 1353 3122 spiritales
1403 3068 1617 3117 sensus,
1659 3068 1794 3121 quos
1828 3054 2066 3121 priorum
2094 3054 2212 3107 sine

643 3146 805 3199 dubio
825 3160 1084 3198 sensuum
1116 3146 1496 3213 consequentia
1526 3146 1845 3214 patefecerit
1869 3166 1881 3200 :
1903 3154 1953 3200 et
1976 3145 2047 3198 ita
2069 3160 2207 3199 sem-

640 3250 736 3305 per
768 3250 828 3291 se
859 3236 925 3289 ad
976 3236 1158 3304 priora
1192 3239 1524 3300 extendens,
1579 3238 1934 3292 tabernaculis
1984 3238 2213 3305 quibus-

640 3330 763 3382 dam
798 3329 1009 3382 videtur
1048 3328 1321 3383 incedere.
1355 3327 1641 3398 Nunquam
1683 3338 1765 3384 est
1807 3330 1953 3383 enim
1995 3329 2211 3397 quando

640 3423 821 3475 anima
878 3421 1118 3476 scientize
1173 3421 1411 3491 igniculo
1448 3435 1707 3476 succensa
1757 3422 1918 3476 otiari
1968 3424 2212 3485 possitet

640 3513 941 3581 quiescere,
962 3513 1055 3567 sed
1089 3526 1305 3579 semper
1331 3528 1360 3565 a
1386 3512 1540 3568 bonis
1570 3514 1636 3567 ad
1669 3513 1914 3579 meliora,
1937 3527 1994 3569 et
2021 3516 2211 3570 itcrmn

638 3606 705 3658 ad
738 3607 1018 3675 superiora
1047 3621 1076 3658 a
1109 3606 1425 3661 melioribus
1454 3616 1806 3674 provocatur.
1833 3605 1946 3661 Hoc
1974 3622 2100 3676 ergo
2132 3622 2218 3661 sa-

641 3699 854 3766 pientiae
880 3698 973 3752 Dei
1023 3699 1126 3752 iter
1168 3707 1322 3767 grate
1369 3699 1522 3763 satis,
1546 3707 1602 3752 et
1633 3714 1753 3754 cum
1796 3699 1962 3753 multo
2017 3701 2212 3754 decore

641 3789 926 3858 descripsit
956 3789 1145 3845 dicens
1175 3789 1217 3820 ¹⁰
1251 3805 1263 3840 :
1293 3807 1312 3840 ι
1349 3788 1418 3844 Ut
1458 3804 1680 3845 nemora
1727 3789 2127 3857 obumbrantia,
2159 3798 2215 3845 et

641 3888 703 3933 ut
731 3880 966 3947 paradisi
993 3897 1160 3951 super
1184 3879 1428 3944 ﬁumina,
1457 3890 1513 3935 et
1540 3882 1681 3936 sicut
1712 3882 2057 3937 tabernacula
2094 3896 2214 3951 quae

644 3971 760 4023 fixit
794 3972 1073 4039 Dominus,
1109 3974 1250 4027 sicut
1282 3975 1429 4029 cedri
1461 3973 1612 4041 juxta
1648 3989 1835 4042 aquas.
1881 3992 1901 4026 ι
1933 3973 2035 4040 Qui
2068 3974 2212 4028 enim

641 4062 899 4117 incedunt
946 4064 1051 4117 hac
1093 4066 1212 4129 via,
1245 4082 1340 4134 per
1380 4081 1600 4121 nemora
1654 4066 2035 4119 obumbrantia
2071 4065 2216 4118 ince-

643 4155 797 4208 dunt.
824 4152 1052 4209 Nemora
1081 4155 1224 4209 enim
1252 4166 1379 4212 sunt
1399 4158 1480 4212 eis
1504 4156 1906 4220 obumbrantia,
1933 4157 2110 4209 omnis
2128 4155 2215 4223 ju-

642 4258 851 4305 stormn
885 4259 1092 4314 cretus,
1128 4260 1183 4305 et
1220 4262 1527 4308 sanctorum
1575 4253 1961 4320 prophetarum
1995 4252 2214 4305 chorus.

2313 1769 2431 1824 Non
2459 1772 2603 1825 enim
2632 1773 2806 1839 ipsum
2836 1772 3023 1835 Iacob,
3053 1774 3148 1827 sed
3177 1774 3382 1827 domus
3402 1773 3521 1842 ejus
3543 1772 3719 1826 laudat
3745 1789 3757 1823 :
3783 1785 3856 1823 nec

2312 1862 2483 1927 ipsum
2509 1863 2697 1926 Israel,
2724 1865 2817 1919 sed
2876 1865 3223 1919 tabernacula
3255 1865 3404 1933 ejus,
3453 1875 3509 1919 et
3543 1874 3665 1916 tunc
3693 1877 3747 1915 ea
3774 1861 3857 1913 latt-

2312 1953 2425 2017 dat,
2450 1969 2571 2009 eum
2601 1955 2820 2009 revelati
2851 1966 2979 2010 sunt
2997 1958 3139 2011 oculi
3171 1958 3314 2023 ejus.
3349 1954 3602 2023 Quandiu
3636 1956 3764 2009 enim
3788 1967 3855 2004 ve-

2312 2044 2485 2097 lamen
2550 2046 2783 2113 positum
2821 2055 2906 2100 est
2957 2062 3122 2117 super
3171 2049 3473 2102 lectionem
3513 2046 3642 2114 legis
3679 2055 3729 2097 et
3758 2057 3854 2111 pro-

2312 2138 2619 2204 phetarum,
2651 2154 2754 2192 non
2796 2140 3044 2193 videntur
3070 2140 3207 2194 bona
3237 2121 3619 2201 tabernacula,
3647 2151 3735 2189 nec
3763 2135 3854 2186 lau-

2313 2226 2520 2281 dabiles
2552 2227 2762 2281 domus.
2805 2226 2903 2282 Ubi
2935 2239 3117 2283 autem
3161 2230 3409 2283 ablatum
3444 2228 3607 2281 fuerit
3631 2225 3855 2285 velamen,

2312 2328 2365 2372 et
2405 2319 2631 2388 intelligi
2680 2320 2909 2389 cceperit
2962 2320 3047 2376 lex
3082 2322 3209 2389 quia
3268 2319 3542 2390 spiritalis
3573 2323 3855 2380 est.etpro-

2312 2413 2489 2479 pheta:
2523 2426 2537 2463 :
2569 2422 2697 2466 tunc
2730 2413 2883 2466 bonae
2914 2422 2969 2467 et
3003 2414 3363 2468 admirabiles
3408 2415 3599 2467 domus
3627 2408 3792 2469 Iacob,
3814 2412 3855 2457 et

2312 2513 2441 2559 tunc
2503 2504 2821 2557 admiranda
2877 2512 3042 2557 erunt
3094 2503 3460 2558 tabernacula
3523 2500 3711 2563 Israel,
3753 2512 3850 2552 cum

2315 2605 2490 2650 amota
2516 2595 2695 2649 littera
2720 2611 2843 2664 quae
2874 2596 3096 2661 occidit,
3119 2595 3495 2650 viviﬁcantem
3518 2609 3581 2648 ex
3609 2594 3683 2647 eis
3713 2588 3853 2659 perci-

2313 2700 2441 2754 pere
2485 2685 2738 2753 spiritum
2777 2685 3032 2752 cceperis.
3071 2683 3257 2738 Potest
3292 2683 3478 2737 adhuc
3517 2678 3697 2734 etalio
3724 2674 3851 2729 modo

2313 2776 2560 2845 intelligi,
2587 2786 2645 2830 ut
2675 2776 2853 2845 populi
2875 2775 3145 2831 credentis
3167 2784 3224 2830 et
3245 2773 3477 2843 perfecti
3505 2771 3675 2842 lmjus,
3701 2766 3778 2836 qui
3801 2762 3848 2816 ad

2312 2866 2588 2926 Christum
2616 2884 2684 2924 ex
2709 2872 2961 2939 gentibus
3003 2877 3368 2939 congregatus
3412 2876 3500 2922 est
3518 2907 3534 2930 ,
3564 2875 3769 2932 corpora
3792 2858 3849 2912 si-

2318 2964 2427 3018 mul
2461 2965 2662 3019 laudari
2691 2966 2976 3019 videantur
3009 2973 3065 3019 et
3101 2965 3299 3018 anima:
3331 2980 3345 3017 :
3379 2970 3435 3016 et
3474 2958 3637 3014 Iacob
3666 2955 3844 3024 quidem

2315 3059 2508 3112 domus
2541 3058 2606 3112 de
2662 3057 2980 3126 corporibus
3036 3057 3285 3120 dicatur,
3320 3058 3471 3110 sicut
3509 3063 3563 3107 et
3611 3052 3657 3105 in
3700 3045 3842 3102 libello

2312 3152 2541 3219 quodam
2578 3151 2793 3217 legitur,
2824 3152 2949 3219 quia
2994 3150 3168 3204 Jacob
3196 3152 3394 3205 domus
3426 3150 3497 3203 sit
3536 3143 3727 3201 Israel:
3765 3140 3843 3193 hoc

2313 3252 2418 3307 est,
2442 3258 2636 3313 corpus
2655 3243 2771 3310 ejus
2785 3241 2952 3296 Iacob
2982 3242 3215 3307 dicatur,
3240 3250 3293 3295 et
3317 3242 3501 3294 anima
3526 3234 3694 3292 Israel.
3718 3229 3844 3285 Simi-

2316 3334 2513 3388 ntiliter
2563 3349 2692 3403 ergo
2737 3343 2791 3388 et
2836 3331 3198 3403 perfecturum
3258 3341 3603 3399 quorumque
3655 3331 3842 3390 corpora

2314 3422 2614 3477 laudabiles
2634 3424 2824 3477 domus
2849 3438 2970 3477 esse
2996 3422 3266 3475 dicantur.
3283 3421 3458 3478 .Iacob
3488 3429 3571 3476 est
3597 3417 3725 3472 enim
3747 3422 3843 3464 car-

2313 3535 2414 3590 pus
2463 3517 2748 3579 laudabile,
2781 3532 2906 3572 cum
2947 3516 3313 3581 continentia,
3346 3526 3403 3570 et
3453 3514 3710 3571 castitate,
3734 3518 3839 3557 non-

2317 3626 2588 3679 nunquam
2617 3619 2797 3663 autem
2823 3609 2986 3663 etiam
3024 3622 3148 3662 cum
3181 3607 3350 3679 338
3383 3604 3634 3677 martyrio
3660 3600 3840 3655 decon-

2319 3713 2428 3760 tur.
2461 3702 2834 3756 Tabernacula
2871 3716 3002 3756 vero
3043 3700 3111 3755 ad
3154 3702 3368 3754 animas
3397 3696 3655 3768 perfectas
3686 3681 3837 3744 referri

2318 3805 2566 3866 possunt,
2594 3794 2791 3863 quibus
2818 3802 2872 3847 et
2911 3806 3105 3846 nomen
3133 3807 3160 3845 a
3188 3793 3424 3847 videndo
3456 3790 3612 3843 Deum
3630 3774 3838 3837 convenit

2319 3887 2525 3942 Israeli.
2555 3887 2661 3940 Ista
2697 3896 2878 3940 autem
2909 3884 3258 3938 tabernacula
3283 3893 3432 3948 sum,
3465 3878 3647 3949 inquit,
3683 3890 3700 3922 ι
3730 3868 3839 3922 sicut

2316 3995 2538 4034 nemora
2574 3978 2977 4041 umbrantia,et
3011 3977 3155 4030 sicut
3186 3975 3427 4045 paradisi
3453 3985 3607 4040 super
3632 3962 3833 4021 ﬁumina.

2316 4080 2370 4126 et
2399 4072 2540 4126 sicut
2569 4069 2921 4125 tabernacula
2953 4083 3073 4137 quae
3103 4068 3219 4121 ﬁxit
3252 4068 3416 4121 Deus.
3450 4084 3468 4117 ι
3503 4063 3614 4117 Alia
3642 4067 3752 4123 ergo
3773 4062 3835 4102 ta-

2318 4162 2603 4216 bernacula
2631 4161 2868 4215 ostendit
2903 4174 3028 4214 esse
3072 4173 3193 4226 qua:
3233 4157 3351 4212 ﬁxit
3388 4156 3651 4212 Dominus,
3679 4143 3835 4214 quib"s

2319 4255 2428 4308 sint
2455 4253 2648 4307 similia
2683 4251 3030 4306 tabernacula
3059 4249 3239 4305 Israel.
3271 4248 3437 4303 Extra
3468 4248 3605 4299 hunc
3626 4232 3833 4290 mundum

644 4343 757 4397 Sub
788 4345 976 4396 tttnbra
998 4344 1143 4397 enim
1173 4358 1453 4409 sensuum,
1488 4359 1625 4414 quos
1656 4345 1797 4413 apud
1833 4343 1953 4399 illos
1982 4345 2212 4412 scriptos
2247 4371 2289 4425 ο
2321 4363 2407 4400 me
2439 4344 2686 4415 progredi
2722 4343 2992 4407 convenit,
3023 4351 3082 4396 ut
3109 4341 3320 4395 videam
3348 4354 3469 4410 quae
3499 4338 3600 4390 sint
3628 4329 3834 4384 taberna-

645 4434 948 4500 inveniuut,
1003 4433 1396 4503 refrigerantur
1430 4438 1626 4490 animae
1660 4436 1917 4510 ipsorum,
1946 4445 2001 4489 et
2046 4435 2099 4488 in
2127 4436 2217 4489 do-

644 4527 834 4579 ctrinis
876 4542 1063 4579 eorum
1106 4528 1261 4595 quasi
1318 4527 1631 4582 incedentes
1670 4543 1765 4598 per
1818 4541 1983 4596 opaca
2031 4540 2217 4579 nemo-

647 4633 766 4670 rmn
821 4619 1181 4683 delectantur,
1231 4628 1284 4672 et
1325 4619 1464 4672 sicut
1514 4620 1748 4688 paradisi
1801 4634 1963 4688 super
1994 4619 2215 4672 flumina

646 4705 1012 4759 Inveniuntur.
1048 4706 1135 4760 Isti
1176 4707 1322 4759 enim
1371 4708 1606 4775 paradisi
1642 4724 1803 4777 super
1852 4708 2105 4773 ﬁumina,
2141 4709 2216 4762 si-

646 4796 799 4850 miles
818 4799 1098 4868 etcognati
1119 4810 1244 4852 sunt
1266 4800 1337 4853 illi
1365 4801 1615 4867 paradiso
1648 4802 1698 4853 in
1727 4818 1834 4870 quo
1865 4803 2065 4872 lignum
2096 4803 2216 4856 vitae

647 4899 753 4941 est.
798 4888 1044 4943 Flumina
1094 4905 1220 4945 vero
1253 4906 1536 4960 possmnus
1571 4892 1655 4945 vel
1703 4893 2015 4960 Scripturas
2050 4907 2215 4946 evan-

648 4981 849 5051 gelicas
890 4992 1052 5053 atque
1093 4984 1418 5052 apostolicas
1441 4985 1707 5051 accipere,
1745 4985 1832 5035 vel
1860 4984 2018 5036 etiam
2051 4997 2216 5052 ange-

648 5073 847 5138 lorum,
879 5074 961 5127 vel
994 5076 1294 5130 caelestium
1328 5077 1586 5128 virtutum
1613 5090 1741 5143 erga
1771 5072 2073 5140 hujusmodi
2100 5074 2218 5126 ani-

650 5183 766 5219 mas
797 5165 1060 5234 adjutoria
1100 5183 1114 5218 :
1162 5168 1404 5238 rigantur
1437 5169 1580 5222 enim
1619 5168 1686 5221 ab
1717 5166 1822 5220 illis
1851 5174 1906 5218 et
1947 5166 2205 5220 inundan-

652 5268 758 5324 tur,
777 5270 937 5325 atque
960 5257 1025 5312 ad
1054 5274 1268 5313 omnem
1293 5259 1581 5314 scientiam
1602 5270 1657 5313 et
1679 5258 2010 5327 agnitionem
2036 5271 2213 5310 rerum

649 5351 949 5405 caelestium
976 5352 1291 5405 nutriuntur
1323 5369 1338 5404 :
1368 5350 1616 5419 quamvis
1655 5360 1709 5405 et
1741 5349 1997 5403 Salvator
2032 5356 2217 5403 noster

648 5440 840 5496 fluvius
874 5444 945 5499 sit
987 5443 1079 5513 qui
1115 5443 1355 5498 laetiﬁcat
1397 5443 1676 5498 civitatem
1716 5440 1811 5496 Dei
1842 5449 1942 5497 :.et
1976 5437 2216 5507 Spiritus

724 5603 765 5634 ¹⁹
798 5604 955 5660 Num.
986 5622 1131 5674 xxiv,
1168 5607 1221 5663 6.
1297 5610 1341 5640 ¹⁰
1364 5607 1472 5664 Jer.
1504 5625 1565 5677 ll,
1590 5608 1677 5663 13.

1755 5608 1798 5639 ²¹
1822 5605 1959 5661 Νυιιι
1988 5620 2133 5670 XXIV,
2163 5604 2216 5672 5,
2258 5604 2311 5659 6.

2321 4438 2443 4493 cola
2485 4452 2605 4506 qua:
2656 4436 2771 4489 fixit
2819 4435 3094 4490 Dominus.
3131 4432 3223 4486 Illa
3272 4433 3521 4485 nimirum
3574 4431 3702 4483 sunt.
3742 4425 3834 4514 fl“?

2320 4530 2564 4583 ostendit
2604 4527 2773 4598 Moysi
2820 4543 2942 4582 cum
2983 4526 3403 4581 tabernaculum
3451 4519 3830 4607 consuuerel-m

2321 4622 2565 4684 deserto,
2605 4620 2790 4673 dicens
2818 4621 2884 4673 ad
2907 4633 3062 4674 eum:
3094 4638 3113 4670 ι
3143 4616 3293 4681 Vide,
3334 4616 3505 4686 inquit
3527 4613 3590 4676 ",
3615 4616 3666 4661 ut
3701 4603 3830 4696 facitis

2320 4714 2504 4767 omnia
2539 4713 2834 4767 secundum
2893 4723 3075 4781 typum
3133 4711 3224 4780 qui
3282 4720 3532 4765 ostensus
3575 4710 3650 4755 est
3685 4691 3761 4747 tibi
3790 4691 3828 4739 in

2323 4813 2527 4859 monte.
2568 4822 2586 4855 ι
2631 4802 2710 4857 Ad
2746 4803 3106 4857 imitatiooem
3135 4816 3272 4871 ergo
3313 4801 3535 4856 istorum
3560 4791 3828 4847 tabernacu-

2323 4898 2493 4950 lorum
2518 4911 2635 4964 quae
2663 4895 2778 4949 ﬁxit
2809 4896 3066 4950 Dominus
3099 4894 3286 4960 Israel,
3310 4894 3564 4963 jubentur
3586 4884 3741 4938 facere
3767 4881 3827 4964 l3-

2323 4987 2637 5050 bernacula,
2664 4997 2719 5041 et
2744 4988 3113 5056 unusquisque
3146 4996 3391 5040 nostrum
3421 4979 3671 5050 expedire.
3699 4959 3820 5021 δώ·

2325 5079 2539 5134 bricare
2566 5078 2975 5134 tabernaculum
3007 5094 3185 5133 suum.
3206 5076 3355 5132 Unde
3388 5074 3511 5129 mihi
3536 5068 3722 5124 videtur
3744 5062 3823 5107 ιιοη

2327 5171 2547 5224 fortuitu
2576 5171 2905 5239 contigisse,
2932 5179 2990 5222 ut
3022 5168 3214 5224 Petrus
3260 5167 3495 5237 quidem,
3529 5171 3579 5217 et
3610 5153 3821 5239 Andreas.

2322 5272 2376 5314 et
2405 5260 2496 5314 lilii
2535 5237 2805 5323 Zebedaei,
2836 5269 2955 5314 arte
2989 5262 3291 5330 piscatores
3329 5258 3689 5314 invenirentur,
3714 5237 3825 5293 Pau'

2322 5352 2407 5406 lus
2431 5366 2564 5407 vero
2605 5362 2723 5406 arte
2752 5353 2902 5406 faber
2933 5354 3424 5407 tabernaculorum.
3453 5350 3512 5404 Et
3535 5341 3644 5413 quia
3668 5330 3727 5388 illi
3752 5338 3823 5413 νοέ

2323 5443 2430 5496 cati
2481 5445 2549 5497 ab
2590 5452 2709 5496 arte
2760 5440 3149 5511 capiendorum
3203 5440 3428 5510 piscium
3453 5477 3467 5504 ,
3505 5431 3743 5489 mutantur
3779 5412 3823 5463 ει

2398 5608 2441 5638 ’³
2471 5606 2640 5661 Exod.
2670 5606 2893 5668 xxv,40.
