4074 6156
292 196 404 253 709

1403 193 1471 248 ΙΝ
1510 192 1844 248 NUMEROS
1877 191 2162 247 HOMILIA
2198 193 2361 249 XVII.

3448 195 3552 250 ἨΟ

293 312 435 365 fiunt
466 311 764 379 piscatores
789 307 1096 374 hominum,
1127 306 1342 365 dicente
1368 310 1595 365 Domino
1619 311 1701 365 ’3:
1732 328 1748 360 ι
1776 309 1880 364 Ve-
1908 315 1953 370 Α
1986 310 2148 364 homo
2170 312 2234 365 de
2268 313 2474 366 semine
2514 310 2629 380 ejus
2653 318 2707 364 et
2728 309 3096 367 dominabitur
3125 312 3377 383 gentibus
3414 316 3551 369 mul-

290 406 412 460 nite
444 412 567 474 post
589 413 752 464 me,et
792 402 983 457 faciam
1017 415 1116 454 vos
1160 402 1462 469 piscatores
1497 404 1815 467 hominum;
1851 422 1869 454 ι

293 511 407 549 non
445 496 665 551 dubium
691 497 822 563 quin
859 504 915 547 et
942 488 1156 550 Paulus,
1183 494 1309 561 quia
1345 503 1399 547 et
1428 495 1542 563 ipse
1576 509 1673 562 per
1705 494 1880 546 Domi-

295 602 434 642 num
485 597 731 643 nostrum
781 588 967 643 Iesum
1012 588 1288 644 Christum
1339 597 1567 641 vocatus
1603 586 1880 655 apostolus

297 690 410 746 est,
444 681 606 735 simili
639 681 774 735 artis
823 694 935 735 suae
966 679 1450 735 transformatione
1490 688 1725 732 mutatus
1761 678 1832 731 sit
1861 693 1876 730 :

300 783 364 824 ut
390 773 530 827 sicut
560 772 634 826 illi
664 786 731 827 ex
771 772 1134 842 piscatoribus
1163 770 1388 840 piscium
1436 769 1734 838 piscatores
1778 767 1877 820 ho-

300 864 512 918 minum
542 864 667 919 facti
694 874 844 927 sunt,
871 865 941 918 ita
966 872 1020 918 et
1045 864 1147 918 iste
1174 877 1204 916 a
1250 862 1514 916 laciendis
1553 862 1878 914 tabernacu-

301 955 374 1011 lis
405 957 657 1021 terrenis,
711 958 776 1010 ad
823 954 1067 1011 coelestia
1120 955 1465 1009 tabernacula
1515 955 1875 1010 construenda

302 1050 610 1104 translatus
636 1050 725 1104 sit.
757 1049 1034 1104 Coustruit
1078 1052 1222 1104 enim
1256 1049 1497 1126 caelestia
1530 1048 1877 1102 tabernacula

300 1141 506 1195 decens
551 1154 989 1210 unumquemque
1028 1141 1164 1193 viam
1194 1140 1403 1204 salutis,
1431 1148 1487 1192 et
1514 1141 1790 1193 beatarum
1822 1140 1874 1192 in

301 1225 624 1281 cmlestibus
657 1226 1001 1281 mansionum
1042 1227 1144 1281 iter
1173 1229 1484 1281 ostendens.
1510 1227 1661 1282 Facit
1699 1229 1876 1283 taber-

301 1319 498 1374 nacula
532 1319 730 1374 Paulus
753 1330 806 1375 et
831 1334 954 1374 cum
983 1319 1050 1373 ab
1074 1318 1411 1374 Hierusalem
1444 1322 1495 1373 in
1526 1322 1754 1375 circuitu
1781 1335 1874 1375 us-

301 1426 416 1481 que
445 1412 510 1465 ad
548 1412 817 1483 Illyricum
856 1414 1029 1484 replet
1073 1411 1422 1480 Evangelium
1463 1413 1578 1475 Dei,
1608 1413 1875 1467 Ecclesias

299 1506 709 1560 construendo:
738 1516 794 1562 et
828 1508 929 1563 hoc
955 1510 1112 1563 modo
1142 1507 1270 1561 facit
1296 1516 1350 1560 et
1379 1507 1493 1574 ipse
1526 1505 1871 1560 tabernacula

301 1596 374 1648 ad
418 1596 823 1650 similitudinem
860 1599 1332 1652 tabernaculorum
1388 1597 1711 1660 caelestium,
1753 1611 1872 1664 quae

1991 404 2063 457 tis
2088 413 2141 458 et
2176 405 2503 458 exaltabitur
2541 403 2657 473 Gog
2690 418 2914 471 regnum
2946 403 3097 473 ejus,
3131 414 3185 458 et
3213 416 3422 460 crescet
3465 423 3550 462 re-

1982 510 2145 564 gnum
2182 493 2317 562 ejus.
2354 496 2492 550 Deus
2515 495 2738 548 deduxit
2775 510 2895 548 eum
2926 510 2991 549 ex
3024 495 3258 568 IEgypto
3285 498 3553 569 sicutglo—

1983 586 2062 639 ria
2094 587 2392 641 unicornis.
2417 607 2436 639 ι
2459 586 2710 641 Christus
2733 602 2861 657 ergo
2895 597 2997 653 est,
3020 589 3112 657 qui
3142 590 3274 644 exiit
3304 591 3366 644 de
3389 593 3553 644 semi-
3583 586 3604 666 '.

1982 692 2049 732 ne
2075 676 2239 733 Israel
2269 681 2564 733 secundum
2598 693 2841 740 carnem,
2878 679 2968 747 qui
2998 681 3269 746 quomodo
3298 684 3551 749 gentibus

1982 767 2311 835 dominetur,
2349 771 2692 838 expositione
2751 784 2859 822 non
2913 769 3137 838 indiget,
3176 772 3412 825 maxime
3459 774 3549 838 qui

1983 855 2122 925 leget
2169 857 2367 911 dictum
2406 859 2455 912 ei
2512 874 2540 911 a
2593 872 2748 928 patre
2779 859 2824 891 "
2862 878 2876 913 :
2917 878 2935 909 ι
2977 858 3105 915 Pete
3135 876 3162 912 a
3204 876 3289 915 me
3323 872 3377 916 et
3410 863 3551 915 dabo

1983 946 2078 1001 tibi
2101 957 2290 1016 gentes
2316 949 2683 1005 ltmreditatem
2710 961 2877 1014 tuam,
2900 959 2952 1004 et
2976 952 3372 1017 possessionem
3403 963 3546 1007 tuam

1981 1040 2244 1094 terminos
2288 1050 2463 1095 terrae.
2495 1059 2513 1092 ι
2546 1040 2682 1107 Quid
2726 1050 2809 1095 est
2838 1051 3014 1094 autem
3048 1044 3188 1108 quod
3217 1045 3313 1107 ait,
3347 1062 3366 1094 ς
3399 1043 3550 1097 exal-

1981 1130 2183 1185 tabitur
2213 1128 2325 1198 Gog
2354 1146 2578 1200 regnum
2601 1132 2751 1199 ejus?
2774 1153 2791 1184 ι
2813 1134 2927 1202 Gog
2951 1150 3108 1200 super
3133 1143 3264 1187 lecta
3287 1135 3549 1203 interpre-

1981 1227 2124 1272 tatur
2155 1218 2267 1289 (76)
2300 1236 2314 1272 :
2357 1228 2410 1273 et
2459 1221 2511 1273 in
2549 1219 2668 1274 loco
2698 1222 2801 1276 isto
2835 1237 2938 1276 nou
2964 1236 3061 1291 pro
3106 1224 3279 1291 gentis
3319 1223 3547 1290 alicujus

1979 1310 2213 1377 nomine,
2271 1320 2328 1364 ut
2381 1320 2623 1381 putatur,
2653 1312 2884 1381 positum
2939 1322 3041 1379 est,
3095 1314 3187 1368 sed
3241 1325 3297 1367 ut
3331 1316 3381 1367 in
3428 1315 3550 1369 aliis

1982 1402 2274 1465 nonnullis,
2299 1402 2414 1471 ipse
2438 1418 2615 1458 sermo
2638 1403 2898 1459 Hebraeus
2926 1419 3029 1459 non
3057 1405 3439 1472 interpretatus
3465 1422 3549 1461 re-

1978 1491 2136 1547 lictus
2168 1502 2271 1556 est,
2304 1502 2358 1547 et
2388 1493 2456 1547 ob
2500 1495 2604 1547 hoc
2640 1497 2791 1562 quasi
2830 1497 2895 1552 de
2936 1505 3097 1567 gente
3134 1496 3313 1566 aliqua
3342 1499 3545 1551 dictum

1984 1584 2216 1639 videtur.
2248 1584 2341 1639 Est
2385 1600 2515 1655 ergo
2564 1589 2832 1641 sermonis
2878 1589 3265 1657 consequentia
3296 1589 3418 1643 talis
3449 1603 3467 1644 :
3494 1600 3550 1645 et

299 1686 543 1740 οςιθηάὶι
576 1686 713 1740 Deus
749 1689 800 1741 in
837 1698 1015 1743 monte
1041 1687 1230 1759 Moysi.
1273 1688 1378 1743 Sed
1423 1699 1477 1743 et
1508 1689 1877 1757 unusquisque
1910 1679 1951 1737 Β
1981 1674 2309 1730 exaltabitur
2341 1691 2503 1746 super
2547 1687 2682 1733 tecta
2721 1693 2940 1748 regnum
2978 1678 3114 1747 ejus,
3140 1690 3197 1735 et
3220 1691 3427 1735 crescet
3465 1697 3550 1735 1⁵6⁸

299 1786 577 1841 nostrum,
617 1780 659 1833 si
697 1779 818 1847 quis
855 1789 1030 1834 tamen
1055 1783 1224 1835 exivit
1256 1781 1321 1835 de
1347 1779 1603 1851 Egypto,
1639 1790 1693 1832 et
1720 1780 1872 1832 habi-

303 1876 390 1924 tat
430 1869 486 1922 in
537 1872 773 1936 deserto,
807 1872 857 1925 in
907 1873 1258 1928 tabernaculo
1306 1873 1465 1926 debet
1507 1872 1790 1935 habitare,
1823 1881 1876 1924 et

300 1961 449 2016 diem
476 1962 670 2016 festum
697 1964 748 2015 in
777 1963 1136 2018 tabernaculis
1159 1978 1339 2034 agere.
1368 1965 1521 2018 Sicut
1551 1967 1693 2017 enim
1730 1978 1876 2016 com-

302 2055 632 2108 memoratio
665 2053 724 2108 fit
747 2056 1076 2124 egressionis
1100 2071 1166 2110 ex
1209 2055 1444 2127 IEgypto
1472 2071 1565 2124 per
1596 2056 1794 2125 pascha
1821 2062 1876 2107 et

301 2160 527 2215 azyma,
558 2149 633 2200 ita
676 2155 731 2200 et
782 2149 1315 2204 commemorationis
1348 2149 1399 2202 in
1431 2150 1646 2203 deserto
1675 2147 1732 2200 tit
1766 2160 1878 2199 me-

300 2235 476 2289 moria
497 2250 593 2306 per
620 2237 994 2292 tabernacula.
1025 2238 1081 2292 ln
1115 2239 1479 2293 tabernaculis
1497 2238 1641 2293 enim
1662 2237 1874 2291 habita-

301 2334 510 2379 verunt
539 2336 724 2394 patres
755 2329 929 2383 nosui
965 2329 1015 2382 in
1056 2329 1293 2384 deserto.
1324 2329 1479 2385 Unde
1529 2340 1711 2385 autem
1757 2330 1874 2384 ﬁeri

301 2426 522 2484 oportet
548 2419 649 2473 ista
689 2420 1064 2485 tabernacula,
1086 2422 1190 2476 nisi
1216 2437 1284 2477 ex
1314 2423 1492 2477 verbis
1519 2423 1650 2493 legis
1676 2433 1728 2478 et
1753 2439 1876 2488 pro—

302 2508 613 2577 phetarum,
642 2523 705 2565 ex
752 2512 1094 2568 sermonibus
1134 2512 1505 2579 Psalmorum,
1541 2524 1594 2568 et
1636 2517 1873 2570 omnium

301 2614 429 2667 qua.
471 2602 823 2657 continentur
877 2606 928 2658 in
981 2604 1096 2675 lege
1133 2605 1316 2660 ?Cum
1352 2606 1498 2660 enim
1550 2621 1614 2660 ex
1645 2608 1711 2660 iis
1756 2622 1876 2677 quae

302 2691 510 2760 scripta
564 2703 712 2759 sunt,
743 2695 959 2766 prolicit
989 2697 1171 2750 anima
1210 2706 1264 2751 et
1317 2711 1532 2766 semper
1563 2699 1775 2767 quidem
1810 2715 1873 2754 ea

303 2797 426 2851 qua-
460 2794 608 2840 retro
638 2796 763 2842 sunt
791 2788 1141 2853 obliviscens,
1172 2791 1240 2843 ad
1261 2805 1323 2843 ea
1360 2805 1479 2859 quae
1514 2793 1566 2843 in
1601 2800 1729 2844 ante
1753 2800 1878 2844 sunt

301 2888 367 2928 se
421 2878 684 2941 extendit,
721 2890 777 2934 et
822 2881 890 2934 de
919 2881 1036 2935 loco
1089 2883 1350 2937 inferiore
1377 2883 1731 2953 progrediens
1760 2897 1876 2937 cre-

304 2969 434 3031 scit,
473 2984 539 3024 ac
571 2973 792 3040 prolicit
830 2975 897 3028 ad
941 2979 1246 3045 superiora,
1285 2992 1352 3031 ex
1384 2987 1673 3046 augmento
1702 2978 1872 3030 virtu-

305 3072 444 3127 utut,
466 3073 519 3118 et
540 3080 605 3119 ex
648 3067 765 3134 ipsa
809 3068 1183 3125 itttttttttalione
1215 3070 1570 3139 profectuum,
1605 3071 1657 3124 in
1690 3071 1874 3124 taber-

304 3157 516 3212 naculis
544 3159 740 3214 merito
784 3161 993 3216 dicetur
1032 3164 1301 3221 habitare.
1327 3164 1458 3219 Vide
1484 3175 1664 3218 autem
1692 3163 1735 3218 si
1765 3178 1873 3217 non

303 3258 437 3303 sunt
488 3250 836 3308 tabernacula
884 3270 1004 3324 quae
1052 3255 1171 3309 fixit
1216 3258 1376 3321 Deus,
1424 3257 1590 3310 etiam
1640 3257 1728 3309 illa
1760 3268 1878 3324 qum

302 3343 557 3399 Salvator
585 3355 978 3401 commemorat
1005 3350 1060 3402 in
1091 3346 1386 3415 Evangelio
1420 3349 1606 3404 dicens
1619 3326 1693 3403 ’δι
1730 3368 1748 3401 ι
1777 3350 1878 3404 Fa—

303 3434 416 3490 cite
439 3438 591 3491 vobis
616 3438 821 3493 amicos
849 3438 916 3494 de
958 3454 1266 3495 mammona
1300 3441 1624 3510 iniquitatis,
1661 3451 1718 3495 ut
1746 3456 1876 3496 cum

305 3528 626 3585 defeceritis
666 3531 931 3600 recipiant
959 3547 1058 3586 vos
1105 3532 1158 3585 in
1195 3542 1397 3587 aeterna
1456 3532 1824 3588 tabernacula.
1853 3550 1872 3584 ι

306 3618 444 3674 Fixa
480 3628 656 3677 autem
680 3623 935 3678 dicuntur
967 3638 996 3676 a
1017 3623 1128 3678 Deo
1154 3626 1309 3693 quasi
1342 3639 1463 3693 quae
1498 3639 1606 3678 non
1647 3624 1881 3679 circum-

305 3708 557 3765 ferantur
581 3713 732 3768 omni
760 3724 923 3768 vento
944 3713 1227 3769 doctrinas.
1246 3714 1383 3769 Sttut
1414 3725 1596 3769 autem
1619 3724 1672 3766 et
1701 3714 1878 3768 adhuc

294 3802 661 3867 tabernacula
700 3805 803 3859 ista
833 3816 889 3860 et
909 3809 1050 3862 sicut
1079 3807 1229 3862 cedri
1257 3806 1413 3874 juxta
1452 3821 1642 3875 aquas.
1673 3804 1878 3859 Cedros

306 3896 401 3951 hic
430 3912 534 3950 non
563 3897 681 3952 illas
714 3899 844 3955 dicit
877 3901 929 3954 in
961 3903 1159 3970 quibus
1202 3900 1490 3970 culpabilis
1519 3909 1738 3954 notatur
1768 3900 1877 3954 ela—

307 3992 387 4045 tio
420 4008 435 4042 :
463 3990 553 4043 sed
577 3992 768 4045 cedros
799 3994 912 4059 Dei,
938 4009 1057 4063 illia:
1083 3993 1383 4061 suscipiunt
1412 3991 1542 4047 vitis
1580 3991 1726 4046 illius
1757 4007 1877 4061 qua:

303 4098 373 4138 ex
405 4083 637 4155 [Egypto
672 4085 931 4139 translata
966 4095 1069 4151 est,
1107 4086 1378 4154 palmites,
1402 4086 1533 4139 etin
1572 4085 1767 4154 quibus
1801 4098 1881 4138 re-

303 4177 536 4246 quiescit
566 4177 773 4232 fructus
795 4178 905 4244 ille,
924 4176 1080 4245 cujus
1113 4179 1301 4233 umbra
1329 4177 1790 4247 operuitmontes.
1816 4176 1875 4231 Si

305 4267 621 4323 intellexisti
650 4277 908 4337 quantam
942 4268 1181 4338 requiem
1216 4269 1414 4321 habeat
1443 4268 1546 4323 iter
1573 4267 1874 4335 sapientite,

304 4367 570 4426 quantum
599 4360 809 4430 gratiae,
831 4369 1206 4429 quantumque
1235 4358 1562 4421 dulcedinis,
1583 4357 1687 4411 noli
1714 4358 1878 4411 dissi-

306 4451 514 4505 mulare
536 4491 552 4515 ,
575 4451 682 4506 noli
708 4452 998 4522 negligere,
1036 4451 1128 4506 sed
1164 4450 1460 4519 aggredere
1484 4449 1585 4502 hoc
1619 4450 1743 4513 iter,
1777 4463 1877 4503 nec

303 4544 477 4597 eremi
549 4542 890 4599 solitudinem
952 4544 1365 4614 perhorrescas.
1415 4539 1689 4595 Habitanti
1732 4542 1876 4594 enim

311 4633 406 4687 tibi
458 4634 512 4688 in
586 4632 894 4698 hujusmodi
948 4633 1315 4688 tabernaculis
1363 4642 1619 4687 occurret
1680 4646 1876 4685 manna

307 4726 552 4790 cteleste,
585 4734 639 4779 et
667 4725 983 4794 angelorum
1023 4740 1218 4795 panem
1266 4725 1640 4779 manducabis.
1692 4723 1874 4791 Incipe

310 4826 543 4883 tantum,
593 4827 780 4873 necte
827 4827 1152 4889 perterrent,
1208 4825 1268 4871 ut
1323 4816 1579 4881 diximus,
1636 4814 1873 4870 solitudo

308 4912 530 4967 deserti.
584 4910 705 4965 Cito
768 4913 820 4965 in
884 4913 1212 4966 consortium
1275 4920 1426 4963 tuum
1468 4908 1632 4962 etiam
1700 4904 1876 4973 angeli

306 5002 549 5071 venient,
579 5016 716 5073 quos
761 5003 861 5057 sub
912 5001 1092 5071 specie
1145 5000 1430 5054 cedrorum
1464 4998 1699 5051 arbitror
1734 4995 1875 5048 indi-

306 5105 482 5148 catos.

379 5187 433 5240 5.
477 5186 585 5241 Sed
642 5201 783 5241 nunc
831 5187 1106 5241 videamus
1160 5184 1290 5254 quid
1350 5184 1516 5237 etiam
1550 5182 1617 5235 de
1657 5178 1870 5232 Christo

304 5283 615 5351 prophetet.
645 5280 763 5350 Ipse
784 5290 866 5337 est
897 5281 1065 5344 enim,
1108 5279 1174 5333 de
1205 5292 1311 5348 quo
1333 5277 1463 5331 dicit
1494 5274 1540 5307 ³⁸
1578 5290 1592 5326 :
1627 5290 1646 5324 ι
1689 5271 1877 5326 Exibit

378 5373 425 5405 ³³
452 5372 639 5427 Matth.
669 5388 739 5438 tv,
770 5373 857 5429 l9.
924 5372 969 5404 “
998 5370 1127 5427 Luc.
1160 5386 1270 5432 va,
1297 5370 1351 5423 9.

382 5532 496 5603 (76)
535 5528 645 5601 Gog
665 5548 817 5599 super
845 5540 978 5584 tecta
1004 5532 1390 5603 interpretatur.
1426 5538 1483 5587 λλ
1516 5539 1619 5603 non
1658 5541 1676 5573 i
1707 5534 1868 5600 super

312 5595 512 5656 teeta'i
562 5595 654 5656 sed
682 5595 948 5655 {tectum
981 5619 999 5649 ι
1053 5600 1454 5666 interpretatur.
1509 5595 1774 5666 Caeterum
1816 5595 1868 5642 in

311 5673 537 5739 Hebrum
594 5671 739 5726 fonte
787 5686 892 5725 non
939 5677 1117 5724 exstat
1158 5661 1215 5728 κζ
1244 5686 1261 5719 i
1309 5679 1528 5732 tectum,
1583 5683 1600 5715 ι
1645 5661 1736 5719 sed
1778 5671 1872 5721 iis

1910 4408 1953 4463 D

1427 5369 1472 5399 ³⁸
1509 5366 1664 5419 Νιιηι.
1697 5378 1844 5427 xxw,
1868 5360 1920 5423 7,
1956 5358 2010 5413 8.

306 5456 370 5507 χ,
408 5421 1191 5508 simi;Mnianfo56
1216 5421 1404 5493 Μἐιίαι.
1441 5454 1501 5500 n,
1534 5436 1634 5501 15;
1665 5434 1804 5488 Osee
1831 5421 1870 5484 ἰ

1979 5467 1994 5483 .
2049 5428 2091 5459 ⁸¹
2122 5426 2276 5480 Νυιη.
2308 5439 2458 5485 xxiv,
2492 5421 2545 5476 8.

1976 5536 1995 5568 ί
2048 5517 2195 5584 Agag
2265 5526 2539 5584 ignotuen
2602 5504 2880 5584 proprium
2916 5499 3339 5584 gregis.0r_igcni
3404 5496 3553 5584 frau-

1977 1785 2140 1840 gnum
2168 1768 2306 1837 ejus.
2340 1769 2578 1824 Exaltari
2610 1780 2788 1824 autem
2816 1786 2977 1839 super
3005 1780 3144 1825 tecta
3169 1773 3235 1826 de
3261 1772 3549 1841 perfectio-

1978 1876 2045 1914 ne
2068 1860 2401 1915 credentium
2431 1862 2648 1928 dicitur,
2678 1876 2925 1918 crescere
2960 1870 3138 1915 autem
3182 1864 3248 1916 ad
3300 1863 3546 1917 multitu-

1976 1954 2126 2006 dines
2162 1951 2416 2008 refertur.
2468 1952 2522 2006 ln
2568 1953 2633 2007 iis
2661 1969 2789 2023 ergo
2839 1954 2929 2023 qui
2965 1953 3186 2021 perfecti
3230 1963 3355 2008 sunt
3385 1970 3549 2023 super

1979 2052 2120 2097 tecta
2154 2043 2429 2098 exaltatur
2485 2059 2710 2114 regnum
2760 2045 2959 2100 Christi
2985 2085 2999 2109 ,
3036 2045 3086 2099 id
3123 2053 3209 2099 est
3256 2060 3419 2114 super
3452 2060 3547 2101 eos

1974 2138 2159 2201 etiam,
2185 2137 2276 2205 qui
2301 2137 2352 2190 in
2379 2138 2628 2204 supernis
2653 2146 2799 2202 sunt,
2822 2147 2877 2190 et
2911 2136 2962 2189 in
2995 2136 3364 2204 superioribus
3389 2138 3540 2190 babi-

1978 2238 2114 2282 tant.
2148 2227 2286 2283 Sunt
2308 2229 2448 2281 enim
2481 2228 2724 2282 fortassis
2758 2227 2922 2295 aliqui
2952 2229 3112 2281 etiam
3145 2228 3200 2281 in
3234 2227 3546 2284 coelestibus

1977 2336 2005 2375 a
2034 2320 2229 2388 quibus
2256 2321 2374 2389 plus
2408 2319 2694 2388 proficiant
2731 2330 2786 2375 et
2818 2320 2980 2373 altius
3022 2320 3334 2375 exaltentur
3367 2321 3403 2374 ii
3451 2322 3545 2390 qui

1978 2416 2030 2468 in
2065 2428 2230 2483 regno
2278 2413 2478 2468 Christi
2509 2421 2658 2465 sunt.
2689 2412 2755 2465 Et
2803 2412 2922 2466 ideo
2971 2412 3161 2475 etiam,
3209 2412 3393 2479 credo,
3433 2413 3549 2480 ipse

1978 2505 2223 2561 Salvator
2252 2504 2466 2559 dicebat
2487 2504 2530 2535 ²⁷
2563 2523 2577 2559 :
2615 2522 2634 2553 ‹
2666 2502 2765 2568 Qui
2797 2503 2848 2556 in
2879 2512 3018 2556 tecto
3052 2513 3153 2566 est,
3184 2518 3288 2556 non
3317 2504 3544 2557 descen-

1976 2596 2068 2650 dat
2099 2593 2285 2648 tollere
2311 2593 2513 2662 aliquid
2547 2593 2613 2646 de
2645 2592 2845 2655 domo;
2888 2608 2907 2641 ›
2943 2606 3169 2646 monens
3198 2600 3255 2645 ut
3277 2591 3334 2657 ii,
3360 2592 3450 2661 qui
3477 2595 3544 2646 ad

1976 2687 2242 2742 excelsam
2282 2685 2670 2756 perfectionem
2728 2690 3012 2745 venerunt,
3061 2698 3166 2735 non
3225 2683 3419 2738 iterum
3477 2686 3547 2740 ad

1977 2780 2161 2834 mundi
2188 2778 2370 2846 hujus,
2404 2776 2493 2845 qui
2544 2790 2688 2828 nunc
2716 2774 2911 2829 domus
2962 2774 3289 2842 appellatur,
3325 2776 3549 2829 humilia

1975 2880 2031 2927 et
2074 2872 2281 2940 abjecta
2332 2867 2685 2923 descendant.
2737 2864 2843 2919 Sed
2887 2874 2938 2918 et
2991 2864 3118 2918 illud
3159 2868 3300 2934 quod
3348 2868 3426 2921 ait
3453 2868 3547 2924 ἐς

1983 2983 2002 3017 ι
2038 2964 2190 3031 Quod
2236 2962 2464 3016 audistis
2505 2962 2558 3015 in
2610 2974 2760 3025 aure,
2798 2958 3088 3028 praedicate
3123 2972 3287 3025 super
3312 2968 3485 3024 tecta,
3524 2978 3543 3009 ι

1902 3033 1944 3091 C
1979 3058 2045 3112 ad
2082 3059 2183 3111 hoc
2216 3054 2565 3108 nihilominus
2600 3050 2837 3119 respicit.
2875 3047 2967 3104 Sic
2996 3064 3126 3118 ergo
3155 3049 3429 3104 exaltatur
3453 3066 3550 3103 su-

1980 3162 2075 3218 per
2103 3145 2218 3215 Gog
2248 3159 2470 3215 regnum
2510 3144 2648 3212 ejus,
2681 3151 2735 3196 et
2757 3141 2958 3195 crescit
2992 3155 3214 3210 regnum
3253 3140 3390 3208 ejus.
3418 3141 3549 3195 Cre-

1978 3237 2078 3293 scit
2112 3238 2255 3291 enim
2284 3235 2409 3288 dum
2439 3232 2868 3301 multiplicantur
2914 3230 3190 3295 Ecclesiae,
3223 3240 3277 3286 et
3301 3230 3545 3285 .lidelium

1978 3339 2234 3377 numerus
2267 3331 2523 3391 augetur;
2545 3331 2599 3376 et
2627 3322 2891 3375 intantum
2915 3321 3113 3375 crescit
3136 3334 3359 3387 regnum
3385 3320 3548 3392 339

1976 3416 2200 3480 Christi,
2242 3428 2518 3484 nsquequo
2550 3421 2714 3482 ponat
2744 3416 2897 3468 Pater
2929 3426 3119 3467 omnes
3147 3412 3396 3466 inimicos
3431 3413 3546 3479 eius

1978 3510 2077 3563 sub
2108 3507 2331 3577 pedibus
2354 3504 2490 3573 ejus,
2525 3505 2617 3560 sed
2647 3513 2703 3560 et
2755 3503 3108 3560 novissimum
3153 3504 3431 3559 inimicum
3461 3507 3547 3559 de-

1977 3607 2152 3653 struat
2177 3605 2424 3650 mortem.

2049 3708 2103 3762 6.
2146 3707 2270 3762 Post
2313 3707 2428 3761 haec
2470 3705 2731 3774 scriptum
2773 3712 2859 3758 est
2905 3704 3080 3759 adhuc
3126 3705 3191 3759 de
3220 3704 3437 3761 Christo
3460 3709 3535 3774 ³³,

1983 3818 2001 3851 α
2027 3799 2153 3866 quia
2189 3797 2332 3850 Deus
2365 3795 2587 3850 deduxit
2612 3808 2733 3848 eum
2767 3809 2833 3848 ex
2863 3782 3129 3864 Egypto;
3156 3812 3177 3846 ι
3211 3797 3352 3865 quod
3386 3797 3440 3850 in
3475 3814 3541 3852 eo

1978 3888 2302 3958 completum
2328 3886 2564 3949 videtur,
2596 3885 2688 3938 ubi
2720 3893 2842 3952 post
2874 3894 3099 3939 mortem
3132 3885 3359 3942 Herodis
3383 3904 3546 3942 revo-

1979 3993 2136 4037 catur
2155 3981 2234 4034 .de
2254 3974 2510 4048 Egypto,
2537 3986 2593 4032 et
2617 3977 2863 4046 designat
2888 3976 3237 4047 Evangelium
3261 3980 3446 4034 dicens
3461 3982 3541 4038 ³³ε

1986 4096 2002 4127 ι
2028 4076 2106 4130 Ex
2126 4070 2363 4144 Egypto
2396 4069 2583 4124 vocavi
2616 4066 2784 4121 tilium
2820 4082 3017 4123 meum.
3043 4086 3063 4120 ι
3087 4067 3185 4134 Qui
3217 4084 3396 4124 sermo
3423 4073 3544 4139 qui-

1984 4169 2213 4223 busdam
2234 4182 2298 4219 ex
2331 4165 2433 4218 hoc
2460 4163 2579 4215 loco
2599 4171 2910 4229 assumptus
2942 4159 3180 4227 videtur,
3210 4168 3264 4214 et
3300 4161 3547 4232 Evange-

1983 4259 2071 4313 liis
2110 4259 2368 4317 insertus,
2411 4254 2533 4307 aliis
2573 4261 2752 4307 autem
2785 4251 2852 4306 de
2883 4251 3022 4306 Osee
3049 4253 3330 4321 propheta.
3361 4252 3546 4308 Potest

1981 4362 2160 4405 autem
2192 4358 2249 4402 et
2281 4347 2576 4402 secundum
2601 4344 2916 4412 allegoriam
2947 4343 3190 4413 intelligi,
3224 4345 3349 4411 quia
3394 4355 3546 4413 ροει-

1980 4455 2210 4511 eaquam
2268 4441 2418 4494 venit
2459 4439 2526 4492 ad
2571 4437 2862 4506 IEgyptum
2900 4435 3085 4488 mundi
3140 4434 3321 4502 hujus,
3352 4437 3543 4491 eduxit

1981 4548 2101 4587 eum
2136 4532 2314 4599 Pater,
2349 4541 2403 4586 et
2429 4530 2726 4594 assumpsit
2774 4527 2841 4581 ad
2896 4527 3268 4595 semetipsum,
3306 4536 3364 4580 ut.
3394 4528 3534 4581 viain

1981 4626 2189 4680 faceret
2236 4624 2323 4685 iis,
2353 4622 2445 4690 qui
2486 4622 2551 4674 de
2586 4618 2823 4690 Egypto
2853 4619 3034 4672 tnundi
3071 4619 3228 4686 hujus
3262 4620 3544 4673 ascensuri

1981 4726 2138 4772 erant
2178 4717 2243 4767 ad
2273 4716 2465 4769 Deum.
2496 4731 2513 4762 ι
2536 4713 2602 4765 Et
2629 4712 2799 4781 gloria
2829 4714 3110 4763 unicoruis
3144 4711 3337 4780 ejus".
3364 4730 3383 4762 ι
3415 4713 3545 4765 0111·-

1981 4809 2069 4863 nia
2101 4808 2243 4861 enim
2267 4806 2568 4860 daemonum
2603 4819 2763 4873 regna
2794 4801 3051 4869 dejiciens
3079 4800 3351 4864 Christus,
3380 4818 3544 4855 unum

1981 4914 2136 4954 suum
2191 4912 2436 4964 regnum,
2473 4905 2727 4963 tanquam
2764 4894 2879 4946 veri
2936 4892 3238 4956 unicornis,
3300 4892 3546 4947 fundavit

1984 4991 2039 5045 in
2067 4989 2258 5059 gloria.
2286 4988 2464 5042 Cornu
2491 4987 2630 5039 enim
2653 4998 2752 5052 pro
2782 4998 2946 5052 regno
2975 4997 3115 5051 saepe
3137 4982 3420 5036 docuimus
3454 4999 3550 5037 no-

1979 5083 2198 5140 minari.
2247 5098 2266 5131 ο
2310 5079 2466 5143 Edet,
2510 5077 2681 5144 inquit
2722 5076 2790 5140 ³³,
2825 5074 2892 5129 de
2915 5076 3101 5128 eodem
3137 5074 3314 5128 adhuc
3336 5076 3544 5135 dicens,

1980 5184 2167 5243 gentes
2214 5170 2553 5224 inimicorum
2594 5183 2814 5220 suorum
2855 5176 2910 5219 et
2944 5163 3332 5218 crassitudines
3355 5180 3541 5218 eorum

1988 5263 2358 5322 emedullabit.
2380 5281 2398 5313 ι
2418 5259 2640 5323 Gentes,
2671 5259 2767 5323 ait,
2798 5271 2933 5325 quas
2964 5254 3166 5307 inimici
3193 5255 3274 5308 sui
3303 5254 3545 5320 p0ssitle-

2111 5357 2156 5388 ³⁵
2193 5354 2336 5409 Psal.
2364 5370 2425 5416 tt,
2454 5352 2508 5407 8.
2603 5351 2647 5382 ³⁷
2684 5348 2872 5401 Matth.
2925 5359 3073 5408 xxw,
3113 5342 3198 5397 I7.
3275 5342 3320 5373 ⁸⁸
3349 5341 3540 5394 Matth.

2122 5426 2276 5471 Num.
2310 5439 2458 5471 xxiv-
2492 5421 2545 5471 8.
2639 5419 2683 5451 ³⁸
2711 5417 2842 5471 ibid.

2712 5433 2842 5471 ιυιυ.

1973 5572 2125 5641 (ιυιιιυ
2141 5572 2269 5638 facit
2307 5583 2487 5651 inepta
2520 5572 2621 5635 hoc
2655 5572 2770 5632 lose
2801 5572 3153 5644 Septuaginta
3191 5574 3547 5639 luterprctum

1979 5672 2179 5712 VCl'SlO.

3583 553 3603 603 ,ε
