4074 6156
627 207 726 261 711

2069 190 2390 249 ORIGENIS
3726 192 3807 249 ἨΞ

624 315 780 382 bant,
809 317 924 385 ipse
956 316 1101 379 edet,
1137 314 1410 369 destructa
1447 313 1648 368 virtute
1678 311 1910 377 inimici,
1940 321 1995 365 et
2036 325 2188 365 cras-
2219 313 2264 369 Α
2295 307 2505 379 profert
2539 323 2553 357 :
2589 307 2683 362 sed
2733 313 2789 359 et
2827 303 2936 369 ille,
3002 303 3096 373 qui
3143 302 3248 358 sub
3301 303 3516 358 nomine
3562 300 3811 367 Christiani

626 407 891 463 sitndines
933 421 1120 460 eorum
1170 404 1540 468 emedullabit,
1594 418 1716 459 cum
1764 416 1980 457 omnem
2030 404 2097 458 de
2128 402 2194 458 iis

628 513 845 553 sensum
876 510 1121 551 crassum
1167 504 1222 548 et
1264 494 1538 548 carnalem
1577 503 1854 558 extenuat,
1885 503 1941 546 et
1969 506 2197 547 conver-

634 590 703 641 tit
742 589 806 642 ad
841 587 1250 653 intelligentiam
1294 584 1615 653 spiritalem.
1651 583 1807 650 Quod
1841 591 2019 638 autem
2054 598 2196 637 cras-

626 679 805 733 situdo
847 677 1189 747 culpabiliter
1227 676 1281 729 in
1323 673 1627 745 Scripturis
1679 674 1964 741 habeatur,
1994 674 2196 728 indicio

625 771 731 823 erit
768 770 900 824 illud
948 770 1091 839 quod
1150 769 1411 837 scriptum
1440 780 1523 823 est
1543 769 1628 822 ³³ε
1660 787 1678 818 ι
1708 768 2070 823 Incrassatum
2113 776 2199 823 est

626 875 720 914 cor
765 858 947 928 pepuli
984 858 1162 927 hujus.
1190 878 1212 913 ι
1250 859 1317 913 Et
1365 859 1492 913 alibi
1525 859 1614 911 ’δε
1648 878 1666 910 ι
1704 858 1944 912 Satiatus
1987 867 2094 921 est,
2139 866 2196 911 et

625 950 965 1005 incrassatns
1016 960 1126 1014 est,
1169 960 1226 1005 et
1272 950 1643 1003 recalcitravit
1694 949 1940 1003 dilectus.
1973 967 1993 999 ι
2065 948 2200 1002 Edet

624 1056 755 1110 ergo
784 1052 991 1110 gentes,
1022 1052 1078 1095 et
1124 1042 1304 1097 cibum
1338 1042 1553 1097 habebit
1602 1056 1698 1097 eos
1721 1042 1813 1110 qui
1860 1041 2091 1096 credunt
2142 1040 2195 1094 in

627 1147 777 1200 eum,
808 1134 951 1188 sicut
984 1143 1040 1188 et
1077 1135 1191 1205 ipse
1220 1135 1351 1188 dicit
1374 1135 1427 1187 in
1454 1134 1745 1204 Evangelio
1765 1134 1809 1166 ³⁵
1841 1152 1854 1188 :
1894 1151 1913 1185 ι
1948 1134 2097 1189 Meus
2121 1134 2200 1187 ci-

624 1225 729 1278 bus
753 1232 838 1278 est
866 1237 925 1279 ut
951 1224 1150 1280 faciam
1183 1227 1520 1281 voluntatem
1567 1226 1686 1293 ejus
1721 1228 1813 1295 qui
1848 1241 1931 1280 me
1963 1226 2133 1280 misit.
2173 1243 2193 1277 ι

626 1315 794 1384 Cujus
831 1317 1020 1385 utique
1048 1316 1298 1371 voluntas
1334 1318 1448 1372 haec
1479 1327 1617 1383 erat,
1646 1326 1704 1371 ut
1734 1328 1922 1387 gentes
1964 1333 2199 1373 conver-

627 1419 871 1465 terentur
912 1411 979 1464 ad
1021 1410 1202 1464 fidem.
1230 1410 1381 1475 Quod
1407 1411 1477 1475 si,
1513 1420 1571 1465 ut
1608 1411 1862 1479 superius
1892 1411 2198 1477 docuimus,

627 1503 937 1556 crassitudo
964 1502 1251 1572 culpabilis
1299 1502 1554 1568 habetur,
1584 1503 1895 1557 econtrario
1926 1503 2200 1558 subtilitas

627 1592 913 1648 laudabilis
942 1594 1189 1648 habenda
1223 1604 1307 1649 est
1332 1609 1343 1642 :
1373 1595 1496 1663 quia
1530 1602 1585 1649 et
1628 1595 1851 1663 spiritus
1896 1595 2197 1665 sapientiae,

628 1685 720 1753 qui
767 1685 1135 1754 intelligibilis,
1166 1696 1219 1740 et
1267 1698 1507 1751 sanctus,
1559 1695 1614 1740 et
1663 1687 1871 1749 unicus,
1903 1696 1959 1741 et
2016 1687 2199 1741 multi-

626 1777 748 1846 plex
781 1777 894 1849 (77)
917 1779 1197 1842 dicitur",
1236 1777 1494 1834 similiter
1525 1789 1581 1833 et
1611 1780 1824 1834 subtilis
1856 1794 1976 1834 esse
2020 1780 2200 1849 perhi-

629 1867 814 1921 betur.
863 1886 882 1918 (
919 1867 984 1920 Ει
1029 1868 1228 1937 jaculis
1276 1868 1392 1922 suis
1435 1867 1718 1938 sagittabit
1778 1868 2059 1924 inimicum
2084 1869 2195 1922 ".a

636 1958 827 2015 Jacula
872 1959 990 2027 ejus
1044 1961 1209 2014 verba
1265 1959 1381 2029 ejus
1409 1969 1556 2026 sunt,
1593 1961 1789 2029 quibus
1817 1961 1900 2015 vel
1931 1960 2202 2016 diabolum

644 2053 800 2116 vicit,
844 2052 929 2105 vel
967 2066 1157 2106 omnes
1202 2051 1454 2106 inimicos
1507 2061 1562 2106 et
1612 2053 2048 2107 contradicentes
2095 2053 2201 2108 sibi

628 2145 795 2199 etiam
842 2160 988 2200 nunc
1031 2153 1253 2214 superat
1277 2153 1334 2199 et
1375 2144 1688 2212 confringit.
1718 2143 1909 2201 Omnis
1933 2147 2077 2201 enim
2108 2147 2199 2217 qui

627 2245 839 2305 peccat,
882 2235 1134 2290 inimicus
1169 2235 1284 2304 ejus
1331 2243 1419 2290 est
1458 2234 1583 2289 dum
1627 2243 1831 2304 peccat.
1893 2235 1951 2290 Si
2018 2245 2198 2291 autem

628 2327 814 2381 audiat
844 2328 1005 2382 verba
1040 2327 1156 2391 Dei,
1194 2337 1248 2382 et
1301 2341 1601 2397 agnoscens
1638 2337 1858 2395 peccata
1908 2344 2026 2393 sua,
2073 2344 2204 2384 con-

627 2418 828 2487 ligatur
881 2435 948 2475 ex
999 2420 1080 2473 eis
1123 2430 1177 2474 et
1216 2429 1627 2490 compungatur,
1687 2429 1851 2489 atque
1922 2420 1989 2474 ad
2037 2421 2209 2488 ι)ωηί-

637 2511 858 2564 tentiam
894 2520 1267 2576 convertatur,
1299 2511 1545 2566 veritatis
1569 2526 1826 2567 sermone
1874 2514 2199 2580 terebratus,

629 2603 791 2657 etiam
846 2603 960 2672 ipse
1010 2603 1222 2659 dicetur
1262 2601 1463 2670 jaculis
1488 2618 1608 2659 esse
1645 2606 1912 2661 confixus.
1944 2606 2049 2661 Sed
2082 2617 2205 2676 post

630 2695 745 2750 haec
770 2695 934 2750 etiam
977 2696 1043 2750 de
1072 2696 1189 2765 ipsa
1218 2698 1485 2767 passionis
1521 2698 1931 2768 dispensatione
1960 2715 2202 2755 comme-

628 2799 830 2853 morat,
857 2798 915 2842 et
938 2789 1136 2843 dicit”
1166 2807 1179 2844 :
1211 2808 1230 2841 (
1257 2789 1597 2844 liecumbens
1634 2792 1899 2860 requievit
1926 2801 1985 2845 ut
2018 2792 2122 2854 leo,
2148 2801 2202 2847 et

627 2888 686 2932 ut
714 2879 924 2935 catulus
979 2876 1176 2944 leonis,
1207 2881 1331 2948 quis
1372 2881 1636 2935 excitabit
1664 2882 1873 2934 eum?»
1916 2881 2202 2951 Requievit

2295 400 2439 454 male
2491 400 2627 468 agit,
2655 407 2711 451 et
2751 397 2987 464 turpiter
3046 405 3430 461 conversatur,
3465 406 3518 449 et
3560 398 3810 457 inhonestis

2295 492 2493 559 verbis,
2531 491 2616 546 vel
2649 490 2858 545 actibus
2894 489 3008 544 suis
3036 488 3167 543 facit
3214 501 3417 543 nomen
3461 489 3575 559 ejus
3604 489 3810 562 blasphe-

2296 587 2430 641 mari
2478 586 2621 641 inter
2646 591 2839 655 gentes
2884 600 2901 637 z
2952 582 3093 637 sicut
3134 581 3455 637 econtrario
3491 596 3592 637 non
3635 583 3711 638 ille
3741 587 3808 655 qui

2294 680 2636 735 sermonibus
2678 679 2807 733 solis
2856 679 3146 733 Dominum
3198 676 3499 740 henedicit,
3550 677 3655 745 ipse
3686 676 3813 735 bene-

2296 769 2478 823 dicere
2506 773 2777 839 putandus
2825 777 2932 833 est,
2986 770 3081 823 sed
3127 769 3217 836 qui
3261 765 3499 830 actibus,
3541 775 3593 820 et
3634 768 3744 834 vita,
3773 779 3815 824 et

2296 860 2539 914 moribus
2605 859 2719 913 suis
2765 858 2897 914 facit
2963 859 3033 913 ab
3095 857 3354 912 omnibus
3412 870 3601 911 nomen
3646 856 3813 914 Domini

2299 951 2564 1007 benedici.
2626 951 2690 1006 Et
2758 953 2811 1005 in
2868 951 2989 1007 istis
3060 951 3235 1018 magis
3312 949 3658 1023 complebitur
3704 953 3813 1021 quod

2301 1042 2456 1094 tertia
2521 1042 2801 1111 prophetia
2851 1041 3068 1094 Balaam
3134 1041 3428 1110 designat,
3509 1041 3626 1109 quia
3690 1040 3814 1096 bene-

2297 1132 2540 1187 dicentes
2576 1133 2796 1188 Christo
2848 1131 3262 1197 benedicentur,
3292 1140 3347 1185 et
3405 1130 3753 1185 maledicentes
3777 1132 3815 1185 ei

2299 1225 2575 1280 maledicti
2603 1236 2786 1281 erunt.
2805 1226 3037 1292 Propter
3055 1226 3200 1296 quod
3226 1224 3540 1279 omnimode
3559 1237 3813 1284 caveamus.

2299 1334 2369 1374 ne
2401 1329 2621 1389 prepter
2645 1328 2802 1374 actus
2826 1332 3046 1374 nosnos
3067 1317 3274 1372 Christi
3300 1332 3497 1371 nomen
3528 1314 3815 1381 blaspheme-

2302 1420 2409 1472 tur,
2434 1408 2532 1463 sed
2571 1408 2746 1478 magis
2796 1408 2850 1461 id
2902 1421 3155 1477 agamus,
3182 1414 3245 1458 ut
3300 1405 3371 1459 de
3404 1402 3816 1459 benedictionibus

2301 1501 2418 1569 ejus
2453 1501 2756 1571 participes
2803 1515 2925 1555 esse
2959 1513 3297 1554 mereamur.
3340 1497 3446 1565 Ipsi
3491 1496 3651 1566 gloria
3683 1497 3818 1551 athe.

2302 1596 2537 1651 nedictio
2566 1596 2619 1649 in
2650 1593 2847 1650 saecula
2878 1595 3220 1649 saeculorum.
3255 1594 3454 1647 Amen.

2831 1684 3112 1741 HOMILIA
3153 1684 3346 1741 XVIII.

2783 1778 2862 1834 De
2884 1793 3076 1850 quarta
3103 1784 3404 1850 prophetia.

2373 1872 2428 1927 1.
2466 1871 2726 1939 Quartam
2756 1886 2905 1926 nunc
2934 1870 3277 1940 prephetiam
3307 1887 3375 1926 ex
3411 1869 3476 1926 iis
3507 1884 3620 1939 quae
3646 1869 3818 1923 Balaam

2304 1962 2361 2017 in
2406 1963 2576 2017 verbo
2624 1962 2719 2017 Dei
2751 1962 2964 2017 locutus
2992 1971 3098 2028 est,
3136 1964 3189 2017 in
3243 1977 3442 2016 manus
3486 1960 3591 2034 (78)
3633 1963 3818 2015 assumi-

2304 2070 2446 2121 mus,
2471 2055 2717 2110 volentes
2748 2055 2911 2109 etiam
2942 2055 3008 2109 de
3037 2055 3150 2122 ipsa
3182 2068 3307 2123 quae
3339 2053 3481 2109 Deus
3506 2053 3697 2107 dederit
3722 2066 3820 2121 ape-

2303 2146 2439 2200 rire.
2466 2145 2564 2200 Cui
2598 2152 2782 2200 tamen
2809 2146 3110 2215 prophetiae
3139 2144 3367 2210 similia,
3404 2153 3463 2198 ut
3494 2143 3545 2198 in
3571 2143 3818 2210 superiori-

2304 2238 2424 2301 bus,
2455 2237 2508 2291 in
2530 2236 2850 2306 praefatione
2881 2239 3158 2307 pmmissa
3184 2247 3335 2291 sunt.
3362 2237 3455 2290 Ait
3476 2236 3610 2291 enim
3633 2235 3673 2267 ιο
3702 2252 3749 2287 τ(
3773 2235 3821 2288 Et

2304 2327 2478 2382 iratus
2505 2336 2588 2381 est
2619 2326 2816 2381 Balacb
2843 2328 3135 2381 adversum
3161 2326 3409 2392 Balaam,
3433 2336 3492 2382 et
3518 2327 3734 2396 plausum
3748 2326 3819 2378 de-

2305 2422 2384 2476 dit
2414 2421 2662 2475 manibus
2684 2423 2821 2476 suis.
2860 2421 2926 2475 Et
2977 2420 3117 2475 dixit
3149 2421 3352 2475 Balach
3389 2421 3455 2475 ad
3487 2418 3718 2474 Balaam:
3745 2417 3821 2470 lla-

2303 2509 2535 2565 ledicere
2574 2511 2852 2564 inimicum
2886 2526 3064 2565 meum
3094 2513 3281 2565 vocavi
3317 2521 3387 2575 te,
3421 2522 3474 2565 et
3497 2526 3617 2566 ecce
3640 2508 3818 2564 henedi-

2303 2618 2433 2659 cens
2475 2604 2799 2658 benedixiin
2852 2605 3034 2657 tertio.
3077 2602 3228 2658 Nunc
3279 2619 3412 2673 ergo
3451 2603 3570 2672 fuge
3601 2602 3649 2655 in
3677 2602 3817 2654 locum

2303 2705 2453 2751 tuum
2488 2697 2659 2763 :dix-i,
2692 2696 2970 2750 honorabo
3001 2705 3077 2760 te,
3105 2706 3164 2750 et
3204 2712 3356 2750 nunc
3381 2696 3635 2750 fraudavit
3668 2688 3711 2748 te
3736 2694 3817 2746 Do-

2303 2791 2483 2845 minus
2513 2791 2739 2844 honore.
2763 2809 2782 2842 ι
2821 2788 3068 2844 Ostendit
3098 2792 3150 2841 in
3185 2790 3272 2854 iis,
3313 2791 3439 2858 quia
3470 2801 3522 2844 et
3550 2788 3723 2842 Balaclt
3752 2787 3818 2840 in-

2306 2883 2577 2940 tellexerit
2606 2898 2711 2936 non
2736 2882 2847 2952 jam
2879 2883 3185 2934 dzemonum
3238 2883 3544 2936 ministerio
3563 2880 3715 2948 decipi
3747 2877 3818 2929 Ba-

626 2980 688 3025 ut
719 2972 822 3035 leo,
867 2986 988 3026 cum
1021 2972 1073 3025 in
1112 2986 1273 3025 cruce
1310 2974 1537 3042 positus,
1575 2973 1909 3042 principatus
1944 2983 1997 3028 et
2046 2985 2198 3043 pote-
2226 2995 2273 3058 ς
2305 2977 2470 3040 laam,
2499 2975 2593 3029 sed
2619 2974 2711 3029 Dei
2744 2975 2943 3028 virtute
2969 2975 3035 3028 ad
3069 2974 3300 3029 meliora
3333 2974 3628 3038 transferri,
3655 2983 3697 3023 et
3726 2971 3819 3024 ideo

626 3072 801 3121 states
840 3063 1014 3127 exuit,
1048 3073 1102 3117 et
1135 3064 1494 3134 triumphavit
1520 3078 1614 3119 eas
1643 3067 1695 3120 in
1727 3066 1869 3135 ligno
1893 3068 2095 3122 crucis.
2132 3066 2204 3122 Ut

626 3152 840 3209 catulus
901 3163 1081 3208 autem
1134 3153 1327 3218 leonis,
1386 3167 1509 3208 cum
1573 3156 1870 3209 resurrexit
1930 3171 1959 3208 a
2008 3170 2201 3210 somno

629 3244 840 3297 mortis.
893 3244 1049 3309 Quod
1101 3252 1281 3297 autem
1320 3244 1463 3297 leoni
1496 3244 1657 3298 simul
1707 3256 1760 3299 et
1793 3247 1976 3303 catulo
2027 3246 2202 3302 leonis

630 3344 1004 3402 comparatur,
1054 3343 1230 3403 potest
1264 3335 1442 3390 adhuc
1470 3346 1526 3389 et
1555 3347 1778 3406 propter
1814 3338 1917 3393 hoc
1950 3339 2197 3411 intelligi,

628 3435 689 3480 ut
710 3425 761 3479 in
795 3426 860 3480 iis
893 3426 984 3494 qui
1011 3426 1235 3495 perfecti
1268 3436 1412 3492 sunt,
1445 3428 1552 3491 leo,
1586 3429 1639 3481 in
1669 3430 1738 3482 iis
1770 3444 1901 3484 vero
1931 3430 2022 3499 qui
2061 3432 2197 3487 inci—

627 3520 839 3590 pientes
885 3528 1014 3574 sunt
1055 3528 1111 3573 et
1151 3520 1330 3581 rudes,
1377 3521 1592 3575 catulus
1647 3520 1823 3576 leonis
1867 3524 2198 3582 nominetur.

628 3612 782 3677 Quod
826 3627 956 3665 vero
1009 3612 1124 3665 ait:
1159 3611 1339 3678 «Quis
1393 3613 1678 3667 suscitabit
1725 3615 1886 3669 eum?
1919 3633 1940 3668 ι
1999 3616 2200 3673 idcirco

629 3703 754 3771 quia
803 3717 945 3757 nunc
979 3719 1009 3756 a
1043 3702 1205 3758 Patre
1241 3706 1444 3760 dicitur
1484 3706 1800 3770 suscitatus,
1836 3723 1984 3762 nunc
2036 3710 2199 3764 etiam

628 3796 747 3865 ipse
790 3795 1046 3864 templum
1082 3797 1330 3865 corporis
1362 3800 1443 3851 sui
1495 3806 1617 3867 post
1665 3798 1904 3852 triduum
1933 3800 2200 3855 suscitare

628 3906 689 3945 se
720 3891 851 3945 dicit
877 3906 894 3943 :
924 3901 979 3944 et
1010 3892 1204 3945 merito
1232 3893 1284 3945 in
1319 3894 1421 3946 hoc
1448 3893 1604 3961 quasi
1655 3894 2025 3961 percontantis
2060 3892 2202 3947 desi-

628 3993 825 4051 gnatur
886 3981 1134 4037 allectus.
1173 3982 1314 4049 «Qui
1362 3986 1690 4044 benedicunt
1748 3985 1865 4047 tibi,
1929 3982 2200 4038 benedicti

628 4083 802 4129 stitit:
835 4084 889 4129 et
944 4074 1034 4143 qui
1086 4076 1415 4129 maledicunt
1467 4077 1586 4140 tibi,
1618 4075 1889 4129 maledicti
1939 4075 2144 4128 sunt".
2174 4094 2194 4127 ι

627 4161 852 4217 Certum
904 4171 989 4216 est
1043 4163 1185 4231 quod
1231 4163 1614 4220 benedicentes
1656 4164 1877 4220 Christo
1929 4164 2196 4219 benedicti

628 4264 777 4320 sunt,
809 4265 863 4309 et
916 4256 968 4307 in
1028 4256 1461 4311 communionem
1510 4267 1750 4326 paternae
1810 4257 2199 4312 benedictionis

2305 3069 2437 3122 dicit
2460 3085 2476 3124 :
2504 3087 2521 3120 ι
2549 3068 2809 3122 Dominus
2825 3069 3097 3123 fraudavit
3121 3079 3172 3122 te
3193 3068 3427 3123 honore.
3456 3087 3475 3120 ι
3500 3068 3596 3120 Sed
3618 3066 3712 3118 haec
3726 3075 3816 3130 quae

2304 3159 2466 3229 plana
2496 3168 2622 3214 sunt
2650 3169 3123 3223 transcurrentes,
3157 3161 3223 3214 ad
3254 3161 3538 3230 sequentia
3570 3157 3818 3211 veniamus.

2308 3271 2329 3304 ο
2358 3252 2423 3307 Ει
2443 3253 2582 3306 dixit
2604 3251 2822 3306 Balaam
2850 3253 2914 3306 ad
2942 3251 3175 3307 Balach:
3202 3253 3399 3308 Nonne
3427 3263 3481 3307 et
3508 3250 3694 3304 nuntiis
3717 3248 3817 3309 tuis,

2302 3359 2440 3415 quos
2475 3343 2670 3397 misisti
2700 3342 2767 3396 ad
2798 3358 2908 3407 me,
2946 3344 3163 3398 locutus
3197 3360 3323 3399 sum
3377 3344 3601 3400 dicens:
3627 3340 3677 3395 Si
3718 3336 3816 3391 mihi

2304 3436 2517 3491 dederit
2547 3433 2743 3488 Balach
2778 3435 2992 3503 plenam
3024 3432 3189 3505 3&0
3215 3437 3441 3490 domum
3475 3448 3615 3489 suam
3639 3439 3818 3498 argento

2301 3540 2358 3584 et
2388 3543 2539 3593 auro,
2569 3542 2676 3582 non
2709 3536 2900 3597 potero
2933 3530 3240 3599 transgredi
3270 3532 3495 3586 verbum
3526 3525 3729 3585 Domini,
3756 3521 3816 3575 fa-

2302 3636 2428 3676 cere
2458 3621 2585 3675 illud
2616 3621 2841 3686 bonum,
2867 3630 2963 3675 aut
2993 3625 3194 3675 malum
3222 3625 3366 3693 apud
3390 3619 3670 3691 meipsuml
3688 3616 3814 3683 Que-

2302 3727 2516 3782 cunque
2549 3713 2678 3766 mihi
2707 3714 2908 3767 dixerit
2936 3713 3077 3768 Deus
3109 3714 3224 3769 haec
3256 3716 3456 3771 dicam.
3486 3714 3549 3767 Et
3571 3724 3699 3767 nunc
3717 3720 3816 3761 ecce

2304 3807 2467 3863 redeo
2494 3810 2546 3861 in
2573 3809 2749 3862 locum
2775 3823 2952 3862 meum
2978 3808 3045 3863 δι.
3080 3828 3098 3861 ι
3134 3808 3328 3865 Sciens
3358 3808 3564 3864 Balaam
3589 3803 3713 3874 quod
3733 3811 3815 3853 non

2302 3903 2406 3958 sibi
2456 3918 2554 3972 per
2604 3903 2888 3957 ministros
2936 3905 3129 3959 solitos
3182 3919 3446 3972 responsa
3504 3898 3813 3957 deferrentur,

2301 3995 2397 4049 sed
2443 3996 2509 4048 ab
2560 4009 2626 4047 eo
2668 3994 2760 4062 qui
2805 3994 3034 4050 haberet
3078 3997 3319 4050 omnium
3355 4000 3673 4066 potestatem,
3700 3991 3813 4037 recle

2300 4085 2518 4139 videtur
2563 4094 2901 4154 protestatus
2946 4103 3050 4141 non
3102 4103 3162 4142 se
3215 4103 3376 4156 posse
3405 4085 3613 4141 verbum
3643 4070 3812 4133 Domini

2301 4179 2633 4248 tranSgredi,
2668 4191 2721 4233 et
2752 4178 2932 4234 facere
2979 4179 3147 4233 ullum
3179 4181 3457 4248 pusillum,
3484 4185 3569 4231 aut
3605 4180 3809 4240 magnum

2304 4272 2444 4340 apud
2476 4272 2860 4341 semetipsum.
2892 4269 3012 4325 Non
3037 4273 3181 4326 enim
3215 4273 3302 4327 ille
3334 4272 3640 4342 loquebatur
3667 4255 3810 4326 εἰ,αυὶ

631 4349 914 4415 assumpti.
950 4346 1057 4413 Qui
1097 4357 1275 4400 autem
1328 4348 1687 4413 maledicunt,
1743 4350 2013 4405 maledicti
2054 4360 2199 4404 sunt.
2236 4367 2281 4424 ι)
2309 4374 2494 4433 posset
2537 4364 2824 4419 sacriﬁciis
2870 4375 2924 4418 ει
2958 4365 3275 4419 muneribus
3313 4357 3619 4433 permutari,
3642 4353 3720 4408 sed
3745 4347 3811 4401 ille

629 4439 686 4491 Si
718 4440 861 4492 enim
899 4439 962 4490 ad
993 4436 1251 4505 populum
1287 4439 1445 4492 istum
1474 4439 1755 4507 respicias,
1787 4441 1880 4509 qui
1923 4440 2199 4495 maledicit

627 4533 865 4597 Christo,
894 4533 1059 4586 etiam
1089 4530 1513 4602 lacrymabiliter
1552 4535 1828 4588 invenitur
1870 4548 1990 4589 esse
2036 4535 2201 4589 male-

626 4649 826 4703 dictus.
857 4647 994 4713 Quid
1028 4647 1173 4701 enim
1204 4646 1347 4699 aliud
1364 4645 1583 4700 evenire
1614 4657 1795 4714 posset
1824 4646 1890 4700 iis
1912 4648 2000 4715 qui
2035 4648 2198 4701 male-

627 4741 816 4793 dicunt
865 4740 1168 4809 sapientize,
1198 4739 1286 4806 qui
1321 4737 1652 4791 maledicunt
1682 4740 1926 4801 veritati,
1958 4739 2047 4807 qui
2078 4755 2194 4791 ma-

626 4832 864 4887 ledicunt
897 4834 1040 4893 vitae,
1072 4830 1175 4884 nisi
1212 4838 1269 4883 ut
1293 4830 1359 4883 ab
1392 4829 1459 4882 iis
1485 4830 1737 4883 omnibus
1765 4831 1921 4884 bonis
1949 4839 2197 4885 extorres

625 4935 681 4980 et
712 4924 925 4978 exsules
958 4921 1215 4993 iaceant?
1255 4920 1381 4975 Haec
1405 4922 1549 4974 enim
1574 4922 1754 4975 omnia
1797 4923 2045 4975 Christus
2069 4932 2153 4977 cst
2179 4938 2195 4976 :

625 5026 683 5071 et
715 5016 803 5084 qui
828 5015 1098 5070 maledicit
1120 5015 1362 5081 Christo,
1390 5026 1646 5082 tauquam
1673 5015 1736 5066 iis
1763 5015 2014 5068 onmibos
2043 5015 2197 5069 bonis

627 5105 977 5169 maledicens,
1014 5114 1271 5174 perpetua
1339 5103 1713 5158 maledictione
1754 5104 2041 5157 damnatus
2088 5113 2191 5159 est.

628 5199 741 5269 Ego
788 5207 968 5252 tamen
1012 5209 1142 5268 puto
1188 5200 1331 5267 quod
1378 5211 1486 5251 non
1543 5196 1633 5250 ille
1685 5195 1858 5250 solum
1912 5196 2196 5252 maledicat

629 5292 867 5357 Chrisro,
896 5292 986 5360 qui
1018 5307 1321 5348 sermonem
1345 5291 1635 5345 adversum
1686 5304 1808 5344 eutu
1865 5290 2192 5345 maledicum

597 5428 602 5441 '
701 5434 746 5465 ³³
768 5438 890 5488 Act.
915 5448 1107 5495 xxvm,
1135 5432 1227 5490 27.
1305 5430 1508 5486 "DEIN-
1539 5445 1713 5496 Χικιιν
1749 5429 1838 5485 i5-

630 5505 672 5538 ”
697 5503 856 5557 Nunt.
894 5518 1040 5569 Htv,
1073 5504 1126 5559 9.
1230 5502 1275 5535 ⁸ο
1304 5502 1437 5556 ibid.
1474 5501 1560 5567 10,
1590 5501 1678 5555 11.

698 5622 811 5688 (77)
853 5621 1004 5684 Mss.,
1048 5631 1144 5676 «et
1187 5620 1382 5675 unicus
1411 5628 1466 5676 et
1499 5619 1807 5691 multiplex,
1838 5637 1856 5673 ι
1897 5620 1990 5677 sed
2047 5617 2183 5677 libb.

629 5703 787 5749 antea
816 5695 948 5747 editi
977 5694 1235 5747 omittunt
1266 5711 1282 5744 ι
1308 5700 1364 5746 et
1394 5691 1606 5747 unicus.
1636 5709 1655 5744 ι

1917 5429 1961 5462 ⁸⁸
1990 5426 2151 5487 Joan.
2179 5446 2250 5494 Iv,
2277 5428 2367 5483 54.
2444 5427 2490 5459 ³⁸
2523 5427 2650 5496 Sap.
2685 5443 2780 5490 vn,
2807 5427 2895 5481 22.

1780 5500 1824 5533 ιι
1862 5500 1994 5556 ibid.
2030 5499 2120 5565 as,
2159 5501 2359 5568 15,”.

2302 4467 2422 4511 erat
2448 4457 2587 4526 apud
2612 4466 2772 4525 quem
2808 4470 2912 4508 non
2954 4466 3039 4510 est
3073 4459 3474 4517 transmutatio,
3504 4466 3596 4507 nec
3617 4453 3808 4500 commu-

2304 4549 2526 4604 tationis
2559 4548 2748 4602 umbra
2772 4548 2841 4601 ".
2868 4547 2932 4601 Et
2960 4549 3079 4603 ideo
3104 4565 3211 4603 non
3235 4561 3413 4619 potest
3444 4545 3675 4603 sacerdos
3699 4546 3808 4590 mel"

2300 4644 2434 4697 cede
2476 4643 2700 4706 mutari,
2738 4644 2829 4697 ubi
2879 4642 3021 4697 Deus
3066 4646 3386 4700 muneribus
3436 4657 3537 4697 non
3587 4639 3804 4690 movetur-

2304 4735 2657 4790 Discessurus
2693 4745 2873 4790 tamen
2909 4736 3128 4789 Balaam
3179 4738 3372 4808 incipit
3400 4740 3581 4792 iterum
3621 4720 3805 4798 prophe‘

2304 4835 2442 4890 tare,
2477 4836 2534 4881 et
2564 4826 2800 4882 dicit“:
2830 4846 2848 4878 ι
2878 4826 3034 4892 Veni,
3070 4829 3353 4884 consilium
3395 4832 3459 4886 do
3495 4824 3582 4881 tibi
3619 4816 3726 4888 quid
3747 4808 3806 4861 ia‘

2305 4919 2411 4974 ciet
2460 4919 2688 4987 populus
2724 4921 2814 4974 hic.
2861 4921 3058 4989 populo
3109 4933 3199 4974 tuo
3232 4921 3284 4975 in
3316 4914 3605 4975 novissimis
3637 4904 3800 4989 diebus):

2306 5009 2372 5063 Et
2407 4982 2684 5080 assumpta
2718 4982 2977 5079 parabola
3009 5025 3105 5065 sua
3138 5013 3235 5067 ait.
3267 5029 3285 5062 ι
3319 5009 3425 5066 Sed
3455 5007 3732 5079 priusquam
3752 4982 3803 5040 ad

2305 5101 2746 5170 explanationem
2781 5117 2965 5157 eorum
2999 5119 3119 5172 quae
3152 5106 3469 5174 prophetata
3505 5105 3635 5157 sunt,
3659 5082 3802 5174 venia—

2305 5209 2445 5257 mus,
2482 5193 2640 5248 velim
2677 5196 2958 5263 requirere
2981 5196 3103 5265 quis
3125 5198 3226 5251 iste
3258 5209 3446 5249 sensus
3468 5193 3553 5253 sit,
3575 5182 3680 5254 quis
3697 5170 3802 5231 ordo

2299 5282 2612 5350 verborum,
2637 5290 2779 5357 quod
2809 5287 2919 5341 ait:
2952 5306 2972 5340 ί
3013 5286 3143 5342 Veni
3191 5297 3245 5341 et
3277 5286 3551 5343 consilium
3576 5278 3635 5333 do
3659 5267 3795 5325 tibi.»

2976 5427 3018 5459 "
3048 5426 3209 5481 Num.
3238 5443 3387 5491 xxw,
3416 5426 3467 5481 8.
3554 5418 3596 5491 ξε
3616 5407 3726 5469 ibid.
3751 5398 3793 5456 9-

2467 5488 2701 5552 "Jacob.
2731 5488 2775 5564 l,
2802 5499 2887 5551 17.
2962 5498 3007 5529 ’⁵³
3038 5498 3197 5552 Num.
3230 5488 3381 5563 sxw,
3409 5497 3490 5560 M,
3518 5488 3599 5545 I5.

2367 5615 2479 5688 (78)
2508 5614 2573 5669 In
2602 5632 2808 5668 manus.
2842 5614 2915 5667 Ita
2937 5616 3104 5670 codex
3135 5613 3494 5677 Corbeiensis,
3521 5596 3632 5660 libri
3650 5590 3793 5649 ευιεηι

2300 5687 2466 5751 editi,
2493 5705 2510 5737 ο
2547 5690 2596 5740 in
2632 5688 2899 5741 manibus.
2923 5706 2941 5736 ι
