4074 6156
349 287 460 341 71⁸5

1515 281 1583 335 ΙΝ
1617 277 1947 336 NUMEBOS
1980 275 2265 330 HOMILIA
2291 275 2480 332 XVIII.

3496 278 3597 334 ’ῖίὸ

355 401 423 456 Et
474 396 688 453 consilii
741 396 963 466 quidem
1017 396 1148 450 nihil
1209 397 1340 452 dare
1387 397 1625 461 videtur,
1667 398 1761 452 sed
1811 397 1927 449 ait:
1959 401 2005 453 A
2033 391 2171 445 laam
2199 391 2342 445 ﬁlius
2371 391 2530 458 Beor,
2564 393 2724 446 homo
2755 406 2886 448 vere
2912 392 3121 459 videns,
3151 400 3206 448 et
3233 391 3456 447 audiens
3478 407 3595 448 ser-

363 509 384 543 r
423 489 561 557 Quid
591 489 834 543 facturus
859 488 930 542 sit
954 488 1182 558 populos
1204 488 1294 542 hic
1318 487 1517 556 populo
1542 497 1633 542 tuo
1669 487 1721 540 in
1751 487 1932 539 novis-

355 583 512 640 simis
565 581 793 646 diebus;
825 598 845 632 ο
897 595 1020 634 cum
1058 582 1245 649 utique
1274 579 1693 635 convenientius
1727 577 1928 632 dictum

355 674 659 736 videretur,
702 671 746 726 si
776 671 1025 726 diceret:
1056 669 1210 731 Veni,
1255 670 1523 739 propheto
1555 668 1654 723 tibi
1688 667 1816 739 quid
1853 666 1930 720 fa-

363 774 557 818 cturus
605 763 679 818 sit
716 764 944 831 populus
992 761 1080 815 hic
1125 760 1322 830 pOpqu
1372 770 1461 816 tuo
1509 760 1564 814 in
1619 759 1930 814 novissimis

368 855 679 918 diebus;et
705 861 850 908 esset
895 852 1080 922 utique
1131 852 1538 920 consequentia,
1567 859 1626 904 ut
1653 851 1929 904 videretur

358 948 581 1001 Balaam
610 946 936 1015 prophetare
965 945 1030 999 de
1057 945 1124 998 iis
1149 957 1271 1012 qua:
1299 943 1524 1012 p0pu|us
1552 941 1715 998 Israel
1753 941 1931 995 factu-

358 1055 453 1094 rus
499 1045 646 1093 esset
687 1036 884 1108 populo
937 1035 1158 1100 Balach,
1196 1035 1281 1090 vel
1314 1034 1527 1089 caeteris
1552 1035 1846 1104 gentibus:
1874 1042 1930 1086 et

353 1130 499 1201 quod
538 1129 594 1184 in
645 1129 846 1184 virtute
871 1128 1032 1183 faciet
1059 1128 1132 1182 ita
1163 1139 1222 1182 ut
1253 1142 1357 1182 non
1389 1126 1747 1195 relinquatex
1775 1125 1926 1180 urbi-

354 1221 457 1276 bus
491 1219 649 1275 Moab
680 1220 848 1274 ullum
874 1221 966 1290 qui
1000 1219 1185 1274 salvus
1213 1219 1324 1273 ﬁat.

423 1314 480 1368 2.
515 1312 622 1368 Sed
646 1320 703 1367 et
730 1311 1015 1382 prophetia
1047 1311 1400 1366 nihilominus
1427 1325 1586 1379 quam
1612 1310 1678 1365 de
1709 1310 1927 1365 Christo

349 1404 633 1476 coniungit
663 1406 717 1458 in
753 1403 1242 1474 consequentibus,
1271 1411 1327 1458 et
1367 1401 1614 1458 dicit“:
1651 1419 1670 1453 c
1704 1400 1927 1457 Orletur

352 1498 512 1552 stella
560 1511 626 1552 ex
673 1494 864 1560 Iacob,
914 1506 968 1551 ct
1014 1505 1272 1565 exsurget
1320 1496 1482 1550 homo
1519 1509 1586 1550 ex
1627 1492 1818 1560 Israel,
1873 1503 1928 1549 et

351 1590 592 1645 vastabit
622 1588 895 1659 principes
935 1587 1112 1652 Moab,
1145 1607 1165 1639 ι
1205 1586 1594 1641 convenienter
1626 1586 1800 1655 posita
1847 1587 1928 1640 νίς»

353 1682 596 1746 deretur,
631 1681 675 1733 si
739 1680 999 1748 scriptum
1031 1686 1176 1733 esset
1203 1695 1218 1733 :
1248 1677 1407 1742 Veni,
1432 1686 1488 1733 et
1517 1678 1778 1747 propheto
1804 1677 1921 1732 tibi.

2032 499 2220 538 mones
2261 483 2376 548 Dei,
2423 485 2601 539 sciens
2641 486 2928 540 scientiam
2983 486 3215 552 Excelsi,
3243 494 3298 540 et
3327 486 3594 542 visionem

2032 572 2128 626 Dei
2174 575 2365 629 videns
2416 577 2469 629 in
2507 578 2734 641 somnis,
2768 579 2993 634 revelati
3035 577 3174 633 oculi
3204 577 3342 646 ejus.
3373 597 3391 631 ι
3420 577 3496 634 De
3531 580 3598 636 iis

2030 664 2282 719 omnibus
2327 665 2438 734 jam
2491 667 2746 734 superius
2775 669 3036 735 diximus,
3069 670 3196 739 quia
3229 680 3284 726 et
3317 672 3368 726 in
3399 672 3596 741 praefa-

2032 753 2176 807 tione
2233 757 2405 808 tertiae
2449 757 2742 826 prophetia:
2795 763 2982 814 eadem
3033 763 3236 832 scripta
3281 777 3428 820 sunt.
3482 764 3596 820 Hoc

2029 858 2161 899 sane
2191 846 2363 901 solum
2402 849 2455 902 in
2505 852 2758 918 praesenti
2789 853 3000 907 videtur
3031 856 3269 910 additum
3307 859 3448 926 quod
3475 859 3592 913 ait:

2034 953 2056 986 ι
2084 935 2275 992 Sciens
2304 939 2589 995 scientiam
2617 941 2852 996 Excelsi.
2875 963 2894 996 ι
2933 943 3045 1000 Hoc
3076 947 3217 1000 enim
3263 947 3317 1001 in
3351 950 3595 1019 superio-

2028 1029 2180 1084 ribus
2210 1045 2312 1084 non
2349 1040 2432 1086 est
2464 1032 2666 1087 dictum
2691 1036 2759 1090 de
2785 1035 3010 1090 Balaam
3042 1054 3057 1091 :
3084 1039 3224 1106 quod
3254 1041 3469 1108 quidem
3493 1055 3593 1095 nec

2028 1116 2184 1177 facﬂe
2214 1123 2280 1176 de
2307 1139 2575 1194 quoquam
2601 1126 2844 1181 omnium
2880 1138 3187 1186 sanctorum
3212 1131 3592 1201 prophetarum

2028 1214 2289 1283 scriptum
2318 1229 2438 1270 esse
2469 1217 2824 1286 deprehendi.

2097 1306 2152 1359 5.
2198 1305 2348 1360 Unde
2383 1318 2438 1362 et
2465 1309 2620 1364 valde
2647 1311 2814 1365 miror
2842 1314 3112 1381 quomodo
3143 1315 3245 1370 hoc
3280 1316 3346 1371 de
3371 1317 3590 1374 Balaam

2027 1398 2290 1460 scriptum
2339 1409 2443 1465 est,
2494 1401 2582 1455 cui
2625 1416 2727 1457 nec
2773 1404 2880 1459 hoc
2921 1420 3242 1462 concessum
3277 1411 3590 1478 estdicere,

2027 1491 2171 1560 quod
2202 1494 2478 1562 pr0phetis
2512 1509 2634 1548 esse
2663 1496 2714 1549 in
2757 1512 2855 1552 usu
2881 1497 3036 1567 solet,
3064 1518 3084 1552 ι
3108 1500 3226 1556 hate
3260 1501 3390 1557 dicit
3413 1503 3593 1559 Domi-

2028 1593 2165 1645 nus;
2198 1597 2217 1632 ι
2259 1581 2353 1636 sed
2397 1582 2508 1636 ait:
2542 1601 2560 1632 σ
2586 1584 2731 1639 Dixit
2790 1586 3028 1657 Balaam,
3065 1591 3202 1646 dixit
3251 1593 3412 1650 homo
3467 1610 3593 1652 vere

2027 1671 2237 1726 videns.
2271 1692 2290 1724 ι
2326 1673 2462 1728 Tum
2499 1676 2692 1732 deinde
2713 1687 2768 1733 et
2790 1681 3063 1749 quomodo
3090 1684 3312 1754 dignum
3340 1691 3447 1742 erit
3472 1696 3592 1743 tan-

349 1773 506 1828 Nunc
551 1740 728 1827 autem
776 1740 904 1841 quid
949 1771 1196 1826 dicemus
1241 1771 1307 1825 ad
1339 1740 1445 1824 hoc
1487 1740 1630 1838 quod
1656 1769 1920 1839 scriptum
1954 1740 1997 1795 Β
2029 1775 2139 1819 ιιιιη
2182 1767 2324 1821 istud
2375 1769 2600 1839 intelligi
2635 1774 2701 1826 de
2735 1740 2972 1839 Balaam,
3013 1784 3072 1830 ut
3109 1740 3250 1832 sciat
3301 1740 3589 1837 scient-iam

349 1875 436 1920 est
466 1882 482 1918 :
514 1883 534 1916 ι
564 1863 723 1928 Veni,
755 1862 1044 1918 consilium
1086 1861 1183 1916 tibi
1217 1860 1288 1916 do
1316 1861 1445 1930 quid
1478 1860 1645 1917 faciet
1693 1862 1922 1931 populus

357 1961 445 2012 hic
473 1958 672 2029 populo
709 1956 843 2010 tuo?
873 1975 890 2006 ι
922 1954 1285 2025 Requiramus
1310 1967 1439 2022 ergo
1453 1954 1726 2022 quomodo
1753 1953 1914 2008 intel-

352 2050 445 2120 ligi
476 2050 669 2104 debeat
691 2050 834 2118 quod
869 2047 1131 2115 scriptum
1153 2053 1277 2099 est:
1306 2063 1325 2096 ι
1355 2043 1650 2099 Consilium
1681 2045 1775 2099 tibi
1796 2045 1914 2110 do,i

348 2143 420 2196 de
450 2155 558 2211 quo
614 2154 756 2210 saepe
788 2138 928 2208 apud
972 2136 1350 2206 mentetipsum
1379 2137 1681 2205 requirens,
1720 2136 1918 2190 nullum

348 2230 504 2300 potui
534 2229 736 2284 exitum
774 2229 1024 2284 invenire
1055 2227 1356 2292 sententiae,
1390 2227 1434 2282 si
1485 2228 1588 2282 hoc
1617 2230 1757 2296 quod
1802 2231 1914 2283 ait:

353 2337 374 2372 ι
402 2319 702 2376 Consilium
751 2320 846 2374 tibi
889 2321 975 2383 do,
1005 2339 1023 2371 ι
1072 2319 1347 2374 communi
1393 2327 1448 2372 et
1507 2320 1706 2373 usitato
1765 2334 1918 2374 more

348 2414 552 2468 dictum
586 2422 859 2482 putemus.
902 2411 1010 2467 Sed
1049 2412 1180 2465 illud
1231 2411 1404 2480 magis
1428 2411 1535 2464 vidi
1570 2427 1690 2466 esse
1721 2427 1917 2466 conve-

347 2506 506 2560 niens
555 2505 700 2574 quod
745 2505 1236 2561 ait:¢Consilium
1292 2505 1386 2558 tibi
1441 2504 1528 2568 do,
1560 2522 1578 2555 ι
1619 2513 1679 2558 ιιι
1711 2506 1782 2558 ita
1829 2505 1917 2559 di-

345 2608 494 2653 ctum
527 2599 641 2668 (79)
673 2598 1040 2669 intelligatur:
1064 2596 1367 2652 Consilium
1402 2595 1660 2650 divinum'
1685 2596 1826 2666 quod
1865 2597 1918 2651 in

347 2691 662 2747 novissimis
698 2691 890 2746 diebus
919 2689 1255 2758 implendum
1281 2697 1384 2752 est,
1421 2688 1552 2743 mihi
1589 2705 1736 2743 nunc
1768 2703 1892 2745 reve

345 2785 542 2849 latum,
588 2783 776 2853 aperio
833 2783 927 2838 tibi
962 2789 1021 2835 et
1071 2779 1380 2846 manifesto,
1412 2789 1469 2834 ut
1499 2781 1642 2836 scias
1665 2780 1795 2850 quid
1827 2795 1919 2850 po-

345 2878 508 2948 pulus
540 2877 630 2931 hic
653 2874 815 2930 faciet
840 2874 1038 2945 populo
1063 2882 1180 2927 tuo.
1201 2871 1267 2926 Et
1296 2873 1398 2926 hoc
1429 2874 1588 2926 modo
1611 2882 1756 2927 stare
1789 2873 1918 2926 mihi

343 2975 521 3027 visum
550 2981 635 3025 est
669 2983 827 3038 posse
851 2968 995 3036 quod
1020 2966 1098 3020 ait
1125 2981 1140 3018 :
1173 2983 1192 3016 ι
1219 2964 1522 3020 Consilium
1551 2965 1643 3019 tibi
1683 2966 1750 3020 do
1786 2965 1915 3035 quid

2025 1855 2239 1912 Excelsi
2271 1875 2286 1911 :
2320 1859 2410 1927 qui
2438 1862 2599 1915 etiam
2626 1861 2822 1918 Balach
2851 1880 3028 1937 regem
3056 1869 3301 1924 docuerit
3321 1876 3592 1941 quomodo

2025 1947 2339 2001 scandalum
2370 1951 2614 2006 mitteret
2649 1967 2836 2008 coram
2874 1955 3001 2012 filiis
3040 1957 3230 2022 Israel,
3261 1970 3320 2016 ut
3351 1965 3583 2020 mandu-

2023 2048 2215 2094 carent
2264 2041 2563 2110 immolata,
2612 2053 2668 2098 et
2713 2045 3288 2107 fornicarenturiV'ix
3336 2056 3480 2110 enim
3522 2058 3592 2113 de

2023 2131 2230 2184 sanctis
2279 2134 2561 2202 prophetis
2590 2145 2688 2190 aut
2719 2141 2981 2206 apostolis
3010 2141 3252 2198 inveniet
3280 2146 3480 2218 aliquis
3505 2150 3590 2206 di-

2023 2230 2192 2286 ctum,
2219 2224 2342 2292 quia
2374 2226 2548 2279 sciant
2580 2228 2859 2284 scientiam
2893 2231 3133 2292 Excelsi.
3170 2236 3428 2302 Quamvis
3450 2239 3590 2298 Pau-

2023 2311 2106 2368 lus
2131 2315 2333 2370 dixerit
2363 2319 2586 2374 audisse
2617 2334 2675 2375 se
2699 2323 2863 2376 verba
2892 2325 3282 2385 iuenarrabilia
3331 2348 3451 2402 quae
3478 2351 3585 2392 non

2022 2403 2147 2460 licet
2175 2407 2380 2462 homini
2417 2409 2564 2480 loqui
2584 2412 2649 2480 ⁸⁸,
2688 2422 2867 2470 tamen
2921 2433 3027 2472 non
3069 2431 3151 2476 est
3195 2425 3471 2492 professus
3495 2426 3590 2483 ha-

2022 2497 2150 2552 bere
2171 2512 2235 2553 se
2258 2501 2540 2556 scientiam
2577 2503 2810 2560 Excelsi.
2847 2508 3075 2575 Propter
3105 2517 3248 2583 quod
3276 2518 3588 2588 diligentius

2021 2590 2371 2648 intendamus
2397 2594 2440 2648 si
2470 2593 2612 2652 forte
2649 2598 2874 2666 dignum
2906 2601 3110 2671 aliquid
3141 2605 3296 2662 nobis
3323 2607 3468 2666 Deus
3497 2626 3589 2668 su-

2021 2695 2119 2750 per
2146 2682 2251 2738 hoc
2293 2697 2547 2739 sermone
2603 2687 2848 2744 revelare
2879 2690 3215 2762 dignabitur.
3244 2696 3300 2750 In
3332 2698 3472 2755 libro
3493 2704 3584 2773 qui

2022 2774 2163 2842 apud
2210 2788 2309 2828 nos
2338 2775 2560 2844 quidem
2595 2775 2740 2833 inter
2761 2779 3070 2838 Salomonis
3100 2786 3372 2842 volumina
3397 2791 3584 2848 haberi

2023 2865 2161 2919 solet
2192 2875 2246 2920 et
2277 2865 2696 2923 Ecclesiasticus
2739 2870 2867 2936 dici,
2899 2874 3038 2941 apud
3089 2875 3308 2933 Graecos
3341 2895 3470 2936 vero
3499 2898 3586 2939 sa-

2021 2957 2224 3026 pientia
2247 2956 2373 3013 Jesu
2403 2959 2499 3013 lilii
2529 2959 2722 3015 Sirach
2757 2963 2962 3031 appella
2975 2974 3078 3030 tur,
3103 2968 3362 3038 scriptum
3390 2972 3540 3027 est.”
3561 2991 3579 3028 :

342 3065 588 3120 facturus
637 3072 719 3116 εει
765 3059 993 3128 populus
1057 3059 1146 3113 hic
1194 3057 1393 3128 popqu
1442 3066 1568 3121 tuo;
1600 3075 1618 3108 ι
1656 3057 1759 3110 hoc
1805 3064 1909 3121 est,
1941 3073 1983 3131 ε
2026 3065 2046 3100 ι
2069 3048 2257 3104 Omnis
2286 3050 2552 3119 sapientia
2578 3067 2607 3104 a
2630 3049 2742 3106 Deo
2757 3062 2859 3108 est.
2891 3076 2909 3110 ι
2937 3059 3089 3124 Quod
3123 3060 3355 3116 fortasse
3391 3077 3586 3132 possu-

345 3153 636 3209 eousilium
674 3151 767 3205 Dei
791 3151 1017 3204 enuntio
1051 3150 1149 3203 tibi
1177 3159 1232 3204 et
1255 3148 1563 3203 manifesto.
1592 3149 1914 3218 Requirenti

343 3261 479 3300 sane
509 3244 640 3299 mihi
678 3241 853 3298 sicubi
885 3241 1026 3296 forte
1051 3241 1105 3295 in
1132 3240 1429 3311 Scripturis
1457 3240 1656 3295 divinis
1683 3243 1782 3296 sub
1812 3241 1916 3296 hoc

343 3351 596 3391 sermone
643 3335 820 3390 simile
865 3333 1074 3403 aliquid
1125 3333 1327 3387 dictum
1363 3343 1550 3402 posset
1601 3348 1912 3399 occurrere,

341 3432 524 3484 visum
573 3436 656 3482 est
706 3427 866 3480 etiam
923 3434 978 3479 et
1034 3424 1165 3478 illud
1220 3423 1474 3480 similiter
1525 3426 1912 3479 advertendum

344 3520 493 3589 quod
535 3515 822 3586 Apostolus
854 3517 930 3569 ait
953 3515 1001 3547 "
1033 3532 1048 3569 :
1082 3533 1101 3566 ι
1133 3513 1267 3582 Quis
1307 3514 1449 3568 enim
1492 3517 1744 3583 cognovit
1791 3528 1917 3568 sen-

343 3627 467 3666 sum
515 3609 745 3673 Domini,
787 3617 881 3662 aut
926 3608 1049 3678 quis
1095 3607 1144 3660 ei
1195 3606 1538 3661 consiliarius
1587 3606 1777 3660 fuit?»
1813 3605 1914 3662 Hic

340 3705 489 3760 enim
515 3723 534 3755 ε
556 3703 742 3773 quis,»
787 3715 890 3756 non
935 3716 1034 3770 pro
1062 3700 1231 3766 nullo,
1259 3702 1354 3756 sed
1391 3716 1486 3769 pro
1510 3715 1654 3764 raro,
1682 3701 1768 3755 vel
1799 3700 1912 3754 exi-

341 3800 454 3852 mio
479 3797 730 3852 habetur.
756 3794 1042 3863 Quomodo
1077 3795 1223 3850 enim
1262 3810 1368 3849 non
1413 3795 1670 3864 cognovit
1695 3808 1911 3849 sensum

341 3889 437 3942 Dei
491 3886 818 3958 Unigenitus
866 3901 1014 3950 suus,
1070 3884 1162 3954 qui
1217 3884 1463 3939 dicit“:
1497 3902 1516 3934 ι
1548 3882 1914 3938 Nemonovit

337 3978 585 4042 latrem,
619 3978 721 4032 nisi
750 3977 936 4040 Filius,
962 3986 1018 4029 et
1045 3975 1131 4030 cui
1148 3974 1378 4030 voluerit
1408 3973 1449 4027 F
1455 3973 1578 4028 ilius
1595 3971 1906 4028 revelare?»

335 4073 480 4141 Quid
516 4070 765 4128 estaliud
805 4069 947 4125 scire
969 4066 1204 4132 Patrem,
1239 4065 1341 4120 nisi
1375 4066 1520 4120 scire
1540 4074 1594 4119 et
1621 4064 1908 4119 consilium

337 4169 481 4236 ejus,
504 4176 560 4220 et
582 4163 840 4220 sensum?
875 4160 984 4217 Sed
1017 4171 1074 4214 et
1103 4159 1340 4229 Spiritus
1376 4167 1598 4213 sanctus
1624 4158 1714 4228 qui
1752 4171 1912 4213 scru-

343 4269 498 4312 tatur
526 4260 690 4312 etiam
722 4255 830 4310 alta
859 4254 976 4317 Dei,
1006 4251 1192 4323 quidni
1224 4264 1440 4305 sensum
1467 4249 1585 4320 ejus
1609 4249 1912 4320 agnoscat?

341 4348 609 4420 Agnoscit
631 4361 761 4416 ergo
791 4343 1054 4405 etFilius,
1086 4352 1140 4396 et
1162 4341 1400 4411 Spiritus
1429 4351 1654 4395 sanctus
1688 4355 1907 4396 sensum

2020 3142 2243 3227 mus\ita
2273 3141 2602 3212 intelligere,
2637 3146 2792 3216 quasi
2816 3161 2844 3199 a
2867 3145 2977 3202 Deo
3011 3149 3083 3203 sit
3108 3161 3164 3205 et
3194 3151 3284 3207 illa
3318 3155 3581 3224 sapientia

2019 3233 2203 3287 mundi
2243 3233 2424 3303 hujus,
2459 3250 2578 3305 qua:
2625 3238 2952 3293 destruenda
3008 3240 3230 3306 dicitur,
3275 3252 3329 3298 et
3377 3246 3582 3315 princi-

2017 3337 2142 3392 pum
2170 3325 2357 3378 mundi
2381 3324 2563 3394 hujus,
2595 3335 2647 3380 et
2677 3327 2722 3382 si
2747 3343 2852 3398 qua
2884 3329 2989 3384 alia
3017 3341 3100 3386 est
3131 3347 3230 3401 per
3253 3349 3416 3403 quam
3448 3335 3582 3390 falsa

2019 3414 2245 3469 scientia
2287 3421 2740 3474 commendatur:
2773 3422 2874 3476 nisi
2921 3423 2974 3477 in
3018 3425 3135 3493 ipso
3162 3425 3342 3482 libello
3378 3428 3430 3482 in
3459 3441 3585 3483 con-

2018 3509 2372 3576 sequentibus
2419 3511 2693 3567 diceretur
2714 3514 2760 3545 ⁸⁸
2789 3529 2802 3565 :
2834 3531 2854 3564 ι
2887 3513 3002 3570 Non
3045 3523 3131 3571 est
3179 3518 3323 3574 enim
3370 3519 3584 3590 sapien-

2024 3600 2118 3662 tia,
2173 3600 2394 3656 malitize
2448 3603 2801 3674 disciplina.)
2835 3605 2939 3660 Per
2986 3610 3130 3676 quod
3165 3610 3352 3681 utique
3398 3614 3581 3673 docet.

2019 3693 2146 3761 quia
2197 3696 2375 3749 omnis
2429 3697 2715 3766 disciplina
2758 3714 2878 3768 quae
2913 3699 3036 3756 falsi
3077 3701 3282 3773 aliquid
3349 3708 3578 3775 asserit,

2017 3786 2230 3841 etiamsi
2287 3788 2578 3844 vehemens
2639 3791 2921 3859 videatur,
2982 3802 3041 3848 et
3115 3796 3470 3866 verisimilis,
3525 3812 3583 3856 et

2017 3894 2139 3948 quae
2198 3880 2443 3936 subverti
2500 3880 2714 3938 diIIicile
2763 3885 2950 3954 possit,
3007 3897 3184 3941 tamen
3239 3903 3579 3962 nequaquam

2015 3971 2174 4044 35.1
2201 3974 2505 4043 hujusmodi
2526 3976 2755 4031 scientia
2775 3978 2839 4030 ad
2861 3979 3140 4048 sapientia:
3163 3980 3372 4037 titulum
3394 3985 3582 4041 debeat

2015 4067 2298 4134 applicari.
2340 4065 2479 4133 Quid
2526 4082 2656 4138 ergo
2705 4077 2787 4124 est
2823 4070 2967 4140 quod
3017 4071 3141 4126 ait:
3193 4089 3212 4124 ι
3256 4072 3446 4131 Omnis
3490 4092 3580 4132 sa-

2013 4159 2215 4228 pientia
2267 4174 2298 4213 a
2342 4159 2455 4214 Deo
2490 4160 2617 4215 est?
2647 4179 2666 4212 ι
2706 4159 2842 4215 Illud
2885 4161 3015 4216 mihi
3065 4165 3305 4221 sensisse
3345 4167 3577 4236 videtur,

2015 4249 2142 4320 quia
2188 4251 2365 4306 omnis
2413 4250 2640 4321 peritia,
2683 4266 2802 4322 qua:
2846 4252 2930 4307 vel
2978 4269 3106 4324 erga
3145 4265 3315 4312 artem
3343 4259 3577 4328 aliquam

2016 4340 2135 4395 usui
2165 4339 2399 4395 humano
2426 4342 2732 4396 necessaria
2772 4341 3025 4409 habetur,
3060 4345 3143 4398 vel
3182 4346 3470 4415 cujuslibet
3501 4349 3578 4403 rei

347 4410 596 4503 Domini,
622 4410 739 4492 etii
771 4435 970 4506 quibus
1007 4410 1238 4487 voluerit
1265 4431 1435 4486 Filius
1465 4432 1724 4487 revelare.
1755 4431 1908 4499 Quod
1940 4410 1986 4467 D
2019 4433 2270 4500 scientia,
2307 4435 2575 4504 sapientia
2610 4435 2872 4490 dicatura
2905 4435 3135 4491 Domino
3164 4410 3309 4495 data.
3344 4439 3583 4510 Denique

338 4534 386 4588 si
420 4530 669 4602 agnoscit
692 4529 862 4583 Filius
891 4541 1107 4582 sensum
1139 4524 1255 4589 Dei,
1289 4533 1376 4578 est
1405 4537 1535 4591 ergo
1579 4532 1634 4579 et
1660 4523 1909 4580 consilia-

339 4623 456 4678 rius
479 4623 614 4694 ejus.
653 4621 764 4676 Sed
793 4618 1138 4674 consiliarius
1167 4631 1273 4670 non
1313 4619 1384 4669 ita
1423 4616 1772 4685 accipiendos
1799 4627 1906 4683 est,

337 4715 496 4784 quasi
539 4713 811 4784 ignoranti
843 4710 894 4764 ei
930 4709 1056 4779 quid
1099 4715 1243 4775 agat,
1275 4706 1562 4761 consilium
1599 4707 1686 4762 det
1709 4706 1904 4772 Filius,

338 4821 435 4862 aut
464 4807 702 4878 Spiritus
725 4815 976 4869 sanctus;
1013 4802 1108 4856 sed
1136 4798 1279 4869 quod
1311 4799 1548 4863 consilii,
1583 4808 1638 4854 et
1664 4799 1914 4854 volunta-

340 4901 419 4955 tis
461 4900 580 4967 ejus
629 4898 902 4971 particeps
942 4905 997 4950 et
1041 4893 1221 4948 sciens
1255 4890 1328 4946 sit
1366 4889 1556 4958 Filius,
1581 4899 1636 4947 et
1679 4891 1916 4961 Spiritus

335 5005 584 5047 sanctus.
633 4990 806 5045 Simili
839 5003 970 5058 ergo
1009 4985 1170 5040 modo
1201 4991 1260 5038 et
1280 4983 1495 5038 Balaam
1523 4985 1652 5054 quia
1690 4985 1915 5040 consilii

335 5083 487 5153 quod
515 5083 562 5137 ei
609 5082 948 5137 revelaverat
987 5079 1150 5141 Deus,
1214 5077 1533 5148 participem
1584 5077 1822 5132 faciebat
1861 5087 1916 5132 et

335 5192 568 5248 gnarum
618 5175 846 5240 Balach,
889 5173 1012 5227 ait:
1048 5189 1068 5222 ι
1095 5169 1252 5234 Veni,
1290 5169 1575 5225 consilium
1630 5169 1725 5224 tibi
1773 5168 1907 5235 do,»

335 5283 600 5340 tanquam
635 5270 728 5339 qui
758 5283 888 5326 vere
910 5269 1104 5323 videns
1137 5267 1228 5332 sit,
1255 5275 1312 5320 et
1336 5276 1466 5319 vere
1493 5261 1723 5316 audierit
1744 5262 1910 5316 verba

333 5364 460 5429 Dei,
491 5363 636 5418 sicut
683 5363 740 5418 in
791 5361 1252 5430 consequentibus
1299 5353 1494 5411 dicit"
1527 5371 1540 5408 :
1572 5370 1592 5404 ι
1621 5352 1769 5407 Dixit
1808 5351 1911 5406 Ba-

2020 4527 2160 4598 apud
2191 4525 2294 4581 Joh
2326 4525 2591 4595 scriptum
2629 4536 2712 4583 est
2743 4527 2786 4558 "
2813 4544 2827 4581 :
2861 4545 2880 4579 ι
2915 4527 3048 4594 Quis
3077 4529 3226 4583 dedit
3268 4529 3584 4586 mulieribus

2023 4619 2234 4674 texendi
2294 4619 2640 4688 sapientiam,
2684 4628 2740 4674 et
2787 4619 3071 4675 varietatis
3125 4620 3577 4690 disciplinam?»

2021 4711 2123 4768 Sed
2157 4722 2211 4767 et
2238 4712 2294 4766 in
2320 4711 2506 4767 Exodo
2535 4712 2601 4767 ":
2637 4732 2658 4766 ι
2697 4712 2938 4769 Locutus
2967 4722 3075 4778 est,
3105 4712 3299 4782 inquit,
3323 4714 3583 4771 Dominus

2017 4806 2084 4859 ad
2126 4804 2343 4878 Moysen
2383 4805 2609 4861 dicens:
2653 4805 2794 4862 Ecce
2826 4806 3012 4861 vocavi
3045 4806 3365 4861 nominatim
3415 4807 3580 4862 Bese-

2012 4897 2158 4952 lehel
2187 4897 2354 4952 lilium
2385 4897 2504 4965 Uri,
2541 4898 2636 4952 lilii
2660 4896 2752 4966 O‘r,
2795 4912 2860 4953 ex
2887 4898 3033 4953 tribu
3066 4897 3228 4967 Iuda,
3273 4907 3327 4954 et
3376 4899 3579 4971 replevi

2014 5003 2134 5042 cum
2186 4989 2382 5057 spiritu
2433 4988 2618 5042 divino
2674 4989 2990 5057 sapientiae,
3044 4997 3098 5042 et
3152 4987 3482 5059 intellectus,
3526 4997 3582 5044 et

2017 5079 2340 5148 disciplina,
2375 5078 2514 5132 utin
2553 5079 2702 5132 omni
2744 5092 2909 5146 opere
2954 5077 3240 5147 intelligat,
3284 5089 3340 5133 et
3374 5078 3443 5132 sit
3487 5093 3579 5132 ar-

2019 5170 2288 5227 chitectus
2325 5170 2391 5225 ad
2439 5171 2774 5240 operandum
2819 5179 3136 5239 argentum,
3180 5179 3235 5224 et
3269 5184 3484 5235 aurum,
3525 5178 3581 5224 et

2019 5279 2114 5325 aes,
2141 5273 2196 5318 et
2234 5262 2442 5333 lapides
2467 5261 2805 5332 repletionis,
2837 5271 2894 5316 et
2925 5261 3112 5316 omnia
3137 5275 3302 5330 opera
3340 5259 3578 5328 fabrilia,

2017 5364 2072 5409 et
2099 5357 2153 5410 in
2183 5354 2355 5428 ligno,
2384 5363 2444 5417 ut
2464 5363 2722 5426 operetur
2746 5353 3043 5410 secundum
3072 5353 3256 5410 omnia
3297 5364 3482 5422 opera,
3508 5354 3578 5406 ad

295 5499 302 5544 ί
405 5523 450 5556 ⁸⁸
486 5521 647 5578 Num.
685 5535 835 5586 xxrv,
864 5519 950 5575 I7.
1013 5518 1060 5551 "
1085 5518 1242 5572 Rom.
1271 5531 1349 5579 ιι,
1378 5513 1467 5569 54.
1523 5509 1782 5586 “)jatth.
1802 5478 1916 5586 31,‘

2070 5512 2113 5544 ⁸⁷
2144 5511 2303 5586 Num.
2336 5529 2489 5586 sxw,
2525 5513 2734 5586 l_5,_l6.
2783 5513 2830 5545 ⁸⁸
2852 5511 2894 5568 ll
2922 5512 3049 5568 Cor.
3075 5525 3173 5579 xu,
3200 5509 3256 5564 4.
3328 5509 3374 5542 ⁵⁸
3403 5506 3572 5565 Eccli.

331 5609 380 5663 ι,
410 5595 465 5649 1.
540 5593 586 5626 ⁸⁸
610 5594 776 5648 Eccli.
807 5579 922 5658 itx,
949 5589 1038 5645 I9.
1096 5590 1142 5622 δι
1190 5586 1290 5642 Job
1310 5598 1538 5649 xxxvul,
1565 5581 1654 5638 56.
1730 5581 1775 5612 ⁵³
1801 5579 1914 5634 Exo

2021 5597 2152 5651 tut,
2184 5585 2237 5650 I,
2268 5585 2398 5652 2,5,
2447 5585 2503 5654 4,
2523 5584 2576 5655 5,
2598 5579 2672 5639 ’6.

409 5733 527 5818 (79)
575 5731 707 5789 Cod.
750 5729 1115 5818 Corbeiensis,
1173 5727 1442 5785 «dictum.
1468 5743 1488 5777 ι
1535 5720 1693 5780 Libb.
1735 5720 1921 5790 θᾱὶιὶ,‹
1943 5718 2169 5778 dixisse.
2197 5735 2219 5769 ι

610 5829 892 5891 Pyram“
924 5825 1042 5888 Gn.
1075 5816 1216 5885 XII.

3227 5806 3306 5865 23
