4074 6156
612 235 716 290 715

2041 231 2370 288 'ORIGENlS
3689 242 3763 296 'llll

613 370 736 424 quae
767 369 866 424 ego
888 351 1008 407 dedi
1039 366 1194 406 eum.
1227 349 1332 405 Sed
1358 359 1410 404 et
1429 349 1585 404 Eliah
1611 348 1777 403 filium
1809 349 2168 404 Achisamach
2205 357 2245 412 Α
2279 353 2592 416 buscunque
2623 350 2870 419 quarsi'vit
2901 349 2968 403 ab
3007 351 3086 404 eis
3118 366 3217 405 rex
3261 349 3455 406 invenit
3488 369 3571 408 eos
3591 356 3763 427 decuplo

607 461 675 501 ex
711 446 854 502 tribu
892 443 1118 498 Dum-Et
1141 442 1264 496 dedi
1309 441 1364 494 in
1406 455 1501 494 cor
1527 440 1674 494 omni
1728 442 1982 508 prudenti
2011 442 2173 495 intel-

608 538 827 599 lectum,
864 535 1142 589 ut‘faciant
1175 533 1356 588 omnia
1393 546 1516 601 quae
1541 531 1801 586 constitui
1830 531 1945 585 tibi.
1986 549 2006 583 ι
2037 531 2174 587 Con-

608 628 783 683 sidera
809 641 940 696 ergo
973 641 1038 680 ex
1063 625 1129 680 iis
1155 623 1405 678 omnibus
1437 622 1706 690 quomodo
1750 637 1780 676 a
1826 621 2059 678 Domino
2091 633 2175 678 est

608 721 870 791 sapientia
920 718 1155 781 fabrilis,
1208 718 1322 772 sive
1369 717 1422 770 in
1468 732 1620 783 auro,
1665 720 1780 771 sive
1828 718 1880 771 in
1925 727 2170 786 argento,

606 807 722 862 sive
750 807 804 860 in
831 805 938 860 alia
968 820 1288 874 quacunque
1351 806 1600 870 materia,
1628 804 1714 860 vel
1748 805 1912 860 etiam
1950 805 2172 859 textrini

607 901 876 971 sapientia
927 919 939 953 :
981 909 1038 956 et
1090 901 1213 956 vide
1241 898 1366 968 quia
1408 899 1534 968 jure
1567 900 1672 954 dici
1719 901 1787 955 de
1824 899 1890 954 iis
1925 901 2172 956 omnibus

606 1002 808 1062 potest,
847 992 988 1061 quod
1021 993 1214 1046 horum
1248 992 1480 1046 scientia
1511 992 1583 1047 ab
1621 991 1852 1047 Excelso
1897 993 1984 1047 sit.
2016 993 2169 1058 Quod

605 1091 650 1141 si
686 1084 892 1140 fabrilis
920 1085 1144 1139 scientia
1175 1085 1243 1138 ab
1262 1083 1499 1138 Excelso
1523 1098 1646 1138 esse
1677 1083 2009 1146 declaratur,
2033 1097 2170 1152 quo-

607 1180 767 1236 modo
797 1195 901 1233 non
929 1187 982 1233 et
1003 1178 1353 1248 geometrica,
1381 1192 1445 1232 ex
1465 1191 1567 1248 qua
1595 1177 1782 1246 utique
1804 1176 1921 1232 haec
1942 1176 2168 1231 scientia

610 1287 773 1343 quam
829 1270 1111 1340 Scriptura
1174 1269 1657 1324 architectonicam
1708 1269 1974 1332 nominat,
2027 1268 2170 1323 deri-

607 1364 803 1418 vatur?
821 1361 1064 1430 Denique
1081 1371 1135 1415 et
1154 1361 1206 1415 in
1227 1360 1488 1415 Zacharia
1513 1359 1786 1415 funiculus
1806 1360 2168 1430 geometricus

605 1456 804 1510 dicitur
829 1453 899 1518 ⁸³,
935 1452 988 1506 in
1017 1467 1126 1521 quo
1153 1450 1433 1506 dimetitur
1463 1449 1687 1519 angelus
1719 1449 2024 1505 Jerusalem
2057 1471 2068 1504 :
2113 1458 2168 1504 et

600 1548 724 1604 ideo
781 1562 888 1601 non
939 1555 1067 1616 puto
1126 1543 1424 1599 absurdum
1479 1542 1676 1608 videri,
1731 1543 1776 1597 si
1838 1542 2001 1597 etiam
2053 1541 2167 1596 haec

600 1639 824 1696 scientia
866 1638 1076 1693 dicatur
1105 1634 1340 1690 Excelsi.
1397 1634 1536 1701 Quid
1581 1643 1762 1690 autem
1813 1635 2053 1689 dicemus
2097 1634 2164 1688 de

2277 441 2504 510 amplius
2547 457 2708 511 quam
2757 455 2912 498 erant
2959 445 3207 514 s0phistre
3247 455 3314 499 -ει
3354 445 3656 516 philosophi,
3695 455 3762 520 qui

2275 545 2433 587 erant
2483 535 2536 587 in
2597 535 2744 589 omni
2796 549 2962 604 regno
3014 535 3147 602 ejus.
3191 555 3208 586 ι
3261 537 3324 591 Et
3350 537 3464 602 haec
3505 539 3688 608 quidem
3726 545 3763 594 in

2275 627 2677 693 exemplaribus
2729 625 3080 699 Septuaginta
3131 630 3472 697 interpretum
3518 631 3763 689 habentur:

2275 715 2328 768 in
2379 715 2728 771 Hebrarorum
2760 732 2888 772 vero
2921 719 3195 772 codicibus
3237 719 3431 788 aliquid
3469 721 3614 774 etiam
3636 722 3762 777 vehe-

2275 808 2511 862 mentius
2537 809 2733 878 reperi,
2759 809 2954 877 quibus
2985 811 3228 878 quamvis
3258 826 3359 864 non
3385 820 3602 877 utamur,
3629 821 3763 867 tamen

2271 898 2591 967 agnoscendi
2622 899 2794 968 gratia
2831 900 3075 954 dicemus
3113 900 3274 953 etiam
3327 900 3396 954 ibi
3419 917 3531 971 quae
3556 901 3763 970 legimus:

2273 1006 2294 1039 ‹
2339 988 2511 1056 Dedit,
2541 989 2740 1058 inquit,
2775 991 2912 1044 Deus
2940 990 3269 1044 intellectum
3312 1002 3365 1045 et
3410 993 3704 1058 prudentiam
3726 993 3764 1045 in

2268 1082 2414 1134 omni
2455 1083 2812 1151 grammatica
2843 1083 3132 1152 sapientia,
3167 1093 3215 1137 et
3256 1082 3437 1138 Daniel
3471 1085 3699 1138 intellexit
3729 1086 3766 1138 in

2267 1173 2412 1226 omni
2445 1173 2669 1240 visione,
2696 1183 2751 1227 et
2777 1174 3024 1230 somniis.
3053 1194 3072 1226 ›
3107 1173 3173 1230 Ει
3202 1185 3319 1245 post
3337 1190 3497 1245 pauca
3524 1195 3535 1230 :
3568 1195 3584 1227 ι
3617 1177 3669 1228 Et
3687 1187 3768 1231 sle-

2271 1274 2472 1332 terunt,
2505 1265 2700 1335 inquit,
2730 1266 2782 1320 in
2819 1276 3118 1336 conspectu
3144 1270 3308 1339 regis,
3331 1278 3384 1322 et
3414 1268 3614 1322 inomni
3643 1267 3766 1320 verbo

2267 1356 2562 1424 sapientiae,
2591 1366 2645 1410 et
2671 1358 2991 1428 disciplinae,
3019 1361 3068 1414 in
3097 1376 3203 1430 quo
3226 1360 3469 1430 quaesivit
3496 1361 3556 1414 ab
3584 1359 3652 1414 eis
3675 1375 3765 1422 rex,

2269 1449 2473 1502 invenit
2497 1449 2548 1503 in
2575 1451 2658 1505 eis
2687 1452 2910 1521 decuplo
2951 1469 3113 1523 super
3143 1468 3333 1508 omnes
3380 1453 3706 1506 ineantatores
3728 1461 3768 1504 et

2272 1556 2480 1611 magos,
2513 1543 2604 1610 qui
2633 1553 2792 1599 erant
2817 1546 2870 1598 in
2902 1546 3046 1599 omni
3073 1561 3238 1616 regno
3263 1544 3399 1611 ejus.
3442 1564 3458 1596 ι
3495 1544 3566 1598 Ex
3590 1544 3646 1598 iis
3674 1557 3769 1610 ergo

2267 1635 2524 1689 onmibus
2561 1645 2734 1705 potest
2768 1638 2994 1709 intelligi
3020 1640 3289 1708 quomodo
3319 1649 3372 1694 et
3395 1638 3596 1692 Balaam
3618 1637 3771 1692 dixerit

599 1733 828 1796 musica,
872 1728 1022 1798 cujus
1057 1741 1272 1782 omnem
1331 1726 1586 1795 peritiam
1647 1727 1724 1780 ita
1769 1728 2026 1797 attigerat
2077 1743 2160 1781 sa-
2197 1702 2238 1756 Β
2267 1725 2333 1780 de
2362 1729 2676 1797 semetipso,
2716 1747 2733 1779 ι
2767 1731 2858 1799 qui
2888 1702 2988 1786 scit
3028 1702 3314 1788 scientiam
3367 1731 3587 1795 Exeelsi,
3624 1749 3640 1783 ι
3687 1732 3770 1786 sei-

599 1817 974 1888 pieutissimus
1009 1814 1196 1880 David,
1245 1828 1308 1868 ae
1360 1815 1526 1869 totius
1556 1815 1819 1876 melodiae,
1867 1825 1922 1870 et
1969 1816 2160 1888 rhyth-

604 1925 818 1966 morum
867 1909 1163 1977 collegerat
1207 1905 1524 1974 disciplinas
1568 1915 1626 1960 ut
1681 1923 1744 1962 ex
1796 1908 1864 1962 iis
1913 1909 2161 1964 omnibus

602 2001 870 2056 inveniret
897 2013 1078 2065 sonos,
1114 1997 1310 2067 quibus
1348 2005 1531 2067 posset
1572 1997 1736 2052 etiam
1787 1999 2159 2068 perturbatum

603 2109 783 2162 regem
839 2100 1202 2161 vexatumque
1247 2091 1316 2144 ab
1363 2089 1554 2159 spiritu
1601 2089 1839 2158 maligno
1883 2091 2161 2160 psallendo

599 2181 894 2252 mitigare?
920 2179 1070 2235 Unde
1095 2193 1202 2234 non
1226 2187 1355 2249 puto
1385 2178 1620 2248 aliquem
1649 2180 1782 2235 recti
1815 2195 2035 2244 sensus,
2067 2181 2160 2249 qui

598 2275 651 2328 in
682 2275 872 2330 horum
905 2271 1146 2327 omnium
1183 2271 1416 2325 scientia
1448 2280 1627 2342 neget,
1678 2272 1805 2341 quia
1857 2273 2034 2326 omnis
2075 2287 2162 2327 sa-

597 2366 800 2436 pientia
832 2379 861 2419 a
883 2365 1108 2420 Domino
1141 2371 1243 2418 est.
1275 2361 1396 2417 Jam
1422 2378 1552 2418 vero
1582 2363 1649 2419 de
1674 2364 2155 2428 medicinaaseien-

597 2462 670 2514 tia
701 2474 797 2516 nec
837 2457 1071 2515 dubitari
1127 2465 1276 2526 puto.
1323 2457 1381 2511 Si
1429 2457 1572 2513 enim
1603 2465 1686 2512 est
1721 2456 1829 2511 ulla
1861 2457 2092 2512 scientia
2127 2471 2158 2511 a

596 2553 726 2619 Deo,
762 2567 882 2623 qum
913 2552 1086 2623 magis
1106 2555 1173 2609 ab
1197 2567 1262 2609 eo
1294 2553 1400 2607 erit
1431 2565 1593 2620 quam
1621 2551 1849 2607 scientia
1883 2551 2156 2617 sanitatis,

594 2648 651 2702 in
686 2662 793 2717 qua
835 2646 1000 2702 etiam
1038 2645 1332 2700 herbarum
1375 2645 1544 2709 vires,
1590 2653 1645 2698 et
1689 2659 1973 2699 succorum
2019 2658 2152 2713 qua-

594 2744 794 2807 litates,
826 2756 900 2819 ac
932 2740 1253 2795 differ-entire
1283 2737 1726 2808 dignoscuntur?
1765 2737 1932 2808 Igitur
1965 2752 2030 2791 ex
2070 2738 2155 2792 his

592 2837 845 2892 omnibus
874 2834 1153 2904 colligitur
1185 2833 1324 2902 quod
1349 2833 1512 2887 etiam
1539 2830 1698 2900 hujus
1734 2830 1946 2884 Balaam
1972 2831 2153 2886 scien-

592 2929 693 2993 tia,
735 2942 832 2998 pro
856 2942 960 2996 qua
994 2925 1291 2980 accersitus
1321 2933 1404 2978 est
1443 2938 1510 2978 ex
1557 2921 1960 2991 Mesopotamiae
2000 2938 2157 2977 ruon-

597 3024 757 3077 -tibu-s
786 3021 852 3075 ab
885 3020 1096 3075 oriente
1134 3027 1193 3073 ut
1219 3015 1563 3072 malediceret
1586 3014 1775 3080 Jacob,
1798 3014 2008 3070 ‘habeat
2037 3013 2160 3083 qui-

593 3115 717 3168 dem
747 3111 900 3166 initia
952 3111 1037 3174 eti
1061 3109 1326 3179 originem
1376 3107 1443 3163 ab
1493 3107 1742 3172 Excelso,
1775 3115 1832 3162 et
1872 3106 1996 3161 inde
2021 3107 2090 3162 sit
2112 3107 2160 3161 ei

591 3205 801 3274 agnitio
847 3218 953 3274 qua
1001 3201 1256 3257 didicerit
1303 3197 1386 3254 vel
1438 3206 1660 3252 naturas
1684 3197 2025 3264 animalium,
2069 3197 2156 3251 vel

593 3307 775 3353 motus
805 3297 1010 3363 avium,
1055 3293 1142 3350 vel
1191 3290 1530 3347 diﬂ‘erentias
1563 3305 1796 3346 vocum:
1832 3293 1927 3345 sed
1953 3305 2016 3345 ea
2044 3305 2164 3360 quas

590 3390 662 3444 ad
685 3389 972 3445 scientiam
1006 3387 1272 3441 bonorum
1327 3382 1619 3453 accepellt,
1669 3382 1961 3437 contulisse
2003 3398 2062 3437 se
2093 3384 2160 3436 ad

584 3495 750 3535 usum
775 3477 1066 3533 malorunt.
1104 3474 1255 3542 Quod
1279 3473 1410 3528 mihi
1443 3472 1618 3528 simile
1647 3471 1880 3538 videtur,
1906 3472 2063 3541 quasi
2099 3471 2143 3526 si

593 3571 642 3626 is
685 3568 779 3640 qui
838 3566 1164 3623 medicinam
1193 3565 1471 3638 didiceﬂ,
1500 3572 1552 3619 et
1584 3563 1879 3618 herbarum
1923 3563 2068 3616 vires
2097 3577 2161 3617 ac

606 3666 1030 3729 temperamenta
1098 3658 1455 3727 cognoverit,
1518 3653 1761 3709 medendi
1820 3653 1938 3706 sine
2003 3652 2162 3707 dubio

594 3750 766 3819 gratia
799 3763 827 3802 a
851 3747 968 3802 Deo
1001 3747 1319 3803 hominibus
1346 3747 1496 3812 data,
1525 3755 1850 3802 convertere
1882 3744 2010 3799 velit
2036 3761 2157 3814 pro-

595 3841 826 3910 positum
855 3856 870 3894 :
903 3849 960 3894 et
981 3841 1127 3894 omni
1161 3839 1548 3914 scientiamquae
1591 3838 1658 3892 ad
1689 3838 1919 3892 salutem
1958 3851 2158 3904 corpo-

589 3947 715 3988 rum
740 3931 984 4002 praestita
1014 3938 1116 3999 est,
1149 3939 1328 3985 utatur
1353 3896 1430 3984 ad
1446 3929 1672 3996 malum,
1704 3939 1759 3983 et
1790 3942 1890 3998 pro
1938 3927 2158 3982 medico

594 4024 918 4081 venenarius
954 4021 1081 4087 fiat,
1130 4038 1226 4091 pro
1273 4023 1529 4078 remediis
1562 4021 1799 4087 morbos,
1827 4035 1924 4091 pro
1959 4021 2163 4074 sanita-

595 4120 739 4174 tibus
766 4115 964 4171 inferat
987 4124 1212 4169 mortes.
1229 4114 1300 4170 Ut
1323 4125 1506 4170 autem
1527 4114 1762 4184 amplius
1788 4112 2160 4180 intelligamus

593 4210 772 4265 adhuc
805 4206 969 4262 totius
1009 4206 1250 4261 scientiae
1295 4205 1617 4274 sapientiam
1647 4219 1678 4257 a
1727 4205 1838 4258 Deo
1886 4203 2156 4272 originem

595 4303 847 4368 trahere,
886 4300 954 4356 ab
999 4296 1311 4354 hominibus
1358 4304 1536 4352 autem
1575 4295 1701 4350 mali
1747 4293 2030 4364 propositi,
2075 4294 2160 4348 vel

2267 1815 2390 1872 licet
2414 1827 2471 1872 ut
2499 1819 2830 1891 intelligatur
2868 1824 3011 1891 quod
3060 1825 3215 1896 origo
3269 1825 3433 1880 tOtins
3477 1825 3691 1880 scientia:
3724 1824 3774 1877 ab

2267 1909 2382 1978 ipso
2413 1912 2685 1980 acceperit
2718 1916 2998 1970 exordium
3027 1935 3040 1971 :
3075 1917 3207 1971 vitio
3235 1927 3414 1971 autem
3444 1917 3665 1971 humana:
3690 1930 3774 1966 ma-

2266 1999 2416 2066 litiae,
2441 2003 2815 2070 aspirantibus
2861 2019 2918 2062 et
2968 2007 3394 2076 subripieutibus
3429 2007 3576 2061 etiam
3618 2007 3774 2060 daemo-

2268 2091 2446 2158 nibus,
2493 2096 2546 2148 in
2595 2097 2891 2163 perniciem
2926 2114 3078 2153 versa
3123 2098 3232 2152 sint
3276 2115 3395 2169 qua:
3446 2113 3536 2168 pro
3584 2097 3774 2151 utilitate

2266 2197 2521 2239 concessa
2570 2195 2717 2242 sunt.
2776 2187 2901 2243 Haec
2956 2189 3022 2242 de
3073 2205 3137 2244 eo
3193 2191 3340 2259 quod
3388 2188 3549 2253 dixit,
3582 2207 3598 2239 ι
3633 2187 3776 2240 sciens

2267 2275 2548 2329 scientiam
2593 2275 2826 2344 Excelsi,
2871 2298 2889 2331 ι
2925 2295 2956 2334 a
2999 2281 3155 2335 nobis
3188 2295 3292 2350 pro
3334 2281 3532 2336 viribus
3573 2279 3775 2334 discussa

2266 2375 2393 2419 ειηι.

2334 2456 2389 2510 4.
2427 2457 2559 2513 Post
2597 2459 2716 2515 hare
2763 2461 2839 2515 ait
2875 2461 2920 2494 ⁵⁵
2953 2481 2967 2517 :
3013 2480 3033 2514 ι
3067 2464 3352 2520 Visionem
3402 2464 3492 2520 Dei
3541 2466 3703 2518 videns
3736 2462 3776 2514 in

2265 2550 2499 2614 somnis,
2538 2551 2762 2606 revelati
2791 2553 2935 2607 oculi
2964 2553 3100 2623 ejus.
3141 2575 3160 2608 ι
3205 2556 3281 2610 De
3323 2557 3388 2610 iis
3415 2555 3710 2612 sufficienter
3736 2552 3777 2604 iu

2268 2642 2422 2695 tertia
2479 2642 2682 2698 visione
2721 2643 3010 2700 dissertum
3062 2658 3176 2712 est,
3222 2659 3279 2703 et
3337 2650 3519 2704 eadem
3571 2657 3776 2716 repetere

2265 2734 2493 2790 otiosum
2525 2743 2624 2790 est.
2655 2735 2944 2793 Videamus
2977 2753 3107 2808 ergo
3139 2741 3271 2808 quid
3312 2749 3398 2794 est
3423 2741 3558 2810 quod
3595 2739 3642 2792 in
3677 2751 3780 2789 eon-

2267 2826 2618 2894 sequentibus
2643 2827 2774 2882 dicit
2809 2827 2855 2859 ⁸⁸
2885 2845 2900 2882 :
2932 2848 2950 2880 ‹
2987 2829 3286 2886 Ostendam
3315 2833 3387 2897 ei,
3416 2841 3468 2886 et
3498 2848 3594 2886 non
3633 2831 3779 2889 modo.

2265 2915 2610 2984 beatificabo,
2640 2928 2695 2972 et
2729 2933 2835 2973 non
2873 2923 3298 2991 appropinquat.
3334 2943 3353 2975 ι
3391 2923 3443 2976 In
3470 2923 3580 2977 aliis
3604 2921 3780 2990 quidem

2265 3007 2665 3076 exemplaribus
2719 3008 2967 3078 legimus,
3033 3029 3051 3062 ι
3105 3011 3307 3066 videbo
3367 3027 3508 3073 eum,
3565 3012 3646 3066 sed
3699 3023 3781 3061 nou

2267 3100 2426 3154 modo
2463 3098 2595 3172 (80).
2637 3120 2655 3152 ι
2703 3101 2860 3168 Quod
2907 3104 2955 3158 si
3001 3105 3318 3174 recipiatur,
3368 3105 3568 3160 facilius
3602 3102 3781 3168 intelligi

2265 3190 2579 3259 putabitur:
2614 3202 2670 3246 ut
2701 3193 3004 3260 Christum,
3038 3195 3105 3250 de
3139 3210 3244 3264 quo
3286 3197 3340 3250 in
3382 3193 3782 3263 consequentibus

2265 3281 2396 3334 dicit
2437 3281 2480 3312 ⁵⁷
2529 3299 2543 3334 :
2609 3300 2627 3333 σ
2658 3283 2891 3350 ,Ονῑειυι-
2937 3284 3088 3338 stella
3136 3300 3202 3339 ex
3245 3284 3437 3353 Jaco'b,
3478 3296 3530 3342 et
3571 3290 3782 3352 exsurget

2264 3372 2426 3426 homo
2476 3372 2541 3426 de
2583 3371 2774 3437 Israel,
2812 3392 2833 3426 ι
2875 3374 3164 3428 videndum
3211 3375 3363 3430 dicat
3389 3391 3538 3446 esse,
3585 3375 3666 3429 sed
3699 3386 3780 3425 non

2263 3461 2460 3528 modo;
2503 3461 2604 3516 hoc
2644 3471 2746 3528 est,
2797 3478 2903 3518 non
2956 3478 3020 3517 eo
3067 3474 3337 3534 tempore,
3376 3481 3480 3535 quo
3511 3467 3605 3519 ista
3632 3463 3783 3530 loque-

2265 3552 2448 3606 batur.
2487 3552 2542 3607 ln
2571 3554 2882 3609 novissimis
2929 3557 3071 3609 enim
3109 3555 3318 3620 diebus,
3361 3573 3381 3607 ‹
3421 3556 3508 3610 ubi
3539 3554 3669 3609 venit
3695 3552 3783 3621 plv-

2263 3643 2452 3698 nitudo
2483 3644 2765 3715 temporis,
2807 3645 2954 3699 tnisit
2979 3645 3119 3700 Deus
3149 3645 3345 3700 Filium
3375 3664 3528 3702 suum
3550 3647 3613 3702 ⁸⁸.
3649 3664 3665 3696 ι
3700 3642 3782 3696 Sed

2262 3734 2306 3787 si
2347 3735 2645 3789 secundum
2692 3735 2796 3789 hoc
2839 3735 2981 3804 quod
3023 3751 3122 3792 nos
3165 3738 3434 3792 habemus
3469 3739 3518 3790 in
3552 3729 3782 3799 exempla—

2263 3825 2430 3891 ribus,
2479 3825 2759 3896 legendutu
2799 3826 2959 3899 342
3008 3828 3101 3892 sit,
3156 3827 3259 3882 hoc
3303 3836 3433 3884 est:
3487 3846 3505 3878 ι
3535 3823 3784 3880 Ostendam

2263 3916 2362 3980 illi,
2403 3927 2458 3970 et
2495 3933 2599 3972 non
2644 3919 2840 3985 modo;
2886 3919 3231 3984 beatificabo,
3280 3930 3338 3974 et
3387 3935 3490 3974 non
3535 3913 3783 3988 appropin-

2262 4021 2432 4080 quat;
2473 4029 2492 4063 ι
2526 4027 2632 4066 non
2665 4013 2730 4066 ad
2769 4011 2912 4067 hunc
2964 4011 3203 4079 Balaam,
3255 4027 3354 4082 per
3401 4027 3554 4081 quem
3582 4010 3684 4063 haec
3721 4003 3785 4057 di-

2262 4114 2482 4168 cuntur,
2515 4105 2607 4159 sed
2638 4105 2704 4158 ad
2738 4105 2859 4158 illos
2886 4119 3115 4173 quorum
3156 4118 3448 4172 personam
3479 4101 3528 4156 in
3554 4100 3646 4154 hoc
3674 4091 3786 4148 dixi-

2263 4211 2404 4263 mus,
2456 4195 2713 4251 refertur.
2759 4194 2837 4249 llli
2877 4196 3020 4249 enim
3057 4197 3309 4249 doctores
3366 4195 3497 4265 legis
3538 4201 3589 4246 et
3628 4186 3786 4243 scriba:

2262 4289 2548 4344 ostendent
2595 4290 2872 4344 Christum
2920 4291 2972 4344 in
3018 4289 3134 4360 lege
3181 4297 3236 4343 et
3284 4287 3563 4358 prophetis
3591 4279 3786 4354 prophe-

593 4393 755 4448 etiam
785 4408 815 4445 a
847 4389 1182 4446 daemonibus
1207 4387 1544 4456 corruptelas
1580 4387 1843 4455 quasdam
1879 4385 2154 4455 sapientiae
2185 4403 2230 4458 ι)
2263 4390 2456 4449 tatum,
2488 4381 2581 4435 sed
2611 4395 2719 4458 non.
2747 4381 2927 4436 modo.
2955 4380 3069 4435 lloc
3094 4390 3197 4446 est,
3224 4396 3329 4434 non
3359 4395 3425 4435 eo
3455 4389 3679 4447 tempore
3700 4384 3786 4439 quo

593 4484 689 4539 Dei
716 4482 1138 4538 admiscentibus
1170 4479 1432 4534 declinari
1465 4479 1532 4533 ad
1560 4477 1758 4532 malum
1797 4495 1809 4532 :
1850 4478 2151 4546 relegamus

590 4591 678 4640 ea,
707 4590 827 4645 quae
856 4575 908 4628 in
939 4571 1160 4626 Daniele
1189 4571 1389 4640 scripta
1422 4579 1553 4626 sunt
1597 4568 1661 4624 de
1693 4569 1813 4639 ipso
1853 4569 2072 4625 Daniele
2098 4579 2154 4624 et

595 4666 762 4720 tribus
790 4664 979 4719 amicis
1004 4661 1140 4730 ejus,
1174 4674 1310 4729 quos
1328 4658 1824 4714 Nabuchodonosor
1861 4675 1954 4715 rex
1986 4660 2154 4715 tribus

591 4756 748 4812 annis
781 4755 1106 4810 erudiendos
1137 4751 1376 4817 tradidit,
1406 4749 1593 4804 volens
1617 4764 1710 4805 eos
1744 4751 1795 4805 in
1826 4766 1944 4816 sua,
1987 4752 2038 4805 id
2073 4761 2155 4807 est

591 4847 764 4916 patria
782 4855 836 4903 et
860 4845 1275 4917 Babyloniorum
1297 4843 1563 4912 sapientia
1583 4841 1977 4898 scientissimos
2013 4841 2152 4899 ﬁeri.

592 4937 667 4992 lbi
691 4953 819 5008 ergo
841 4938 1101 5008 scriptum
1144 4943 1226 4990 est
1271 4933 1342 5000 “,
1381 4935 1504 5004 quia
1551 4951 1569 4984 ι
1601 4932 1748 4988 dedit
1787 4933 1864 4989 eis
1894 4934 2154 4989 Dominus

590 5027 872 5082 scientiam
893 5036 947 5083 et
966 5025 1321 5092 intellectum,
1345 5034 1398 5080 et
1425 5024 1765 5094 prudentiam
1787 5023 1839 5076 in
1874 5023 2017 5078 omni
2039 5033 2154 5078 arte

592 5120 964 5189 grammatica,
997 5132 1053 5176 et
1083 5118 1286 5174 Danieli
1327 5118 1476 5172 dedit
1529 5114 1858 5170 intellectum
1909 5115 1962 5168 in
2006 5115 2155 5169 omni

594 5212 777 5277 verbo,
808 5221 864 5268 et
882 5213 1110 5280 visione,
1141 5221 1197 5266 et
1224 5210 1482 5266 somniis:
1511 5216 1566 5263 et
1595 5208 1906 5276 erantapud
1935 5221 2112 5275 regem
2138 5227 2151 5262 :

591 5309 645 5355 et
669 5301 722 5356 in
753 5302 899 5358 omni
928 5305 1090 5360 verbo
1116 5313 1172 5359 et
1195 5300 1504 5374 prudentia,
1535 5308 1590 5355 et
1621 5297 1926 5368 disciplina,
1954 5299 2006 5352 in
2037 5299 2157 5368 qui-

666 5437 902 5494 ”Zach.
947 5455 1007 5506 tt,
1054 5439 1106 5493 1.
1180 5438 1227 5470 ⁸⁵
1278 5437 1416 5492 Dan.
1453 5453 1489 5502 ι,
1535 5435 1734 5505 17,19,
1766 5435 1857 5491 20.
1932 5437 1977 5468 ⁸⁸
2015 5435 2160 5494 Num

2258 5458 2353 5511 HV,
2378 5444 2466 5498 l6.
2540 5445 2587 5478 ⁸⁶
2615 5444 2768 5510 ibid.,
2799 5443 2886 5497 l7.

666 5558 778 5627 (80)
821 5557 886 5611 In
920 5559 1042 5612 aliis
1063 5559 1270 5628 quidem
1299 5557 1682 5628 exemplaribus
1709 5557 1974 5628 legimus:
2005 5577 2023 5609 ‹
2070 5575 2152 5612 n-

595 5632 723 5684 deba
774 5645 928 5695 eum,
987 5627 1083 5682 sed
1122 5645 1224 5683 non
1279 5627 1454 5682 modo.
1497 5647 1515 5679 ι
1567 5627 1769 5696 Nempe
1821 5629 1872 5682 itt
1925 5627 2151 5685 Hebrazn

593 5702 763 5766 fonte,
805 5707 858 5754 et
883 5699 1020 5768 apud
1057 5699 1330 5769 Aquilam,
1359 5699 1451 5767 qui
1478 5699 1638 5754 vertit
1667 5717 1681 5752 :
1711 5697 1949 5767 ὐψομαι
1987 5699 2146 5753 αὑτὸν

2259 4476 2426 4538 venit,
2467 4474 2560 4529 sed
2581 4489 2705 4528 eum
2731 4473 3004 4544 plenitudo
3029 4473 3267 4542 gentium
3295 4473 3584 4536 introierit,
3611 4476 3658 4523 et
3685 4476 3787 4519 cum

2259 4567 2433 4624 omnis
2472 4565 2638 4622 Israel
2669 4565 2869 4620 salvari
2913 4564 3161 4634 incipiet,
3208 4574 3337 4618 tunc
3362 4580 3485 4620 eum
3512 4560 3784 4618 ostendent.

2260 4671 2316 4716 et
2359 4669 2487 4714 tunc
2533 4658 2941 4722 beatificabunt,
2995 4673 3154 4727 quem
3201 4658 3361 4712 modo
3419 4656 3783 4726 blasphemant.

2263 4752 2373 4806 Sed
2411 4751 2516 4805 hoc
2545 4761 2756 4820 tempus
2791 4752 2841 4802 in
2876 4764 2983 4818 quo
3029 4751 3142 4803 hrec
3189 4749 3366 4804 futura
3400 4758 3544 4810 sunt,
3579 4760 3671 4799 non
3707 4755 3785 4808 ap-

2262 4846 2586 4918 propinquat
2613 4863 2626 4899 :
2680 4845 2836 4912 longe
2865 4844 3011 4898 enim
3048 4852 3149 4907 est,
3179 4852 3232 4896 et
3266 4844 3317 4897 in
3360 4844 3475 4912 ipso
3505 4837 3670 4894 saeculi
3703 4835 3786 4886 fine

2261 4937 2608 5008 sperandum.
2661 4938 2728 4992 Et
2780 4938 2902 4992 ideo
2943 4939 3041 5004 ait,
3073 4956 3091 4989 ι
3128 4937 3424 4994 Ostendam
3480 4936 3573 4999 illi,
3613 4941 3663 4986 et
3703 4941 3786 4981 nou

2260 5028 2461 5083 modo:
2503 5046 2521 5080 ι
2555 5027 2654 5092 illi,
2687 5029 2791 5082 hoc
2840 5038 2922 5082 est
2965 5028 3159 5098 populo
3200 5028 3290 5098 qui
3338 5039 3465 5082 tunc
3501 5020 3784 5080 salvabitur.

2258 5118 2386 5174 Post
2433 5119 2568 5186 haec,
2626 5137 2646 5172 ι
2679 5119 2922 5184 Orietur,
2967 5120 3160 5189 inquit,
3201 5119 3353 5174 stella
3407 5132 3475 5171 ex
3524 5112 3700 5175 Jacob,
3745 5114 3789 5159 el

2259 5223 2509 5280 exsurget
2562 5212 2722 5266 homo
2770 5227 2835 5266 ex
2884 5211 3071 5266 Israel.
3105 5230 3123 5262 ι
3161 5212 3234 5266 De
3267 5211 3351 5266 his
3394 5220 3449 5264 et
3493 5210 3544 5262 in
3577 5199 3788 5272 superio-

2263 5303 2413 5358 ribus
2449 5304 2706 5370 diximus,
2743 5305 2868 5373 quia
2907 5305 3184 5358 evidenter
3213 5305 3281 5358 de
3313 5302 3465 5357 stella
3493 5314 3606 5370 quae
3645 5292 3788 5359 magis

2963 5444 3008 5475 ⁸⁷
3033 5443 3162 5498 ibid.
3239 5443 3285 5476 ⁵⁸
3313 5442 3490 5498 Galat.
3515 5455 3585 5505 tv,
3622 5436 3670 5494 ὁ.

2260 5565 2467 5690 minus
2520 5565 2634 5623 νῦν.
2691 5575 2825 5619 teste
2867 5563 3326 5618 Demonstratione
3369 5560 3662 5631 evangelica
3698 5555 3778 5609 Et-

2260 5651 2318 5690 se
2361 5653 2414 5690 n.

2259 5651 2414 5691 58D".
