4074 6156
342 230 452 285 ἨἹ

1508 228 1572 282 IN
1603 227 1930 283 NUMEROS
1962 227 2246 284 IIOMILIA
2285 229 2468 286 XVIII.

3483 235 3589 291 7l8

343 348 399 401 in
437 346 650 400 oriente
685 345 956 414 apparuit,
988 346 1384 416 prophetetur:
1425 361 1528 416 qua
1574 347 1712 402 duce
1751 362 1917 402 vene-
1947 350 1993 406 A
2023 345 2191 412 ducit,
2219 357 2269 402 et
2310 348 2478 415 spolia
2521 347 2710 402 salutis
2759 357 3044 418 reportat;
3079 347 3219 402 sicut
3266 358 3320 404 et
3367 351 3418 405 in
3467 351 3588 406 aliis

344 446 472 491 runt
508 438 576 491 ad
627 435 892 504 Iudaeam,
939 439 1279 506 requirentes
1320 454 1444 494 eum
1499 440 1592 508 qui
1645 449 1804 494 natus
1834 448 1916 494 est

346 542 444 581 rex
481 525 668 593 Israel,
713 538 770 584 et
821 539 1092 600 repertum
1133 531 1329 587 oblatis
1367 532 1684 587 muneribus
1721 532 1904 586 adora-

345 631 560 680 verunt.
589 625 694 680 Sed
725 634 907 678 movet
939 637 1044 687 me,
1075 624 1214 692 quod
1246 626 1312 679 de
1354 626 1466 695 ipsa
1511 625 1665 680 stella
1699 636 1913 693 postea-

341 731 509 785 quam
541 716 740 772 dictum
775 727 859 772 est
895 716 949 771 in
982 714 1276 786 Evangelio
1309 719 1376 786 δ’,
1407 721 1532 788 quia
1576 722 1916 790 praecesserit

344 820 536 873 magos
567 821 738 877 usque
768 806 823 860 in
856 805 1198 872 Bethlehem,
1225 819 1279 862 et
1306 809 1528 864 veniens
1558 811 1710 866 stetit
1749 825 1913 880 supra

345 900 440 953 ubi
478 915 614 968 puer
661 909 805 965 erat,
835 900 978 954 ultra
1019 916 1127 955 non
1166 901 1237 954 sit
1267 902 1496 967 dictum,
1523 904 1648 973 quia
1689 904 1773 957 vel
1803 904 1914 958 dis-

344 993 574 1049 cesserit
597 993 744 1059 inde,
772 994 857 1048 vel
886 996 1191 1058 evanuerit,
1243 995 1327 1048 vel
1383 1006 1658 1067 assumpta
1700 997 1791 1063 sit,
1823 1007 1915 1050 aut

329 1087 550 1157 aliquid
583 1087 808 1142 omnino
829 1089 896 1143 de
920 1088 1024 1143 hoc
1059 1088 1305 1142 narratio
1325 1089 1640 1157 evangelica
1665 1089 1912 1160 designa-

342 1180 487 1232 verit
515 1195 530 1235 :
563 1179 656 1234 sed
680 1180 782 1234 hoc
802 1189 1012 1234 tantum
1036 1178 1256 1245 dixerit,
1290 1181 1413 1250 quia
1447 1183 1606 1246 venit,
1634 1191 1689 1235 et
1720 1200 1739 1232 ι
1765 1182 1915 1235 stetit

342 1286 508 1340 supra
543 1270 632 1325 ubi
669 1280 789 1325 erat
815 1286 967 1341 puer.
1013 1291 1032 1324 ι
1065 1272 1145 1328 Ne
1177 1273 1314 1328 forte
1347 1288 1476 1343 ergo
1504 1273 1646 1327 sicut
1674 1282 1915 1342 tempore

342 1363 627 1433 baptismi,
661 1379 782 1418 cum
810 1365 1122 1434 baptizatus
1164 1364 1324 1421 Iesus
1371 1365 1619 1420 ascendit
1670 1366 1742 1419 de
1789 1364 1914 1420 Ior-

341 1456 509 1520 dane,
544 1456 717 1526 aperti
751 1467 876 1511 sunt
897 1458 945 1512 ei
971 1457 1120 1522 C(BIi,
1150 1467 1205 1513 et
1231 1457 1619 1513 viditIoannes
1651 1457 1912 1528 Spiritum

340 1547 439 1602 Dei
477 1548 891 1604 descendentem
920 1552 1077 1618 quasi
1136 1550 1462 1615 columbam,
1513 1560 1568 1604 et
1605 1559 1912 1605 manentem

344 1653 512 1707 super
541 1654 688 1702 eum,
720 1649 774 1694 et
807 1642 1016 1695 audivit
1041 1655 1228 1696 vocem
1256 1643 1526 1700 dicentem
1557 1643 1621 1698 de
1649 1643 1786 1698 coelo
1820 1645 1866 1680 σο
1895 1661 1910 1696 :

2018 438 2082 492 dc
2134 453 2198 493 eo
2239 441 2502 510 scriptum
2540 448 2624 494 est
2658 439 2722 504 ",
2760 441 2888 510 quia
2933 459 2951 491 ι
2987 442 3290 497 ascendens
3327 444 3380 497 in
3414 444 3584 498 altum

2018 533 2286 601 captivam
2340 534 2495 588 duxit
2555 533 2950 602 captivitatem.
2993 555 3012 585 ι
3051 533 3431 602 Captivitatem
3475 535 3584 589 sci-

2019 623 2148 678 licet
2186 624 2332 678 illam
2375 626 2595 679 humani
2628 626 2870 694 generis,
2901 641 3064 694 quam
3100 626 3346 681 diabolus
3369 629 3436 682 ad
3461 640 3584 696 per-

2018 714 2278 769 ditionem
2312 726 2558 784 ceperat,
2589 717 2692 770 iste
2723 731 2909 770 rursus
2953 717 3225 784 captivam
3255 717 3433 782 duxit,
3473 728 3527 772 et
3556 732 3586 770 a

2017 817 2192 861 morte
2213 809 2490 863 revocavit
2529 809 2594 863 ad
2625 809 2812 863 vitam.
2847 808 3064 864 Utinam
3099 824 3228 880 ergo
3279 825 3365 864 me
3404 821 3460 865 et
3495 827 3586 865 ca-

2014 901 2226 969 ptivum
2249 900 2448 955 habeat
2478 915 2693 970 semper
2724 899 2974 954 Christus
3005 900 3184 966 Iesus,
3227 911 3280 956 et
3308 916 3392 956 me
3426 902 3589 957 ducat

2017 992 2070 1044 in
2100 991 2334 1061 praedam
2379 1007 2560 1056 suam,
2601 1003 2652 1046 et
2689 1007 2788 1062 ego
2836 1002 3020 1047 tenear
3049 997 3166 1062 ejus
3201 993 3435 1048 vinculis
3465 994 3584 1046 alli-

2015 1092 2172 1149 gatus
2200 1101 2211 1134 :
2253 1092 2311 1134 ut
2336 1094 2390 1136 et
2419 1097 2520 1154 ego
2555 1083 2658 1138 dici
2712 1098 2928 1137 merear
2953 1082 3166 1137 vinctus
3201 1079 3327 1137 Iesu
3360 1082 3584 1145 Christi,

2017 1173 2157 1227 sicut
2185 1173 2385 1229 Paulus
2420 1175 2486 1229 de
2521 1174 2815 1242 semetipso
2847 1173 3115 1244 gloriatur
3141 1173 3283 1227 δί’-⁸⁷.
3331 1192 3350 1224 ι
3387 1173 3455 1228 Ει
3481 1175 3587 1227 erit

2015 1264 2183 1320 Edom
2210 1266 2500 1321 hzereditas
2520 1266 2659 1336 ejus,
2685 1266 2827 1320 Esau
2852 1267 3104 1322 inimicus
3125 1267 3243 1335 ejus
3266 1266 3332 1321 ⁸⁸.
3362 1286 3381 1318 ›
3414 1268 3582 1322 Edom

2016 1357 2158 1412 idem
2189 1367 2294 1423 est,
2340 1358 2432 1424 qui
2480 1356 2644 1413 Esau.
2677 1358 2776 1412 llic
2819 1359 3112 1413 secundum
3148 1359 3428 1414 historiam
3465 1361 3586 1430 qui-

2015 1450 2154 1504 dem.
2185 1450 2436 1505 inimicus
2468 1459 2552 1505 est
2601 1449 2788 1514 Israel,
2839 1451 2933 1505 sed
2975 1451 3026 1504 in
3077 1452 3334 1519 adventu,
3387 1452 3582 1520 inquit,

2013 1538 2219 1594 Christi
2245 1541 2407 1595 etiam
2441 1541 2558 1610 ipse
2584 1541 2877 1596 haereditas
2906 1544 3023 1613 ejus
3056 1550 3163 1603 erit
3197 1568 3210 1604 :
3243 1551 3350 1605 hoc
3378 1558 3461 1604 est
3495 1563 3583 1604 re-

2016 1633 2246 1701 cipietur
2290 1633 2355 1685 ad
2397 1633 2578 1698 ﬁdem,
2629 1648 2727 1688 nec
2781 1635 3102 1691 excludetur
3149 1639 3218 1694 ab
3269 1641 3582 1696 haereditate

345 1750 366 1783 ς
402 1697 502 1785 ὼε
533 1741 614 1787 est
645 1697 814 1786 Filius
853 1747 1006 1787 meus
1041 1734 1295 1799 dilectus,
1335 1733 1390 1788 in
1429 1749 1536 1803 quo
1570 1736 1708 1790 bene
1759 1750 1908 1791 com-
1943 1697 1987 1752 Β
2014 1723 2237 1780 Christi.
2265 1724 2320 1779 Si
2348 1741 2476 1782 vero
2504 1727 2818 1796 spiritaliter
2842 1735 3216 1796 advertamus,
3253 1733 3423 1788 Edom
3450 1750 3579 1790 caro

337 1823 558 1892 placui;
592 1841 610 1875 ι
663 1824 736 1877 ita
783 1835 839 1880 et
892 1824 1046 1880 stella
1085 1826 1221 1892 haec,
1255 1839 1375 1894 quae
1418 1827 1566 1880 venit
1610 1841 1774 1895 supra
1821 1827 1910 1881 tibi

339 1924 463 1968 erat
496 1929 645 1983 puer,
690 1925 744 1969 et
777 1916 946 1982 stetit,
990 1917 1041 1970 in
1068 1916 1288 1972 Christo
1316 1917 1566 1972 similiter
1592 1920 1910 1988 permansit,

339 2006 484 2060 sicut
512 2015 564 2060 et
594 2005 830 2074 Spiritus
865 2018 1090 2062 sanctus
1117 2009 1170 2062 in
1195 2009 1378 2078 Specie
1406 2009 1675 2065 columbae
1701 2012 1912 2066 venisse

339 2100 560 2168 dicitur,
603 2111 656 2154 et
696 2105 960 2159 mansisse
1013 2105 1066 2157 in
1119 2118 1205 2159 eo.
1253 2104 1320 2159 Et
1348 2106 1496 2160 sicut
1540 2109 1754 2162 venisse
1791 2108 1913 2177 Spi-

337 2192 505 2246 ritum
542 2192 634 2247 Dei
665 2209 826 2262 super
854 2209 999 2261 eum,
1043 2203 1099 2250 et
1145 2196 1408 2251 mansisse
1446 2197 1497 2251 in
1527 2212 1614 2264 eo,
1643 2198 1717 2252 ita
1762 2199 1909 2253 acci-

341 2286 524 2353 pimus
572 2286 716 2356 quod
777 2302 1047 2357 nunquam
1097 2287 1168 2342 ab
1224 2302 1289 2342 eo
1354 2291 1638 2344 recesserit
1681 2291 1914 2360 Spiritus

340 2380 482 2438 Dei;
520 2390 574 2436 et
619 2381 692 2435 ita
748 2383 814 2436 de
862 2382 1018 2437 stella
1076 2398 1198 2452 quae
1249 2383 1417 2449 venit,
1464 2394 1518 2439 et
1564 2385 1716 2439 stetit
1749 2401 1914 2455 super

334 2484 489 2536 eum,
540 2470 917 2540 accipiendum
979 2482 1108 2543 puto
1156 2473 1298 2543 quod
1359 2475 1439 2529 sic
1495 2475 1706 2529 steterit
1750 2491 1912 2546 super

337 2563 486 2630 eum,
528 2574 585 2617 ut
622 2580 900 2634 nunquam
947 2566 1074 2620 inde
1105 2577 1250 2620 mota
1285 2567 1374 2622 sit.
1421 2567 1484 2622 Et
1521 2569 1642 2624 ideo
1695 2570 1910 2624 deitatis

333 2657 455 2727 ejus
483 2657 740 2711 indicium
767 2658 910 2712 illam
949 2660 1160 2714 stellam
1201 2661 1368 2716 fuisse
1412 2662 1626 2730 opinor.
1676 2661 1827 2717 Unde
1857 2673 1912 2718 et

335 2751 473 2803 ordo
501 2749 800 2818 prophetia:
839 2751 954 2804 haec
987 2753 1174 2807 eadem
1209 2765 1612 2822 consequenter
1645 2756 1906 2821 ostendit,

335 2858 464 2896 cum
499 2843 563 2896 de
584 2843 789 2897 deitate
825 2845 1040 2912 quidem
1087 2846 1205 2914 ejus
1245 2846 1412 2900 dicit:
1452 2864 1470 2896 t
1505 2845 1723 2901 Orietur
1751 2847 1906 2902 stella

335 2950 409 2989 ex
445 2933 650 3002 Iacob;
684 2955 702 2988 ι
730 2937 794 2991 de
813 2937 1045 2990 humana
1071 2953 1200 2993 vero
1233 2948 1423 2992 natura
1457 2961 1468 2993 :
1501 2959 1518 2991 ι
1561 2940 1624 2994 Ει
1653 2951 1908 3009 exsurget

335 3033 500 3086 homo
529 3045 594 3084 ex
634 3029 798 3084 Israel
833 3073 847 3096 ,
885 3051 903 3083 ι
944 3041 1000 3085 ιιι
1030 3031 1082 3085 in
1116 3039 1348 3102 utroque
1380 3041 1433 3086 ct
1467 3033 1761 3087 secundum
1791 3035 1904 3089 dei-
1933 3047 1975 3101 ο

337 3131 526 3185 tatem,
555 3131 606 3176 et
631 3122 929 3176 secundum
972 3122 1364 3177 humanitatem
1394 3123 1641 3179 Christus
1672 3127 1904 3195 prephe-

333 3223 482 3267 tatus
535 3214 816 3268 evidenter
867 3225 1144 3282 appareat.
1193 3233 1211 3266 ι
1244 3215 1311 3269 Ει
1352 3218 1592 3272 vastabit
1634 3219 1905 3288 principes

333 3306 495 3360 Moab
516 3306 582 3360 ".
620 3326 638 3359 ι
675 3305 834 3361 Moab
861 3308 1079 3376 quidem
1115 3323 1248 3377 gens
1292 3317 1396 3374 est,
1428 3309 1584 3378 cujus
1631 3311 1906 3380 principes

335 3416 451 3453 non
484 3399 617 3453 alios
643 3415 783 3463 esse,
817 3414 980 3469 quam
1007 3399 1278 3468 spiritales
1312 3402 1583 3470 nequitias
1606 3410 1659 3455 et
1699 3401 1904 3470 princi-

332 3504 499 3563 patus
542 3492 656 3545 illos
699 3493 984 3547 adversum
1033 3508 1169 3560 quos
1197 3494 1352 3548 nobis
1381 3495 1654 3549 luctamen
1684 3503 1788 3560 est,
1823 3495 1904 3548 in-

337 3584 650 3654 telligimus.
698 3583 808 3638 llos
847 3599 974 3652 ergo
1016 3585 1118 3639 iste
1148 3586 1310 3639 homo
1347 3600 1410 3638 ex
1451 3584 1618 3640 Israel
1649 3588 1900 3651 vastavit,

334 3692 460 3731 cum
491 3678 639 3730 exuit
665 3675 1006 3746 principatus
1057 3687 1110 3731 et
1156 3687 1477 3746 potestates,
1526 3676 1746 3748 alIigens
1783 3679 1904 3734 illos

331 3770 484 3824 cruci
533 3785 665 3824 suae.
709 3767 895 3837 Neque
923 3770 1066 3824 enim
1103 3780 1321 3840 poterat
1368 3770 1577 3825 salvare
1615 3772 1902 3838 Moabitas,

330 3872 391 3917 et
421 3861 488 3915 ad
515 3861 607 3916 Dei
636 3862 968 3931 agnitionem
1002 3863 1430 3932 perducere,nisi
1457 3865 1728 3934 principes
1759 3865 1900 3932 illos,

332 3955 429 4025 qui
470 3956 521 4008 in
557 3954 636 4008 eis
673 3954 1094 4009 dominationem
1129 3954 1423 4022 impietatis
1473 3964 1782 4021 tenuerant,
1811 3957 1905 4012 de-

331 4057 620 4102 vastasset.
664 4066 682 4097 ι
726 4045 792 4099 Ει
825 4045 1157 4116 praedabitur
1199 4061 1389 4101 omnes
1436 4046 1576 4102 ﬁlios
1605 4047 1734 4104 Seth
1765 4049 1831 4102 ⁶².
1879 4070 1897 4102 ι

334 4141 470 4196 Seth
506 4140 653 4193 ﬁlius
678 4149 761 4192 est
789 4138 982 4200 Adam,
1025 4137 1094 4192 de
1123 4153 1232 4208 quo
1264 4137 1374 4191 Eva
1420 4139 1557 4193 dixit
1593 4155 1714 4195 cum
1748 4151 1903 4195 natus

331 4245 482 4292 esset
510 4235 594 4287 63:
631 4252 648 4283 ι
677 4230 976 4289 Suscitavit
1002 4230 1149 4285 enim
1196 4231 1327 4284 mihi
1359 4230 1499 4286 Deus
1541 4248 1720 4288 semen
1757 4233 1903 4288 aliud

331 4343 438 4398 pro
472 4325 605 4379 Abel
639 4338 800 4392 quem
830 4323 1030 4377 occidit
1059 4321 1214 4377 Cain.
1257 4341 1275 4372 ι
1318 4321 1427 4376 Iste
1461 4335 1546 4376 est
1578 4339 1711 4396 ergo
1745 4321 1897 4386 Seth,

2015 1818 2358 1888 intelligitur,
2413 1835 2534 1890 quae
2589 1823 2914 1878 adversatur
2957 1824 3192 1893 spiritui,
3241 1835 3297 1880 et
3341 1836 3424 1880 est
3480 1827 3583 1881 ini-

2013 1908 2174 1963 mica.
2205 1910 2258 1963 Ιιι
2295 1910 2526 1964 adventu
2557 1921 2734 1966 autem
2759 1913 2988 1977 Christi,
3021 1931 3142 1969 cum
3179 1914 3422 1983 subjecta
3458 1916 3577 1972 fue-

2013 2000 2086 2054 rit
2115 2015 2243 2055 caro
2266 2001 2498 2072 spiritui,
2525 2017 2621 2072 per
2645 2005 3059 2060 resurrectionis
3077 2021 3226 2076 spem
3252 2008 3417 2062 etiam
3455 2009 3570 2078 ipsa

2013 2093 2080 2146 ad
2111 2092 2484 2148 haereditatem
2514 2095 2715 2150 veniet.
2758 2095 2874 2150 Non
2919 2098 3068 2152 enim
3103 2098 3217 2153 sola
3253 2101 3454 2168 anima,
3485 2102 3580 2156 sed

2013 2196 2067 2242 et
2117 2202 2264 2255 caro,
2320 2203 2440 2258 quae
2499 2188 2794 2259 aliquando
2840 2190 3014 2246 fuerat
3041 2193 3284 2261 inimica,
3323 2209 3420 2264 per
3451 2197 3583 2252 obe-

2014 2278 2274 2333 dientiam
2316 2281 2538 2349 spiritus
2570 2295 2793 2338 consors
2834 2282 3028 2340 futura:
3068 2285 3400 2342 hatreditatis
3433 2290 3582 2344 exsi-

2014 2381 2144 2426 stet.
2167 2390 2186 2423 ι
2215 2371 2282 2425 Ει
2310 2371 2474 2428 Israel
2504 2372 2632 2428 fecit
2663 2373 2716 2428 in
2739 2375 2993 2430 virtutem
3023 2377 3087 2429 ⁸³.
3124 2397 3144 2430 ι
3187 2376 3301 2434 IIoc
3332 2388 3414 2435 est
3437 2383 3578 2450 quod

2012 2462 2164 2526 dicit,
2207 2463 2332 2532 quia
2381 2473 2507 2519 tunc
2551 2464 2740 2532 Edom,
2796 2465 2880 2520 vel
2909 2465 3073 2535 Esau,
3127 2469 3231 2525 hoc
3275 2481 3360 2527 est
3398 2474 3580 2529 carnis

2013 2565 2211 2608 natura
2267 2556 2319 2608 in
2361 2553 2699 2612 haereditatis
2739 2559 3054 2614 societatem
3111 2562 3417 2631 vocabitur,
3451 2583 3574 2622 cum

2011 2649 2194 2715 Israel,
2226 2651 2407 2704 anima
2441 2649 2689 2706 videlicet
2727 2653 2869 2707 facta
2917 2653 3080 2710 fuerit
3117 2658 3169 2711 in
3209 2659 3493 2728 virtutem,
3524 2673 3579 2719 et

2010 2739 2266 2794 decenter
2297 2739 2466 2794 fuerit
2493 2739 2698 2808 repleta
2741 2741 3055 2798 virtutibus.
3101 2745 3156 2799 Si
3205 2747 3350 2801 enim
3396 2752 3576 2805 anima

2011 2849 2115 2886 non
2147 2832 2330 2886 veniat
2378 2833 2444 2886 ad
2493 2833 2740 2896 virtutes,
2785 2833 2879 2888 sed
2914 2833 2967 2887 in
2998 2835 3207 2904 ignavia
3238 2853 3572 2910 perseveret,

2010 2939 2113 2978 nec
2157 2939 2286 2978 caro
2313 2924 2381 2978 ad
2414 2924 2784 2981 haereditatem
2820 2934 3022 2998 veniet,
3063 2937 3157 2990 sed
3203 2939 3270 2992 ad
3310 2938 3570 3001 iudicium

2011 3018 2173 3081 illius,
2227 3019 2316 3086 qui
2358 3029 2534 3087 potest
2566 3022 2801 3076 animam
2859 3034 2916 3079 et
2993 3043 3194 3098 corpus
3239 3035 3466 3102 perdere
3517 3036 3568 3090 in

2011 3111 2311 3179 gehennam
2344 3111 2410 3162 ⁷ο.
2453 3128 2471 3161 ι
2499 3109 2565 3164 Ει
2610 3126 2862 3185 exsurget
2919 3135 2988 3173 ex
3037 3120 3228 3186 Iacob,
3278 3134 3333 3178 et
3386 3119 3573 3192 perdet

2009 3200 2299 3259 liberatum
2352 3207 2419 3260 de
2473 3209 2691 3263 civitate
2736 3209 2803 3264 “.
2855 3229 2874 3260 ι
2907 3211 3036 3276 Ille,
3082 3215 3288 3282 inquit,
3334 3217 3426 3285 qui
3479 3234 3575 3273 ex-

2009 3297 2185 3367 surgit
2225 3307 2303 3364 ut_
2345 3299 2500 3355 stella
2548 3316 2618 3356 ex
2672 3300 2874 3367 Iacob,
2932 3305 3122 3374 perdet
3169 3308 3453 3363 liberatum
3507 3311 3574 3367 de

2011 3389 2252 3445 civitate.
2321 3391 2436 3446 Non
2490 3393 2544 3447 in
2579 3393 2697 3449 hoc
2753 3395 2951 3462 solum,
3008 3399 3102 3454 sed
3158 3400 3208 3454 in
3259 3403 3406 3457 omni
3437 3421 3574 3476 pene

2006 3483 2322 3551 prophetico
2364 3485 2489 3540 stilo
2536 3501 2656 3556 quae
2702 3487 2989 3553 dicuntur,
3042 3492 3284 3549 involuto
3326 3497 3460 3552 satis
3519 3510 3574 3554 et

2007 3575 2234 3629 obscuro
2292 3591 2546 3632 sermone
2613 3579 2892 3635 dicantur.
2967 3581 3083 3635 Non
3156 3587 3300 3640 enim
3370 3589 3571 3658 placuit

2005 3677 2196 3721 sancto
2231 3665 2480 3736 Spiritui,
2516 3670 2607 3737 qui
2653 3671 2720 3724 de
2762 3670 2831 3724 iis
2873 3673 3036 3726 scribi
3075 3675 3262 3741 voluit,
3298 3691 3356 3732 ut
3392 3683 3568 3750 palam

2008 3759 2122 3811 haec
2166 3770 2220 3812 et
2268 3761 2514 3828 pedibus,
2567 3770 2621 3815 ιιι
2673 3762 2744 3815 ita
2785 3763 2982 3830 dicam,
3029 3766 3402 3834 imperitorum
3442 3789 3572 3830 con-

2006 3849 2266 3903 culcanda
2324 3861 2652 3918 ponerentur
2690 3853 2858 3924 :tsed
2920 3856 2992 3908 ita
3044 3858 3298 3924 providit,
3353 3871 3411 3915 ut
3447 3878 3568 3919 cum

2005 3938 2220 4008 publice
2261 3941 2446 3994 haberi
2490 3923 2797 4007 videantiir,
2826 3957 3139 4000 sermonum
3169 3958 3348 4005 tamen
3377 3954 3571 4010 obscu-

2005 4031 2167 4084 ritate
2189 4032 2469 4086 recoudita
2514 4033 2567 4086 in
2610 4035 2849 4101 arcanis,
2892 4043 2946 4091 et
2980 4039 3034 4090 in
3078 4043 3306 4097 secretis
3352 4045 3566 4100 obtecta

2001 4119 2164 4191 34,3
2186 4132 2487 4176 serventur.
2513 4122 2578 4176 Et
2599 4141 2740 4179 nunc
2753 4140 2884 4196 ergo
2901 4130 3043 4196 quod
3065 4131 3143 4184 ait
3165 4131 3416 4190 :tPerdet
3431 4137 3568 4193 libe-

2003 4224 2178 4266 ratum
2211 4213 2278 4266 de
2293 4213 2538 4276 civitate,
2568 4234 2588 4268 ο
2613 4216 2714 4270 nisi
2752 4218 2817 4270 ad
2839 4223 3286 4278 consuetudinem
3337 4231 3569 4297 prophe-

2005 4309 2168 4360 ticatu
2212 4306 2470 4374 respicias
2497 4347 2512 4372 ,
2550 4309 2617 4361 de
2659 4322 2762 4376 qua
2806 4310 3038 4379 dicitur,
3073 4316 3249 4372 omnis
3285 4319 3565 4388 prophetia

331 4433 403 4473 ex
453 4431 559 4486 quo
605 4425 766 4465 omne
826 4410 1119 4463 humanum
1176 4409 1228 4462 in
1280 4408 1382 4464 hoc
1437 4413 1640 4466 mundo
1686 4411 1898 4467 ducitur

2010 4413 2111 4452 non
2144 4409 2324 4466 potest
2349 4399 2570 4468 propria
2609 4401 2950 4459 absolutione
2981 4417 3250 4475 constare,
3287 4410 3440 4468 valde
3467 4413 3570 4467 dil-

332 4522 526 4580 genus.
563 4504 696 4558 Nam
735 4501 801 4553 de
834 4499 966 4554 Cain
1009 4500 1100 4567 qui
1145 4498 1256 4553 nati
1307 4497 1896 4570 Iuerant,diluvinper-

334 4597 534 4650 ierunt.
573 4591 689 4648 Filii
743 4607 874 4661 ergo
925 4603 1052 4646 sunt
1097 4589 1232 4644 Seth
1277 4604 1467 4645 omnes
1505 4590 1770 4655 homines,
1808 4595 1895 4661 qui

329 4689 386 4744 in
421 4689 524 4741 hoc
551 4683 750 4740 mundo
781 4692 926 4738 sunt.
959 4682 1163 4737 Etcum
1190 4681 1410 4749 dicitur,
1442 4701 1460 4733 ι
1495 4683 1897 4750 depraedabitur

326 4795 520 4836 omnes
553 4777 694 4831 ﬁlios
735 4775 890 4841 Seth,
933 4793 951 4826 ι
990 4774 1226 4844 praedam
1271 4774 1350 4828 sic
1399 4773 1604 4842 accipe,
1645 4771 1788 4828 sicut
1839 4778 1890 4829 in

328 4869 720 4942 superioribus
771 4865 1112 4935 interpretati
1183 4879 1375 4919 sumus
1415 4904 1432 4930 ,
1475 4865 1567 4918 ubi
1623 4865 1888 4936 scriptum

327 4975 414 5021 est
437 4962 502 5016 ’δε
541 4981 560 5013 ι
592 4961 728 5015 Edet
752 4968 942 5028 gentes
980 4955 1323 5010 inimicorum
1348 4969 1608 5010 suorum:
1647 4974 1666 5008 ι
1715 4967 1770 5012 et
1801 4957 1892 5012 ubi

323 5058 509 5114 catulo
539 5053 709 5110 leonis
742 5063 796 5105 et
827 5049 966 5105 leoni
997 5057 1369 5119 comparatur.
1412 5047 1480 5101 Et
1525 5047 1617 5102 hic
1657 5062 1792 5118 ergo
1834 5050 1892 5103 in

326 5147 566 5219 praedam
587 5143 786 5213 accipit
813 5155 1004 5197 omnes
1025 5139 1166 5196 ﬁlios
1191 5139 1346 5196 Seth.
1370 5138 1544 5194 Victis
1566 5140 1895 5195 adversariis

323 5237 690 5298 daemonibus,
727 5249 822 5290 eos
850 5234 942 5302 qui
989 5235 1090 5286 sub
1135 5233 1377 5300 ipsorum
1407 5233 1780 5286 dominatione
1816 5241 1896 5284 te-

324 5329 618 5392 nebantur,
689 5325 936 5381 Christus
986 5325 1143 5395 quasi
1197 5324 1430 5394 praedam
1491 5323 1732 5378 victoria:
1783 5337 1895 5376 sua:

299 5499 302 5508 Ι
395 5526 444 5564 ⁸⁹
461 5529 648 5583 Matth.
671 5527 802 5592 ",9.

327 5601 377 5670 ff
407 5599 612 5670 Ephes.
662 5615 735 5664 IV,
768 5599 823 5653 8.

321 5663 372 5696 τ’
413 5663 545 5724 an.
585 5685 672 5734 xv,
703 5663 787 5723 1⁷5.
859 5669 908 5701 ⁷⁸
937 5667 1069 5725 Luc.
1109 5663 1184 5735 ix,
1211 5668 1299 5723 24.

881 5527 926 5559 ⁶⁰
951 5526 1136 5581 Matth.
1163 5543 1247 5594 ιιι,
1275 5528 1356 5582 l7.

1432 5525 1477 5559 “
1501 5525 1660 5582 Num.
1680 5540 1826 5590 xxw,
1849 5526 1934 5582 I7.
2009 5531 2053 5562 "
2073 5528 2234 5586 Num.
2259 5544 2408 5596 xxrv,
2433 5528 2522 5584 I7.
2597 5527 2641 5559 “
2657 5527 2791 5583 Gen.
2811 5543 2886 5594 1v,
2909 5530 2999 5584 25.

909 5599 1026 5680 σῖιστ
1069 5599 1374 5680 Εριιεὲ,.ιιι,
1400 5597 1450 5654 1,
1525 5597 1606 5667 _“
1633 5598 1789 5654 Num.
1829 5615 1980 5669 xxiv,
2010 5600 2099 5656 l8.
2174 5601 2217 5632 ⁶⁹
2249 5599 2380 5656 Ilzid.
2457 5600 2503 5632 ⁷ο
2524 5597 2714 5654 Matth.
2741 5598 2905 5665 x,28.
2956 5678 2958 5680 ν
3010 5601 3236 5657 “Num.
3275 5617 3423 5666 xxiv,
3457 5597 3550 5658 I9.

2006 4493 2160 4549 ﬁcilis
2182 4495 2449 4549 videbitur
2473 4495 2796 4552 intellectus.
2835 4497 3120 4557 Videamus
3147 4511 3323 4559 tamen
3351 4506 3397 4560 si
3428 4505 3570 4562 forte

2005 4587 2109 4642 hoc
2133 4587 2292 4641 modo
2320 4588 2519 4657 poterit
2545 4589 2846 4658 explanari.
2875 4592 3156 4647 Civitatem
3193 4595 3279 4650 hic
3308 4598 3564 4655 mundum

2004 4678 2370 4748 intelligamus
2396 4719 2410 4744 ,
2444 4681 2585 4736 sicut
2620 4689 2674 4736 et
2712 4682 2766 4735 in
2816 4681 3122 4752 Evangeliis
3154 4686 3354 4743 dicitur
3385 4690 3430 4720 "
3498 4691 3569 4747 de

2003 4771 2279 4825 luxurioso
2314 4771 2450 4835 ﬁlio,
2483 4772 2577 4842 qui
2613 4771 2930 4841 dilapidavit
2961 4777 3317 4835 substantiam
3353 4785 3521 4851 patris
3546 4807 3563 4840 ε

2001 4864 2127 4932 quia
2161 4863 2412 4928 accessit,
2447 4863 2638 4932 inquit,
2671 4866 2736 4917 ad
2765 4867 3052 4934 quemdam
3078 4870 3399 4936 primarium
3425 4877 3564 4931 civi-

2002 4955 2130 5010 tatis
2157 4955 2208 5010 in
2244 4955 2459 5027 regione
2489 4956 2615 5010 illa:
2646 4972 2674 5009 a
2701 4971 2808 5025 quo
2835 4968 3102 5028 receptus,
3135 4962 3186 5016 in
3217 4978 3402 5030 agrum
3434 4970 3562 5024 mit-

2003 5031 2135 5102 titur
2180 5062 2373 5116 porcos
2419 5063 2658 5117 pascere.
2698 5047 2764 5102 Et
2813 5049 2926 5103 hate
2971 5064 3102 5118 ergo
3143 5053 3373 5121 civitas,
3411 5059 3565 5128 cujus

2003 5139 2093 5195 ille
2124 5139 2418 5207 primarius
2456 5149 2576 5194 erat
2599 5179 2612 5202 ,
2651 5141 2879 5195 mundus
2909 5141 2996 5196 hic
3028 5143 3365 5212 intelligitur.
3400 5149 3566 5218 Igitur

2005 5227 2071 5281 de
2114 5228 2216 5282 hac
2253 5227 2470 5282 civitate
2515 5227 2798 5283 liberatum
2829 5269 2844 5290 ,
2889 5230 2990 5284 hoc
3035 5242 3116 5286 est
3165 5249 3321 5300 quem
3369 5236 3565 5294 liberat

1999 5319 2249 5376 Christus
2278 5321 2345 5375 de
2374 5321 2478 5374 hoc
2512 5320 2732 5386 mundo,
2765 5322 2938 5389 perdit
2968 5337 3113 5378 eum.
3148 5325 3290 5379 Dicit
3321 5328 3466 5382 enim
3493 5331 3558 5393 ⁷⁸,

3076 5533 3120 5563 ⁸⁸
3142 5529 3299 5584 Νιιιιι.
3322 5548 3471 5598 xxrv,
3497 5533 3550 5586 8.
