4074 6156
600 244 706 300 719
2079 250 2147 305 Ol

2248 249 2396 305 ms
2670 219 2675 223 ’
3699 254 3778 308 τευ

599 363 726 432 quia
763 381 783 413 ι
815 367 904 438 qui
933 366 1121 434 perdet
1149 365 1387 420 animam
1416 381 1569 422 suam
1594 376 1811 436 propter
1837 381 1946 431 me,
1975 365 2176 421 salvam
2207 371 2252 427 Α
2283 380 2477 435 genere
2519 365 2954 429 descenderant,
2996 364 3224 419 refertur
3277 363 3514 420 Amalec.
3559 363 3626 418 Ita
3669 371 3777 424 enim

600 456 766 510 faciet
811 472 950 512 eam.
989 475 1006 507 ι
1057 455 1291 510 Salutari
1321 472 1449 526 ergo
1482 457 1786 526 perditione
1816 459 1987 527 perdit
2019 455 2174 512 Jesus
2276 459 2538 526 scriptum
2585 466 2669 511 est
2699 458 2745 489 '9
2783 474 2795 508 :
2849 473 2868 507 ‹
2903 456 3024 511 Ista:
3067 463 3191 510 sunt
3243 466 3425 511 autem
3472 457 3779 527 generationes

598 559 744 608 eum,
785 561 944 616 quem
994 545 1060 599 de
1087 543 1247 610 hujus
1276 546 1462 600 mundi
1494 545 1709 600 civitate
1739 546 2069 600 liberaverit.
2109 545 2173 598 Et
2276 545 2413 601 Esau
2451 546 2622 614 patris
2661 546 2828 600 Edom
2857 584 2872 607 ,
2906 545 2960 598 in
2991 555 3172 600 monte
3203 543 3331 600 Seir
3359 586 3374 609 ,
3405 559 3458 599 et
3485 547 3590 600 haec
3613 549 3779 602 nomina

597 651 694 690 nos
735 640 917 707 itaque
952 637 995 691 si
1026 636 1092 690 ad
1124 634 1347 690 salutem
1379 637 1568 692 venire
1601 636 1870 701 volumus,
1897 649 1950 690 et
1976 638 2041 691 de
2071 637 2171 692 hoc
2275 637 2507 694 ﬁliorum
2542 638 2682 692 Esau
2708 677 2722 701 ,
2759 637 2978 702 Eliphas
3015 637 3154 692 ﬁlius
3198 637 3318 691 Ada
3354 637 3535 691 uxoris
3566 637 3718 704 Esau,
3743 650 3783 694 et

599 731 812 784 mundo
853 727 1119 794 liberari,
1151 730 1380 799 perdere
1423 729 1679 784 debemus
1723 732 1931 784 animas
1961 741 2171 784 nostras
2273 727 2479 799 Raguel
2518 729 2662 784 ﬁlius
2693 729 2978 786 Basemath
3012 727 3125 801 (85)
3163 730 3352 783 uxoris
3395 729 3552 783 Esau.
3595 729 3785 785 Fuerunt

595 821 912 887 perditione
942 819 1084 886 utili,
1108 830 1163 875 et
1192 820 1524 876 necessaria.
1554 820 1737 876 Perdit
1764 823 1907 876 enim
1935 823 2168 876 animant
2271 829 2448 875 autem
2479 820 2572 875 ﬁlii
2598 821 2844 892 Eliphas,
2879 820 3148 888 Theman,
3187 819 3423 890 SOphar,
3455 819 3683 887 Cothom,
3711 821 3782 876 Ce-

603 913 899 970 secundum
947 912 1224 969 Christum
1254 953 1269 979 ,
1305 914 1394 983 qui
1437 913 1707 969 desideria
1740 912 1857 981 ejus
1889 913 2164 979 refrenat,
2271 926 2398 966 nes:
2436 911 2712 968 Thamnas
2761 921 2942 968 autem
2993 912 3094 966 fuit
3143 912 3453 967 concubina
3486 911 3681 980 Eliplias
3715 914 3782 965 ﬁlii

604 1007 696 1076 qui
733 1006 1060 1076 cupiditates
1087 1005 1205 1075 ejus
1234 1013 1476 1071 resecat,
1505 1005 1597 1075 qui
1629 1004 1896 1060 luxuriam
1926 1007 2042 1076 ejus
2077 1021 2166 1061 re-
2269 1004 2407 1059 Esau
2438 1047 2452 1070 ,
2479 1017 2533 1060 et
2560 1007 2672 1060 haec
2699 1007 2908 1075 peperit
2943 1005 3164 1059 Amalec
3211 1005 3315 1073 ipsi
3349 1003 3560 1072 Eliphas
3581 1043 3595 1068 ,
3624 1015 3669 1058 et
3718 1005 3782 1058 isti

601 1097 1035 1167 solutionemque
1075 1098 1341 1168 castigat,
1394 1105 1448 1151 et
1497 1098 1549 1151 in
1583 1096 1731 1150 nullo
1771 1112 1992 1166 prorsus
2038 1097 2168 1152 facit
2268 1106 2393 1150 sunt
2424 1096 2518 1151 ﬁlii
2543 1097 2654 1150 Ada
2687 1097 2874 1152 uxoris
2902 1096 3061 1151 Esau.
3095 1115 3114 1146 ι
3162 1095 3228 1149 Ει
3262 1104 3388 1165 post
3417 1111 3611 1165 pauca:
3645 1113 3662 1146 ι
3688 1096 3738 1148 Et
3758 1098 3784 1150 ii

601 1189 932 1244 voluntatem
977 1201 1128 1244 suam
1151 1227 1166 1252 ,
1209 1188 1302 1242 sed
1333 1187 1658 1242 voluntatem
1692 1188 1816 1242 Dei:
1847 1196 1900 1242 et
1931 1202 2025 1258 per
2053 1188 2167 1244 haec
2267 1196 2412 1252 sunt,
2445 1188 2640 1258 inquit,
2673 1190 2839 1244 duces
2869 1204 2932 1243 ex
2965 1187 3091 1242 ﬁliis
3123 1189 3288 1243 Esau.
3327 1186 3451 1241 Filii
3483 1187 3696 1257 Eliphas,
3716 1187 3784 1256 qui

603 1281 782 1352 perire
809 1281 1009 1336 dicitur
1037 1279 1236 1334 anima.
1268 1277 1436 1334 Periit
1463 1294 1693 1350 namque
1720 1281 1826 1335 vita
1859 1281 1976 1351 ejus
1998 1284 2162 1351 prior,
2270 1278 2371 1332 fuit
2399 1281 2794 1350 primogenitus
2817 1281 2911 1334 lilii
2939 1281 3101 1334 Esau.
3133 1280 3248 1334 Dux
3281 1280 3551 1344 Theman,
3576 1279 3669 1333 dux
3687 1279 3786 1332 Cho-

600 1384 655 1430 et
678 1375 867 1445 incipit
893 1388 1088 1430 novam
1118 1375 1306 1439 vitam,
1337 1388 1457 1442 quas
1485 1374 1538 1428 in
1562 1373 1780 1429 Christo
1803 1383 1908 1440 est,
1943 1376 2161 1431 ducere.
2275 1384 2416 1436 11101⁸,
2450 1371 2554 1423 du!
2589 1371 2821 1440 50PM".
2856 1371 2961 1425 (Ιυκ
2994 1370 3190 1436 Cenes.
3244 1372 3354 1426 dux
3396 1369 3549 1434 Core.
3591 1370 3684 1424 άυι
3707 1367 3785 1423 εἷο·

603 1466 790 1523 Simile
837 1475 1017 1520 autem
1064 1464 1190 1519 huic
1237 1465 1382 1520 dicto
1415 1465 1576 1519 etiam
1623 1464 1753 1519 illud
1799 1475 1884 1520 est
1912 1465 1960 1498 '"
1996 1483 2010 1519 :
2047 1485 2068 1520 ι
2106 1465 2162 1521 Si
2269 1460 2440 1521 lhom.
2470 1461 2575 1515 dux
2607 1461 2850 1517 Amalec.
2887 1482 2905 1515 ι
2962 1461 3060 1516 Hic
3087 1463 3252 1533 igitur
3287 1463 3530 1527 Amalec,
3568 1462 3692 1516 ﬁlius
3713 1460 3787 1514 fuit

601 1559 1010 1626 commorimur,
1040 1569 1093 1612 et
1123 1558 1489 1614 convivemus.
1514 1576 1533 1608 ι
1567 1557 1632 1612 Ει
1663 1557 1789 1612 illud
1824 1559 1900 1613 τες
1937 1579 1955 1612 ι
1991 1558 2046 1614 Si
2069 1577 2164 1614 au-
2264 1550 2484 1620 Eliphas
2516 1552 2859 1624 primogeniti
2899 1554 3036 1608 Esau
3061 1593 3074 1616 ,
3114 1565 3278 1608 natus
3311 1570 3381 1608 ex
3414 1555 3692 1610 concubina
3713 1568 3785 1606 no-

601 1664 706 1707 tem
743 1652 941 1707 mortui
986 1649 1119 1704 estis
1150 1651 1215 1704 ab
1252 1651 1530 1706 elementis
1567 1649 1724 1718 hujus
1770 1651 1988 1719 mundi,
2028 1667 2164 1721 quo-
2193 1714 2221 1721 _
2266 1644 2407 1698 mine
2444 1643 2712 1700 Tltamna.
2743 1645 2850 1701 Sed
2905 1644 3188 1701 redeamus
3220 1648 3288 1702 ad
3325 1649 3552 1717 primam
3581 1648 3643 1702 de
3665 1649 3787 1700 Atua-

600 1747 760 1801 modo
784 1744 928 1799 velut
956 1743 1197 1799 viventes
1221 1745 1274 1797 in
1302 1744 1403 1798 hoc
1430 1743 1630 1798 mundo
1652 1743 1982 1800 decernitis?
2005 1764 2024 1798 ι
2061 1745 2162 1800 Ne.
2193 1714 2234 1772 Β
2261 1733 2343 1788 lec
2368 1739 2936 1793 commemorationem
2959 1779 2973 1801 ,
3018 1739 3106 1792 ubi
3139 1740 3176 1792 ii
3209 1740 3305 1808 qui
3343 1740 3544 1794 reversi
3587 1747 3724 1801 sunt,
3747 1749 3788 1791 et

599 1838 837 1894 cessario
866 1853 996 1908 ergo
1025 1837 1190 1892 etiam
1223 1836 1274 1891 in
1309 1835 1394 1890 his
1430 1834 1742 1889 declaratur
1770 1835 1895 1906 quia
1929 1836 2147 1907 perdidil

2261 1834 2529 1880 venerunt
2550 1828 2617 1882 ad
2649 1827 2852 1884 fontem
2883 1827 3075 1894 judicii
3097 1866 3112 1893 ,
3143 1829 3235 1898 qui
3272 1838 3504 1884 vocatur
3529 1829 3704 1892 Cades,
3725 1828 3786 1881 in-

601 1932 836 1987 animam
866 1945 1016 1987 suam
1050 1931 1104 1985 in
1136 1931 1237 1985 hoc
1269 1929 1490 1992 mundo,
1520 1928 1610 1996 qui
1646 1943 1765 1982 cum
1804 1928 2014 1984 Christo
2040 1946 2159 1985 mo-

599 2027 780 2080 ritur:
812 2033 866 2079 et
894 2025 984 2094 qui
1015 2023 1101 2078 hic
1136 2038 1253 2078 eam
1287 2020 1618 2091 perdiderit,
1656 2021 1893 2075 inveniet
1921 2035 2040 2076 eam
2086 2022 2158 2077 ibi

596 2119 716 2173 sine
753 2115 914 2171 dubio
942 2158 957 2182 ,
1000 2115 1090 2171 ubi
1129 2114 1256 2169 dicit
1290 2111 1577 2180 Apostolus
1604 2113 1670 2178 ⁷⁸,
1704 2115 1830 2184 quia
1866 2132 1885 2166 ι
1917 2115 2022 2167 vita
2064 2130 2158 2170 ve-

595 2212 705 2263 Stra
730 2208 1043 2264 abscondita
1072 2217 1153 2262 est
1177 2221 1296 2260 cum
1322 2205 1543 2261 Christo
1572 2206 1624 2260 in
1655 2204 1790 2273 Deo;
1827 2222 1846 2257 ι
1875 2207 1959 2262 cui
1988 2206 2156 2278 gloria

594 2298 650 2353 in
681 2307 880 2354 aeterna
909 2299 1102 2354 sazcula
1135 2300 1470 2353 saeculorum.
1509 2298 1701 2353 Amen.

1122 2430 1403 2487 HOMILIA
1455 2431 1596 2490 XIX.

977 2524 1054 2579 De
1089 2525 1288 2579 visione
1316 2525 1497 2594 quinta
1522 2523 1768 2579 Balaam.

666 2616 719 2671 1.
761 2616 960 2686 Quinta
989 2618 1104 2673 haec
1141 2618 1331 2685 nobis,
1375 2618 1666 2686 eademque
1707 2617 1894 2672 ultima
1934 2617 2155 2672 Balaam

593 2708 731 2764 visio
759 2710 1046 2765 discutitur
1069 2751 1085 2778 ,
1121 2709 1185 2764 de
1218 2723 1324 2778 qua
1351 2709 1604 2764 similiter
1632 2719 1691 2762 ut
1723 2711 1777 2764 in
1807 2711 2017 2766 caeteris
2045 2709 2152 2764 Do-

592 2799 797 2855 minum
841 2801 1196 2872 deprecemur
1222 2838 1238 2864 ,
1273 2799 1366 2870 qui
1408 2799 1462 2853 in
1487 2798 1595 2854 ﬁne
1627 2799 1739 2871 (81)
1765 2816 1872 2856 non
1898 2803 2150 2870 deserat,

590 2901 652 2947 ut
684 2891 954 2961 possimus
997 2889 1155 2960 hujus
1199 2904 1412 2961 quoque
1464 2891 1694 2946 visionis
1747 2906 1964 2948 sensum
2008 2895 2152 2950 haud

591 2983 786 3055 procul
815 2998 844 3036 a
873 2983 1100 3038 veritate
1127 2992 1369 3050 captare.
1412 2981 1511 3037 Est
1540 2997 1672 3054 ergo
1706 2983 1917 3039 initium
1949 2984 2065 3054 ejus
2095 2987 2148 3042 in

591 3077 660 3132 iis
707 3075 927 3131 verbis:
977 3073 1098 3127 «Et
1141 3088 1263 3128 cum
1314 3074 1556 3139 videret,
1613 3075 1882 3143 inquit
1927 3076 2146 3133 sua...
2176 3058 2218 3116 ο
2254 3058 3006 3156 ἀδώτζῇ’έέθξῖῶδδῖεῑές

587 3167 842 3232 Amalec,
871 3179 1152 3221 assumens
1179 3165 1490 3234 parabolam
1531 3180 1685 3222 suam
1713 3167 1851 3223 dixit
1878 3187 1893 3225 :
1930 3168 2146 3225 Initium

587 3260 828 3329 gentium
855 3258 1101 3322 Amalec,
1132 3267 1189 3310 et
1215 3270 1401 3312 semen
1432 3271 1618 3313 eorum
1647 3259 1864 3328 peribit.
1896 3279 1917 3314 ι
1953 3259 2149 3317 Neces-

586 3351 792 3407 sarium
820 3348 952 3405 mihi
979 3349 1192 3404 videtur
1218 3349 1493 3417 requirere
1524 3348 1575 3401 in
1603 3348 1901 3419 Scripturis
1927 3352 2145 3420 divinis,

586 3444 784 3514 quibus
829 3442 884 3498 in
915 3441 1046 3497 locis
1076 3441 1160 3495 vel
1203 3455 1310 3511 quo
1339 3441 1391 3494 in
1427 3451 1666 3511 tempore
1708 3457 1903 3498 nomen
1929 3445 2147 3501 Amalec

589 3535 849 3605 scriptum
886 3535 996 3590 sit:
1029 3547 1204 3605 quove
1228 3548 1290 3588 ex
1323 3548 1523 3604 genere
1553 3549 1686 3603 gens
1718 3535 1821 3590 ista
1853 3537 2148 3593 descende-

588 3629 682 3683 rit.
705 3626 941 3683 Facilius
970 3629 1113 3682 enim
1143 3626 1284 3696 quod
1312 3627 1598 3696 qumritur,
1625 3636 1968 3699 agnoscetur,
2001 3629 2046 3684 si
2079 3618 2146 3684 ei

587 3718 830 3788 pluribus
859 3719 1013 3784 locis,
1040 3731 1158 3788 qua:
1198 3717 1264 3772 de
1289 3719 1476 3772 eadem
1514 3732 1573 3772 re
1603 3721 1805 3788 scripta
1837 3730 1980 3784 sunt,
2019 3735 2147 3790 pro-

589 3808 851 3862 ferantur.
894 3807 1062 3878 lgitur
1123 3809 1178 3864 in
1222 3809 1448 3864 Genesis
1499 3808 1730 3866 lectione
1775 3812 1868 3866 ubi
1910 3813 2148 3884 quinque

587 3915 744 3970 reges
789 3911 1156 3958 convenerunt
1200 3912 1258 3958 ut
1303 3911 1675 3973 expugnarent
1725 3912 1956 3973 quatuor
1991 3921 2145 3974 reges

588 3993 680 4064 qui
710 3995 1008 4064 regnabant
1035 3996 1086 4048 in
1120 3995 1393 4061 Sodomis,
1427 4005 1546 4065 post
1573 3996 1846 4067 aliquanta
1874 3998 1945 4052 ita
1979 3999 2146 4055 refer-

588 4097 678 4141 tur
708 4102 723 4140 :
768 4105 786 4137 ι
813 4085 881 4140 Ει
929 4089 1202 4158 regressi,
1251 4091 1426 4161 inquit
1451 4091 1518 4158 ⁷⁸,
1552 4101 1812 4147 venerunt
1846 4095 1911 4148 ad
1941 4092 2143 4149 fontem

579 4179 795 4249 judicii,
822 4181 908 4235 hic
936 4191 1019 4235 est
1046 4181 1234 4249 Cades,
1267 4194 1320 4238 et
1347 4184 1740 4239 interfecerunt
1768 4200 1958 4240 omnes
1986 4187 2140 4255 prin-

579 4272 730 4342 cipes
752 4272 990 4337 Amalec,
1010 4284 1063 4328 et
1080 4275 1421 4331 Amorrhzeos
1437 4276 1526 4344 qui
1548 4275 1865 4332 habitabant
1881 4277 1934 4331 in
1950 4276 2143 4334 Sasan-

2263 1913 2535 1969 terﬁciunt
2561 1929 2750 1971 omnes
2787 1916 3064 1985 principes
3090 1918 3340 1972 Amalec.
3369 1919 3542 1972 Cades
3579 1918 3703 1972 enim
3727 1916 3788 1970 in-

2263 2015 2591 2077 terpretatur
2623 2010 2996 2078 sanctiﬁcatio,
3026 2011 3110 2065 vel
3136 2022 3384 2065 sanctum
3406 2029 3427 2077 ;
3449 2011 3657 2066 Amalec
3687 2025 3787 2063 vero

2261 2099 2644 2168 interpretatur
2670 2100 2938 2172 ablingens
2964 2103 3237 2173 populum,
3273 2103 3360 2158 vel
3391 2104 3644 2156 declinans
3657 2119 3785 2172 popu-

2259 2187 2367 2242 lum
2396 2189 2529 2260 (84).
2577 2189 2801 2260 lgiturii
2833 2191 2925 2261 qui
2964 2202 3312 2247 revertuntur
3355 2194 3422 2247 ad
3467 2205 3711 2258 sanctum,
3745 2204 3788 2245 et

2258 2290 2584 2337 convertunt
2629 2296 2689 2337 se
2718 2283 2786 2336 ad
2825 2283 3313 2339 sanctiﬁcationem
3339 2323 3356 2350 ,
3408 2283 3710 2339 interﬁciunt
3745 2293 3787 2335 et

2257 2369 2534 2438 perimunt
2577 2369 2819 2438 Amalec,
2848 2369 2998 2426 illum
3032 2371 3244 2427 scilicet
3286 2374 3380 2443 qui
3409 2374 3623 2442 ablingit
3651 2387 3786 2442 popu-

2259 2456 2368 2508 lum
2394 2456 2485 2511 .vel
2517 2457 2755 2513 declinat
2783 2460 3058 2529 populum.
3090 2462 3223 2527 Quis
3251 2472 3438 2516 autem
3466 2461 3595 2517 alius
3619 2460 3784 2529 estqui

2257 2545 2490 2601 declinat
2539 2549 2792 2618 populum
2828 2566 2859 2605 a
2892 2551 3002 2607 Deo
3026 2591 3042 2617 ,
3077 2551 3182 2606 nisi
3223 2555 3402 2609 virtus
3431 2553 3719 2617 contraria,
3743 2560 3783 2604 et

2257 2639 2511 2707 nequitiae
2535 2641 2849 2710 spiritales?
2874 2642 3076 2698 Horum
3103 2660 3232 2716 ergo
3255 2647 3528 2718 principes
3552 2646 3632 2716 qui
3652 2644 3786 2700 sunt?

2255 2728 2337 2783 llli
2379 2730 2500 2786 sine
2537 2731 2699 2788 dubio
2751 2735 3088 2806 principatus
3123 2739 3416 2794 adversum
3456 2755 3584 2810 quos
3614 2736 3784 2793 sanctis

2255 2831 2340 2877 est
2361 2821 2698 2878 colluctatio.
2728 2825 3030 2880 Adversum
3063 2829 3405 2899 principatus
3433 2831 3574 2884 enim
3593 2837 3643 2883 et
3666 2836 3784 2896 pote-

2254 2924 2444 2981 states,
2482 2925 2538 2972 et
2566 2918 2750 2973 mundi
2785 2918 2946 2989 hujus
2979 2930 3218 2975 rectores
3255 2931 3386 2976 sunt
3415 2924 3494 2978 eis
3518 2935 3697 2992 agones
3712 2918 3780 2970 ⁸ος

2255 3020 2391 3075 quos
2431 3017 2610 3063 tamen
2639 3023 2899 3078 superare
2926 3026 3031 3064 non
3081 3020 3419 3080 potuerunt,
3462 3011 3561 3066 nisi
3599 3021 3783 3064 conver-

3052 3100 3110 3156 ln
3154 3103 3272 3171 ipsa
3305 3114 3485 3159 tamen
3527 3101 3780 3156 sanctimo-

2249 3190 2360 3253 nia,
2396 3205 2518 3259 quae
2545 3201 2628 3246 est
2660 3191 2867 3258 Cadcs,
2902 3192 3024 3250 fons
3071 3205 3153 3250 est
3188 3195 3408 3266 judicii.
3455 3195 3636 3252 Omnis
3664 3190 3778 3245 enim

2246 3281 2338 3348 qui
2380 3295 2439 3334 se
2487 3282 2554 3335 ad
2604 3284 3020 3338 sanctimoniam
3051 3287 3322 3344 convertit
3350 3327 3365 3354 ,
3408 3289 3565 3343 habet
3605 3294 3780 3352 semper

2247 3382 2376 3430 ante
2405 3374 2592 3431 oculos
2620 3391 2747 3432 suos
2774 3376 2982 3433 fontem
3008 3379 3226 3449 judicii.
3271 3381 3536 3454 Prospicit
3558 3380 3683 3435 enim
3709 3375 3779 3444 ju-

2245 3464 2370 3519 dicii
2409 3465 2551 3520 diem
2586 3506 2601 3532 ,
2649 3476 2703 3523 et
2734 3472 3019 3538 puriﬁcato
3063 3473 3227 3527 corde
3268 3483 3377 3528 tam
3412 3471 3659 3528 malorum
3682 3479 3774 3537 pm-

2245 3569 2343 3608 nas
2381 3569 2544 3624 quam
2589 3557 2802 3626 piorum
2844 3561 3208 3618 beatitudines
3245 3571 3573 3617 contuetur:
3615 3567 3664 3612 et
3685 3556 3777 3609 hac

2245 3645 2454 3702 faciens
2487 3662 2680 3704 omnes
2730 3650 3158 3707 Amalecitarum
3207 3654 3480 3723 principes
3520 3645 3774 3721 prosternit

2244 3747 2297 3793 et
2337 3738 2502 3812 344.
2533 3741 2736 3810 dejicit.
2766 3742 2826 3798 Si
2866 3745 2990 3814 quis
3030 3757 3208 3800 autem
3248 3761 3357 3802 non
3389 3761 3446 3802 se
3489 3737 3775 3800 converterit

2244 3828 2309 3881 ad
2344 3829 2518 3885 Cades
2545 3870 2560 3896 ,
2609 3833 2659 3886 id
2720 3843 2806 3888 est
2850 3836 2915 3888 ad
2951 3837 3433 3894 sanctificationem
3461 3876 3477 3903 ,
3506 3835 3775 3898 fontemque

2239 3923 2447 3991 judicii,
2478 3941 2649 3995 neque
2676 3925 2916 3981 futurum
2945 3927 3134 3995 judicii
3169 3921 3769 3999 cogitatdiem,istisub—

2238 4013 2364 4081 jecti
2411 4025 2540 4070 sunt
2585 4016 2916 4087 principibus
2939 4017 3184 4072 Amalec.
3212 4016 3370 4074 Hunc
3394 4020 3534 4075 enim
3558 4010 3770 4085 populum

2240 4105 2470 4175 ablingit
2511 4116 2568 4161 et
2619 4109 2928 4173 consumit,
2978 4119 3036 4164 et.
3082 4109 3242 4164 talem
3289 4111 3538 4182 populqu
3574 4105 3772 4162 declinat

2242 4212 2271 4247 a
2303 4197 2429 4251 Deo.
2466 4197 2589 4253 llaec
2620 4200 2688 4255 ad
2736 4200 2885 4254 illum
2939 4205 3173 4270 primum
3219 4201 3528 4258 referantur
3563 4194 3767 4252 Amalec.

2242 4288 2394 4344 Nunc
2426 4301 2604 4346 autem
2635 4292 2917 4349 videamus
2944 4303 2999 4348 et
3047 4295 3208 4350 istum
3241 4296 3462 4352 Amalec
3497 4294 3647 4348 ﬁlium
3678 4283 3768 4339 Eli-

582 4368 727 4467 them
762 4364 939 4470 (82).:
970 4365 1024 4470 In
1059 4367 1140 4421 bis
1174 4368 1353 4470 primo
1382 4368 1517 4470 locis
1542 4367 1762 4470 Amalec
1797 4369 2014 4470 memini
2040 4385 2140 4424 no-
2169 4413 2217 4470 Β
2242 4381 2379 4450 phas
2413 4383 2757 4453 primogeniti
2809 4385 2949 4440 Esau
2989 4401 3148 4455 quem
3190 4391 3407 4458 peperit
3444 4388 3491 4442 ei
3535 4384 3767 4437 Thaumas

581 4459 864 4514 minatum.
903 4456 1005 4512 Sed
1047 4461 1352 4528 requiratur
1379 4459 1623 4515 fortassis
1659 4469 1836 4515 utrum
1869 4461 1987 4515 duae
2011 4477 2141 4532 gen-

580 4563 662 4610 tes
687 4554 924 4623 ejusdem
955 4555 1191 4609 nominis
1216 4555 1537 4617 habeantur,
1565 4555 1817 4622 quoniam
1843 4555 2061 4624 quidem
2085 4564 2140 4609 et

578 4650 634 4703 in
671 4649 914 4721 catalogo
945 4649 1180 4706 ﬁliorum
1229 4647 1369 4702 Esau
1392 4685 1408 4712 ,
1453 4655 1507 4700 et
1555 4647 1751 4699 ducum
1783 4648 1873 4715 qui
1920 4663 1985 4702 ex
2021 4648 2137 4717 ejus

648 4835 694 4867 7‘
722 4835 765 4889 ll
799 4833 938 4888 Tim.
973 4849 1034 4896 ιι,
1089 4831 1171 4884 11.
1246 4829 1291 4861 ⁷⁵
1316 4828 1520 4884 Coloss.
1558 4845 1617 4892 tt,
1642 4829 1731 4884 9.0.

578 4920 763 4969 xxxvi,
814 4905 867 4968 9,
904 4905 989 4970 10,
1024 4902 1110 4968 11,
1142 4901 1226 4964 12,
1259 4899 1344 4953 15.
1432 4899 1478 4930 ⁸ο
1511 4900 1710 4972 Ephes.
1749 4916 1822 4966 Vt,
1859 4901 1944 4954 12.

649 5087 940 5160 (δηξίεεη
960 5107 978 5138 ι
1001 5088 1092 5160 qui
1118 5088 1168 5142 in
1189 5088 1312 5144 line.
1335 5108 1358 5146 ο
1380 5090 1535 5150 Libb.
1555 5087 1750 5160 editi”
1771 5103 1878 5157 quo
1899 5089 1950 5142 in
1973 5090 2126 5145 line.»

629 5157 930 5232 (82)'ltlss.,_
955 5175 971 5208 ι
1002 5159 1381 5232 δειεθηιὴθιιι,ι
1402 5159 1794 5232 quodpropius
1826 5161 2034 5232 accedit
2064 5161 2131 5214 ad

574 5227 975 5301 Aoaooveapdtp
994 5271 1008 5293 ,
1037 5243 1198 5296 quam
1227 5227 1463 5297 priorum
1491 5227 1783 5284 editionum
1825 5227 1982 5284 lectio
2011 5246 2130 5301 qua:

574 5299 738 5355 habet
773 5319 791 5352 ‹
825 5299 1134 5354 Saratltem.
1167 5319 1186 5352 ›

649 5371 757 5441 (85)
790 5370 915 5425 Mss.
953 5369 1305 5441 gBasemath.
1337 5390 1356 5422 ι
1406 5369 1560 5424 Libb.
1593 5369 1930 5441 antea_editi,
1976 5391 1992 5421 σ
2021 5371 2127 5441 Ba-

575 5439 870 5498 sammach.
897 5462 914 5494 ι
954 5439 1119 5493 Paulo
1146 5452 1263 5509 post
1315 5442 1473 5500 iidem
1509 5455 1660 5501 tnss.,
1699 5460 1717 5490 ι
1749 5439 1978 5508 Sophar,
2020 5440 2128 5494 Go-

578 5515 747 5565 thom.
779 5531 797 5564 ›
831 5511 988 5566 Libb.
1022 5513 1172 5575 editi,
1211 5529 1230 5562 ι
1260 5510 1495 5574 Suphar,
1529 5509 1764 5564 Gothon.
1799 5529 1817 5560 ι

650 5581 758 5649 (84)
795 5579 962 5634 Gades
1006 5581 1143 5632 enim
1185 5578 1559 5646 interpretatur
1602 5589 2022 5636 SANCTIFICATIO,
2063 5576 2142 5628 vel

577 5667 822 5714 sanorum,
847 5650 1056 5704 Amalec
1076 5665 1194 5703 vero
1218 5649 1594 5717 interpretatur
1615 5659 1894 5717 annuimus
1913 5661 2143 5717 renown

577 5723 656 5777 vel
702 5707 982 5776 nectimus
1031 5735 1280 5775 POPIJLUI.
1326 5707 1499 5775 Cades
1527 5737 1543 5768 ‹
1586 5715 1935 5772 sanctiﬁcatio
1957 5758 1972 5784 ,
2007 5735 2025 5767 ι
2057 5715 2143 5772 vel
2174 5707 2180 5714 ’

1840 4830 1887 4862 ⁷⁸
1919 4829 2123 4887 Coloss.
2161 4847 2242 4900 Ill,
2270 4834 2325 4890 5.

2247 4473 2547 4525 concubina
2579 4488 2705 4540 sua,
2749 4473 2902 4543 cujus
2929 4484 3082 4543 pater
3111 4485 3193 4532 est
3217 4477 3438 4547 Eliphas
3463 4516 3477 4541 ,
3515 4472 3600 4544 qui
3629 4470 3768 4522 inter—

2246 4571 2492 4629 pretatur
2537 4563 2676 4617 Deus
2730 4583 2810 4619 me
2860 4566 3112 4634 dispersit
3163 4567 3275 4639 (85)
3331 4583 3345 4622 :
3394 4578 3556 4622 mater
3615 4565 3761 4612 autem

2246 4651 2551 4718 Thaumas,
2581 4671 2700 4724 quae
2733 4667 2788 4711 et
2816 4658 2926 4727 ipsa
2971 4658 3152 4728 pritno
3182 4661 3400 4729 quidem
3429 4667 3509 4715 est
3531 4655 3761 4721 degener.

2425 4837 2470 4871 "'
2502 4837 2660 4892 Num.
2692 4838 2950 4896 xx1v.20.
3023 4840 3068 4872 ⁷⁸
3111 4840 3248 4897 Cen.
3291 4857 3402 4898 xw.
3449 4841 3499 4894 7.
3570 4833 3610 4867 ⁷⁸
3647 4828 3758 4884 Ge"-

2242 5097 2516 5145 «sanctum
2528 5098 2745 5174 iam]?
2759 5095 2986 5162 sacrari,
3003 5095 3333 5161 consecrari,
3353 5093 3723 5174 sanctumesse;
3735 5092 3752 5126 ³

2232 5175 2452 5229 Amalec
2497 5190 2626 5231 vero
2657 5171 3046 5250 interpretatur
3092 5197 3110 5231 ι
3139 5180 3418 5250 ablingens
3455 5171 3676 5245 populum
3695 5178 3749 5250 ,_»

2233 5259 2300 5350 ξι)
2452 5261 2677 5350 Popilius
2719 5246 2907 5350 θι
2950 5282 2975 5350 «Α
3003 5263 3182 5350 linxit,
3223 5246 3427 5350 lambit.
3457 5281 3475 5313 ι
3517 5246 3754 5350 Sed.

2229 5342 2448 5466 ﬁgfiec
2474 5334 2855 5416 interpretetur
2895 5365 2914 5398 ι
2947 5347 3226 5403 declinans
3263 5347 3533 5420 p0pulum,
3563 5357 3580 5391 ι
3612 5334 3656 5389 id
3677 5342 3749 5384 nte

2299 5483 2412 5558 (βό)
2447 5482 2664 5554 Elipltas
2698 5489 2788 5556 qui
2816 5489 3214 5558 interpretatur,
3251 5487 3390 5542 Deus
3419 5500 3495 5539 me
3524 5469 3744 5544 dispertit.

2228 5567 2308 5658 Ab
2327 5552 2444 5658 ἧκ’(
2481 5552 2646 5634 Deus,
2673 5552 2781 5627 ret
2811 5581 2896 5658 τω
2931 5552 3075 5642 quod
3105 5571 3241 5658 Gen.
3270 5587 3416 5633 xm,
3441 5560 3747 5658 24,-8’eplua:

2229 5651 2374 5716 ginta
2410 5652 2701 5719 inteprctes
2730 5641 3007 5712 ver'terunt
3038 5675 3057 5708 σ
3082 5655 3396 5722 dissolvere,
3423 5671 3442 5704 ι
3476 5645 3550 5704 vel
3577 5641 3698 5696 forte
3718 5648 3741 5683 δ

2227 5730 2329 5798 ΤςΞ
2361 5740 2378 5774 t
2407 5723 2680 5792 dispersit.
2711 5742 2730 5774 ι
