4074 6156
378 246 481 303 79.!

1558 241 1626 298 IN
1659 241 1993 298 NUMEROS
2021 238 2308 296 IIOMILIA
2333 238 2474 293 XIX.
2547 236 2552 239 ’

3516 236 3622 291 72?.

379 363 580 416 deinde
606 357 998 426 interpretatur
1027 355 1253 425 defectio
1293 363 1552 409 commota
1583 354 1730 427 (86):
1771 365 1828 409 ut
1862 370 1953 408 ne-
1987 362 2029 414 Α
2059 351 2262 408 Galaad
2298 351 2529 406 ducenta
2566 347 2731 402 millia
2761 349 3022 417 peditum,
3055 357 3110 403 et
3141 347 3245 402 tria
3279 348 3441 402 millia
3473 349 3619 404 viro-

379 452 630 508 cessario
663 449 849 518 utique
880 447 970 517 qui
1018 448 1087 503 ab
1131 447 1216 502 his
1252 445 1447 500 talibus
1483 446 1740 516 gignitur,
1783 445 1953 499 hostis

378 547 458 600 sit
500 541 709 609 Israel,
738 540 1054 606 ablingens.
1090 539 1173 592 vel
1210 539 1487 593 declinans
1512 537 1785 608 populum.
1835 535 1953 589 Pri-

385 652 511 692 mus
537 635 682 690 enim
718 634 834 703 ipse
863 629 1122 686 Hebraeos
1153 646 1404 702 egressos
1433 645 1500 684 ex
1545 629 1779 699 Egypto
1815 629 1953 684 bello

381 741 674 796 aggressus
703 735 788 780 est
822 725 874 778 iu
915 723 1206 792 Rapbidin,
1235 732 1362 776 tunc
1389 737 1511 774 eum
1551 721 1759 792 Moyses
1785 721 1859 774 ait
1886 721 1953 776 ad

378 815 570 872 .lesum
593 817 669 871 δίε
698 834 719 868 ι
749 817 898 886 Elige
925 816 1020 869 tibi
1056 815 1205 870 viros
1227 854 1241 879 ,
1265 823 1321 869 et
1349 815 1460 880 exi,
1486 824 1539 868 et
1561 813 1789 886 conﬂige
1829 830 1951 869 cum

385 907 609 962 Amalec
647 907 886 961 crastino
907 945 921 969 ,
955 913 1010 959 et
1053 919 1184 960 ecce
1209 919 1307 974 ego
1333 914 1418 960 sto
1457 905 1510 959 in
1537 905 1742 960 vertice
1768 905 1950 971 collis,

381 1006 443 1051 et
469 998 615 1066 virga
645 996 738 1051 Dei
769 997 822 1051 in
851 1012 1012 1050 manu
1054 1010 1168 1049 mea
1211 996 1337 1052 erit.
1378 996 1445 1050 Et
1478 994 1605 1050 fecit
1633 995 1787 1050 .Iesus
1814 997 1957 1050 sicut

382 1087 526 1143 dixit
565 1086 612 1141 ei
645 1085 890 1156 Moyses,
922 1096 978 1140 et
1003 1085 1247 1140 conflixit
1270 1100 1390 1140 cum
1436 1086 1696 1140 Amalec:
1745 1085 1955 1156 Moyses

381 1187 655 1243 antem,et
675 1179 878 1240 Aaron,
905 1186 960 1231 et
996 1175 1073 1232 Ur
1094 1176 1454 1231 ascenderunt
1478 1176 1531 1230 in
1557 1177 1817 1232 verticem
1843 1178 1954 1234 col-

383 1272 494 1326 lis:
532 1280 586 1324 et
614 1268 817 1325 factum
851 1279 932 1325 est
956 1309 972 1334 ,
998 1279 1053 1322 ut
1075 1283 1198 1323 cum
1226 1267 1430 1324 levaret
1465 1284 1660 1324 manus
1705 1269 1950 1342 Moyses,

385 1363 745 1417 invalesceret
779 1361 989 1416 Israel:
1034 1377 1158 1415 cum
1193 1371 1372 1416 autem
1418 1362 1710 1430 deponeret
1763 1379 1954 1418 manus

381 1469 535 1516 snas,
576 1452 937 1506 invalescebat
961 1452 1198 1506 Amalec.
1230 1470 1250 1504 ι
1292 1453 1356 1506 Et
1394 1462 1516 1523 post
1554 1468 1720 1522 pauca
1761 1454 1952 1508 iterum

381 1545 647 1614 scriptum
675 1554 758 1597 est
784 1544 909 1610 quia
947 1543 1207 1614 fugaverit
1231 1542 1388 1600 Jesus
1412 1545 1632 1600 Amalec
1651 1585 1666 1611 ,
1695 1556 1751 1599 et
1785 1561 1956 1614 popu-

383 1639 499 1692 lum
531 1636 650 1702 eius
689 1635 867 1706 gladio
890 1633 1186 1704 deiecerit:
1227 1645 1353 1690 tunc
1393 1636 1538 1691 enim
1568 1620 1840 1692 Dominus
1869 1639 1955 1693 di-

384 1730 468 1783 xit
497 1729 563 1784 ad
595 1727 809 1799 Moysen
837 1727 913 1782 8’:
951 1746 969 1778 ί
998 1727 1290 1782 Conscribe
1321 1727 1435 1782 haec
1464 1727 1528 1782 ad
1555 1728 1870 1784 memoriam
1903 1729 1955 1784 in

380 1821 566 1884 libro,
613 1828 668 1876 et
700 1821 767 1874 da
801 1820 851 1872 in
888 1820 1108 1874 auribus
1151 1817 1316 1874 Iesu:
1367 1819 1492 1889 quia
1543 1819 1730 1876 delcns
1766 1821 1955 1877 delebo

386 1913 704 1982 memoriam
735 1911 952 1966 Amalec
981 1912 1047 1966 de
1075 1911 1174 1965 sub
1203 1911 1363 1968 ctelo.
1390 1912 1458 1966 Et
1487 1913 1770 1969 aedificavit
1801 1913 1956 1985 Moy—

382 2020 477 2060 ses
505 2005 674 2058 altare
695 2043 711 2068 ,
746 2014 800 2058 et
835 2003 1134 2057 nominavit
1162 2017 1356 2058 nomen
1388 2004 1502 2073 ejus
1528 2043 1543 2068 ,
1579 2005 1838 2060 Dominus
1865 2021 1954 2060 re-

385 2097 590 2166 tugium
627 2110 838 2150 meum:
870 2104 924 2150 et
951 2096 1058 2149 ait:
1093 2095 1228 2162 Quia
1261 2096 1311 2149 in
1342 2111 1503 2149 manu
1533 2095 1741 2150 occulta
1779 2096 1957 2151 Domi-

384 2204 494 2242 nus
519 2198 786 2256 expugnat
827 2182 1046 2242 Amalec
1091 2202 1120 2240 a
1152 2189 1504 2257 generatione
1551 2189 1603 2242 in
1645 2189 1955 2257 generatio-

385 2295 538 2333 nem.
567 2297 586 2331 ι
620 2279 858 2348 lntcllige
871 2293 937 2332 ex
966 2279 1068 2335 hoc
1081 2279 1388 2335 evidentius
1413 2279 1768 2359 quiddebeat
1797 2280 1954 2335 intel-

385 2373 483 2440 ligi
521 2371 762 2435 Amalec,
792 2385 953 2439 quem
987 2386 1146 2425 manu
1175 2370 1386 2427 occulta
1407 2409 1424 2437 ,
1461 2372 1513 2426 id
1541 2382 1646 2439 est,
1674 2372 1953 2438 invisibili,

385 2476 704 2532 expugnare
730 2461 929 2516 dicitur
959 2462 1100 2516 Deus
1129 2477 1159 2515 a
1185 2462 1531 2532 generatione
1564 2464 1618 2518 in
1644 2464 1955 2534 generatio-

391 2568 542 2607 nem.
589 2552 696 2607 Sed
748 2553 800 2608 in
848 2553 1265 2607 Deuteronomio
1307 2552 1382 2607 ita
1432 2555 1690 2623 scriptum
1737 2565 1822 2610 est
1867 2554 1956 2610 3’:

391 2663 415 2698 ι
442 2644 710 2700 Memento
755 2653 958 2714 quanta
1001 2645 1095 2700 tibi
1141 2644 1334 2702 fecerit
1373 2646 1594 2702 Amalec
1625 2648 1676 2702 in
1709 2650 1788 2703 via
1832 2664 1955 2704 cum

389 2737 600 2794 exisscs
626 2739 690 2792 de
715 2737 977 2809 ngypto,
1009 2739 1279 2806 quomodo
1305 2739 1518 2794 obstitit
1555 2740 1648 2794 tibi
1685 2741 1738 2795 in
1767 2742 1873 2805 via,
1905 2749 1958 2796 et

390 2830 598 2885 excidit
628 2831 853 2884 caudam
891 2839 1041 2884 tuam
1071 2871 1087 2896 ,
1135 2844 1328 2885 omnes
1359 2831 1447 2899 qui
1476 2831 1795 2888 laborabant
1840 2845 1962 2905 post

388 2931 468 2976 te.
492 2921 570 2977 Tu
598 2931 774 2977 autem
797 2920 1078 2977 esuriebas
1101 2931 1155 2976 et
1177 2921 1486 2987 laborabas,
1509 2935 1564 2978 et
1594 2940 1699 2980 non
1728 2927 1956 2983 timuisti

2061 458 2180 497 rum
2207 458 2274 498 ex
2303 441 2436 496 Jnda
2465 483 2481 508 ,
2511 449 2566 496 et
2596 441 2741 496 venit
2781 441 2911 495 Saul
2937 440 3002 493 ad
3039 440 3311 495 civitatem
3362 436 3580 496 Amalec
3601 481 3617 505 ,

2059 546 2114 590 et
2143 537 2366 590 insidias
2402 535 2579 606 posuit
2606 536 2659 589 in
2683 535 2852 600 valle,
2887 544 2944 590 et
2969 535 3046 589 ait
3085 534 3213 590 Saul
3257 535 3323 590 ad
3351 535 3575 590 Cineum
3605 557 3618 590 :

2064 627 2210 682 Vade
2239 637 2315 692 tu,
2345 635 2400 682 et
2423 627 2636 682 discede
2664 628 2729 683 de
2754 626 2933 682 medio
2957 625 3198 695 Amalec,
3232 643 3299 683 ne
3326 627 3468 682 forte
3485 636 3540 683 et
3567 637 3620 682 tu

2061 720 2336 788 adjiciaris
2369 717 2481 788 (87)
2512 727 2633 773 eum
2663 719 2801 786 ipso.
2833 717 2910 772 Tu
2937 717 3083 771 enim
3111 716 3288 773 fecisti
3313 717 3624 774 misericor-

2060 811 2202 866 diam
2249 826 2371 864 cum
2411 810 2660 864 omnibus
2699 809 2826 862 ﬁliis
2867 807 3034 862 Israel
3060 849 3074 874 ,
3113 823 3234 862 cum
3267 809 3623 864 escenderent

2060 903 2126 958 de
2156 912 2304 956 terra
2355 901 2592 972 ngypti.
2629 901 2695 954 Et
2731 900 2982 954 discessit
3011 898 3212 954 Cineus
3246 901 3314 955 de
3343 901 3519 956 medio
3544 900 3620 955 A-

2061 993 2251 1057 malec,
2288 1001 2342 1046 et
2382 993 2655 1063 percussit
2689 991 2817 1045 Saul
2854 992 3096 1053 Amalec,
3127 991 3193 1046 ab
3243 991 3419 1047 Evilat
3450 1008 3622 1062 usque

2061 1087 2184 1151 Sur,
2214 1101 2334 1156 quae
2367 1095 2453 1141 est
2479 1093 2670 1141 contra
2703 1084 2894 1139 faciem
2928 1083 3147 1155 [Egypti
3172 1127 3186 1152 ,
3220 1094 3272 1139 et
3302 1086 3444 1154 cepit
3473 1087 3620 1158 Agag

2061 1193 2239 1248 regem
2264 1177 2485 1232 Amalec
2509 1179 2715 1240 vivum,
2745 1184 2798 1232 et
2823 1193 3040 1234 omnem
3067 1177 3323 1247 populum
3349 1179 3471 1250 ejus
3492 1193 3622 1232 ana-

2060 1269 2433 1325 thematizavit
2469 1269 2520 1325 in
2553 1283 2652 1325 ore
2689 1270 2895 1340 gladii,
2924 1277 2978 1325 et
3002 1270 3248 1340 pepercit
3285 1266 3412 1323 Saul
3443 1277 3498 1323 et
3527 1281 3623 1338 po-

2061 1361 2220 1431 pulus
2273 1363 2383 1430 regi
2435 1362 2583 1431 Agag
2609 1403 2625 1428 ,
2663 1370 2718 1415 et
2768 1362 3008 1416 servavit
3053 1375 3213 1416 omne
3245 1361 3387 1431 quod
3419 1359 3619 1416 bonum

2061 1461 2183 1507 erat
2212 1466 2277 1506 ex
2305 1453 2494 1507 ovibus
2523 1463 2578 1508 et
2607 1451 2798 1517 bobus,
2832 1452 2923 1507 sed
2955 1459 3010 1506 et
3038 1467 3158 1521 quae
3205 1450 3435 1507 fecunda
3465 1459 3623 1507 erant

2060 1560 2123 1600 ex
2149 1545 2401 1601 omnibus
2426 1546 2716 1615 pecoribus
2749 1545 2926 1610 bonis,
2957 1553 3012 1600 et
3039 1544 3326 1599 noluerunt
3347 1558 3410 1600 ea
3438 1553 3622 1599 exter-

2062 1637 2293 1702 minare,
2319 1637 2410 1692 sed
2433 1652 2594 1692 omne
2622 1639 2765 1707 quod
2797 1638 2896 1692 fuit
2923 1637 3322 1706 contemptibile
3349 1645 3404 1691 et
3431 1639 3624 1704 despe-

2058 1739 2226 1795 ctum,
2263 1730 2364 1785 hoc
2391 1729 3008 1785 anathematizaverunt.
3037 1730 3104 1784 Et
3128 1728 3303 1784 factus
3326 1737 3410 1784 est
3438 1741 3626 1782 sermo

2059 1821 2273 1876 Domini
2303 1822 2369 1876 ad
2395 1819 2697 1877 Samuelem
2729 1824 2952 1878 dicens:
2983 1823 3216 1880 Paenitet
3241 1837 3346 1889 me,
3375 1821 3500 1891 quia
3531 1836 3625 1876 un-

2058 1914 2228 1968 xerim
2260 1913 2388 1968 Saul
2417 1915 2466 1968 in
2495 1928 2696 1986 regem.
2730 1935 2748 1968 ι
2786 1916 2851 1970 Ει
2877 1917 2963 1971 hic
2995 1930 3123 1986 ergo
3148 1915 3372 1971 observa
3398 1929 3623 1984 quomo-

2059 2005 2127 2059 do
2163 2003 2303 2057 Deus
2329 2017 2425 2072 per
2461 2004 2778 2073 prophetam
2811 2008 2921 2077 regi
2951 2006 3080 2060 Saul
3109 2005 3352 2075 praecipit
3375 2013 3432 2062 ut
3462 2019 3624 2072 expu-

2057 2103 2182 2166 gnet
2208 2094 2639 2160 Amalec,etnon
2669 2106 2856 2168 parcat
2882 2099 3134 2168 cuiquam
3165 2112 3232 2153 ex
3263 2096 3344 2152 eis
3372 2113 3385 2150 :
3420 2103 3620 2167 etquo-

2059 2189 2204 2242 niam
2237 2189 2478 2258 pepercit
2510 2190 2621 2260 regi
2657 2190 2876 2246 Amalec
2905 2192 3077 2260 Agag,
3106 2189 3366 2248 offensam
3398 2190 3624 2244 incurrit

2040 2280 2465 2350 .inexpiabilem,
2492 2282 2567 2337 ita
2608 2289 2667 2336 ut
2690 2297 2929 2353 eousque
2958 2292 3300 2353 permoveret
3329 2286 3495 2340 Deum
3519 2325 3536 2350 ,
3563 2294 3625 2340 ut

2058 2381 2245 2428 contra
2279 2389 2440 2444 quam
2477 2377 2670 2446 recipit
2702 2375 2793 2431 illa
2822 2385 3014 2432 natura
3047 2377 3285 2432 diceret:
3331 2394 3351 2428 ι
3386 2376 3623 2431 Paenitet

2061 2481 2146 2521 me
2174 2468 2318 2535 quod
2351 2468 2476 2522 unxi
2520 2467 2647 2523 Saul
2699 2470 2751 2523 in
2787 2483 2986 2539 regem.
3019 2488 3038 2520 ι
3077 2467 3193 2522 Νοη
3243 2482 3375 2539 ergo
3402 2469 3624 2536 expedit

2061 2559 2216 2612 nobis
2248 2574 2470 2628 parcere
2501 2560 2597 2621 illi,
2629 2561 2719 2630 qui
2750 2560 2980 2615 declinat
3009 2561 3289 2629 populum,
3321 2558 3404 2614 vel
3447 2559 3623 2615 abiin-

2061 2651 2170 2717 git,
2203 2657 2256 2702 et
2292 2650 2556 2704 devorat:
2591 2649 2664 2703 illi
2707 2649 2915 2704 scilicet
2945 2649 3197 2703 invisibili
3229 2649 3448 2708 Amalec
3470 2687 3488 2714 ,
3531 2649 3624 2718 qui

2059 2741 2364 2796 volentibus
2390 2741 2683 2797 ascendere
2707 2742 2772 2796 de
2797 2730 3055 2811 Egypto,
3078 2740 3220 2796 etde
3249 2740 3435 2796 mundi
3467 2741 3626 2810 hujus

2061 2832 2292 2886 evadere
2333 2831 2611 2900 tenebris,
2647 2843 2811 2902 atque
2840 2834 2906 2887 ad
2943 2842 3142 2888 terram
3185 2832 3626 2904 repromissionis

2063 2925 2361 2978 ascendere
2389 2963 2406 2989 ,
2434 2924 2636 2980 resistit
2683 2924 2737 2978 in
2784 2923 2892 2987 via,
2923 2932 2977 2978 et
3023 2924 3304 2994 impugnat
3333 2941 3460 2981 nos.
3494 2936 3550 2982 et
3577 2927 3624 2982 si

390 3018 585 3072 Deum.
631 3033 650 3066 ι
701 3012 940 3070 Observa
974 3029 1107 3083 ergo
1143 3022 1198 3069 ct
1231 3015 1283 3067 in
1316 3015 1384 3070 iis
1433 3019 1701 3085 quomodo
1735 3018 1958 3076 Amalec
1987 3049 2028 3108 α
2065 3015 2331 3070 invenerit
2360 3030 2458 3070 nos
2491 3015 2664 3072 lassos
2689 3031 2754 3070 ac
2785 3016 3046 3082 defessos,
3075 3025 3129 3070 et
3163 3025 3310 3071 retro
3335 3018 3628 3084 respicien-

391 3107 606 3162 obstitit
651 3105 814 3161 Israel
850 3105 902 3159 in
939 3105 1020 3158 via
1044 3144 1059 3170 ,
1103 3103 1197 3157 sed
1234 3113 1408 3159 tamen
1456 3122 1562 3160 non
1591 3109 1766 3178 potuit
1801 3118 1963 3179 caput

384 3199 509 3270 ejus
551 3199 906 3264 abscindere,
956 3199 1059 3253 nisi
1095 3196 1322 3252 caudam
1365 3209 1613 3254 tantum:
1659 3202 1712 3256 id
1750 3211 1832 3257 est
1871 3217 1963 3257 eos

388 3287 567 3360 potuit
608 3290 858 3345 obtinere
886 3329 902 3353 ,
933 3290 1027 3358 qui
1065 3299 1212 3343 retro
1240 3291 1400 3360 positi
1429 3302 1586 3346 erant
1607 3332 1624 3357 ,
1650 3295 1742 3363 qui
1782 3295 1960 3349 ultimi

388 3382 787 3450 sequebantur,
817 3395 916 3436 nec
943 3396 1006 3435 ea
1036 3397 1156 3451 qua:
1185 3394 1333 3437 retro
1361 3393 1518 3437 erant
1551 3384 1959 3456 obliviscentes,

389 3473 760 3527 extendebant
810 3489 871 3529 se
917 3475 985 3529 ad
1019 3490 1081 3529 ea
1130 3490 1252 3544 quae
1282 3475 1334 3529 in
1384 3483 1512 3530 ante
1563 3485 1709 3530 sunt.
1745 3477 1813 3531 Et
1841 3477 1963 3534 ideo

394 3574 530 3634 puto
575 3567 698 3635 quia
746 3567 1004 3620 Dominus
1048 3566 1390 3636 praecipiebat
1435 3569 1487 3620 in
1533 3567 1842 3635 Evangeliis
1870 3570 1964 3624 di-

369 3671 526 3728 scens
551 3656 628 3711 3‘:
672 3675 692 3708 ε
723 3657 890 3712 Nemo
939 3657 1167 3712 mittens
1203 3672 1418 3712 manum
1450 3673 1606 3713 suam
1650 3674 1812 3728 super
1841 3676 1964 3715 ara—

394 3759 565 3813 trum,
596 3759 651 3804 et
682 3758 829 3805 retro
855 3749 1174 3818 respiciens,
1203 3758 1360 3817 aptus
1389 3759 1471 3804 est
1503 3765 1669 3820 regno
1699 3752 1810 3810 Dei.
1842 3772 1862 3807 »
1900 3753 1966 3808 Ει

391 3843 624 3896 merito:
656 3841 700 3896 si
729 3843 872 3896 enim
904 3851 1052 3897 retro
1077 3841 1203 3910 quis
1228 3841 1480 3896 inventus
1501 3841 1666 3898 fuerit
1689 3844 1740 3897 in
1767 3846 1962 3912 cauda,

396 3935 685 3990 abscindet
709 3949 828 3989 eum
852 3934 1096 3990 Amalec.
1121 3932 1226 3988 Sed
1252 3941 1306 3986 et
1331 3932 1490 3987 aliam
1517 3935 1692 3990 adhuc
1715 3938 1781 3990 de
1803 3937 1968 3990 Ama-

393 4025 477 4080 lec
504 4026 786 4083 historiam
811 4026 1156 4096 proferamus
1174 4070 1190 4093 ,
1212 4038 1272 4082 ut
1299 4043 1364 4083 ex
1395 4027 1638 4097 pluribus
1666 4027 1966 4098 Scriptura:

392 4119 532 4174 locis
576 4119 778 4174 clarius
807 4121 952 4188 quod
997 4122 1292 4190 quaerimus
1329 4121 1667 4174 advertatur.
1700 4119 1756 4173 In
1788 4119 1966 4188 primo

394 4210 706 4280 Regnorum
735 4212 872 4266 libro
902 4212 980 4264 ait
1010 4212 1228 4267 Samuel
1263 4213 1329 4266 ad
1362 4211 1492 4268 Saul
1523 4212 1608 4267 ⁸⁸;
1647 4229 1667 4264 t
1695 4211 1838 4267 Misit
1877 4227 1964 4267 me

397 4303 655 4358 Dominus
684 4320 888 4374 ungere
927 4313 979 4360 te
1012 4319 1190 4375 regem
1221 4319 1382 4375 super
1409 4305 1664 4374 populum
1695 4319 1852 4359 suum
1885 4305 1965 4360 ls-

2065 3114 2182 3170 tes,
2219 3115 2382 3174 atque
2413 3106 2464 3160 in
2497 3104 2698 3160 ultimis
2732 3113 2787 3158 et
2815 3105 2868 3160 in
2900 3104 3066 3159 cauda
3104 3104 3326 3172 positos,
3357 3104 3627 3159 abscindit

2063 3210 2160 3250 nos
2199 3205 2255 3251 et
2285 3196 2519 3266 perimit.
2563 3196 2630 3250 Et
2663 3196 2787 3251 ideo
2818 3197 3132 3251 tentandum
3166 3209 3383 3265 semper
3411 3195 3466 3250 in
3497 3205 3626 3250 ante

2062 3296 2174 3352 est,
2213 3297 2264 3343 et
2299 3287 2366 3342 ad
2399 3287 2613 3357 pr0pria
2647 3286 3026 3350 festinandum,
3061 3285 3169 3338 imo
3193 3294 3246 3339 et
3279 3287 3333 3338 in
3370 3288 3625 3342 verticem

2064 3379 2263 3434 montis
2293 3379 2694 3435 ascendendum
2721 3417 2738 3445 ,
2783 3386 2837 3432 et
2873 3389 3087 3445 semper
3129 3375 3370 3431 levandae
3402 3387 3529 3432 sunt
3568 3377 3625 3432 in

2062 3472 2407 3528 orationibus
2433 3473 2500 3528 ad
2527 3471 2725 3526 coelum
2757 3484 2972 3534 manus,
3003 3476 3064 3521 ut
3094 3470 3168 3523 ita
3198 3469 3418 3524 demum
3450 3469 3627 3525 vinca-

2065 3574 2151 3618 tur
2174 3565 2394 3620 Amalec
2425 3574 2480 3618 et
2512 3566 2690 3620 cadat.
2725 3563 2815 3620 Vis
2849 3575 3028 3620 autem
3059 3565 3199 3620 scire
3228 3565 3488 3633 quoniam
3516 3578 3622 3618 non

2062 3657 2328 3712 transitur
2342 3657 2407 3710 ad
2427 3667 2625 3711 terram
2649 3665 2916 3722 sanctam,
2939 3671 3114 3727 neque
3133 3657 3448 3726 pervenitur
3461 3655 3527 3710 ad
3544 3669 3627 3710 re-

2063 3763 2224 3818 gnum
2253 3787 2272 3813 ,
2315 3747 2418 3802 nisi
2479 3749 2628 3816 prius
2672 3747 2916 3802 vincatur
2962 3748 3183 3802 Amalec
3227 3747 3250 3802 ?
3292 3746 3463 3802 David
3503 3761 3623 3801 cum

2067 3840 2233 3895 multa
2259 3840 2395 3896 bella
2432 3840 2708 3909 gessisset,
2743 3851 2797 3894 et
2824 3847 3011 3894 contra
3050 3838 3361 3912 Allopliylos
3398 3837 3628 3895 fuissent

2061 3930 2222 4004 355
2247 3931 2294 3986 ei
2351 3930 2602 3986 acerrimi
2664 3929 3080 3999 frequentesque
3128 3930 3454 3996 conflictus,
3515 3942 3623 3982 non

2067 4031 2245 4076 tamen
2278 4019 2536 4076 scribitur
2561 4020 2865 4076 obtinuisse
2898 4034 3146 4089 regnum,
3181 4019 3286 4074 nisi
3321 4019 3472 4088 prius
3495 4019 3626 4073 edo-

2066 4116 2294 4170 muisset
2322 4113 2567 4168 Amalec.
2600 4113 2691 4166 Ait
2724 4113 2870 4167 enim
2900 4111 3180 4182 Scriptura
3219 4111 3266 4143 ⁸⁶
3295 4128 3310 4165 :
3349 4128 3368 4162 ι
3424 4110 3492 4165 Et
3540 4125 3630 4164 re-

2065 4221 2282 4276 gressus
2311 4217 2396 4263 est
2433 4205 2600 4261 David
2661 4217 3008 4275 posteaquam
3059 4205 3257 4260 cecidit
3306 4203 3549 4265 Amalec,
3570 4211 3627 4258 et

2068 4299 2310 4370 suscepit
2339 4314 2561 4370 regnum
2593 4298 2744 4363 Saul;
2780 4316 2799 4348 ι
2864 4313 2984 4353 cum
3037 4305 3217 4350 tamen
3250 4297 3362 4364 ipse
3405 4294 3630 4349 Amalec

401 4395 514 4450 rael
539 4435 553 4462 ,
587 4405 642 4451 et
676 4411 819 4450 nunc
847 4395 973 4450 audi
1009 4410 1194 4450 vocem
1230 4395 1517 4449 verborum
1567 4394 1797 4450 Domini.
1841 4393 1964 4450 Haec
1998 4401 2043 4457 υ
2072 4393 2414 4448 describatur
2440 4393 2639 4448 multas
2673 4393 2822 4462 prius
2855 4401 3065 4459 strages
3119 4391 3313 4444 fecisse
3346 4389 3396 4442 in
3434 4387 3629 4458 populo

396 4491 528 4544 dicit
579 4491 838 4546 Dominus
893 4493 1202 4544 virtutum:
1247 4489 1559 4559 Recogitavi
1611 4489 1792 4544 omnia
1841 4503 1962 4558 quae

395 4581 526 4636 fecit
561 4583 775 4638 Amalec
820 4584 1105 4638 adversum
1137 4580 1304 4636 Israel
1326 4623 1341 4648 ,
1376 4583 1648 4651 quomodo
1687 4583 1964 4650 percussit

397 4691 522 4729 cum
565 4673 622 4729 in
655 4676 741 4730 via
769 4691 890 4730 cum
923 4677 1242 4732 ascenderet
1268 4691 1335 4730 ex
1372 4675 1628 4746 IEgypto.
1657 4675 1807 4730 Nunc
1833 4690 1963 4744 ergo

397 4763 568 4826 vade,
617 4769 671 4814 et
703 4771 923 4831 percute
965 4763 1188 4818 Amalec
1209 4803 1223 4829 ,
1266 4773 1318 4817 et
1347 4764 1746 4818 anathematiza
1777 4767 1957 4816 omnia

395 4855 928 4924 quazcunquebabet.
954 4864 1125 4910 etnon
1145 4869 1358 4925 parcas,
1375 4856 1468 4909 sed
1487 4854 1728 4910 interfice
1752 4869 1961 4923 omnes,

397 4965 428 5000 a
464 4948 582 5004 viro
613 4963 782 5018 usque
814 4948 879 5002 ad
911 4948 1192 5002 mulierem
1213 4986 1229 5012 ,
1262 4959 1317 5002 et
1345 4946 1600 5016 parvulos
1624 4987 1638 5009 ,
1669 4957 1724 5000 et
1760 4946 1966 5001 lacten-

399 5049 504 5107 tes,
533 5049 588 5093 et
621 5048 827 5105 tauros,
856 5050 910 5095 et
933 5055 1122 5111 greges
1160 5041 1364 5107 ovium,
1396 5048 1450 5094 et
1477 5039 1738 5104 camelos,
1766 5048 1821 5094 et
1855 5040 1963 5094 asi-

398 5149 516 5188 nos.
565 5132 632 5188 Et
661 5134 916 5205 praecepit
961 5134 1088 5190 Saul
1125 5134 1358 5205 populo,
1399 5143 1455 5189 et
1498 5133 1734 5202 inspexit
1769 5148 1864 5189 eos
1910 5134 1963 5186 in

2073 4482 2260 4547 Israel,
2293 4483 2538 4538 eturbes
2583 4497 2770 4538 eorum
2825 4482 3130 4537 incendisse
3183 4478 3626 4550 quamplurimas.

2076 4575 2212 4629 Vere
2243 4575 2390 4629 enim
2422 4583 2547 4629 ante
2584 4575 2871 4628 adventum
2929 4575 3041 4628 veri
3071 4573 3260 4640 David,
3325 4571 3466 4627 illius
3535 4572 3630 4640 qui

2072 4674 2233 4719 natus
2264 4674 2348 4719 est
2376 4681 2441 4719 ex
2470 4666 2681 4720 semine
2706 4663 2874 4718 David
2900 4663 3194 4719 secundum
3223 4679 3468 4726 carnem,
3487 4661 3628 4716 mul-

2073 4765 2156 4811 tas
2181 4766 2393 4826 strages
2425 4757 2695 4826 spiritales
2720 4757 3033 4812 Amalecitae
3052 4797 3067 4822 ,
3098 4771 3217 4826 qua:
3243 4764 3367 4810 sunt
3404 4764 3631 4810 contra-

2073 4848 2168 4902 riae
2197 4849 2447 4913 virtutes,
2518 4847 2760 4903 fecerunt
2806 4849 2860 4903 in
2913 4849 3106 4919 populo
3171 4848 3358 4904 Israel.
3422 4846 3528 4903 Sed
3577 4859 3632 4902 et

2072 4941 2242 5012 ipsius
2280 4941 2443 4995 David
2486 4942 2848 5011 captivarum,
2901 4941 3073 5010 inquit
3109 4940 3174 5005 ⁸⁷,
3222 4941 3354 4994 duas
3411 4953 3628 4994 uxores.

2075 5031 2316 5088 Judaeum
2354 5044 2483 5102 puto
2510 5034 2769 5104 primum,
2805 5044 2859 5089 et
2888 5030 3183 5089 secundum
3241 5031 3494 5102 gentilem
3539 5046 3632 5101 po-

2073 5129 2258 5198 pulum
2297 5131 2401 5184 dici
2436 5143 2451 5183 :
2490 5139 2544 5183 et
2595 5126 2811 5184 Iudaeos
2867 5128 3011 5182 enim
3064 5133 3121 5180 et
3168 5124 3395 5196 gentiles
3441 5137 3631 5178 omnes

471 5297 515 5329 ⁶¹
552 5296 724 5353 Exod.
765 5311 900 5360 xvrt,
928 5295 984 5363 9,
1016 5295 1102 5364 10,
1131 5299 1217 5352 11.
1292 5299 1340 5330 ⁸⁸
1367 5296 1523 5364 ibid.,
1555 5297 1642 5360 14,
1671 5297 1762 5361 15,
1803 5293 1889 5350 16.

2063 5296 2193 5348 )eut.
2220 5305 2345 5356 xxv,
2377 5289 2467 5355 17,
2497 5287 2580 5343 18.
2657 5287 2705 5319 ⁸⁸
2734 5287 2863 5343 Luc.
2907 5302 2980 5352 Ix,
3011 5283 3101 5339 62.
3174 5282 3219 5314 ⁸⁸
3248 5283 3266 5335 I
3297 5283 3429 5352 Reg.
3457 5296 3544 5347 xv,
3579 5283 3630 5351 1,

403 5367 459 5432 2,
495 5367 549 5434 5,
583 5368 639 5434 4,
675 5368 732 5435 5,
771 5369 825 5432 6,
857 5367 908 5434 7,
939 5366 994 5436 8,
1025 5367 1076 5432 9,
1108 5367 1196 5436 10,
1228 5368 1315 5423 11.
1393 5368 1439 5400 ⁸⁸
1465 5367 1507 5421 ll
1537 5367 1670 5439 Reg.
1694 5383 1734 5434 1,
1764 5368 1815 5420 1.

476 5531 586 5605 (86)
608 5531 816 5605 Deinde
839 5540 1179 5605 interpretata
1189 5547 1212 5582 r
1227 5544 1480 5586 DEFECTIO
1493 5544 1752 5605 COMMOTA.
1772 5527 1814 5581 A
1840 5539 1977 5590 ann

415 5621 433 5653 ι
471 5601 676 5658 absolvi
703 5642 718 5665 ,
765 5601 1031 5669 deficere,
1061 5608 1104 5672 ει
1143 5610 1198 5658 et
1236 5610 1322 5665 au
1367 5622 1384 5654 ι
1424 5603 1590 5658 movit
1620 5615 1712 5670 se,
1761 5613 1971 5669 tnOtus,

411 5682 713 5728 commotus
745 5672 864 5727 fuit.
895 5691 920 5722 ι

1923 5366 1966 5399 ⁸⁷
1991 5367 2011 5422 I
2041 5366 2174 5432 Reg.
2204 5378 2331 5427 xxx,
2363 5379 2411 5418 v.

2151 5525 2264 5596 (87)
2293 5524 2472 5596 codex
2500 5520 2844 5596 {Sorbeiensis
2876 5537 2892 5571 ι
2921 5518 3208 5596 adjiciaris.
3243 5537 3261 5570 ι
3297 5513 3637 5596 ἰτὼ-13..ςὸᾔίιῂ

2085 5613 2105 5647 σ
2136 5585 2429 5664 dejiciaris.
2455 5612 2473 5644 ι
2510 5591 2674 5664 Paulo
2698 5601 2818 5664 post
2845 5585 3206 5645 msthabent
3241 5608 3258 5640 t
3288 5590 3354 5642 ab
3386 5585 3580 5640 Evilat.
3613 5601 3636 5637 ο

2080 5661 2236 5722 Libb.
2275 5664 2427 5730 editi,
2466 5681 2483 5715 ς
2516 5665 2582 5718 ab
2611 5661 2782 5731 Ejuia.
2823 5679 2841 5711 ι
