4074 6156
567 303 670 362 795

2009 292 2260 350 ORIGEN
2271 297 2283 346 l
2295 292 2331 346 S
3669 297 3754 353 724

570 431 791 480 constat
824 422 923 478 sub
951 429 1174 490 peccato
1214 418 1384 473 fuisse
1419 416 1724 472 conclusos.
1757 414 1861 470 Sed
1921 429 2031 467 non
2086 413 2139 466 in
2169 417 2216 472 Α
2243 413 2434 476 Israel,
2467 427 2589 466 cum
2624 412 2943 466 ascenderet
2985 412 3050 466 de
3079 410 3327 481 Egypto.
3363 429 3386 461 ι-
3411 412 3478 465 De
3525 412 3616 465 hoc
3649 429 3754 482 ergo

570 519 656 573 his
700 530 879 572 rerum
917 514 1094 566 exitus
1140 511 1362 566 mansit.
1416 510 1722 564 Adveniens
1769 508 1912 561 enim
1965 506 2137 560 David

567 607 689 661 andi
728 605 854 673 quid
891 601 1074 656 faciat.
1106 602 1174 655 Et
1201 601 1430 663 invenit,
1471 601 1666 669 inquit,
1702 599 1866 652 David
1924 597 2136 666 disper-

563 711 652 752 sos
699 693 1026 748 Amalecitas
1087 712 1104 744 (
1162 692 1579 755 manducantes,
1648 701 1702 746 et
1757 690 2021 748 bibentes.
2085 697 2141 743 et

561 787 896 843 exsultantes
916 799 1014 853 pro
1038 783 1218 853 praeda
1241 799 1398 851 quam
1428 783 1764 838 abstulerant
1793 801 1807 837 :
1832 791 1885 836 et
1916 782 2136 842 cecidit,

564 878 765 948 inquit,
801 891 946 932 eosa
981 876 1154 945 prima
1207 885 1364 929 nocte
1408 889 1580 943 usque
1633 877 1699 929 ad
1751 890 2027 944 vesperam
2083 875 2137 927 in

563 970 865 1024 crastinum
897 969 963 1020 ⁸⁸.
990 986 1008 1018 ι
1034 967 1101 1022 Ει
1127 975 1248 1034 post
1283 966 1430 1020 hanc
1459 966 1659 1020 caedem
1688 966 2137 1032 Amalecitarum,

565 1071 848 1127 regressus
877 1059 1114 1128 suscepit
1155 1070 1402 1125 regnum.

633 1149 689 1202 2.
725 1148 879 1204 Hunc
909 1163 1040 1218 ergo
1073 1150 1294 1202 Amalec
1323 1148 1512 1204 videns
1539 1148 1761 1202 Balaam
1793 1149 1935 1203 lilius
1975 1150 2135 1213 Beor,

569 1241 735 1296 homo
772 1255 898 1296 vere
927 1243 1135 1307 videns,
1173 1252 1227 1297 et
1251 1243 1479 1296 audiens
1506 1243 1671 1297 verba
1708 1242 1824 1306 Dei,
1887 1243 1982 1311 qui
2036 1243 2141 1297 scit

570 1333 854 1387 scientiam
871 1333 1105 1396 Excelsi,
1132 1344 1184 1389 et
1210 1335 1444 1389 visiones
1469 1335 1564 1388 Dei
1598 1335 1766 1401 videt,
1798 1344 2020 1404 accepta
2044 1349 2140 1402 pa-

572 1423 758 1478 rabola
795 1439 888 1476 sua
924 1424 1088 1488 (sicut
1120 1433 1176 1479 et
1223 1425 1276 1479 in
1303 1425 1573 1495 prioribus
1607 1425 1907 1480 visionibus
1963 1426 2139 1492 scrip-

569 1527 679 1567 tum
708 1514 840 1583 est),
870 1515 948 1568 ait
971 1515 1017 1546 ⁸⁸
1047 1536 1058 1570 :
1094 1534 1112 1566 ι
1143 1515 1353 1571 Initium
1401 1518 1639 1586 gentium
1655 1515 1895 1577 Amalec,
1943 1525 1997 1570 et
2051 1533 2138 1571 se-

566 1619 691 1658 men
723 1618 910 1658 eorum
939 1605 1154 1674 peribit.
1196 1624 1212 1654 ι
1240 1605 1390 1671 Quod
1429 1606 1504 1659 ait
1533 1623 1547 1658 :
1590 1623 1609 1655 ι
1645 1605 1861 1658 Initium
1892 1607 2134 1674 gentium

563 1695 808 1757 Amalec,
847 1714 866 1748 ι
901 1706 1106 1751 certum
1150 1705 1233 1750 est
1265 1696 1392 1766 quia
1442 1697 1585 1750 nullo
1636 1706 1792 1765 pacto
1855 1697 1919 1750 ad
1983 1697 2132 1750 illum

2241 513 2296 558 et
2323 520 2464 558 nunc
2495 503 2718 566 dicitur,
2757 508 2881 572 quia
2939 503 3112 556 valida
3143 503 3212 556 sit
3261 501 3516 557 habitatio
3553 503 3675 572 ejus,
3716 507 3752 559 si

2241 605 2404 666 ponat
2441 597 2628 649 nidum
2661 612 2819 651 suum
2856 597 2906 648 in
2957 604 3126 659 petra.
3188 592 3344 648 Petra
3390 593 3621 647 Christus
3667 605 3751 648 est.

2241 689 2296 741 Si
2336 704 2463 759 ergo
2492 699 2654 756 ponat
2683 689 2865 741 nidmn
2894 702 3052 740 suum
3090 688 3140 740 in
3177 695 3349 754 petra,
3385 683 3552 737 valida
3579 695 3651 738 est
3673 685 3754 738 ha-

2241 781 2431 834 bitatio
2460 782 2594 848 ejus,
2629 782 2672 835 si
2711 791 2888 834 tamen
2919 795 3023 832 non
3055 777 3145 831 liat
3182 778 3228 830 ei
3272 776 3410 830 Beor
3445 776 3594 830 nidus-
3627 788 3752 830 astu-

2245 873 2349 925 tias.
2391 871 2550 935 Beor,
2596 882 2749 940 pater
2769 882 2854 925 est
2884 870 3126 934 Balaam,
3169 868 3261 937 qui
3300 875 3478 935 potest
3517 868 3667 937 accipi
3713 871 3754 922 in

2241 978 2468 1031 persona
2501 964 2887 1018 hzrretieorum
2917 981 2930 1016 :
2969 973 3026 1015 ttt
3081 963 3184 1015 hoc
3225 959 3334 1014 dici
3362 961 3612 1026 videatur,
3641 963 3756 1028 quod

2241 1055 2426 1108 salvus
2453 1054 2623 1124 possit
2649 1069 2778 1108 esse
2809 1054 3032 1114 Cineus,
3072 1053 3114 1105 si
3149 1059 3316 1119 ponat
3345 1050 3396 1104 in
3425 1061 3569 1119 petra
3603 1052 3756 1105 nidutn

2241 1160 2420 1208 suum,
2448 1148 2552 1199 hoc
2580 1155 2663 1197 est
2725 1145 2778 1198 in
2817 1143 3036 1200 Christo
3059 1142 3290 1197 collocet
3330 1138 3474 1211 spem
3534 1156 3687 1205 suam,
3715 1153 3758 1196 et

2241 1253 2346 1293 non
2378 1254 2502 1292 eum
2537 1238 2910 1292 haereticorum
2945 1237 3254 1291 circumdet
3301 1247 3356 1289 et
3387 1235 3757 1289 circumscribat

2239 1330 2460 1384 astutia.
2485 1327 2619 1383 Nam
2651 1331 2693 1384 si
2731 1331 2834 1384 hoe
2857 1328 3055 1393 fuerit,
3092 1329 3222 1381 nihil
3283 1329 3329 1382 ei
3369 1326 3596 1394 proderit
3643 1329 3756 1396 quod

2241 1421 2292 1472 in
2317 1430 2492 1488 petra,
2526 1421 2615 1488 qui
2645 1430 2730 1474 est
2759 1419 3010 1474 Christus
3033 1457 3048 1480 ,
3098 1417 3400 1472 collocatus
3448 1416 3663 1469 videtur.
3694 1418 3758 1469 At)

2238 1513 2478 1582 Assyriis
2516 1513 2659 1566 enim
2689 1513 2935 1582 captivus
2992 1511 3240 1574 ducetur,
3288 1508 3538 1578 malignis
3587 1508 3758 1564 scilicet

2239 1604 2550 1665 virtutibus,
2591 1619 2708 1673 qua:
2737 1617 2830 1659 eos
2867 1605 3114 1673 captivos
3137 1605 3365 1668 ducunt,
3391 1610 3444 1656 et
3474 1603 3524 1655 in
3561 1609 3759 1671 potesta-

2241 1705 2348 1750 tem
2370 1697 2664 1766 accipiunt,
2697 1711 2834 1765 quos
2873 1696 3158 1750 haereticus
3186 1710 3346 1749 error
3370 1693 3660 1748 involverit.
3690 1694 3762 1748 Vi-

567 1786 658 1853 qui
695 1795 821 1840 tunc
851 1795 970 1840 erat
1001 1787 1052 1840 in
1083 1801 1249 1842 carne
1275 1787 1516 1852 Amalec,
1557 1787 1748 1842 referri
1779 1788 1947 1855 possit
1983 1808 1998 1842 :
2038 1803 2131 1841 ne-
2163 1773 2204 1832 Β
2239 1791 2396 1844 detur
2433 1804 2565 1844 sane
2591 1791 2887 1845 secundum
2915 1790 3056 1843 hanc
3099 1788 3497 1857 expositionem
3527 1803 3669 1856 quam
3707 1789 3761 1842 de

565 1891 670 1942 que
695 1877 838 1928 enim
865 1877 1072 1944 primus
1107 1888 1225 1930 erat
1261 1879 1602 1942 antiquitatis
1629 1879 1840 1948 origine
1871 1895 1883 1930 :
1914 1879 2006 1933 sed
2063 1880 2131 1933 ad

567 1970 896 2023 invisibiletn
924 1969 1146 2024 Amalec
1175 1971 1365 2024 melius
1397 1970 1652 2032 refertur,
1680 1971 1769 2037 qui
1795 1985 1821 2022 a
1855 1969 2131 2024 declinan-

565 2063 634 2114 do
665 2062 890 2130 populos
929 2078 957 2114 a
987 2061 1117 2124 Deo,
1150 2071 1205 2116 et
1257 2061 1504 2116 faciendo
1527 2062 1758 2130 gentiles
1788 2077 1849 2114 ex
1889 2061 1980 2116 Dei
2015 2062 2130 2115 cnl-

567 2153 798 2218 toribus,
828 2152 1050 2207 Amalec
1089 2152 1419 2207 nominatur.
1453 2152 1519 2205 Et
1566 2153 1686 2206 ideo
1723 2162 1870 2206 recte
1919 2152 2128 2206 initium

565 2244 804 2312 gentium
835 2244 1054 2310 dicitur,
1119 2245 1272 2314 quasi
1317 2244 1441 2299 talis
1479 2245 1725 2314 quaedam
1760 2245 1932 2299 virtus
1990 2259 2127 2300 con-

565 2337 757 2402 traria,
797 2351 914 2407 quae
933 2337 1104 2406 prima
1143 2339 1353 2392 initittm
1383 2338 1611 2400 dederit,
1646 2346 1705 2390 ut
1727 2337 1971 2392 homines
2002 2352 2131 2406 gett-

569 2428 692 2481 tiles
711 2429 924 2494 ﬁerent,
953 2430 1212 2484 mutando
1251 2450 1269 2482 ι
1305 2430 1530 2499 gloriam
1583 2429 2008 2498 incorruptibilis
2036 2430 2128 2484 Dei

565 2519 618 2572 in
649 2519 1055 2576 similitudinem
1089 2522 1342 2593 imaginis
1367 2523 1741 2591 corruptibilis
1787 2523 2040 2589 hominis,
2079 2534 2131 2577 et

566 2610 865 2679 volucrum,
892 2623 945 2667 et
972 2613 1264 2681 pecudum,
1285 2625 1339 2668 et
1361 2615 1721 2681 serpentium,
1746 2623 1799 2667 et
1841 2615 2131 2669 serviendo

566 2711 829 2758 creatum:
851 2706 1030 2772 potius
1060 2721 1222 2774 quam
1251 2707 1484 2761 creatori
1518 2707 1583 2758 9°.
1623 2726 1640 2756 ι
1675 2704 1826 2759 Sicut
1879 2707 2023 2759 enim
2077 2707 2128 2758 in

567 2795 763 2862 popqu
797 2795 892 2849 Dei
940 2798 1200 2865 scriptum
1257 2807 1338 2852 est
1383 2798 1597 2850 initium
1636 2797 1905 2861 Christus,
1969 2798 2048 2850 sic
2101 2813 2132 2852 e

563 2888 841 2941 coatrario
877 2889 928 2940 in
965 2890 1162 2958 popqu
1187 2891 1276 2958 qui
1305 2890 1542 2944 declinat
1583 2905 1608 2940 a
1648 2891 1775 2951 Deo,
1831 2899 1885 2944 et
1909 2890 2127 2958 gentilis

563 2976 812 3043 eIIlcitur,
851 2979 1058 3033 initium
1107 2989 1191 3035 est
1241 2980 1480 3035 Amalec.
1533 2999 1551 3032 t
1584 2981 1651 3033 Et
1703 2995 1887 3035 semen
1938 2996 2130 3036 eorum

561 3071 779 3139 peribit.
821 3089 839 3121 ι
885 3071 1078 3124 Semen
1105 3088 1295 3127 eorum
1329 3083 1412 3128 est
1439 3074 1738 3142 persuasio,
1768 3085 1824 3129 et
1853 3076 2123 3139 doctrina,

563 3177 666 3228 qua
691 3163 990 3215 docuerunt
1028 3163 1272 3218 homines
1303 3165 1576 3220 declinare
1600 3182 1631 3220 a
1661 3167 1792 3222 Deo.
1827 3166 1974 3221 Istud
1993 3184 2123 3238 ergo

562 3265 746 3305 semen
785 3252 982 3305 malum
1013 3263 1067 3308 et
1094 3255 1334 3310 doctrina
1369 3258 1622 3326 pessima,
1654 3275 1759 3313 non
1795 3259 1891 3328 ipsi
1922 3259 1975 3312 in
2007 3261 2129 3329 qui-

564 3345 666 3397 bus
697 3345 1025 3398 seminatum
1061 3356 1163 3409 est,
1204 3347 1480 3414 peribunt.
1512 3347 1614 3416 Ipsi
1642 3351 1787 3403 enim
1829 3366 1952 3406 cum
1994 3367 2129 3406 con-

564 3435 706 3489 versi
746 3436 1132 3504 ingemtterint,
1174 3438 1308 3492 salvi
1348 3447 1526 3492 erunt.
1571 3441 1639 3494 Et
1678 3442 1801 3496 vide
1830 3444 1876 3497 si
1917 3460 2023 3499 non
2059 3453 2131 3498 ta-

565 3524 630 3579 lis
659 3527 928 3590 expositio
961 3529 1129 3582 etiam
1176 3529 1282 3584 illis
1315 3532 1706 3587 convenienter
1733 3535 1985 3602 obsistet,
2037 3537 2128 3607 qui

568 3614 734 3670 Deum
765 3616 897 3687 legis
929 3619 1073 3673 velut
1110 3622 1325 3676 duritia:
1363 3633 1417 3677 et
1457 3624 1796 3682 crudelitatis
1845 3637 2125 3693 accusant,

561 3709 651 3776 qui
679 3723 782 3763 non
815 3711 988 3764 solum
1029 3723 1247 3782 gentem
1282 3715 1524 3781 Amalec,
1555 3719 1649 3772 sed
1676 3727 1733 3771 et
1785 3733 1970 3773 semen
2010 3721 2126 3789 ejus

561 3802 868 3868 pronuntiet
902 3805 1200 3872 periturum
1239 3825 1252 3860 :
1287 3823 1410 3861 cuin
1455 3825 1588 3878 gens
1616 3809 1832 3879 quidem
1875 3811 1942 3864 ad
2011 3815 2122 3881 spi-

560 3891 783 3946 ritualcs
823 3897 1094 3962 nequitias
1131 3897 1417 3966 referatur,
1455 3915 1638 3955 semen
1673 3916 1802 3956 vero
1852 3903 1968 3972 ejus
2027 3905 2124 3956 do-

558 3984 735 4037 ctrina
768 3989 1211 4055 superstitionum
1241 3993 1545 4059 gentilium,
1610 4004 1665 4048 ct
1721 3995 1900 4049 cultus
1949 3995 2121 4050 idolo-

564 4091 705 4141 rum,
745 4088 908 4147 atque
930 4081 1107 4134 omnis
1137 4094 1282 4138 secta
1315 4100 1434 4154 qua:
1488 4102 1518 4139 a
1566 4086 1675 4140 Deo
1733 4087 1983 4155 populum
2024 4087 2122 4140 de-

557 4170 761 4225 clinare
792 4171 1007 4240 suadet,
1031 4186 1346 4244 exponatur.

628 4259 687 4316 5.
722 4263 1122 4317 Commemorat
1186 4276 1364 4320 autem
1401 4268 1678 4336 prophetia
1717 4279 1838 4337 post
1896 4269 2120 4324 Amalec

555 4351 780 4406 Cineum
815 4355 1002 4408 dicens
1023 4355 1066 4389 θί
1100 4373 1113 4407 :
1162 4373 1180 4406 ι
1228 4356 1293 4410 Ει
1323 4359 1508 4413 videns
1539 4359 1794 4423 Cineum,
1837 4374 2120 4416 assumens

2233 1878 2400 1932 Cineo
2429 1878 2720 1944 edidimus,
2755 1887 2804 1932 et
2831 1880 3140 1949 conjunctio
3171 1879 3534 1932 interturhare
3555 1891 3756 1930 sensum.

2235 1970 2340 2024 Sed
2366 1971 2643 2025 sciendum
2695 1979 2798 2036 est,
2839 1971 2981 2040 quod
3013 1970 3368 2024 vernaculum
3425 1977 3506 2023 est
3562 1967 3763 2022 llebraza:

2231 2064 2449 2131 linguae,
2483 2073 2532 2116 et
2567 2061 2944 2130 conjunctione
2975 2062 3290 2130 frequenter
3348 2062 3422 2114 uti
3445 2101 3459 2124 ,
3499 2062 3568 2112 ita
3616 2068 3666 2112 ut
3701 2059 3762 2110 in-

2237 2157 2447 2209 terdum
2477 2157 2734 2219 abundet,
2764 2166 2818 2210 et
2845 2156 2900 2209 in
2933 2170 3038 2210 non
3077 2154 3432 2216 necessariis,
3461 2162 3515 2206 ιιι
3535 2154 3582 2206 in
3607 2163 3758 2208 nostra

2233 2257 2456 2316 apparet
2486 2249 2690 2316 lingua,
2729 2249 2976 2303 videatur
3011 2250 3251 2303 inserta:
3286 2248 3428 2317 quod
3469 2249 3636 2315 utique
3658 2263 3758 2300 cum

2234 2340 2390 2393 venia
2417 2340 2788 2408 accipiendum
2819 2352 2920 2396 est.
2966 2342 3138 2396 Ilabet
3165 2343 3314 2395 enim
3340 2355 3651 2410 unaquaeque
3674 2340 3760 2391 lie.

2233 2446 2337 2498 gua
2366 2430 2568 2500 aliqttid
2604 2433 2974 2500 proprietatis,
3004 2435 3146 2502 quod
3198 2439 3344 2501 apud
3401 2432 3529 2485 alias
3583 2432 3761 2498 linguas

2233 2522 2490 2575 vitiosum
2531 2522 2802 2578 videatur.
2831 2525 2895 2578 Et
2926 2525 3012 2580 hic
3039 2540 3192 2593 ergo,
3233 2534 3287 2577 et
3313 2523 3611 2590 coniunctio
3629 2521 3758 2590 quasi

2234 2613 2514 2667 abundans
2550 2615 2792 2669 habenda
2826 2627 2930 2680 est,
2961 2626 3016 2670 et
3069 2616 3364 2686 superﬂua.
3413 2616 3603 2669 Caveat
3655 2625 3760 2680 ergo

2239 2704 2461 2771 Cineas,
2495 2709 2585 2776 qui
2647 2709 3035 2777 interpretatur
3086 2709 3364 2776 possidens
3398 2706 3526 2778 (88),
3578 2711 3757 2763 caveat,

2233 2794 2476 2864 inquam,
2501 2799 2712 2852 etiamsi
2769 2799 3042 2867 possideat
3072 2838 3087 2862 ,
3119 2807 3172 2851 et
3224 2807 3590 2866 promereatur
3627 2795 3758 2846 istam

2232 2889 2485 2958 gratiam,
2513 2902 2571 2944 ut
2611 2892 2662 2943 in
2696 2890 2938 2946 Ecclesia
2972 2889 3173 2944 Christi
3217 2891 3326 2953 sit,
3360 2905 3426 2943 ne
3473 2888 3603 2942 forte
3637 2895 3758 2939 astu-

2236 2982 2308 3034 tia
2352 2981 2488 3035 Beor
2517 2980 2912 3035 circumveniat
2937 2995 3058 3033 eum
3082 3019 3097 3043 ,
3129 2990 3184 3032 et
3217 2979 3451 3034 declinet
3484 2979 3546 3030 ad
3569 2977 3758 3042 dogma-

2235 3081 2285 3125 ta
2316 3087 2481 3140 prava
2553 3084 2605 3127 et
2632 3089 2908 3142 perversa,
2941 3081 2994 3126 et
3019 3073 3087 3125 ob
3123 3071 3227 3124 hoc
3271 3072 3514 3125 tradatur
3539 3062 3756 3135 Assyriis.

2233 3165 2334 3231 Qui
2365 3167 2511 3220 enim
2547 3165 2924 3234 blasphetnant
2976 3165 3030 3218 in
3069 3163 3316 3219 Ecclesia
3358 3162 3536 3233 positi,
3568 3159 3756 3213 tradun-

2237 3265 2324 3308 tur
2355 3255 2592 3321 Satanae,
2624 3257 2764 3310 sicut
2785 3255 3078 3327 Phygellus
3107 3267 3162 3312 et
3186 3256 3545 3326 Hermogenes
3572 3247 3758 3320 (89MB

2231 3343 2424 3412 quibus
2458 3343 2656 3398 Paulus
2681 3344 2810 3398 dicit
2845 3362 2858 3397 :
2897 3363 2916 3396 ι
2953 3347 3098 3411 Quos
3127 3347 3347 3409 tradidi,
3384 3347 3553 3414 inquit
3582 3342 3642 3405 ”,
3679 3337 3759 3392 Sa-

2239 3444 2396 3501 tanae,
2431 3447 2487 3491 ιιι
2510 3437 2725 3492 discant
2749 3453 2850 3492 non
2884 3439 3278 3506 hlasphcmare.
3319 3459 3336 3490 ι
3381 3438 3650 3508 PrOpterea
3685 3446 3756 3485 er-

2231 3541 2296 3594 go
2318 3527 2561 3595 Assyriis
2594 3527 2847 3591 traditur,
2885 3529 2977 3597 qui
3011 3528 3366 3582 declinaverit
3412 3528 3461 3580 in
3487 3522 3757 3579 litereticam

2233 3620 2670 3686 blasphemiam:
2728 3621 2853 3688 quia
2917 3621 3126 3692 Assyrii
3184 3622 3605 3690 interpretantur
3650 3612 3758 3665 diri-

2229 3725 2408 3782 9εηιεδ
2446 3711 2557 3781 (90)
2605 3729 2617 3762 :
2662 3723 2718 3766 et
2754 3711 2824 3766 ob
2852 3714 2953 3767 hoc
2983 3714 3273 3766 traduntur
3318 3713 3396 3765 eis
3433 3711 3522 3779 qui
3567 3706 3758 3761 tradun-

2232 3816 2339 3869 tttr,
2365 3821 2468 3857 non
2539 3814 2597 3857 ut
2663 3816 2906 3872 pereant,
2965 3822 3061 3859 nec
3118 3815 3178 3858 ut
3243 3806 3457 3873 penitus
3506 3803 3755 3857 intereant,

2228 3896 2392 3968 346
2419 3899 2510 3952 sed
2536 3907 2593 3951 ιιι
2634 3900 2958 3968 dirigantur,
3006 3909 3062 3952 et
3103 3899 3450 3966 corrigantur
3492 3912 3503 3945 :
3539 3902 3590 3946 et
3640 3890 3756 3944 sicut

2229 3987 2344 4054 ipse
2375 3988 2574 4042 Paulus
2613 3989 2762 4052 dicit,
2827 4005 2844 4037 ι
2878 3999 2937 4042 ιιι
2965 3989 3176 4043 discant
3204 4005 3310 4042 non
3336 3986 3703 4055 hlaSphemare.
3736 3995 3751 4025 ι

2297 4079 2349 4132 4.
2394 4081 2524 4134 Post
2559 4081 2674 4134 lucc
2707 4095 2834 4134 vero
2865 4081 3077 4134 Balaam
3113 4081 3417 4150 prophetia:
3437 4093 3540 4133 suze
3573 4085 3752 4128 sertno-

2229 4187 2350 4225 netn
2382 4173 2434 4226 in
2460 4173 2545 4226 his
2567 4173 2839 4227 concludit
2869 4175 3057 4228 dicens
3083 4174 3130 4205 "‘
3166 4192 3177 4225 :
3227 4192 3246 4224 ‹
3289 4173 3356 4226 Ει
3385 4175 3640 4237 assumpta
3671 4177 3751 4231 pa-

2229 4263 2409 4316 rabola
2453 4279 2546 4318 sua
2573 4265 2706 4318 dixit
2748 4281 2758 4314 :
2794 4263 2839 4318 0
2876 4264 3000 4332 quis
3046 4265 3208 4328 vivet,
3258 4279 3383 4318 cum
3426 4259 3602 4316 fecerit
3662 4256 3753 4308 [nec

2231 4355 2422 4410 Deus?
2478 4357 2542 4409 Et
2581 4357 2806 4410 exibunt
2847 4358 2911 4411 de
2951 4371 3110 4411 manu
3135 4348 3754 4420 Cithiorum,etallligenl

557 4447 870 4513 parabolam
904 4461 1055 4501 suam
1086 4449 1221 4503 dixit
1253 4465 1268 4502 :
1308 4451 1491 4504 Valida
1549 4452 1812 4506 habitatio
1840 4461 1964 4516 tua,
2017 4454 2117 4507 etsi
2155 4480 2196 4533 ι)
2233 4447 2419 4511 Assur,
2453 4459 2506 4503 et
2533 4448 2770 4520 allligent
2807 4449 3086 4514 Hebraeos,
3129 4457 3183 4504 et
3236 4449 3334 4518 ipsi
3382 4448 3576 4517 pariter
3637 4438 3754 4533 peti-

557 4539 806 4604 posueris
846 4539 898 4592 in
938 4553 1089 4607 petra
1161 4543 1340 4596 nidmn
1413 4553 1584 4607 tuum,
1634 4546 1737 4600 etsi
1802 4545 1968 4600 fuerit
2023 4549 2118 4602 tibi

556 4631 696 4687 Beor
721 4631 878 4686 nidus
917 4635 1148 4696 astutiae,
1182 4635 1389 4705 Assyrii
1423 4637 1695 4703 captivum
1729 4648 1780 4692 te
1823 4639 2047 4692 ducent.
2095 4655 2115 4688 ι

557 4723 784 4778 Videtur
813 4724 945 4777 mihi
975 4727 1117 4794 quod
1145 4725 1375 4780 Cineum
1419 4743 1524 4780 non
1568 4726 1724 4782 valde
1775 4729 2121 4797 culpabiliter

558 4815 822 4869 nominet.
859 4816 972 4885 Ipse
1003 4827 1083 4871 est
1115 4818 1258 4872 enim
1284 4819 1369 4872 cui
1415 4829 1470 4872 et
1494 4817 1547 4871 in
1575 4819 1944 4888 superioribus
1975 4820 2123 4874 dice-

559 4911 649 4962 hat
673 4907 804 4962 SauI
845 4911 931 4963 ἐξ
977 4929 994 4960 ‹
1035 4911 1260 4966 Discede
1287 4911 1352 4966 de
1397 4911 1575 4966 medio
1613 4911 1854 4975 Amalec,
1910 4921 1965 4966 et
2015 4927 2120 4967 non

558 5005 861 5069 percutiam
903 5015 1008 5057 te:
1050 5007 1173 5076 quia
1229 5013 1281 5059 tu
1342 5005 1520 5058 fecisti
1572 5005 1996 5060 misericordiam
2064 5007 2118 5061 in

629 5140 718 5192 ⁸⁸1
755 5141 888 5208 Reg.
933 5158 1063 5205 xxv,
1104 5141 1168 5194 16
1193 5151 1246 5195 et
1301 5142 1386 5195 l7.
1481 5144 1524 5173 θ’
1559 5143 1713 5196 Num.
1752 5160 1901 5208 xxiv,
1927 5144 2016 5200 20.

554 5208 599 5239 ’³
625 5212 638 5262 I
669 5213 810 5265 'l‘itn.
841 5228 877 5274 t,
905 5212 994 5268 20.
1071 5214 1118 5244 9"
1154 5212 1308 5265 Nunt.
1340 5229 1486 5278 xxw,
1512 5215 1602 5279 25,
1629 5213 1720 5266 24.

626 5325 738 5392 (88)
790 5326 980 5416 Cineas
1030 5326 1540 5416 qttiAiln‘terprelatur
1589 5327 1888 5396 possidens.
1942 5330 1984 5382 A
2021 5340 2127 5416 mp

559 5413 577 5446 ι
610 5397 969 5464 comparavit,
997 5397 1257 5462 possedit.
1294 5417 1313 5448 ι

625 5465 738 5533 (89)
763 5466 912 5520 Sicut
941 5466 1222 5535 Pltygcllus
1269 5477 1318 5520 et
1366 5465 1740 5536 Hermogenes,
1787 5478 1894 5523 etc.
1941 5469 2122 5526 Codex

551 5535 900 5608 Corbeiensis
928 5537 1214 5608 posteriori
1244 5539 1334 5590 sed
1360 5539 1546 5592 eadem
1570 5535 1735 5594 manu
1760 5555 1920 5608 supra
1949 5543 2124 5595 ascri-

552 5616 701 5728 ptum
735 5606 896 5660 habet
915 5606 978 5687 ζ’(
1014 5609 1155 5660 sicut
1187 5607 1432 5688 Philetus
1457 5619 1510 5662 et
1539 5606 1930 5678 Hermogenes,
1963 5631 1982 5664 ι
2015 5623 2118 5666 etc.

579 5676 760 5728 lorum
790 5687 993 5728 mentio
1024 5679 1082 5728 Iit
1116 5677 1154 5728 lI
1184 5678 1322 5728 Τιιιι.
1351 5695 1402 5728 ι.
1436 5680 1500 5728 l5
1531 5696 1543 5728 :
1600 5699 1617 5728 ι
1651 5683 1770 5728 Scis
1799 5681 1920 5728 hnc-
1973 5686 2116 5728 nnml

2111 5145 2157 5176 ’°
2179 5144 2333 5197 Rom.
2367 5155 2406 5203 ι,
2432 5137 2520 5190 25.

2236 4544 2388 4595 Ιιιιηι.
2421 4561 2439 4592 ι
2467 4541 2620 4608 Quod
2658 4558 2753 4612 per
2791 4542 3000 4613 singula
3041 4558 3134 4610 per
3169 4542 3480 4612 parabolatn
3521 4534 3651 4604 loqui
3687 4532 3752 4583 di-

2230 4636 2370 4687 citur
2409 4634 2652 4699 Balaam,
2684 4635 2881 4706 legenti
2913 4637 3107 4690 incutit
3132 4637 3412 4705 pudorem,
3461 4649 3525 4687 ne
3568 4627 3679 4700 quid
3710 4625 3751 4675 in

2235 4728 2300 4781 iis
2343 4742 2462 4795 qua:
2501 4728 2774 4791 dicuntur,
2811 4745 2916 4782 non
2947 4731 3099 4798 quasi
3134 4731 3184 4783 in
3219 4729 3492 4799 parabola,
3541 4722 3626 4778 sed
3682 4731 3750 4772 sc-

2232 4812 2464 4866 cnndum
2496 4814 2727 4875 litteram
2753 4817 2955 4870 dictum
2997 4827 3170 4886 putet.
3201 4819 3291 4871 Ait
3312 4833 3480 4885 ergo:
3523 4832 3540 4864 ι
3572 4809 3613 4865 Ο
3651 4806 3751 4876 (ιυίε

2230 4905 2391 4970 vivet,
2419 4921 2540 4959 eum
2579 4905 2764 4962 fecerit
2801 4909 2917 4963 bare
2950 4911 3128 4964 Deus?
3153 4932 3171 4963 ι
3208 4911 3303 4966 llic
3333 4914 3494 4964 vitam
3522 4920 3615 4960 non
3639 4903 3750 4955 hanc

2228 5013 2592 5054 communem.
2641 5001 2736 5055 sed
2774 5002 2918 5054 illam
2960 5004 3243 5067 nominat,
3306 5018 3428 5071 quae
3485 4994 3749 5054 secundum

2622 5138 2663 5168 ⁹¹
2693 5136 3007 5205 Nunmmv,
3037 5139 3127 5203 2l,
3153 5139 3245 5193 9.2.
3339 5140 3384 5171 θ’
3411 5139 3431 5192 ι
3459 5138 3582 5206 Reg.
3606 5146 3682 5190 XV.
3703 5129 3746 5180 6-

2225 5325 2328 5378 bus
2355 5327 2438 5373 est
2461 5317 2753 5388 Phygellus
2778 5327 2831 5370 et
2860 5317 3245 5389 Hermogenes.
3277 5338 3294 5368 ι
3322 5318 3389 5372 At
3435 5316 3514 5389 de
3540 5313 3641 5389 his-
3660 5323 3744 5362 non

2225 5393 2362 5446 dixit
2388 5383 2880 5456 Pattlu's'conceptis
2903 5383 3124 5443 verbis:
3157 5411 3173 5438 ι
3212 5405 3343 5459 quos
3385 5383 3745 5459 trad_idi__Sata-

2226 5479 2326 5524 me,
2352 5471 2410 5514 ut
2435 5460 2651 5513 discant
2703 5454 2807 5513 non
2856 5454 3248 5526 blaspltetnare,
3289 5479 3306 5510 ι
3337 5459 3431 5511 sed
3475 5457 3538 5510 de
3576 5454 3722 5522 llytne

2225 5547 2341 5586 naeo
2369 5538 2424 5584 et
2448 5529 2784 5582 Alexandro.
2812 5528 2948 5583 Vide
2972 5531 2989 5582 I
3015 5530 3157 5582 'l‘im.
3189 5546 3226 5591 ι.
3255 5531 3342 5585 ‘20.

2291 5601 2404 5673 (90)
2443 5600 2642 5673 Assyrii
2671 5599 3456 5673 interpretanturntntomt‘rzs.A
3477 5597 3744 5670 verbo'ﬁml

579 5676 760 5751 lorum
790 5679 993 5730 tnentio
1024 5679 1082 5730 Iit
1116 5677 1154 5730 lI
1184 5678 1322 5732 Tim.
1351 5695 1402 5743 ι,
1436 5680 1500 5751 l5
1531 5696 1543 5730 :
1600 5699 1617 5730 ι
1651 5669 1770 5735 Scis
1799 5669 1929 5744 hoc,
1973 5686 2118 5751 quod
2168 5720 2173 5726 .
2221 5669 2364 5741 quod
2386 5669 2440 5724 in
2468 5669 2617 5724 Pihel
2647 5669 2914 5740 signilicat
2954 5689 2972 5721 t
3013 5673 3232 5738 direxit,
3260 5672 3425 5726 duxit.
3465 5688 3480 5718 ι

555 5748 730 5803 aversi
759 5756 882 5802 sunt
919 5763 946 5802 a
998 5763 1079 5803 me
1106 5764 1293 5804 omnes
1349 5751 1438 5821 qui
1465 5749 1519 5806 in
1543 5751 1666 5805 Asia
1697 5759 1814 5808 sunt
1838 5793 1852 5821 ,
1877 5769 1944 5810 ex
1990 5748 2114 5825 uui-
