4074 6156
413 278 523 334 1’25

411 491 594 545 omnia
624 489 775 556 flent,
796 505 921 544 cum
955 493 1164 546 orietur
1193 501 1398 547 astrum
1440 509 1504 548 ex
1543 493 1727 558 Jacob,
1761 501 1817 547 et
1858 507 1982 546 sur-

414 583 622 639 rexerit
649 582 811 637 homo
837 598 902 638 ex
940 583 1127 650 Israel,
1153 594 1208 638 et
1238 585 1501 641 deleverit
1549 585 1788 649 Amalec,
1809 593 1864 640 et
1890 598 1978 638 se-

413 690 540 729 men
596 671 715 742 ejus
767 675 1064 741 perdiderit
1116 692 1131 727 :
1195 677 1298 732 hoc
1343 687 1461 736 est.
1515 693 1640 733 cum
1703 677 1982 729 advenerit

408 763 690 829 Christus,
722 772 778 816 et
830 763 1100 818 idolorum
1160 766 1367 822 cultum
1421 767 1777 832 destruxerit,
1818 774 1980 836 atque

406 852 656 907 omnium
676 853 982 909 daemonum
1039 855 1330 922 subiecerit
1353 865 1696 925 potestatem,
1729 857 1849 924 quis
1875 856 1980 910 erit

408 943 502 999 ille
533 955 639 998 tam
665 945 884 1012 beatus,
919 955 1024 1001 tam
1053 947 1184 1002 felix
1214 948 1304 1017 qui
1340 948 1455 1003 haec
1480 949 1699 1014 videat;
1739 949 1841 1003 hoc
1873 957 1973 1014 est,

407 1037 503 1104 qui
540 1037 762 1104 sentiat,
794 1048 850 1092 et
891 1039 1175 1109 intelligat,
1204 1049 1260 1094 ct
1293 1041 1482 1095 credat
1533 1041 1677 1107 quod
1733 1040 1848 1095 hate
1903 1040 1978 1094 ita

408 1127 604 1182 fecerit
636 1128 819 1184 Deus?
848 1148 866 1180 ι
904 1128 970 1183 Et
995 1129 1224 1185 exibunt
1249 1132 1316 1187 de
1361 1133 1610 1187 manibus
1651 1132 2014 1196 Cithiorum,‘

405 1228 466 1270 et
500 1215 737 1287 afﬂigent
768 1219 1042 1289 Assyrios.
1079 1240 1097 1272 ι
1130 1221 1292 1277 Cithii
1353 1221 1786 1292 interpretantur
1820 1221 1975 1292 plaga

403 1306 532 1374 linis
585 1307 718 1380 (91).
751 1308 816 1362 Hi
857 1325 987 1380 ergo
1019 1312 1519 1380 quiconvertuntur
1540 1313 1606 1367 ad
1640 1313 1832 1378 Deum,
1863 1320 1916 1366 et
1944 1327 1975 1366 a

404 1404 628 1461 Christo
655 1405 880 1471 eruditi,
909 1406 1122 1476 plagam
1156 1423 1278 1476 quae
1316 1409 1368 1462 in
1401 1407 1508 1462 fine
1567 1408 1747 1463 saeculi
1794 1407 1974 1477 impiis

407 1497 614 1560 veniet,
655 1496 944 1567 effugiunt,
975 1497 1076 1566 ipsi
1107 1496 1340 1568 afﬂigent
1384 1499 1667 1571 Assyrios;
1712 1501 1813 1556 hoc
1868 1510 1972 1566 est,

405 1588 494 1642 his
519 1589 607 1656 qui
642 1589 692 1642 in
725 1604 899 1658 agone
930 1589 1149 1659 pietatis
1185 1591 1344 1659 positi
1368 1600 1515 1659 sunt,
1551 1601 1793 1646 conteret
1819 1591 1971 1648 Sata-

405 1695 536 1734 nam
567 1681 708 1736 Deus
730 1683 832 1736 sub
863 1683 1110 1752 pedibus,
1137 1682 1236 1751 ipsi
1296 1681 1536 1753 afﬂigent
1565 1684 1838 1756 Assyrios,
1868 1689 1976 1740 da:-

1575 280 1640 335 IN
1674 275 2002 335 NUMEROS
2039 275 2325 334 HOMILIA
2353 277 2469 335 XX.

413 398 586 453 Deum
617 405 700 452 est
725 415 738 452 :
765 408 820 453 et
858 398 959 454 hoc
977 408 1061 454 est
1095 399 1235 468 quod
1267 399 1418 465 ,dicit
1445 440 1458 464 ,
1513 400 1639 469 quia
1690 416 1810 456 cum
1867 401 1982 455 haec
2009 405 2056 461 Α
2085 400 2234 472 lapsu
2263 409 2464 464 motus,
2502 397 2592 452 sed
2627 397 3030 466 perseverantia
3090 398 3436 467 perduratus.
3491 400 3642 464 Quod
3723 417 3732 426 -

3542 283 3645 340 726

2082 493 2222 546 enim
2246 492 2505 561 scriptum
2535 492 2683 544 est“
2716 509 2728 547 :
2769 508 2788 541 ι
2830 491 2942 559 Ego
2963 491 3146 544 vivere
3197 489 3415 555 faciam,
3476 490 3644 545 dedu-

2082 598 2201 638 cam
2231 584 2285 637 in
2318 581 2590 638 infernum
2616 591 2670 638 et
2705 583 2982 646 reducam,
3021 601 3039 633 ι
3076 582 3262 637 nescio
3296 583 3340 638 si
3366 585 3636 653 generali-

2082 685 2164 730 ter
2197 691 2387 732 omnes
2412 676 2660 744 aspiciat,
2689 692 2756 730 an
2782 678 2849 730 ad
2875 689 2970 730 eos
2997 684 3201 729 tantum
3231 691 3366 746 quos
3398 677 3642 746 deceptio

2083 767 2276 822 diaboli
2308 767 2496 822 deduci
2533 767 2659 823 fecit
2689 769 2742 821 in
2779 777 3028 822 mortem.
3082 766 3206 822 Haec
3229 767 3394 822 etiam
3421 769 3487 823 de
3517 767 3644 822 ulti-

2081 875 2168 914 ma
2194 859 2412 914 Balaam
2468 861 2748 929 prophetia
2817 876 2848 915 a
2898 861 3052 916 nobis
3108 876 3205 931 pro
3247 860 3456 916 viribus
3501 861 3641 929 dicta

2079 954 2210 1017 sint,
2237 968 2358 1022 qua:
2381 969 2478 1023 pro
2515 953 2754 1009 locorum
2785 953 3097 1009 difficultate
3145 953 3468 1023 explanandi
3529 969 3644 1007 ma-

2079 1043 2181 1112 gis,
2213 1060 2374 1114 quam
2404 1047 2694 1117 perorandi
2737 1047 2863 1102 stilo
2911 1048 3118 1116 placuit
3166 1048 3444 1116 explicari.
3501 1048 3638 1114 Quid

2077 1137 2219 1190 enim
2270 1137 2494 1194 interest
2533 1139 2823 1194 dummodo
2877 1139 3058 1195 omnia
3111 1139 3176 1193 ad
3220 1140 3636 1196 aedificationem

2079 1229 2355 1295 dicantur,
2389 1239 2442 1284 et
2471 1232 2652 1286 omnia
2689 1232 2754 1285 ad
2783 1231 3012 1302 gloriam
3046 1230 3139 1286 Dei
3168 1231 3306 1287 flant
3328 1271 3345 1298 ,
3403 1232 3497 1302 qui
3561 1243 3642 1288 est

2075 1317 2393 1375 benedictus
2425 1321 2478 1375 in
2513 1321 2707 1376 saecula
2733 1323 3076 1379 szeculorum.
3107 1323 3297 1377 Amen.

2638 1435 2919 1492 HOMILIA
2960 1435 3077 1491 XX.

2076 1528 2153 1583 De
2181 1545 2240 1583 eo
2265 1531 2356 1598 qui
2389 1529 2684 1598 fornicatus
2729 1539 2807 1583 est
2857 1531 2912 1583 in
2974 1528 3348 1592 Madianitide,
3396 1539 3444 1581 et

2332 1610 2666 1655 consecratus
2698 1609 2770 1654 est
2795 1599 3016 1669 papulas
3041 1598 3379 1669 Beelphegor.

2147 1693 2198 1747 1.
2231 1692 2417 1748 Lectio
2471 1693 2629 1748 hodie
2685 1693 2911 1747 recitata
2983 1700 3087 1759 est,
3143 1692 3373 1762 primam
3421 1691 3638 1762 quidem

3500 1526 3637 1598 quod

406 1788 628 1829 monum
663 1775 872 1830 scilicet
905 1782 1145 1846 gentem.
1178 1775 1478 1832 Calcabunt
1515 1793 1750 1848 namque
1811 1794 1975 1848 super
2005 1775 2047 1831 Β
2079 1783 2357 1840 historiam
2382 1786 2667 1840 continens
2700 1786 2765 1840 de
2821 1784 3181 1842 fornicatione
3226 1785 3331 1839 viri
3384 1785 3639 1841 Israelita:

402 1875 708 1934 serpentes,
751 1874 806 1920 et
832 1865 1170 1936 scorpiones,
1200 1876 1254 1920 et
1285 1882 1450 1937 super
1479 1882 1691 1924 omnem
1721 1868 1973 1924 virtutem

410 1958 640 2021 inimici,
677 1967 731 2014 et
760 1957 994 2030 afﬂigent
1021 1973 1136 2014 eos.
1168 1960 1420 2030 Aflligent
1443 1961 1722 2029 Hebraeos,
1756 1971 1812 2017 et
1872 1964 1973 2032 ipsi

410 2049 620 2116 pariter
647 2049 921 2118 peribunt.
967 2051 1177 2108 Hebraei
1229 2062 1561 2107 transeuntes
1611 2054 1972 2123 interpretan-

402 2152 493 2194 tur
526 2141 658 2213 (92).
689 2142 796 2197 Isle
817 2157 946 2214 ergo
976 2145 1090 2214 ipse
1141 2146 1370 2217 populus
1397 2147 1560 2201 etiam
1600 2145 1857 2203 Hebraeus
1890 2149 1972 2203 di-

399 2236 566 2297 citur,
595 2236 720 2303 quia
755 2237 969 2291 transiit
1006 2237 1074 2292 de
1114 2237 1344 2308 Egypto
1395 2240 1461 2293 ad
1528 2248 1730 2295 terram
1793 2257 1976 2312 repro-

400 2327 698 2389 missionis,
735 2327 804 2382 de
841 2330 1082 2385 tenebris
1106 2331 1172 2386 ad
1210 2331 1407 2396 lucem,
1441 2333 1509 2388 de
1549 2343 1724 2388 morte
1773 2337 1841 2389 ad
1890 2337 1973 2392 vi.

400 2430 540 2472 tam.
585 2417 691 2473 Sed
731 2423 1010 2488 quoniam,
1041 2432 1101 2476 ut
1125 2423 1382 2488 diximus,
1422 2424 1537 2479 haec
1565 2441 1670 2482 non
1700 2427 1817 2482 sine
1845 2443 1972 2496 ago-

400 2528 492 2581 ne,
554 2529 654 2569 nec
703 2515 822 2570 sine
867 2529 1062 2584 magno
1109 2517 1410 2571 certamine
1463 2518 1662 2586 poterit
1703 2520 1969 2589 obtinere,

399 2607 555 2674 quasi
588 2607 640 2660 in
669 2622 839 2677 agone
871 2609 1079 2678 positus
1106 2624 1247 2662 nunc
1279 2606 1488 2679 afﬂigit,
1521 2625 1664 2664 nunc
1695 2607 1968 2682 afﬂigitur,

401 2710 462 2756 et
491 2717 635 2756 nunc
658 2703 816 2756 caedit
846 2702 1238 2766 adversarium,
1272 2717 1418 2759 nunc
1457 2704 1570 2773 ipse
1616 2705 1685 2758 ab
1713 2705 1969 2759 adversa-

402 2794 484 2848 rio
517 2795 857 2848 verberatur.
915 2792 1168 2864 Aflligent
1213 2809 1343 2864 ergo
1399 2795 1562 2850 etiam
1604 2795 1704 2863 ipsi
1762 2797 1973 2867 Assyrii

401 2885 677 2949 Hebraaos,
717 2885 818 2940 hoc
852 2896 935 2940 est
963 2887 1217 2956 populum
1258 2886 1495 2954 Domini,
1537 2888 1677 2942 sicut
1723 2888 1968 2958 afﬂigun-

404 2991 492 3031 tur
515 2978 582 3033 ab
615 2979 733 3034 eis:
771 2979 863 3033 sed
901 2980 1023 3048 ipsi,
1052 2979 1103 3032 id
1134 2988 1241 3044 est,
1276 2980 1504 3050 Assyrii,
1531 2995 1652 3034 cum
1678 2981 1791 3035 haec
1823 2982 1972 3036 fece-

400 3073 539 3135 rint,
574 3079 629 3125 et
657 3087 781 3126 cum
809 3071 956 3126 vires
989 3086 1116 3126 suas
1156 3086 1348 3126 omnes
1391 3086 1517 3142 erga
1547 3071 1802 3130 llebrteos
1836 3072 1972 3129 afﬂi-

2072 1885 2128 1932 et
2157 1877 2399 1934 mulieris
2421 1877 2782 1935 Madianitidis
2809 1897 2823 1946 ;
2858 1879 3148 1934 secundam
3174 1892 3305 1934 vero
3339 1878 3406 1934 de
3435 1878 3642 1935 visione

2073 1970 2274 2038 populi,
2327 1971 2380 2024 in
2429 1986 2535 2041 qua
2579 1973 2853 2026 numerari
2904 1973 3102 2028 iterum
3131 1972 3353 2042 iubetur
3396 1986 3461 2028 ex
3492 1988 3638 2041 prae-

2073 2070 2232 2130 cepto
2276 2061 2518 2126 Domini,
2577 2063 2631 2118 in
2691 2063 2904 2119 irritum
2958 2063 3168 2119 scilicet
3225 2072 3479 2119 revocato
3524 2063 3639 2134 (93)

2073 2153 2252 2222 priore
2281 2169 2530 2220 numero,
2579 2163 2799 2225 propter
2844 2163 3064 2224 peccata
3101 2169 3221 2224 quae
3259 2156 3640 2211 commiserant

2074 2245 2132 2309 ii,
2183 2245 2273 2315 qui
2305 2244 2455 2316 prius
2484 2244 2703 2301 fuerant
2749 2245 2848 2301 sub
2879 2245 3092 2300 numeri
3153 2244 3469 2302 definitione
3512 2261 3639 2302 cen-

2077 2337 2188 2391 siti.
2219 2337 2483 2393 Cassatur
2509 2352 2640 2408 ergo
2665 2347 2717 2392 et
2743 2337 2796 2392 in
2852 2336 3064 2392 irritum
3093 2338 3378 2392 deducitur
3419 2353 3482 2394 ex
3511 2355 3638 2409 pec-

2074 2429 2213 2484 catis
2273 2445 2530 2485 numerus
2575 2430 2665 2497 qui
2702 2429 2940 2498 scriptus
2968 2437 3054 2483 est
3093 2437 3185 2484 :et
3221 2439 3428 2485 tantum
3459 2432 3640 2489 valent

2073 2521 2293 2586 delicta,
2325 2531 2505 2576 utnec
2533 2521 2636 2577 hoc
2665 2521 2840 2590 prosit
2865 2520 3008 2590 quod
3033 2520 3086 2574 in
3128 2535 3354 2577 numero
3377 2524 3499 2592 quis
3541 2525 3639 2580 ba-

2077 2610 2220 2666 bitus
2247 2611 2316 2666 sit
2369 2610 2510 2680 apud
2557 2611 2750 2674 Deum,
2800 2625 2924 2665 cum
2968 2611 3338 2668 declinaverit.
3395 2613 3523 2682 Sed,
3577 2623 3639 2670 ut

2074 2701 2349 2772 Scriptura
2383 2703 2588 2767 refert,
2621 2702 2784 2758 etiam
2830 2712 2982 2757 artus
3031 2717 3217 2758 eorum
3250 2705 3344 2774 qui
3399 2720 3640 2763 recesse-

2075 2804 2201 2848 runt
2228 2809 2259 2848 a
2287 2796 2416 2860 Deo,
2445 2789 2760 2850 ceciderunt
2791 2794 2844 2848 in
2891 2795 3129 2851 deserto.
3187 2794 3314 2850 Dua:
3342 2810 3472 2865 ergo
3512 2809 3640 2853 sunt

2077 2885 2340 2951 historiae,
2365 2899 2485 2954 qua:
2513 2886 2752 2940 recitatae
2778 2895 2907 2941 sunt
2943 2903 2958 2940 :
2983 2887 3076 2942 sed
3108 2902 3206 2942 nos
3232 2888 3299 2942 de
3324 2889 3499 2956 prima
3554 2891 3640 2945 in-

2077 2982 2259 3043 terim,
2287 2995 2407 3048 qua:
2449 2980 2865 3036 fornicationem
2894 2979 3072 3051 populi
3106 2979 3382 3048 describit,
3416 2982 3460 3036 si
3511 2983 3639 3053 quid

2076 3073 2360 3128 orantibus
2408 3074 2566 3129 vobis
2599 3074 2857 3129 Dominus
2904 3073 3114 3143 gratiae~
3146 3073 3460 3144 dignabitur
3503 3089 3640 3142 prae-

403 3168 609 3235 gendos
644 3163 953 3229 eduderint,
990 3164 1169 3218 statim
1200 3165 1364 3218 etiam
1397 3135 1496 3234 ipsi
1525 3166 1797 3234 peribunt.
1819 3168 1968 3234 Quod
1999 3135 2041 3193 α
2075 3173 2246 3228 stare,
2287 3163 2555 3219 dicemus.
2589 3163 2646 3218 Si
2678 3179 2808 3220 vero
2837 3164 2968 3234 ipse
3021 3165 3389 3227 concesserit,
3435 3164 3638 3234 aliquid

401 3273 532 3326 ergo
567 3258 665 3322 ait,
701 3275 720 3308 ι
755 3267 808 3312 et
840 3255 1076 3327 afﬂigent
1112 3255 1389 3324 Hebraeos,
1424 3267 1478 3312 et
1507 3257 1607 3327 ipsi
1640 3259 1974 3328 pariterper-

403 3348 562 3402 ibunt
599 3369 610 3402 :
655 3368 671 3397 ι
713 3362 819 3402 non
871 3347 946 3401 ita
1006 3349 1380 3417 accipiendum
1418 3359 1524 3414 est,
1563 3348 1718 3419 quasi
1770 3351 1971 3420 pariter

401 3451 526 3488 cum
555 3435 788 3493 IIebrteis
819 3440 1074 3508 peribunt
1103 3449 1157 3494 et
1185 3440 1394 3510 Assyrii
1429 3457 1442 3492 :
1483 3442 1578 3495 sed
1628 3441 1852 3510 pariter,
1918 3443 1969 3497 id

403 3537 515 3593 est,
545 3531 722 3584 statim
759 3541 815 3586 ut
841 3533 956 3586 hate
983 3531 1230 3595 fecerint,
1266 3543 1320 3586 et
1358 3531 1615 3588 Hebraeos
1661 3533 1968 3599 afﬂixerint,

401 3621 572 3673 etiam
602 3620 700 3690 ipsi
724 3623 997 3692 peribunt.
1018 3622 1231 3676 Pariter
1259 3637 1389 3693 ergo
1411 3624 1634 3680 Graacus
1665 3641 1846 3681 sermo
1875 3641 1970 3695 pro

400 3713 579 3766 statim
605 3715 775 3781 ponit.
815 3713 914 3769 llic
941 3729 1072 3784 ergo
1111 3714 1216 3770 erit
1249 3715 1373 3769 finis
1402 3717 1643 3771 omnium
1665 3759 1679 3783 ,
1706 3727 1765 3770 ut
1797 3726 1850 3770 et
1869 3718 1971 3771 As-

400 3819 516 3868 sur,
549 3807 634 3860 cui
670 3809 1024 3862 tradebantur
1055 3810 1106 3863 hi
1159 3811 1252 3879 qui
1278 3808 1659 3878 delinquebant
1683 3824 1744 3862 ex
1777 3810 1970 3875 populo

401 3896 524 3964 Dei,
552 3901 639 3953 vel
664 3901 715 3954 in
741 3902 1014 3956 interitum
1058 3904 1264 3968 carnis,
1299 3914 1358 3957 ut
1402 3905 1627 3972 spiritus
1658 3903 1840 3958 salvus
1872 3903 1967 3957 fie-

402 3997 508 4050 ret,
559 3991 757 4046 vel'ut
813 3993 1083 4048 discerent
1142 4010 1249 4049 non
1304 3995 1714 4064 blasphemare,
1774 3996 1968 4064 peribit

399 4081 566 4134 etiam
593 4084 706 4151 ipse
736 4085 803 4138 ab
837 4099 900 4139 eo
923 4126 938 4149 ,
994 4086 1084 4155 qui
1124 4096 1444 4156 potestatem
1477 4087 1638 4140 habet
1663 4089 1888 4154 perdere
1919 4089 1968 4142 in

399 4176 731 4239 gehennam.
793 4175 1016 4231 Dicetur
1075 4179 1222 4232 enim
1270 4180 1350 4232 eis
1404 4191 1434 4230 a
1475 4176 1618 4244 iusto
1665 4178 1846 4252 judice
1872 4177 1966 4234 ":

407 4282 429 4315 ι
458 4265 536 4320 Ite
560 4267 611 4319 in
631 4267 806 4336 ignem
832 4277 1120 4334 aeternum,
1145 4283 1302 4337 quem
1333 4270 1539 4337 paravit
1568 4267 1708 4324 Dens
1735 4270 1968 4338 diabolo,

402 4367 459 4411 et
487 4361 696 4430 angelis
719 4361 855 4430 ejus.
894 4380 915 4413 ι
954 4361 1028 4416 Ibi
1057 4376 1187 4431 ergo
1213 4362 1410 4430 peribit
1439 4363 1629 4416 Assur.
1667 4362 1732 4416 Et
1753 4365 1968 4432 quidem

2072 3256 2236 3312 etiam
2297 3257 2364 3311 de
2410 3258 2649 3312 secunda
2717 3256 3032 3326 contingere
3098 3255 3442 3311 audebimus.
3501 3275 3521 3308 ‹
3571 3256 3641 3313 Et

2071 3349 2378 3420 applicuit,
2430 3350 2609 3419 inquit
2651 3351 2720 3418 ⁸⁸,
2780 3347 2948 3404 Israel
2995 3349 3062 3404 ad
3113 3347 3312 3414 Sattin,
3363 3358 3419 3405 et
3463 3351 3639 3419 pollu-

2074 3453 2162 3498 tus
2209 3451 2296 3497 est
2337 3441 2596 3512 p0pulus,
2625 3451 2682 3498 et
2725 3441 3024 3497 fornicatus
3073 3448 3158 3496 est
3203 3439 3256 3494 in
3308 3438 3638 3506 flliasMoab,

2071 3543 2127 3589 et
2181 3533 2544 3589 invitaverunt
2584 3547 2678 3590 eos
2726 3533 2793 3588 ad
2856 3531 3128 3588 sacrificia
3179 3530 3449 3586 idolorum
3510 3547 3642 3586 suo-

2072 3640 2192 3678 rum
2223 3664 2238 3690 ,
2289 3633 2344 3679 et
2410 3624 2764 3680 manducavit
2817 3623 3049 3694 populus
3089 3622 3158 3676 de
3222 3621 3507 3677 sacrificiis
3548 3636 3642 3678 eo-

2073 3731 2212 3781 rum,
2242 3725 2295 3771 et
2336 3708 2872 3772 adoraveruntidola
2908 3729 3094 3770 eorum
3121 3754 3136 3778 ,
3185 3723 3240 3769 et
3283 3725 3639 3771 consecratus

2071 3817 2156 3860 cst
2211 3805 2538 3876 Beelphegor
2569 3845 2583 3870 ,
2634 3815 2690 3860 et
2735 3805 2910 3858 iratus
2956 3813 3041 3859 est
3089 3803 3272 3858 furore
3317 3803 3480 3876 347
3528 3805 3637 3861 Do-

2073 3899 2248 3950 minus
2315 3907 2504 3952 contra
2571 3896 2756 3952 Israel.
2810 3915 2840 3948 ›-
2894 3896 2949 3950 In
2999 3897 3084 3950 his
3125 3896 3422 3951 ostenditur
3486 3897 3638 3966 illud,

2071 3988 2213 4056 quod
2273 4002 2418 4056 saepe
2473 3987 2912 4052 memoravimus,
2967 3986 3093 4056 quia
3141 3986 3358 4042 Balaam
3428 3995 3641 4056 postea-

2073 4093 2231 4148 quam
2297 4079 2390 4132 Dei
2450 4078 2650 4132 virtute
2693 4076 3041 4142 conStrictus,
3092 4091 3201 4131 non
3265 4086 3350 4132 est
3405 4078 3638 4146 permis-

2073 4185 2166 4225 sus
2206 4170 2532 4226 maledicere
2579 4168 2767 4234 Israel,
2814 4168 2998 4226 volens
3048 4179 3225 4223 tamen
3275 4168 3489 4238 placere
3525 4169 3637 4239 regi

2073 4262 2294 4327 Balach,
2333 4263 2408 4314 ait
2445 4262 2516 4316 ad
2539 4277 2663 4318 eum
2697 4262 2838 4316 sicut
2881 4261 3140 4330 scriptum
3184 4269 3268 4315 est
3297 4259 3342 4292 '°
3384 4277 3398 4313 :
3431 4280 3450 4313 ι
3484 4261 3636 4325 Veni,

2073 4355 2357 4411 consilium
2381 4357 2448 4409 do
2479 4354 2597 4410 tibi.
2622 4373 2640 4405 ι
2669 4353 2737 4408 Ει
2769 4353 2895 4423 quid
2923 4353 3132 4409 consilii
3163 4352 3398 4419 dederit,
3430 4353 3503 4408 ibi
3532 4369 3639 4408 non

401 4451 566 4518 periit
591 4451 880 4520 aliquando
908 4462 963 4507 et
1015 4469 1119 4508 una
1153 4454 1272 4507 ovis
1305 4468 1370 4506 ex
1410 4463 1624 4507 centum
1661 4457 1853 4511 ovibus
1883 4458 1967 4511 9tl:
2006 4481 2050 4536 Β
2080 4450 2355 4520 apparuit,
2384 4451 2438 4506 in
2466 4449 2858 4521 posterioribus
2881 4459 3058 4504 tamen
3089 4449 3263 4520 ipsius
3292 4450 3415 4504 libri
3441 4447 3642 4504 Nume-

400 4544 497 4598 sed
527 4545 665 4600 hanc
691 4560 842 4600 ovem
877 4556 1060 4615 pastor
1092 4547 1286 4610 bonus,
1312 4544 1512 4600 relictis
1557 4548 1845 4616 nonaginta
1873 4565 1972 4604 no—

399 4649 524 4690 vem
558 4636 608 4689 in
636 4637 930 4703 montibus,
964 4637 1300 4692 descendens
1333 4638 1400 4691 ad
1429 4637 1619 4693 vallem
1671 4641 1810 4694 hanc
1844 4656 1971 4696 nos-

404 4737 568 4783 tram.
616 4726 806 4780 vallem
858 4725 1243 4797 lacrymarum,
1297 4737 1350 4780 et
1413 4727 1697 4796 requirens
1739 4731 1966 4798 invenit,

403 4824 565 4882 atque
591 4817 897 4884 impositam
928 4818 1166 4872 humeris
1202 4819 1316 4872 suis
1342 4821 1660 4887 reportavit,
1692 4831 1746 4876 et
1775 4823 1848 4876 illi
1868 4839 1970 4876 nu-

402 4921 554 4959 mero
585 4908 674 4974 qui
702 4907 755 4960 in
792 4907 1158 4977 superioribus
1186 4908 1369 4966 salvus
1397 4912 1672 4977 manebat,
1698 4913 1964 4983 atljunxit.

402 4994 511 5050 Iste
539 5008 720 5052 autem
751 5000 924 5054 Assur
944 5000 1033 5068 qui
1065 5001 1118 5054 in
1153 5000 1262 5056 fine
1284 5003 1525 5058 omnium
1580 5005 1778 5060 dicitur
1823 5010 1968 5076 peri-

403 5098 579 5154 turus,
610 5093 795 5146 nescio
825 5093 868 5146 si
917 5091 1208 5161 aliquando
1234 5104 1327 5149 aut
1355 5096 1524 5164 quaeri
1560 5098 1732 5165 possit
1761 5109 1852 5150 aut
1888 5099 1970 5152 in-

405 5182 626 5237 veniri:
662 5186 998 5252 periitenim
1035 5201 1141 5240 non
1197 5200 1403 5252 errore,
1453 5189 1548 5243 sed
1595 5189 1820 5257 judicio,
1870 5206 1970 5246 nec

2081 4559 2262 4599 rorum
2323 4543 2584 4614 scriptum
2627 4543 2884 4600 refertur.
2916 4542 3024 4598 Sed
3069 4542 3284 4612 plenius
3312 4543 3368 4596 in
3407 4540 3643 4597 Revela-

2079 4635 2508 4704 tione-Joannis,
2564 4637 2654 4693 ubi
2717 4638 2790 4692 ita
2840 4637 3199 4693 continetur:
3238 4654 3258 4688 ‹
3311 4635 3510 4699 Habes,
3558 4635 3644 4690 in-

2078 4729 2196 4797 quit
2231 4731 2269 4795 ³,
2309 4729 2382 4786 ibi
2411 4730 2697 4799 quosdam,
2729 4731 2819 4800 qui
2859 4737 3043 4784 tenent
3073 4730 3374 4785 doctrinam
3399 4729 3641 4796 Balaam,

2077 4821 2173 4888 qui
2200 4821 2384 4876 docuit
2428 4821 2649 4887 Balacb,
2684 4831 2742 4876 ut
2779 4823 3019 4876 mitteret
3058 4821 3372 4877 scandalum
3423 4823 3476 4876 in
3511 4836 3642 4876 con-

2078 4927 2266 4983 spectu
2291 4917 2521 4971 filiorum
2549 4916 2729 4978 Israel,
2755 4922 2814 4968 ut
2841 4913 3232 4969 manducarent
3265 4915 3425 4971 idolis
3455 4915 3642 4970 immo-

2076 5009 2204 5075 lata,
2239 5019 2295 5064 ct
2326 5010 2749 5066 fornicarentur.
2781 5029 2800 5063 ι
2837 5010 2915 5065 Ex
2944 5011 3046 5067 hoc
3082 5025 3212 5080 ergo
3241 5016 3467 5080 apparet
3493 5006 3640 5077 quod

2078 5105 2314 5173 nequitia
2349 5121 2478 5160 usus
2505 5106 2577 5160 sit
2602 5105 2840 5172 Balaam,
2873 5116 2927 5162 et
2956 5103 3240 5162 consilium
3265 5104 3474 5159 dederit
3502 5105 3638 5171 regi,

2079 5197 2204 5252 talia
2243 5199 2486 5266 quaedam
2523 5200 2708 5255 dicens
2735 5200 2802 5254 ad
2830 5215 2953 5254 eum
2978 5196 3244 5268 :Populus
3267 5196 3357 5251 hic
3385 5210 3488 5251 non
3517 5209 3641 5264 pro-

474 5322 521 5354 ”
549 5321 1002 5403 Ill:a_tth._xxv,4l.
1077 5327 1276 5403 ’_°_Luc.
1318 5342 1403 5394 xv,
1424 5327 1477 5391 6,
1501 5328 1552 5381 7.
1629 5330 1674 5361 ⁸⁷
1703 5330 1858 5384 Deut.
1887 5347 1972 5385 xx:

2087 5331 2176 5399 50;
2207 5331 2298 5386 ctI
2334 5333 2464 5403 Reg.
2492 5351 2552 5397 ll,
2580 5334 2630 5388 6.
2709 5334 2753 5366 ’⁸
2781 5335 2936 5389 Num.
2960 5350 3080 5400 xxv,
3115 5336 3161 5399 I,
3191 5333 3244 5399 2,
3272 5335 3325 5388 5.
3403 5331 3448 5363 θ’
3477 5327 3637 5384 Nunt.

409 5401 558 5458 utv,
588 5394 676 5449 14.
753 5397 769 5426 ¹
801 5397 968 5466 Apoc.
995 5413 1058 5462 tt,
1090 5398 1178 5454 Μ.

475 5513 586 5584 (SI)
614 5514 774 5567 Cithii
802 5515 1212 5582 interpretantur
1236 5525 1564 5568 PLAGAFINIS.
1584 5514 1626 5567 A
1664 5528 1778 5576 nm
1820 5537 1838 5568 ι
1874 5526 1959 5570 tu-

415 5584 506 5707 liti.
551 5586 830 5646 contrivit,
869 5605 887 5638 ι
916 5598 969 5639 et
995 5595 1134 5642 DDI'I
1171 5603 1189 5636 ι
1225 5585 1464 5648 absolvi,
1509 5590 1788 5656 compleri,
1840 5605 1961 5658 pcr-

415 5667 476 5707 ,tc
501 5693 516 5707 .
550 5673 576 5704 λ

412 5667 591 5788 "cla;
623 5723 1656 5793 Hebr-cetrnxxssvsrssinterpretantur.
1705 5724 1749 5780 A
1799 5728 1962 5784 verbo

2069 5526 2184 5580 τιν
2213 5533 2231 5565 ‹
2271 5524 2538 5570 transmt.
2575 5535 2592 5566 ι

2143 5587 2252 5655 (95)
2281 5585 2430 5653 Mssa,
2483 5604 2501 5638 ι
2537 5593 2806 5642 revocato.
2843 5602 2857 5636 ι
2914 5584 3069 5637 Libb.
3118 5584 3287 5645 editi,
3347 5597 3366 5631 ι
3409 5581 3642 5632 devoca-
3675 5623 3713 5654 ,ρ

2076 5665 2204 5710 l0.r
