4074 6156
529 242 629 296 727
1978 236 2229 294 ORIGEN
2237 238 2252 290 Ι
2262 240 2298 291 S
3643 241 3669 294 7
3677 243 3730 295 '38

525 362 662 431 priis
685 361 913 449 viribus,
941 359 1030 412 sed
1055 358 1218 412 Deum
1253 358 1478 414 colendo
1498 358 1764 422 vincit,et
1784 358 2103 427 pudicitiam
2134 364 2177 418 Α
2208 358 2388 412 ριεείεε
2415 357 2693 424 cujusdam
2725 361 2968 418 scribens
2999 363 3130 417 dicit
3160 363 3210 417 ³;
3237 381 3256 414 ι
3294 361 3469 416 Habes
3513 361 3579 413 ibi
3599 378 3732 428 quos~

527 452 922 507 conservando.
957 449 1013 503 Si
1048 449 1128 502 vis
1154 463 1277 501 eum
1308 449 1548 512 vincere,
1579 449 1756 518 primo
1783 463 1968 502 eorum
2004 463 2103 516 pu-

529 531 774 598 dicitiam
809 541 1003 609 dejice,
1037 550 1092 596 et
1115 550 1304 608 sponte
1337 541 1640 596 vincentur.
1676 541 1783 596 Sed
1814 541 2102 594 adversum

529 639 644 692 haec
670 652 777 690 non
807 636 1008 689 virtute
1040 636 1296 700 militum,
1322 636 1418 690 sed
1451 635 1740 690 mulierum
1766 635 1962 690 decore
1998 649 2102 702 pu~

529 727 799 796 gnandutn
831 735 936 789 est,
974 740 1072 780 nec
1115 737 1451 781 armatorum
1509 728 1719 797 vigore,
1749 727 1841 780 sed
1875 724 2101 780 mollitie

532 818 876 872 feminarum.
927 816 1123 871 Procul
1165 833 1356 873 amove
1389 827 1721 873 armatorum
1768 833 2008 881 manum,
2049 825 2104 872 et

527 908 756 962 electam
791 923 1062 979 congrega
1095 910 1331 980 speciem
1362 912 1693 982 puellarum,
1721 911 1971 966 ludentes
2008 924 2102 980 pe-

531 1000 688 1054 dibus
716 1009 868 1064 eant,
898 1001 1260 1071 manibusque
1303 1004 1625 1073 plaudentes
1670 1021 1683 1055 :
1719 1003 1890 1059 forma
1933 1001 2102 1055 vincit

531 1102 793 1155 armatos,
834 1093 1038 1148 ferrum
1091 1095 1443 1161 pulchritudo
1496 1097 1760 1166 captivat,
1814 1096 2101 1149 vincentur

533 1183 717 1252 specie
743 1184 833 1253 qui
864 1201 970 1238 non
1013 1187 1302 1242 vincuntur
1327 1189 1534 1256 prmlio.
1567 1187 1767 1243 Verum
1794 1189 1882 1243 ubi
1909 1203 2100 1244 sense-

531 1275 643 1329 rint
674 1290 771 1331 eos
807 1277 1064 1334 mulieres
1097 1277 1423 1336 Moabitides
1455 1280 1533 1334 vel
1560 1279 1944 1335 Madianitides
1986 1296 2101 1334 ma-

533 1383 642 1422 ntts
677 1368 893 1424 dedisse
913 1369 1146 1435 libidini,
1179 1381 1234 1426 et
1267 1381 1490 1443 peccato
1511 1371 1801 1427 inclinasse
1821 1376 2084 1436 cervlces,

531 1474 640 1513 non
673 1460 822 1527 prius
852 1462 1174 1530 semetipsas
1219 1461 1557 1534 cupientibus
1593 1462 1892 1532 praebeant,
1935 1477 2098 1532 quam

532 1544 602 1601 de
636 1547 920 1604 sacrificiis
967 1549 1234 1604 idolorum
1271 1551 1646 1621 acquieverint
1673 1551 1963 1621 degustare
1993 1568 2007 1602 :
2044 1561 2101 1606 ut

531 1647 761 1709 cogente
798 1639 1048 1707 libidine,
1077 1642 1321 1697 consiliis
1346 1643 1721 1711 obtemperent
1747 1641 2095 1707 feminarum,

2207 448 2356 515 dant,
2391 452 2482 520 qui
2513 459 2699 504 tenent
2751 450 3052 505 doctrinam
3080 451 3316 516 Balaam,
3342 453 3433 520 qni
3463 452 3628 505 docuit
3648 452 3734 505 Ba-

2207 539 2327 594 lach
2360 542 2576 597 mittere
2596 543 2913 597 scandalum
2932 545 2982 597 in
3011 553 3299 613 conspectu
3327 543 3552 596 filiorum
3577 542 3731 608 Israel,

2205 640 2263 683 ut
2296 636 2691 688 manducarent
2718 633 2995 688 immolata
3027 635 3206 700 idolis,
3232 643 3288 689 et
3313 633 3729 689 foruicareutum

2205 723 2350 793 Ergo
2375 728 2707 792 temporibus
2730 725 2955 779 Joannis
3000 727 3229 795 apostoli
3273 735 3434 780 erant
3458 725 3656 791 quidam
3691 728 3732 779 in

2200 815 2553 872 Ecclesiailla
2581 819 2646 872 ad
2677 835 2837 888 quam
2866 820 3163 881 scribebat,
3193 820 3448 874 docentes
3471 819 3733 875 doctrinam

2201 907 2438 962 Balaam.
2495 908 2737 964 Putasne
2767 911 2837 963 ita
2871 909 3242 978 accipiendum
3276 918 3363 964 est
3389 909 3527 978 quod
3572 909 3737 963 fuerint

2202 1000 2256 1054 in
2296 1001 2402 1056 illis
2422 1002 2612 1057 diebus
2639 1003 2736 1072 qui
2761 1003 3001 1058 dicerent
3030 1017 3091 1057 se
3121 1001 3316 1056 (locere
3332 1017 3394 1055 ea
3410 1017 3526 1070 qua:
3552 1001 3735 1056 Balaam

2205 1093 2409 1158 docuit,
2447 1103 2504 1148 ct
2531 1095 2621 1163 qui
2653 1093 3041 1169 profiterentur
3073 1109 3132 1148 se
3168 1095 3478 1162 dogmatutn
3514 1103 3566 1146 et
3599 1094 3737 1146 tradi-

2201 1186 2409 1240 tionum
2441 1186 2587 1241 illius
2613 1202 2735 1242 esse
2767 1188 3062 1243 doctores?
3107 1186 3189 1239 An
3227 1185 3356 1239 illud
3399 1185 3574 1252 potius
3598 1185 3736 1239 debe-

2199 1294 2320 1334 mus
2351 1279 2658 1343 advertere,
2689 1282 2830 1345 quod
2861 1280 2904 1333 si
2942 1279 3066 1346 quis
3103 1279 3266 1332 faciat
3301 1292 3440 1346 opus
3473 1277 3604 1346 quod
3637 1277 3740 1331 fecit

2210 1369 2456 1437 Balaam,
2478 1372 2526 1426 is
2557 1372 2862 1426 doctrinam
2897 1370 3114 1426 Balaam
3141 1371 3344 1425 docere
3377 1368 3636 1423 videatur?
3656 1366 3742 1420 Sic-

2201 1473 2260 1518 ut
2317 1465 2477 1520 etde
2521 1466 2768 1519 doctrina
2817 1465 3036 1524 Jezabel
3093 1468 3146 1521 in
3183 1465 3375 1521 eadem
3426 1461 3742 1517 Revelatioue

2198 1567 2555 1623 memoratur,
2585 1574 2689 1612 non
2727 1563 2868 1630 quod
2911 1561 3110 1630 aliquis
3151 1575 3220 1615 ex
3252 1555 3536 1626 discipulis
3557 1551 3740 1608 Iezabel

2202 1649 2392 1704 doceat
2421 1665 2541 1720 qua:
2572 1650 2659 1704 illa
2711 1652 3017 1715 tradiderit,
3051 1653 3142 1706 sed
3191 1652 3333 1720 quod
3379 1650 3423 1702 si
3448 1648 3584 1717 quis.
3612 1647 3739 1701 verbi

532 1739 587 1780 et
617 1739 1009 1783 consecrentur
1030 1731 1180 1798 prius
1218 1731 1570 1800 Beelphegor,
1601 1733 1744 1803 quod
1778 1743 1860 1788 est
1897 1734 2096 1787 idolum
2135 1715 2178 1772 Β
2205 1755 2393 1805 causa,
2426 1715 2518 1795 aut
2549 1743 2844 1812 prophetas
2871 1743 2959 1798 Dei
2989 1715 3372 1812 persequatur,
3413 1715 3477 1794 ut
3503 1738 3585 1792 illa
3615 1737 3744 1802 fecit,

533 1818 905 1890 turpitudinis.
931 1818 1055 1874 Haec
1080 1820 1298 1876 fuerunt
1327 1823 1556 1878 consilia
1593 1822 1814 1878 Balaam
1851 1842 1865 1879 :
1902 1827 2100 1896 quibus

532 1909 776 1978 acceptis
813 1925 907 1963 rex
943 1909 1141 1966 Balach
1183 1920 1339 1980 parat
1367 1914 1627 1969 continuo
1659 1915 1957 1971 exercitum
1994 1932 2098 1970 non

532 2003 702 2058 armis
733 2001 999 2066 virilibus,
1045 2003 1139 2057 sed
1195 2003 1436 2059 femineo
1499 2005 1678 2061 nitore
1718 2008 2098 2078 compositum,

530 2108 640 2147 non
675 2094 857 2150 fat-ore
883 2094 1102 2161 bellico,
1133 2095 1229 2150 sed
1263 2095 1497 2151 libidinis
1519 2095 1732 2152 ﬂamma
1757 2112 2102 2154 succensum.

529 2181 741 2238 Nullam
781 2184 1018 2240 refrenat
1044 2187 1235 2253 pudor,
1267 2185 1467 2240 nullam
1491 2187 1733 2256 prohibet
1756 2189 2097 2243 verecundia.

531 2275 697 2329 Amor
721 2277 910 2344 patriae
950 2285 1006 2331 et
1033 2276 1222 2329 vitium
1258 2277 1434 2346 gentis
1463 2280 1779 2348 conspirant
1818 2280 2023 2349 pariter
2047 2283 2100 2333 in

531 2364 832 2435 lasciviam,
856 2377 910 2424 et
941 2371 1008 2424 ad
1044 2369 1419 2439 decipiendum
1451 2372 1615 2440 proba
1656 2372 1871 2427 exsistit
1902 2373 2102 2443 impro-

534 2460 695 2516 bitas.
728 2461 834 2517 Pro
859 2463 1040 2528 nefas,
1069 2466 1154 2518 vix
1181 2465 1502 2534 prohibetur
1533 2465 1700 2520 libido
1725 2465 1898 2536 legum
1918 2465 2098 2529 minis,

532 2553 620 2607 vix
673 2554 838 2626 gladii
899 2567 1110 2614 terrore
1154 2559 1500 2630 reprimitur!
1551 2557 1676 2627 quid
1732 2557 1952 2612 sceleris
1993 2573 2098 2612 non

533 2655 826 2714 perpetret,
865 2649 953 2703 ubi
996 2649 1236 2706 facinore
1288 2668 1384 2708 suo
1452 2651 1765 2722 placituram
1808 2665 1868 2705 se
1907 2651 2101 2706 mulier

534 2741 646 2809 regi
685 2741 936 2804 credidit,
955 2755 1009 2797 et
1033 2745 1260 2799 salutem
1297 2745 1485 2812 patria:
1506 2745 1850 2812 quaesiturum
1869 2744 1896 2798 ἓ
1919 2745 2101 2812 Capti-

532 2841 731 2886 vantur
751 2847 882 2903 ergo
910 2834 1189 2902 Israelita,
1218 2852 1326 2890 non
1359 2837 1524 2901 ferro,
1557 2838 1652 2892 sed
1685 2837 1834 2903 luxu,
1863 2851 1962 2891 nec
1984 2837 2098 2891 vir-

535 2934 668 2992 tute,
693 2927 786 2980 sed
815 2925 1060 2992 libidine,
1092 2940 1146 2984 et
1176 2929 1516 2985 fornicantur
1548 2929 1599 2983 in
1624 2929 1876 2984 mulieres
1896 2928 2100 2983 Madia—

537 3017 756 3086 nitidas,
781 3031 830 3073 et
865 3019 941 3074 ira
975 3019 1071 3076 Dei
1107 3022 1342 3092 insurgit
1367 3037 1529 3092 super
1555 3037 1669 3078 eos.
1705 3022 1845 3077 Sunt
1883 3021 2097 3091 quidem

536 3111 592 3164 in
621 3111 688 3166 iis
713 3120 767 3167 et
805 3113 1043 3184 mystica
1073 3115 1341 3184 quaedam,
1388 3126 1551 3184 atque
1589 3116 1863 3170 interioris
1897 3115 2099 3170 intelli-

531 3205 732 3275 sentiae
765 3216 973 3262 secreta
1001 3226 1016 3261 :
1047 3208 1140 3263 sed
1164 3223 1265 3262 nos
1305 3207 1480 3276 primo
1508 3209 1620 3278 ipse
1654 3209 1895 3264 historiae
1925 3218 2104 3266 textus

532 3297 789 3363 aedificet,
825 3309 884 3354 ut
923 3301 1200 3355 discamus
1247 3315 1314 3356 ex
1361 3301 1488 3366 hoc,
1534 3302 1788 3370 quoniam
1840 3301 2102 3357 adversus

533 3404 639 3444 nos
665 3388 980 3458 jaculantur
1025 3391 1129 3446 tela
1169 3391 1418 3450 luxuriae.
1461 3393 1567 3447 Sed
1603 3395 1645 3448 si
1677 3393 1836 3448 nobis
1864 3408 1974 3448 non
2005 3393 2102 3448 de-

533 3484 644 3536 sint
672 3497 844 3548 arma,
886 3484 1084 3553 quibus
1118 3498 1216 3538 nos
1264 3485 1462 3539 armari
1514 3483 1668 3554 jubet
1723 3486 2018 3556 Apostolus
2058 3489 2101 3551 ³,

532 3575 842 3646 huiusmodi
875 3577 1053 3648 jacula
1085 3593 1184 3635 nos
1211 3579 1490 3634 terebrare
1522 3595 1627 3635 non
1661 3589 1938 3649 poterunt,
1963 3580 2006 3634 si
2034 3579 2105 3636 sit

532 3669 696 3725 nobis
722 3669 890 3724 lorica
933 3669 1186 3738 iustitiae,
1230 3673 1275 3728 si
1305 3672 1602 3729 habeamus
1643 3671 1852 3741 galeam
1889 3671 2101 3735 salutis,

533 3767 590 3814 et
632 3761 874 3830 gladium
929 3763 1178 3832 spiritus,
1213 3778 1382 3835 super
1414 3764 1597 3820 omnia
1628 3771 1840 3818 scutum
1870 3761 2016 3828 fidei,
2051 3775 2105 3819 et

530 3849 713 3905 calcea
727 3849 762 3903 ti
787 3849 957 3907 simus
984 3853 1150 3921 pedes
1183 3854 1235 3908 in
1263 3854 1660 3924 praeparatione
1685 3853 1956 3925 Evangelii
2005 3870 2102 3924 pa-

533 3941 635 3996 cis.
675 3942 778 3997 Ista
803 3953 1096 3999 suntarma
1124 3961 1244 4015 quae
1273 3964 1372 4003 nos
1401 3946 1699 4004 defendunt
1722 3948 1774 4002 in
1793 3947 2102 4017 huiusmodi

529 4034 711 4091 bellis.
737 4036 792 4092 Si
828 4049 1008 4094 autem
1035 4039 1160 4094 talia
1189 4056 1336 4095 arma
1355 4042 1696 4111 projicimus,
1725 4040 1904 4096 statim
1927 4040 2101 4096 locum

532 4128 803 4185 diabolico
836 4131 1054 4186 vulneri
1084 4131 1276 4188 damus
1303 4132 1437 4205 (94),
1470 4141 1526 4188 et
1557 4133 1799 4202 captivos
1828 4147 1927 4186 nos
1953 4132 2102 4185 ducit

530 4223 709 4279 omnis
741 4224 1044 4280 daemonum
1079 4227 1282 4282 chorus
1305 4245 1320 4281 :
1347 4237 1511 4296 atque
1541 4228 1609 4282 ob
1645 4227 1750 4280 hoc
1781 4225 1860 4279 ira
1900 4223 1992 4278 Dei
2023 4224 2101 4277 in-

531 4319 708 4387 surgit
737 4311 900 4389 super
924 4335 1040 4383 nos,
1071 4328 1126 4374 et
1153 4335 1256 4374 non
1306 4320 1481 4374 solum
1518 4322 1570 4374 in
1615 4318 1865 4390 praesenti
1904 4315 2101 4371 sacculo

2207 1845 2300 1889 aut
2333 1835 2398 1888 ad
2437 1836 2576 1890 idola
2605 1837 2818 1906 aliquos
2853 1837 3106 1904 decipiat,
3141 1838 3222 1890 vel
3253 1834 3410 1888 falsis
3433 1830 3744 1887 circumscri-

2208 1927 2486 1994 ptionibus
2512 1930 2747 1998 perimat
2792 1931 3128 1994 innocentes,
3164 1929 3267 1984 iste
3316 1925 3532 1982 Jezabcl
3560 1924 3744 1978 dicetur

2209 2028 2393 2075 tenere
2439 2022 2762 2076 doctrinam.
2815 2021 2871 2078 Si
2924 2038 3053 2093 ergo
3089 2021 3287 2089 aliquis
3342 2019 3499 2074 malis
3532 2015 3744 2072 consiliis

2207 2111 2519 2165 scandalum
2570 2124 2799 2181 generet
2847 2113 3040 2182 popqu
3076 2112 3190 2174 Dei,
3225 2119 3281 2166 et
3311 2108 3649 2164 offensionem
3675 2105 3746 2156 di-

2208 2205 2410 2269 vinam,
2446 2214 2605 2273 atque
2631 2206 2964 2260 iracundiam
2993 2205 3270 2261 caelestem
3313 2210 3563 2272 provocet
3603 2197 3746 2268 plebi.

2207 2296 2289 2349 vel
2331 2296 2596 2349 idolorum
2638 2297 2925 2350 sacrificiis
2956 2295 3432 2355 communicando,
3466 2291 3544 2346 vel
3572 2288 3745 2356 stupris

2207 2396 2302 2441 aut
2349 2387 2560 2442 libidini
2618 2388 2932 2453 serviendo,
2965 2389 3053 2443 hic
3083 2387 3389 2442 doctrinam
3432 2384 3632 2437 Balaam
3674 2391 3740 2433 te-

2208 2494 2336 2534 nere
2365 2481 2622 2536 dicendus
2661 2492 2764 2534 est.
2809 2482 2906 2536 Est
2946 2495 3077 2550 ergo
3125 2465 3486 2534 exsecrabilis
3527 2472 3748 2540 corporis

2206 2572 2368 2626 etiam
2399 2571 2710 2628 fornicatio.
2745 2574 2884 2641 Quid
2917 2575 3062 2628 enim
3100 2573 3172 2626 ita
3215 2568 3576 2632 exsecrabile,
3603 2579 3744 2633 quam

2214 2665 2474 2733 templum
2503 2665 2596 2720 Dei
2631 2666 2858 2731 violare,
2891 2681 2954 2718 ac
2987 2665 3174 2719 tollere
3195 2663 3443 2717 membra
3473 2657 3676 2721 Christi,
3697 2663 3744 2711 ιιι-

2207 2757 2384 2813 facere
2411 2757 2648 2814 membra
2679 2757 2980 2812 meretricis
3016 2756 3078 2809 ιτ

2276 2851 2332 2904 2.
2364 2849 2536 2905 Multo
2577 2858 2758 2904 tamen
2813 2850 2984 2919 magis
3013 2845 3370 2903 exsecrabilis
3397 2853 3480 2898 est
3507 2837 3742 2912 generalis

2179 2943 2300 3004 ,illa
2333 2943 2644 3009 fornicatio,
2683 2944 2737 2997 in
2768 2957 2877 3012 qua
2926 2955 3089 2998 omne
3117 2954 3287 3010 genus
3324 2935 3534 3008 peccati
3565 2932 3743 3004 pariter

2207 3037 2536 3091 continetur.
2576 3033 2857 3091 Generalis
2880 3043 3060 3088 autem
3087 3031 3378 3087 fornicatio
3403 3029 3610 3087 dicitur,
3639 3038 3742 3078 cum

2204 3133 2384 3185 anima
2423 3145 2542 3199 quae
2582 3131 2637 3184 in
2666 3129 3001 3184 consortium
3032 3126 3194 3182 Verbi
3240 3125 3334 3179 Dei
3377 3123 3543 3178 ascita
3576 3128 3672 3182 est,
3697 3126 3744 3169 et

2207 3221 2560 3278 matrimonio
2580 3221 2698 3290 ejus
2722 3217 3120 3289 quodammodo
3142 3216 3372 3280 sociata,
3391 3215 3457 3268 ab
3479 3212 3580 3267 ullo
3595 3208 3746 3262 alieno

2205 3312 2434 3376 scilicet,
2464 3321 2522 3365 et
2575 3309 2893 3364 adversario
2927 3308 3072 3362 illius
3105 3307 3206 3360 viri
3236 3307 3326 3374 qui
3370 3321 3489 3360 eam
3539 3301 3631 3356 sibi
3663 3299 3741 3351 de-

2205 3403 2424 3472 spondit
2471 3402 2524 3456 in
2564 3401 2690 3461 fide,
2734 3399 3102 3468 corrumpitur
3135 3406 3191 3452 et
3220 3396 3478 3451 violatur.
3518 3394 3606 3448 Est
3636 3405 3748 3457 ergo

2205 3508 2434 3564 sponsus
2479 3504 2534 3548 et
2567 3493 2651 3547 vir
2677 3493 2872 3547 animae
2915 3492 3127 3547 munda:
3175 3502 3230 3544 et
3277 3490 3509 3560 pudica},
3535 3486 3738 3540 Verbum

2207 3585 2332 3650 Dei,
2357 3584 2448 3655 qui
2481 3594 2563 3639 est
2586 3583 2836 3639 Christus
2868 3583 3150 3646 Dominus,
3187 3582 3330 3636 sicut
3354 3579 3521 3651 348
3551 3587 3599 3632 et
3621 3576 3742 3642 Apo-

2203 3682 2377 3732 stolus
2423 3675 2558 3730 dicit
2601 3677 2622 3706 ⁵
2654 3695 2666 3730 :
2703 3694 2721 3728 ι
2771 3674 2903 3729 Volo
2938 3684 3117 3728 autem
3165 3687 3355 3728 omnes
3395 3688 3487 3725 vos
3523 3669 3606 3722 uni
3644 3666 3744 3717 viro

2205 3769 2466 3836 virginem
2494 3777 2701 3822 castam
2723 3767 2983 3822 exhibere
3007 3763 3242 3820 Christo.
3277 3764 3466 3818 Timeo
3496 3769 3658 3815 autem
3688 3769 3742 3807 ne

2207 3857 2344 3911 forte
2367 3899 2386 3924 ,
2409 3857 2552 3912 sicut
2575 3871 2803 3926 serpens
2831 3857 3046 3912 seduxit
3079 3858 3242 3911 Evam
3289 3856 3490 3910 astutia
3533 3867 3640 3914 sua,
3675 3850 3740 3902 sic

2204 3961 2617 4018 corrumpantur
2645 3965 2836 4006 sensus
2865 3951 3035 4006 vestri
3069 3965 3100 4004 a
3139 3949 3506 4019 simplicitate,
3532 3958 3642 4015 qua:
3674 3948 3742 3993 est

2206 4046 2257 4096 in
2307 4042 2528 4098 Christo
2573 4041 2721 4098 Jesu.
2783 4062 2801 4094 ι
2846 4042 3027 4099 Donec
3075 4043 3238 4114 igitur
3297 4042 3480 4096 anima
3527 4038 3741 4092 adhanet

2203 4152 2407 4206 sponso
2438 4151 2559 4200 suo,
2591 4138 2816 4191 etaudit
2837 4138 3056 4192 verbum
3081 4135 3219 4203 ejus,
3254 4145 3308 4190 et
3334 4136 3507 4203 ipsum
3529 4127 3744 4195 comple'

2203 4231 2389 4296 ctitur,
2445 4231 2564 4285 sine
2595 4230 2760 4284 dubio
2807 4232 2874 4283 ab
2915 4231 3029 4298 ipso
3080 4243 3264 4284 semen
3315 4228 3540 4296 suscipit
3567 4220 3738 4278 verbi:

2202 4333 2258 4378 et.
2283 4325 2422 4378 sicut
2451 4322 2538 4376 ille
2568 4322 2705 4376 dixit
2741 4323 2760 4352 ⁵
2793 4340 2808 4374 :
2845 4341 2863 4373 ι
2920 4323 2992 4376 De
3026 4322 3216 4376 timore
3257 4330 3370 4383 tuo,
3408 4317 3635 4373 Domine.
3679 4311 3726 4362 in

529 4415 836 4481 puniemur,
866 4429 1052 4468 verum
1077 4415 1240 4470 etiam
1271 4415 1322 4468 in
1355 4415 1559 4469 futuro.
1617 4415 1769 4481 Quod
1801 4429 1932 4484 ergo
1962 4412 2088 4468 facit
2120 4416 2163 4470 D
2193 4424 2346 4470 utero
2387 4415 2630 4483 concepi,
2660 4433 2682 4466 ι
2711 4415 2780 4466 ita
2810 4423 2865 4466 et
2895 4413 3006 4466 haec
3035 4411 3182 4473 dicit,
3211 4415 3292 4468 De
3323 4410 3488 4464 verbo
3513 4416 3614 4470 tuo,
3639 4401 3728 4454 Do-

531 4520 635 4560 nos
669 4507 888 4562 vincere
921 4509 976 4561 in
1011 4509 1078 4562 iis
1118 4508 1318 4578 prmliis
1362 4523 1482 4576 qua:
1521 4511 1806 4564 adversum
1853 4525 1953 4565 nos
1986 4509 2098 4563 dia-

529 4595 687 4651 bolus
720 4608 1043 4663 commovet,
1081 4600 1344 4668 pudicitia
1379 4609 1483 4666 est,
1521 4609 1580 4656 et
1620 4601 1856 4671 iustitia,
1886 4610 1940 4657 et
1969 4616 2097 4670 pru-

530 4688 733 4755 dentia,
765 4698 820 4744 et
871 4693 1059 4762 pietas,
1089 4703 1407 4762 creterzeque
1447 4693 1694 4748 virtutes.
1743 4694 1872 4760 Quae
1914 4703 2097 4748 autem

531 4781 738 4836 faciunt
767 4797 864 4838 nos
901 4782 1072 4846 vinci,
1103 4783 1318 4838 luxuria
1341 4793 1446 4847 est,
1478 4793 1532 4853 et
1564 4784 1753 4852 libido,
1779 4787 2004 4840 avaritia
2043 4796 2099 4840 et

530 4874 802 4943 impietas,
862 4876 1147 4946 omnisque
1177 4877 1402 4932 malitia.
1456 4859 1583 4932 llaec
1631 4891 1761 4947 ergo
1796 4888 1944 4943 sunt,
1979 4894 2099 4946 quae

530 4982 633 5022 nos
672 4969 912 5024 historia:
946 4978 1128 5025 textus
1159 4969 1398 5026 edocuit.
1424 4967 1624 5025 Verum
1646 4972 1900 5040 quoniam
1933 4971 2098 5026 Joan-

532 5074 630 5116 nes
667 5062 719 5115 in
754 5061 1104 5118 Revelatione
1143 5081 1263 5132 sua,
1305 5083 1365 5122 ea
1403 5082 1522 5135 qua:
1562 5065 1614 5118 in
1657 5063 1774 5132 lege
1802 5063 2097 5118 secundum

529 5154 816 5209 historiam
851 5157 1049 5227 scripta
1094 5169 1224 5212 sunt
1256 5161 1475 5214 adducit
1507 5159 1573 5213 ad
1599 5156 1853 5227 mysteria
1892 5156 2095 5220 divina,

526 5256 583 5302 et
615 5259 954 5306 sacramenta
979 5252 1224 5321 quaedam
1258 5253 1310 5306 in
1348 5254 1413 5308 iis
1448 5253 1639 5309 edocet
1668 5249 2098 5311 contineri,‘ne-

526 5342 823 5396 cessarium
855 5343 1067 5398 videtur
1097 5327 1582 5399 etiam‘secundum
1613 5344 1664 5398 id
1700 5343 1840 5411 quod
1871 5342 1960 5396 ille
1985 5356 2104 5396 sen-

529 5431 624 5496 sit,
657 5448 756 5488 nos
781 5447 996 5502 quoque
1021 5435 1090 5488 ab
1119 5433 1210 5487 illo
1239 5436 1423 5488 datam
1453 5433 1809 5502 expositionis
1859 5432 2099 5502 regulam

525 5526 702 5590 scqui,
739 5534 793 5579 et
821 5526 994 5594 primo
1024 5540 1329 5580 memorare
1351 5541 1438 5591 ea,
1467 5541 1587 5596 quae
1619 5527 1683 5580 ad
1715 5527 1963 5596 angelum
1993 5525 2099 5581 Ec-

2202 4511 2370 4576 mine,
2403 4508 2455 4562 in
2488 4516 2678 4562 ventre
2711 4506 2953 4573 concepi,
2989 4514 3042 4559 et
3079 4503 3363 4573 parturivi,
3412 4510 3465 4555 et
3503 4497 3724 4566 spiritum

2198 4601 2388 4657 salutis
2418 4611 2524 4654 tuae
2556 4598 2658 4654 feci
2686 4612 2846 4665 super
2877 4606 3068 4650 terras.
3102 4595 3157 4648 Si
3184 4609 3315 4662 ergo
3343 4609 3424 4646 Slc
3450 4592 3514 4645 de
3539 4585 3734 4642 Christo

2199 4692 2450 4761 concepit
2492 4692 2694 4752 anima.
2728 4688 2862 4742 fecit
2910 4688 3050 4741 filios
3078 4701 3175 4755 pro
3211 4686 3412 4753 quibus
3446 4683 3642 4738 dicatur
3679 4671 3734 4725 ad

2199 4805 2318 4843 eam
2352 4787 2539 4855 7,quia
2573 4805 2598 4836 ι.
2623 4783 2769 4838 salva
2788 4785 2892 4837 erit
2922 4797 3020 4852 per
3053 4782 3288 4834 filiorum
3320 4774 3734 4848 procreationem.

2199 4882 2242 4936 si
2277 4877 2639 4949 permanserit
2668 4876 2721 4930 in
2757 4875 2882 4938 ﬁde,
2919 4884 2975 4927 et
3025 4873 3303 4934 :haritate,
3354 4881 3408 4924 et
3459 4865 3734 4923 sanctitate.

2200 4989 2322 5028 cum
2351 4971 2671 5033 sobrietate,
2703 4987 2722 5019 ι
2765 4967 2979 5021 etiamsi
3029 4967 3181 5035 prius
3224 4965 3364 5018 sicut
3412 4963 3518 5017 Eva
3544 4957 3736 5014 seducta

2201 5066 2373 5121 fuisse
2405 5064 2584 5118 anima
2621 5064 2904 5118 videatur:
2923 5061 3016 5116 Est
3043 5059 3222 5127 itaque
3256 5062 3382 5112 ver'c
3411 5058 3558 5111 beata
3596 5047 3734 5105 sobo-

2202 5159 2308 5223 les,
2349 5157 2436 5211 ubi
2465 5155 2786 5210 concubitus
2808 5154 2983 5210 factus
3015 5150 3177 5206 fuerit
3203 5148 3397 5204 anima:
3434 5160 3550 5202 cum
3581 5137 3734 5196 Verbo

2207 5253 2321 5315 Dei,
2355 5261 2412 5304 et
2465 5249 2550 5302 ubi
2598 5247 2914 5317 complexus
2958 5247 3026 5300 ad
3073 5245 3303 5302 invicem
3339 5240 3596 5296 dederint.
3628 5229 3735 5286 Inde

2207 5351 2458 5396 nascetur
2483 5354 2743 5409 generosa
2775 5339 3080 5408 progenies,
3115 5337 3241 5392 inde
3266 5331 3518 5406 pudicitia
3533 5327 3731 5383 orietur.

2205 5435 2584 5504 indejustitia,
2619 5434 2746 5488 inde
2786 5433 3074 5501 patientia,
3129 5433 3252 5486 inde
3293 5425 3644 5484 mansuetudo,
3687 5421 3732 5466 el

2205 5528 2463 5594 Charitas,
2533 5535 2696 5596 atque
2751 5525 2987 5578 omnium
3045 5524 3305 5579 virtutum
3366 5520 3537 5590 proles
3583 5521 3725 5566 vene-

602 5643 624 5674 '
651 5641 847 5711 Ephes.
875 5644 1052 5707 Vt,ll,
1076 5644 1162 5711 l6,
1190 5644 1274 5696 l7.
1337 5644 1358 5676 ³
1379 5647 1546 5713 Apoc.
1583 5661 1646 5710 ll,
1667 5644 1750 5699 Η.
1814 5645 1832 5677 ⁸
1857 5646 1874 5698 1
1897 5645 2022 5700 Cor.
2048 5664 2120 5711 vt,
2154 5648 2240 5712 l5.
2294 5647 2316 5678 ⁸
2340 5645 2379 5699 ΙΙ
2401 5645 2524 5700 Cor.
2552 5646 2682 5711 ",2,
2707 5645 2760 5698 5.
2819 5645 2839 5676 ⁸
2861 5644 2964 5701 lsa.
2994 5642 3255 5710 xxv1,18.
3327 5643 3344 5670 ⁷
3372 5639 3548 5696 l'l'im.
3573 5648 3627 5695 II.
3657 5622 3730 5682 15-

597 5739 712 5811 (9‘)
747 5741 924 5796 Codex
955 5740 1011 5796 S.
1046 5739 1372 5797 Theoderici
1407 5736 1714 5799 Remensis.
1747 5760 1764 5794 ι
1802 5741 1978 5797 locum
2005 5743 2220 5800 diabolo
2246 5740 2486 5797 vulneris
2517 5739 2722 5795 datnus.
2755 5757 2776 5790 ι
