  <div class='ocr_page' id='page_1' title='image "/cluster/home/n/w/nwhite01/storage/ocr_20150623/12/mdp.39015028786690/374.png"; bbox 0 0 4074 6156; ppageno 0'>
   <div class='ocr_carea' id='block_1_1' title="bbox 348 273 456 330">
    <p class='ocr_par' dir='ltr' id='par_1_1' title="bbox 348 273 456 330">
     <span class='ocr_line' id='line_1_1' title="bbox 348 273 456 330; baseline 0.037 -4"><span class='ocrx_word' id='word_1_1' title='bbox 348 273 456 330; x_wconf 73' lang='grc'><strong>729</strong></span> 
     </span>
    </p>
   </div>
   <div class='ocr_carea' id='block_1_2' title="bbox 1528 282 2430 345">
    <p class='ocr_par' dir='ltr' id='par_1_2' title="bbox 1528 282 2430 345">
     <span class='ocr_line' id='line_1_2' title="bbox 1528 282 2430 345; baseline 0.009 -8"><span class='ocrx_word' id='word_1_2' title='bbox 1528 283 1594 338; x_wconf 83' lang='lat' dir='ltr'><strong>1N</strong></span> <span class='ocrx_word' id='word_1_3' title='bbox 1631 282 1963 340; x_wconf 66' lang='lat' dir='ltr'><strong>NL&#39;MEROS</strong></span> <span class='ocrx_word' id='word_1_4' title='bbox 1991 284 2269 342; x_wconf 78' lang='lat' dir='ltr'><strong>HOMILIA</strong></span> <span class='ocrx_word' id='word_1_5' title='bbox 2311 288 2430 345; x_wconf 81' lang='lat' dir='ltr'><strong>XX.</strong></span> 
     </span>
    </p>
   </div>
   <div class='ocr_carea' id='block_1_3' title="bbox 3505 299 3610 355">
    <p class='ocr_par' dir='ltr' id='par_1_3' title="bbox 3505 299 3610 355">
     <span class='ocr_line' id='line_1_3' title="bbox 3505 299 3610 355; baseline 0.019 -2"><span class='ocrx_word' id='word_1_6' title='bbox 3505 299 3610 355; x_wconf 75' lang='lat'><strong>750</strong></span> 
     </span>
    </p>
   </div>
   <div class='ocr_carea' id='block_1_4' title="bbox 350 395 3609 490">
    <p class='ocr_par' dir='ltr' id='par_1_4' title="bbox 350 395 3609 490">
     <span class='ocr_line' id='line_1_4' title="bbox 350 395 3609 490; baseline 0.01 -46"><span class='ocrx_word' id='word_1_7' title='bbox 350 395 521 446; x_wconf 88' lang='lat' dir='ltr'><strong>randa</strong></span> <span class='ocrx_word' id='word_1_8' title='bbox 557 396 830 449; x_wconf 89' lang='lat' dir='ltr'><strong>succedet.</strong></span> <span class='ocrx_word' id='word_1_9' title='bbox 864 398 1018 464; x_wconf 83' lang='lat' dir='ltr'><strong>Quod</strong></span> <span class='ocrx_word' id='word_1_10' title='bbox 1047 401 1094 455; x_wconf 89' lang='lat' dir='ltr'><strong>si</strong></span> <span class='ocrx_word' id='word_1_11' title='bbox 1126 401 1308 458; x_wconf 83' lang='lat' dir='ltr'><strong>infelix</strong></span> <span class='ocrx_word' id='word_1_12' title='bbox 1354 405 1534 460; x_wconf 90' lang='lat' dir='ltr'><strong>anima</strong></span> <span class='ocrx_word' id='word_1_13' title='bbox 1566 406 1737 461; x_wconf 86' lang='lat' dir='ltr'><strong>divini</strong></span> <span class='ocrx_word' id='word_1_14' title='bbox 1772 408 1932 462; x_wconf 85' lang='lat' dir='ltr'><strong>Verbi</strong></span> <span class='ocrx_word' id='word_1_15' title='bbox 1964 411 2005 466; x_wconf 84' lang='lat' dir='ltr'><strong>A</strong></span> <span class='ocrx_word' id='word_1_16' title='bbox 2037 409 2166 476; x_wconf 86' lang='lat' dir='ltr'><strong>quid</strong></span> <span class='ocrx_word' id='word_1_17' title='bbox 2201 405 2422 466; x_wconf 87' lang='lat' dir='ltr'><strong>remedii</strong></span> <span class='ocrx_word' id='word_1_18' title='bbox 2455 415 2633 478; x_wconf 91' lang='lat' dir='ltr'><strong>detur,</strong></span> <span class='ocrx_word' id='word_1_19' title='bbox 2663 429 2727 468; x_wconf 81' lang='lat' dir='ltr'><strong>ex</strong></span> <span class='ocrx_word' id='word_1_20' title='bbox 2755 414 2952 472; x_wconf 87' lang='lat' dir='ltr'><strong>divinis</strong></span> <span class='ocrx_word' id='word_1_21' title='bbox 2977 417 3341 474; x_wconf 77' lang='lat' dir='ltr'><strong>voluminibus</strong></span> <span class='ocrx_word' id='word_1_22' title='bbox 3367 422 3609 490; x_wconf 87' lang='lat' dir='ltr'><strong>requira-</strong></span> 
     </span>
    </p>
   </div>
   <div class='ocr_carea' id='block_1_5' title="bbox 347 483 1927 562">
    <p class='ocr_par' dir='ltr' id='par_1_5' title="bbox 347 483 1927 562">
     <span class='ocr_line' id='line_1_5' title="bbox 347 483 1927 562; baseline 0.014 -28"><span class='ocrx_word' id='word_1_23' title='bbox 347 483 910 554; x_wconf 85' lang='lat' dir='ltr'><strong>dereliqueritsancta</strong></span> <span class='ocrx_word' id='word_1_24' title='bbox 956 497 1246 562; x_wconf 84' lang='lat' dir='ltr'><strong>connubia,</strong></span> <span class='ocrx_word' id='word_1_25' title='bbox 1275 507 1330 554; x_wconf 93' lang='lat' dir='ltr'><strong>et</strong></span> <span class='ocrx_word' id='word_1_26' title='bbox 1374 500 1424 552; x_wconf 92' lang='lat' dir='ltr'><strong>in</strong></span> <span class='ocrx_word' id='word_1_27' title='bbox 1471 500 1806 556; x_wconf 89' lang='lat' dir='ltr'><strong>adulterinos</strong></span> <span class='ocrx_word' id='word_1_28' title='bbox 1869 517 1927 556; x_wconf 90' lang='lat' dir='ltr'><strong>se</strong></span> 
     </span>
    </p>
   </div>
   <div class='ocr_carea' id='block_1_6' title="bbox 340 576 1925 657">
    <p class='ocr_par' dir='ltr' id='par_1_6' title="bbox 340 576 1925 657">
     <span class='ocr_line' id='line_1_6' title="bbox 340 576 1925 657; baseline 0.013 -31"><span class='ocrx_word' id='word_1_29' title='bbox 340 576 660 644; x_wconf 80' lang='lat' dir='ltr'><strong>complexus</strong></span> <span class='ocrx_word' id='word_1_30' title='bbox 691 580 911 648; x_wconf 86' lang='lat' dir='ltr'><strong>diaboli,</strong></span> <span class='ocrx_word' id='word_1_31' title='bbox 943 585 1283 657; x_wconf 86' lang='lat' dir='ltr'><strong>aliorumque</strong></span> <span class='ocrx_word' id='word_1_32' title='bbox 1317 591 1617 646; x_wconf 64' lang='lat' dir='ltr'><strong>daemonum</strong></span> <span class='ocrx_word' id='word_1_33' title='bbox 1657 593 1925 647; x_wconf 84' lang='lat' dir='ltr'><strong>illecebris</strong></span> 
     </span>
    </p>
   </div>
   <div class='ocr_carea' id='block_1_7' title="bbox 339 669 1922 749">
    <p class='ocr_par' dir='ltr' id='par_1_7' title="bbox 339 669 1922 749">
     <span class='ocr_line' id='line_1_7' title="bbox 339 669 1922 749; baseline 0.011 -28"><span class='ocrx_word' id='word_1_34' title='bbox 339 669 626 740; x_wconf 83' lang='lat' dir='ltr'><strong>deceptam</strong></span> <span class='ocrx_word' id='word_1_35' title='bbox 689 677 997 745; x_wconf 86' lang='lat' dir='ltr'><strong>tradiderit,</strong></span> <span class='ocrx_word' id='word_1_36' title='bbox 1053 683 1335 749; x_wconf 88' lang='lat' dir='ltr'><strong>generabit</strong></span> <span class='ocrx_word' id='word_1_37' title='bbox 1386 687 1503 739; x_wconf 87' lang='lat' dir='ltr'><strong>sine</strong></span> <span class='ocrx_word' id='word_1_38' title='bbox 1551 687 1712 741; x_wconf 89' lang='lat' dir='ltr'><strong>dubio</strong></span> <span class='ocrx_word' id='word_1_39' title='bbox 1761 689 1922 741; x_wconf 88' lang='lat' dir='ltr'><strong>etiam</strong></span> 
     </span>
    </p>
   </div>
   <div class='ocr_carea' id='block_1_8' title="bbox 343 761 1918 847">
    <p class='ocr_par' dir='ltr' id='par_1_8' title="bbox 343 761 1918 847">
     <span class='ocr_line' id='line_1_8' title="bbox 343 761 1918 847; baseline 0.011 -33"><span class='ocrx_word' id='word_1_40' title='bbox 343 761 474 817; x_wconf 82' lang='lat' dir='ltr'><strong>inde</strong></span> <span class='ocrx_word' id='word_1_41' title='bbox 520 763 686 822; x_wconf 81' lang='lat' dir='ltr'><strong>filios.</strong></span> <span class='ocrx_word' id='word_1_42' title='bbox 731 769 826 823; x_wconf 86' lang='lat' dir='ltr'><strong>sed</strong></span> <span class='ocrx_word' id='word_1_43' title='bbox 879 769 1018 834; x_wconf 86' lang='lat' dir='ltr'><strong>illos,</strong></span> <span class='ocrx_word' id='word_1_44' title='bbox 1067 773 1134 826; x_wconf 91' lang='lat' dir='ltr'><strong>de</strong></span> <span class='ocrx_word' id='word_1_45' title='bbox 1182 775 1379 843; x_wconf 89' lang='lat' dir='ltr'><strong>quibus</strong></span> <span class='ocrx_word' id='word_1_46' title='bbox 1427 777 1685 847; x_wconf 89' lang='lat' dir='ltr'><strong>scriptum</strong></span> <span class='ocrx_word' id='word_1_47' title='bbox 1735 790 1816 834; x_wconf 91' lang='lat' dir='ltr'><strong>est</strong></span> <span class='ocrx_word' id='word_1_48' title='bbox 1851 779 1918 832; x_wconf 71' lang='grc' dir='ltr'><em>δε</em></span> 
     </span>
    </p>
   </div>
   <div class='ocr_carea' id='block_1_9' title="bbox 345 854 1920 936">
    <p class='ocr_par' dir='ltr' id='par_1_9' title="bbox 345 854 1920 936">
     <span class='ocr_line' id='line_1_9' title="bbox 345 854 1920 936; baseline 0.013 -31"><span class='ocrx_word' id='word_1_49' title='bbox 345 872 368 904; x_wconf 71' lang='grc' dir='ltr'><strong>ι</strong></span> <span class='ocrx_word' id='word_1_50' title='bbox 405 854 528 908; x_wconf 88' lang='lat' dir='ltr'><strong>Filii</strong></span> <span class='ocrx_word' id='word_1_51' title='bbox 568 867 749 913; x_wconf 90' lang='lat' dir='ltr'><strong>autem</strong></span> <span class='ocrx_word' id='word_1_52' title='bbox 795 863 1166 917; x_wconf 88' lang='lat' dir='ltr'><strong>adulterorum</strong></span> <span class='ocrx_word' id='word_1_53' title='bbox 1202 866 1505 936; x_wconf 89' lang='lat' dir='ltr'><strong>imperfecti</strong></span> <span class='ocrx_word' id='word_1_54' title='bbox 1545 881 1721 935; x_wconf 81' lang='lat' dir='ltr'><strong>ertmt,</strong></span> <span class='ocrx_word' id='word_1_55' title='bbox 1772 883 1825 925; x_wconf 84' lang='lat' dir='ltr'><strong>ct</strong></span> <span class='ocrx_word' id='word_1_56' title='bbox 1856 888 1920 926; x_wconf 78' lang='lat' dir='ltr'><strong>ex</strong></span> 
     </span>
    </p>
   </div>
   <div class='ocr_carea' id='block_1_10' title="bbox 340 949 1922 1019">
    <p class='ocr_par' dir='ltr' id='par_1_10' title="bbox 340 949 1922 1019">
     <span class='ocr_line' id='line_1_10' title="bbox 340 949 1922 1019; baseline 0.012 -19"><span class='ocrx_word' id='word_1_57' title='bbox 340 949 534 1019; x_wconf 89' lang='lat' dir='ltr'><strong>iniquo</strong></span> <span class='ocrx_word' id='word_1_58' title='bbox 563 955 862 1008; x_wconf 84' lang='lat' dir='ltr'><strong>concubitu</strong></span> <span class='ocrx_word' id='word_1_59' title='bbox 918 973 1101 1012; x_wconf 87' lang='lat' dir='ltr'><strong>semen</strong></span> <span class='ocrx_word' id='word_1_60' title='bbox 1157 963 1627 1018; x_wconf 78' lang='lat' dir='ltr'><strong>exterminabitur.</strong></span> <span class='ocrx_word' id='word_1_61' title='bbox 1665 983 1684 1015; x_wconf 75' lang='grc' dir='ltr'><strong>ι</strong></span> <span class='ocrx_word' id='word_1_62' title='bbox 1727 965 1922 1019; x_wconf 87' lang='lat' dir='ltr'><strong>Omnia</strong></span> 
     </span>
    </p>
   </div>
   <div class='ocr_carea' id='block_1_11' title="bbox 336 1031 1918 1120">
    <p class='ocr_par' dir='ltr' id='par_1_11' title="bbox 336 1031 1918 1120">
     <span class='ocr_line' id='line_1_11' title="bbox 336 1031 1918 1120; baseline 0.01 -26"><span class='ocrx_word' id='word_1_63' title='bbox 336 1057 473 1111; x_wconf 87' lang='lat' dir='ltr'><strong>ergo</strong></span> <span class='ocrx_word' id='word_1_64' title='bbox 506 1055 725 1110; x_wconf 87' lang='lat' dir='ltr'><strong>peccata</strong></span> <span class='ocrx_word' id='word_1_65' title='bbox 753 1031 846 1100; x_wconf 68' lang='lat' dir='ltr'><strong>filii</strong></span> <span class='ocrx_word' id='word_1_66' title='bbox 870 1061 995 1100; x_wconf 89' lang='lat' dir='ltr'><strong>sunt</strong></span> <span class='ocrx_word' id='word_1_67' title='bbox 1020 1050 1291 1120; x_wconf 85' lang='lat' dir='ltr'><strong>adulterii,</strong></span> <span class='ocrx_word' id='word_1_68' title='bbox 1319 1063 1374 1108; x_wconf 90' lang='lat' dir='ltr'><strong>et</strong></span> <span class='ocrx_word' id='word_1_69' title='bbox 1401 1055 1497 1110; x_wconf 90' lang='lat' dir='ltr'><strong>filii</strong></span> <span class='ocrx_word' id='word_1_70' title='bbox 1521 1055 1918 1113; x_wconf 85' lang='lat' dir='ltr'><strong>fornicationis.</strong></span> 
     </span>
    </p>
   </div>
   <div class='ocr_carea' id='block_1_12' title="bbox 342 1132 1919 1217">
    <p class='ocr_par' dir='ltr' id='par_1_12' title="bbox 342 1132 1919 1217">
     <span class='ocr_line' id='line_1_12' title="bbox 342 1132 1919 1217; baseline 0.009 -30"><span class='ocrx_word' id='word_1_71' title='bbox 342 1132 497 1188; x_wconf 84' lang='lat' dir='ltr'><strong>Unde</strong></span> <span class='ocrx_word' id='word_1_72' title='bbox 520 1145 576 1190; x_wconf 92' lang='lat' dir='ltr'><strong>et</strong></span> <span class='ocrx_word' id='word_1_73' title='bbox 604 1140 931 1198; x_wconf 85' lang='lat' dir='ltr'><strong>ostenditur,</strong></span> <span class='ocrx_word' id='word_1_74' title='bbox 967 1144 1109 1207; x_wconf 90' lang='lat' dir='ltr'><strong>quod</strong></span> <span class='ocrx_word' id='word_1_75' title='bbox 1155 1159 1254 1212; x_wconf 89' lang='lat' dir='ltr'><strong>per</strong></span> <span class='ocrx_word' id='word_1_76' title='bbox 1300 1146 1508 1217; x_wconf 89' lang='lat' dir='ltr'><strong>singula</strong></span> <span class='ocrx_word' id='word_1_77' title='bbox 1539 1163 1765 1217; x_wconf 74' lang='lat' dir='ltr'><strong>qumque</strong></span> <span class='ocrx_word' id='word_1_78' title='bbox 1797 1155 1919 1217; x_wconf 74' lang='lat' dir='ltr'><strong>qua:</strong></span> 
     </span>
    </p>
   </div>
   <div class='ocr_carea' id='block_1_13' title="bbox 337 1228 1918 1308">
    <p class='ocr_par' dir='ltr' id='par_1_13' title="bbox 337 1228 1918 1308">
     <span class='ocr_line' id='line_1_13' title="bbox 337 1228 1918 1308; baseline 0.009 -29"><span class='ocrx_word' id='word_1_79' title='bbox 337 1228 604 1295; x_wconf 79' lang='lat' dir='ltr'><strong>gerimus,</strong></span> <span class='ocrx_word' id='word_1_80' title='bbox 631 1233 771 1298; x_wconf 84' lang='lat' dir='ltr'><strong>parit</strong></span> <span class='ocrx_word' id='word_1_81' title='bbox 800 1235 979 1288; x_wconf 86' lang='lat' dir='ltr'><strong>anima</strong></span> <span class='ocrx_word' id='word_1_82' title='bbox 1011 1246 1220 1303; x_wconf 86' lang='lat' dir='ltr'><strong>nostra,</strong></span> <span class='ocrx_word' id='word_1_83' title='bbox 1250 1247 1304 1293; x_wconf 92' lang='lat' dir='ltr'><strong>et</strong></span> <span class='ocrx_word' id='word_1_84' title='bbox 1342 1251 1560 1308; x_wconf 88' lang='lat' dir='ltr'><strong>generat</strong></span> <span class='ocrx_word' id='word_1_85' title='bbox 1603 1242 1762 1302; x_wconf 89' lang='lat' dir='ltr'><strong>filios.</strong></span> <span class='ocrx_word' id='word_1_86' title='bbox 1793 1257 1918 1296; x_wconf 91' lang='lat' dir='ltr'><strong>seu-</strong></span> 
     </span>
    </p>
   </div>
   <div class='ocr_carea' id='block_1_14' title="bbox 337 1322 1916 1402">
    <p class='ocr_par' dir='ltr' id='par_1_14' title="bbox 337 1322 1916 1402">
     <span class='ocr_line' id='line_1_14' title="bbox 337 1322 1916 1402; baseline 0.011 -31"><span class='ocrx_word' id='word_1_87' title='bbox 337 1335 436 1373; x_wconf 86' lang='lat' dir='ltr'><strong>sus</strong></span> <span class='ocrx_word' id='word_1_88' title='bbox 468 1322 674 1377; x_wconf 88' lang='lat' dir='ltr'><strong>scilicet</strong></span> <span class='ocrx_word' id='word_1_89' title='bbox 701 1335 752 1379; x_wconf 89' lang='lat' dir='ltr'><strong>et</strong></span> <span class='ocrx_word' id='word_1_90' title='bbox 776 1340 940 1395; x_wconf 83' lang='lat' dir='ltr'><strong>opera</strong></span> <span class='ocrx_word' id='word_1_91' title='bbox 963 1343 1079 1396; x_wconf 75' lang='lat' dir='ltr'><strong>qua:</strong></span> <span class='ocrx_word' id='word_1_92' title='bbox 1103 1332 1261 1401; x_wconf 84' lang='lat' dir='ltr'><strong>gerit.</strong></span> <span class='ocrx_word' id='word_1_93' title='bbox 1298 1332 1362 1386; x_wconf 86' lang='lat' dir='ltr'><strong>Et</strong></span> <span class='ocrx_word' id='word_1_94' title='bbox 1387 1333 1432 1386; x_wconf 92' lang='lat' dir='ltr'><strong>si</strong></span> <span class='ocrx_word' id='word_1_95' title='bbox 1477 1335 1693 1402; x_wconf 88' lang='lat' dir='ltr'><strong>quidem</strong></span> <span class='ocrx_word' id='word_1_96' title='bbox 1721 1350 1916 1390; x_wconf 85' lang='lat' dir='ltr'><strong>secun-</strong></span> 
     </span>
    </p>
   </div>
   <div class='ocr_carea' id='block_1_15' title="bbox 336 1413 1915 1492">
    <p class='ocr_par' dir='ltr' id='par_1_15' title="bbox 336 1413 1915 1492">
     <span class='ocr_line' id='line_1_15' title="bbox 336 1413 1915 1492; baseline 0.009 -29"><span class='ocrx_word' id='word_1_97' title='bbox 336 1413 468 1466; x_wconf 88' lang='lat' dir='ltr'><strong>dum</strong></span> <span class='ocrx_word' id='word_1_98' title='bbox 511 1413 681 1484; x_wconf 80' lang='lat' dir='ltr'><strong>legem</strong></span> <span class='ocrx_word' id='word_1_99' title='bbox 735 1430 817 1472; x_wconf 91' lang='lat' dir='ltr'><strong>est</strong></span> <span class='ocrx_word' id='word_1_100' title='bbox 869 1421 1017 1484; x_wconf 89' lang='lat' dir='ltr'><strong>quod</strong></span> <span class='ocrx_word' id='word_1_101' title='bbox 1068 1424 1233 1492; x_wconf 87' lang='lat' dir='ltr'><strong>gerit,</strong></span> <span class='ocrx_word' id='word_1_102' title='bbox 1261 1432 1316 1479; x_wconf 90' lang='lat' dir='ltr'><strong>et</strong></span> <span class='ocrx_word' id='word_1_103' title='bbox 1355 1427 1648 1480; x_wconf 90' lang='lat' dir='ltr'><strong>secundum</strong></span> <span class='ocrx_word' id='word_1_104' title='bbox 1693 1427 1915 1481; x_wconf 84' lang='lat' dir='ltr'><strong>verbum</strong></span> 
     </span>
    </p>
   </div>
   <div class='ocr_carea' id='block_1_16' title="bbox 338 1504 1916 1588">
    <p class='ocr_par' dir='ltr' id='par_1_16' title="bbox 338 1504 1916 1588">
     <span class='ocr_line' id='line_1_16' title="bbox 338 1504 1916 1588; baseline 0.01 -30"><span class='ocrx_word' id='word_1_105' title='bbox 338 1504 459 1565; x_wconf 82' lang='lat' dir='ltr'><strong>Dei,</strong></span> <span class='ocrx_word' id='word_1_106' title='bbox 486 1509 735 1577; x_wconf 85' lang='lat' dir='ltr'><strong>spiritum</strong></span> <span class='ocrx_word' id='word_1_107' title='bbox 770 1512 910 1578; x_wconf 90' lang='lat' dir='ltr'><strong>parit</strong></span> <span class='ocrx_word' id='word_1_108' title='bbox 943 1513 1154 1580; x_wconf 88' lang='lat' dir='ltr'><strong>salutis,</strong></span> <span class='ocrx_word' id='word_1_109' title='bbox 1194 1525 1248 1570; x_wconf 90' lang='lat' dir='ltr'><strong>et</strong></span> <span class='ocrx_word' id='word_1_110' title='bbox 1298 1528 1584 1588; x_wconf 83' lang='lat' dir='ltr'><strong>propterea</strong></span> <span class='ocrx_word' id='word_1_111' title='bbox 1621 1520 1916 1573; x_wconf 83' lang='lat' dir='ltr'><strong>salvabitur</strong></span> 
     </span>
    </p>
   </div>
   <div class='ocr_carea' id='block_1_17' title="bbox 332 1599 1912 1679">
    <p class='ocr_par' dir='ltr' id='par_1_17' title="bbox 332 1599 1912 1679">
     <span class='ocr_line' id='line_1_17' title="bbox 332 1599 1912 1679; baseline 0.008 -28"><span class='ocrx_word' id='word_1_112' title='bbox 332 1613 436 1666; x_wconf 84' lang='lat' dir='ltr'><strong>per</strong></span> <span class='ocrx_word' id='word_1_113' title='bbox 463 1599 694 1655; x_wconf 89' lang='lat' dir='ltr'><strong>filiorum</strong></span> <span class='ocrx_word' id='word_1_114' title='bbox 724 1607 1154 1672; x_wconf 84' lang='lat' dir='ltr'><strong>generationem,</strong></span> <span class='ocrx_word' id='word_1_115' title='bbox 1175 1618 1230 1662; x_wconf 90' lang='lat' dir='ltr'><strong>et</strong></span> <span class='ocrx_word' id='word_1_116' title='bbox 1261 1608 1349 1662; x_wconf 89' lang='lat' dir='ltr'><strong>isti</strong></span> <span class='ocrx_word' id='word_1_117' title='bbox 1377 1620 1502 1664; x_wconf 90' lang='lat' dir='ltr'><strong>sunt</strong></span> <span class='ocrx_word' id='word_1_118' title='bbox 1536 1610 1652 1674; x_wconf 87' lang='lat' dir='ltr'><strong>filii,</strong></span> <span class='ocrx_word' id='word_1_119' title='bbox 1679 1611 1745 1665; x_wconf 89' lang='lat' dir='ltr'><strong>de</strong></span> <span class='ocrx_word' id='word_1_120' title='bbox 1785 1611 1912 1679; x_wconf 87' lang='lat' dir='ltr'><strong>qui-</strong></span> 
     </span>
    </p>
   </div>
   <div class='ocr_carea' id='block_1_18' title="bbox 341 1692 1907 1764">
    <p class='ocr_par' dir='ltr' id='par_1_18' title="bbox 341 1692 1907 1764">
     <span class='ocr_line' id='line_1_18' title="bbox 341 1692 1907 1764; baseline 0.01 -21"><span class='ocrx_word' id='word_1_121' title='bbox 341 1693 448 1746; x_wconf 85' lang='lat' dir='ltr'><strong>bus</strong></span> <span class='ocrx_word' id='word_1_122' title='bbox 475 1692 743 1764; x_wconf 85' lang='lat' dir='ltr'><strong>Propheta</strong></span> <span class='ocrx_word' id='word_1_123' title='bbox 778 1697 907 1751; x_wconf 88' lang='lat' dir='ltr'><strong>dicit</strong></span> <span class='ocrx_word' id='word_1_124' title='bbox 931 1699 952 1729; x_wconf 76' lang='grc'>⁸</span> <span class='ocrx_word' id='word_1_125' title='bbox 983 1715 996 1750; x_wconf 91' lang='lat'>:</span> <span class='ocrx_word' id='word_1_126' title='bbox 1032 1713 1054 1749; x_wconf 83' lang='grc' dir='ltr'><strong>ι</strong></span> <span class='ocrx_word' id='word_1_127' title='bbox 1097 1699 1219 1754; x_wconf 85' lang='lat' dir='ltr'><strong>Filii</strong></span> <span class='ocrx_word' id='word_1_128' title='bbox 1249 1703 1327 1755; x_wconf 89' lang='lat' dir='ltr'><strong>tui</strong></span> <span class='ocrx_word' id='word_1_129' title='bbox 1365 1703 1506 1758; x_wconf 81' lang='lat' dir='ltr'><strong>sicut</strong></span> <span class='ocrx_word' id='word_1_130' title='bbox 1546 1704 1771 1758; x_wconf 70' lang='lat' dir='ltr'><strong>novella:</strong></span> <span class='ocrx_word' id='word_1_131' title='bbox 1804 1705 1907 1758; x_wconf 85' lang='lat' dir='ltr'><strong>oli-</strong></span> 
     </span>
    </p>
   </div>
   <div class='ocr_carea' id='block_1_19' title="bbox 331 1787 1908 1868">
    <p class='ocr_par' dir='ltr' id='par_1_19' title="bbox 331 1787 1908 1868">
     <span class='ocr_line' id='line_1_19' title="bbox 331 1787 1908 1868; baseline 0.009 -30"><span class='ocrx_word' id='word_1_132' title='bbox 331 1801 526 1839; x_wconf 85' lang='lat' dir='ltr'><strong>varum</strong></span> <span class='ocrx_word' id='word_1_133' title='bbox 555 1787 609 1841; x_wconf 90' lang='lat' dir='ltr'><strong>in</strong></span> <span class='ocrx_word' id='word_1_134' title='bbox 633 1790 860 1843; x_wconf 89' lang='lat' dir='ltr'><strong>circuitu</strong></span> <span class='ocrx_word' id='word_1_135' title='bbox 909 1809 1109 1849; x_wconf 71' lang='lat' dir='ltr'><strong>mensae</strong></span> <span class='ocrx_word' id='word_1_136' title='bbox 1149 1803 1271 1848; x_wconf 72' lang='lat' dir='ltr'><strong>ture.</strong></span> <span class='ocrx_word' id='word_1_137' title='bbox 1306 1813 1325 1847; x_wconf 75' lang='grc' dir='ltr'><strong>ι</strong></span> <span class='ocrx_word' id='word_1_138' title='bbox 1379 1796 1436 1850; x_wconf 89' lang='lat' dir='ltr'><strong>Si</strong></span> <span class='ocrx_word' id='word_1_139' title='bbox 1478 1812 1604 1851; x_wconf 91' lang='lat' dir='ltr'><strong>vero</strong></span> <span class='ocrx_word' id='word_1_140' title='bbox 1631 1799 1772 1867; x_wconf 87' lang='lat' dir='ltr'><strong>quod</strong></span> <span class='ocrx_word' id='word_1_141' title='bbox 1797 1800 1908 1868; x_wconf 83' lang='lat' dir='ltr'><strong>agit</strong></span> 
     </span>
    </p>
   </div>
   <div class='ocr_carea' id='block_1_20' title="bbox 332 1880 1902 1958">
    <p class='ocr_par' dir='ltr' id='par_1_20' title="bbox 332 1880 1902 1958">
     <span class='ocr_line' id='line_1_20' title="bbox 332 1880 1902 1958; baseline 0.01 -27"><span class='ocrx_word' id='word_1_142' title='bbox 332 1889 530 1933; x_wconf 87' lang='lat' dir='ltr'><strong>contra</strong></span> <span class='ocrx_word' id='word_1_143' title='bbox 575 1880 742 1950; x_wconf 83' lang='lat' dir='ltr'><strong>legem</strong></span> <span class='ocrx_word' id='word_1_144' title='bbox 791 1895 895 1952; x_wconf 91' lang='lat' dir='ltr'><strong>est,</strong></span> <span class='ocrx_word' id='word_1_145' title='bbox 939 1901 993 1940; x_wconf 89' lang='lat' dir='ltr'><strong>et</strong></span> <span class='ocrx_word' id='word_1_146' title='bbox 1024 1900 1306 1958; x_wconf 90' lang='lat' dir='ltr'><strong>peccatum</strong></span> <span class='ocrx_word' id='word_1_147' title='bbox 1344 1898 1448 1952; x_wconf 90' lang='lat' dir='ltr'><strong>est,</strong></span> <span class='ocrx_word' id='word_1_148' title='bbox 1482 1890 1602 1944; x_wconf 87' lang='lat' dir='ltr'><strong>sine</strong></span> <span class='ocrx_word' id='word_1_149' title='bbox 1649 1892 1813 1946; x_wconf 92' lang='lat' dir='ltr'><strong>dubio</strong></span> <span class='ocrx_word' id='word_1_150' title='bbox 1839 1907 1902 1946; x_wconf 85' lang='lat' dir='ltr'><strong>ex</strong></span> 
     </span>
    </p>
   </div>
   <div class='ocr_carea' id='block_1_21' title="bbox 332 1973 1902 2052">
    <p class='ocr_par' dir='ltr' id='par_1_21' title="bbox 332 1973 1902 2052">
     <span class='ocr_line' id='line_1_21' title="bbox 332 1973 1902 2052; baseline 0.01 -29"><span class='ocrx_word' id='word_1_151' title='bbox 332 1973 694 2040; x_wconf 86' lang='lat' dir='ltr'><strong>conceptione</strong></span> <span class='ocrx_word' id='word_1_152' title='bbox 737 1980 994 2032; x_wconf 85' lang='lat' dir='ltr'><strong>contrarii</strong></span> <span class='ocrx_word' id='word_1_153' title='bbox 1044 1981 1269 2049; x_wconf 89' lang='lat' dir='ltr'><strong>spiritus</strong></span> <span class='ocrx_word' id='word_1_154' title='bbox 1320 1982 1612 2052; x_wconf 87' lang='lat' dir='ltr'><strong>malignam</strong></span> <span class='ocrx_word' id='word_1_155' title='bbox 1662 1984 1902 2038; x_wconf 91' lang='lat' dir='ltr'><strong>sobolem</strong></span> 
     </span>
    </p>
   </div>
   <div class='ocr_carea' id='block_1_22' title="bbox 330 2061 1904 2140">
    <p class='ocr_par' dir='ltr' id='par_1_22' title="bbox 330 2061 1904 2140">
     <span class='ocr_line' id='line_1_22' title="bbox 330 2061 1904 2140; baseline 0.012 -30"><span class='ocrx_word' id='word_1_156' title='bbox 330 2061 524 2130; x_wconf 81' lang='lat' dir='ltr'><strong>gignit.</strong></span> <span class='ocrx_word' id='word_1_157' title='bbox 555 2063 702 2118; x_wconf 85' lang='lat' dir='ltr'><strong>Parit</strong></span> <span class='ocrx_word' id='word_1_158' title='bbox 728 2067 871 2120; x_wconf 91' lang='lat' dir='ltr'><strong>enim</strong></span> <span class='ocrx_word' id='word_1_159' title='bbox 904 2069 1046 2123; x_wconf 82' lang='lat' dir='ltr'><strong>ﬁlios</strong></span> <span class='ocrx_word' id='word_1_160' title='bbox 1073 2073 1303 2140; x_wconf 85' lang='lat' dir='ltr'><strong>peccati.</strong></span> <span class='ocrx_word' id='word_1_161' title='bbox 1331 2072 1397 2126; x_wconf 87' lang='lat' dir='ltr'><strong>Et</strong></span> <span class='ocrx_word' id='word_1_162' title='bbox 1427 2075 1544 2128; x_wconf 67' lang='lat' dir='ltr'><strong>ista:</strong></span> <span class='ocrx_word' id='word_1_163' title='bbox 1571 2085 1696 2129; x_wconf 87' lang='lat' dir='ltr'><strong>sunt</strong></span> <span class='ocrx_word' id='word_1_164' title='bbox 1739 2076 1904 2129; x_wconf 86' lang='lat' dir='ltr'><strong>male-</strong></span> 
     </span>
    </p>
   </div>
   <div class='ocr_carea' id='block_1_23' title="bbox 328 2153 1899 2229">
    <p class='ocr_par' dir='ltr' id='par_1_23' title="bbox 328 2153 1899 2229">
     <span class='ocr_line' id='line_1_23' title="bbox 328 2153 1899 2229; baseline 0.011 -25"><span class='ocrx_word' id='word_1_165' title='bbox 328 2153 492 2205; x_wconf 74' lang='lat' dir='ltr'><strong>dicta:</strong></span> <span class='ocrx_word' id='word_1_166' title='bbox 522 2158 900 2221; x_wconf 81' lang='lat' dir='ltr'><strong>generationes</strong></span> <span class='ocrx_word' id='word_1_167' title='bbox 927 2163 978 2215; x_wconf 94' lang='lat' dir='ltr'><strong>iu</strong></span> <span class='ocrx_word' id='word_1_168' title='bbox 1010 2163 1205 2229; x_wconf 79' lang='lat' dir='ltr'><strong>quibus</strong></span> <span class='ocrx_word' id='word_1_169' title='bbox 1229 2179 1258 2218; x_wconf 90' lang='lat' dir='ltr'><strong>a</strong></span> <span class='ocrx_word' id='word_1_170' title='bbox 1287 2166 1557 2221; x_wconf 88' lang='lat' dir='ltr'><strong>nonnullis</strong></span> <span class='ocrx_word' id='word_1_171' title='bbox 1585 2175 1899 2222; x_wconf 87' lang='lat' dir='ltr'><strong>sanctorum</strong></span> 
     </span>
    </p>
   </div>
   <div class='ocr_carea' id='block_1_24' title="bbox 333 2244 1901 2324">
    <p class='ocr_par' dir='ltr' id='par_1_24' title="bbox 333 2244 1901 2324">
     <span class='ocr_line' id='line_1_24' title="bbox 333 2244 1901 2324; baseline 0.013 -29"><span class='ocrx_word' id='word_1_172' title='bbox 333 2244 682 2302; x_wconf 85' lang='lat' dir='ltr'><strong>maledicitur</strong></span> <span class='ocrx_word' id='word_1_173' title='bbox 707 2253 869 2304; x_wconf 88' lang='lat' dir='ltr'><strong>etiam</strong></span> <span class='ocrx_word' id='word_1_174' title='bbox 895 2253 1010 2307; x_wconf 89' lang='lat' dir='ltr'><strong>dies</strong></span> <span class='ocrx_word' id='word_1_175' title='bbox 1050 2256 1102 2308; x_wconf 89' lang='lat' dir='ltr'><strong>in</strong></span> <span class='ocrx_word' id='word_1_176' title='bbox 1140 2270 1246 2324; x_wconf 84' lang='lat' dir='ltr'><strong>quo</strong></span> <span class='ocrx_word' id='word_1_177' title='bbox 1294 2257 1407 2310; x_wconf 89' lang='lat' dir='ltr'><strong>nati</strong></span> <span class='ocrx_word' id='word_1_178' title='bbox 1457 2268 1586 2312; x_wconf 90' lang='lat' dir='ltr'><strong>sunt</strong></span> <span class='ocrx_word' id='word_1_179' title='bbox 1631 2261 1695 2314; x_wconf 85' lang='grc'><strong>¹⁶.</strong></span> <span class='ocrx_word' id='word_1_180' title='bbox 1747 2259 1901 2314; x_wconf 81' lang='lat' dir='ltr'><strong>Nun—</strong></span> 
     </span>
    </p>
   </div>
   <div class='ocr_carea' id='block_1_25' title="bbox 324 2343 1899 2414">
    <p class='ocr_par' dir='ltr' id='par_1_25' title="bbox 324 2343 1899 2414">
     <span class='ocr_line' id='line_1_25' title="bbox 324 2343 1899 2414; baseline 0.017 -33"><span class='ocrx_word' id='word_1_181' title='bbox 324 2345 490 2398; x_wconf 90' lang='lat' dir='ltr'><strong>quam</strong></span> <span class='ocrx_word' id='word_1_182' title='bbox 520 2345 604 2388; x_wconf 85' lang='lat' dir='ltr'><strong>est</strong></span> <span class='ocrx_word' id='word_1_183' title='bbox 645 2351 774 2405; x_wconf 89' lang='lat' dir='ltr'><strong>ergo</strong></span> <span class='ocrx_word' id='word_1_184' title='bbox 807 2343 1025 2408; x_wconf 85' lang='lat' dir='ltr'><strong>quando</strong></span> <span class='ocrx_word' id='word_1_185' title='bbox 1072 2360 1176 2398; x_wconf 91' lang='lat' dir='ltr'><strong>non</strong></span> <span class='ocrx_word' id='word_1_186' title='bbox 1233 2346 1412 2414; x_wconf 90' lang='lat' dir='ltr'><strong>pariat</strong></span> <span class='ocrx_word' id='word_1_187' title='bbox 1466 2348 1672 2404; x_wconf 89' lang='lat' dir='ltr'><strong>anima.</strong></span> <span class='ocrx_word' id='word_1_188' title='bbox 1704 2350 1899 2407; x_wconf 85' lang='lat' dir='ltr'><strong>Anima</strong></span> 
     </span>
    </p>
   </div>
   <div class='ocr_carea' id='block_1_26' title="bbox 325 2431 1899 2512">
    <p class='ocr_par' dir='ltr' id='par_1_26' title="bbox 325 2431 1899 2512">
     <span class='ocr_line' id='line_1_26' title="bbox 325 2431 1899 2512; baseline 0.011 -34"><span class='ocrx_word' id='word_1_189' title='bbox 325 2439 545 2494; x_wconf 88' lang='lat' dir='ltr'><strong>semper</strong></span> <span class='ocrx_word' id='word_1_190' title='bbox 589 2431 754 2498; x_wconf 83' lang='lat' dir='ltr'><strong>parit,</strong></span> <span class='ocrx_word' id='word_1_191' title='bbox 786 2448 1001 2501; x_wconf 89' lang='lat' dir='ltr'><strong>semper</strong></span> <span class='ocrx_word' id='word_1_192' title='bbox 1024 2447 1246 2505; x_wconf 81' lang='lat' dir='ltr'><strong>generat</strong></span> <span class='ocrx_word' id='word_1_193' title='bbox 1274 2439 1430 2494; x_wconf 89' lang='lat' dir='ltr'><strong>filios.</strong></span> <span class='ocrx_word' id='word_1_194' title='bbox 1483 2441 1589 2496; x_wconf 91' lang='lat' dir='ltr'><strong>Sed</strong></span> <span class='ocrx_word' id='word_1_195' title='bbox 1643 2443 1733 2496; x_wconf 89' lang='lat' dir='ltr'><strong>illa</strong></span> <span class='ocrx_word' id='word_1_196' title='bbox 1778 2445 1899 2512; x_wconf 89' lang='lat' dir='ltr'><strong>qui-</strong></span> 
     </span>
    </p>
   </div>
   <div class='ocr_carea' id='block_1_27' title="bbox 325 2519 1897 2596">
    <p class='ocr_par' dir='ltr' id='par_1_27' title="bbox 325 2519 1897 2596">
     <span class='ocr_line' id='line_1_27' title="bbox 325 2519 1897 2596; baseline 0.011 -26"><span class='ocrx_word' id='word_1_197' title='bbox 325 2519 450 2571; x_wconf 85' lang='lat' dir='ltr'><strong>dem</strong></span> <span class='ocrx_word' id='word_1_198' title='bbox 478 2520 757 2596; x_wconf 76' lang='lat' dir='ltr'><strong>benedicta</strong></span> <span class='ocrx_word' id='word_1_199' title='bbox 788 2528 1069 2594; x_wconf 83' lang='lat' dir='ltr'><strong>generatio</strong></span> <span class='ocrx_word' id='word_1_200' title='bbox 1091 2538 1193 2591; x_wconf 90' lang='lat' dir='ltr'><strong>est,</strong></span> <span class='ocrx_word' id='word_1_201' title='bbox 1228 2545 1346 2596; x_wconf 80' lang='lat' dir='ltr'><strong>quae</strong></span> <span class='ocrx_word' id='word_1_202' title='bbox 1371 2533 1434 2584; x_wconf 91' lang='lat' dir='ltr'><strong>de</strong></span> <span class='ocrx_word' id='word_1_203' title='bbox 1461 2534 1626 2588; x_wconf 90' lang='lat' dir='ltr'><strong>verbo</strong></span> <span class='ocrx_word' id='word_1_204' title='bbox 1655 2534 1745 2589; x_wconf 88' lang='lat' dir='ltr'><strong>Dei</strong></span> <span class='ocrx_word' id='word_1_205' title='bbox 1776 2552 1897 2590; x_wconf 89' lang='lat' dir='ltr'><strong>con-</strong></span> 
     </span>
    </p>
   </div>
   <div class='ocr_carea' id='block_1_28' title="bbox 322 2592 1897 2694">
    <p class='ocr_par' dir='ltr' id='par_1_28' title="bbox 322 2592 1897 2694">
     <span class='ocr_line' id='line_1_28' title="bbox 322 2592 1897 2694; baseline 0.012 -33"><span class='ocrx_word' id='word_1_206' title='bbox 322 2619 479 2678; x_wconf 87' lang='lat' dir='ltr'><strong>cepta</strong></span> <span class='ocrx_word' id='word_1_207' title='bbox 507 2592 822 2679; x_wconf 61' lang='lat' dir='ltr'><strong>generatur,</strong></span> <span class='ocrx_word' id='word_1_208' title='bbox 849 2623 901 2668; x_wconf 91' lang='lat' dir='ltr'><strong>et</strong></span> <span class='ocrx_word' id='word_1_209' title='bbox 926 2617 1024 2669; x_wconf 88' lang='lat' dir='ltr'><strong>ista</strong></span> <span class='ocrx_word' id='word_1_210' title='bbox 1054 2626 1136 2670; x_wconf 85' lang='grc' dir='ltr'><strong>εει</strong></span> <span class='ocrx_word' id='word_1_211' title='bbox 1177 2592 1408 2673; x_wconf 39' lang='lat' dir='ltr'><strong>fili-orum</strong></span> <span class='ocrx_word' id='word_1_212' title='bbox 1450 2625 1746 2692; x_wconf 82' lang='lat' dir='ltr'><strong>generatio,</strong></span> <span class='ocrx_word' id='word_1_213' title='bbox 1800 2639 1897 2694; x_wconf 90' lang='lat' dir='ltr'><strong>per</strong></span> 
     </span>
    </p>
   </div>
   <div class='ocr_carea' id='block_1_29' title="bbox 322 2703 1892 2777">
    <p class='ocr_par' dir='ltr' id='par_1_29' title="bbox 322 2703 1892 2777">
     <span class='ocr_line' id='line_1_29' title="bbox 322 2703 1892 2777; baseline 0.013 -25"><span class='ocrx_word' id='word_1_214' title='bbox 322 2717 486 2770; x_wconf 88' lang='lat' dir='ltr'><strong>quam</strong></span> <span class='ocrx_word' id='word_1_215' title='bbox 516 2703 663 2757; x_wconf 85' lang='lat' dir='ltr'><strong>salva</strong></span> <span class='ocrx_word' id='word_1_216' title='bbox 701 2704 812 2760; x_wconf 86' lang='lat' dir='ltr'><strong>fiet.</strong></span> <span class='ocrx_word' id='word_1_217' title='bbox 838 2705 894 2760; x_wconf 90' lang='lat' dir='ltr'><strong>Si</strong></span> <span class='ocrx_word' id='word_1_218' title='bbox 917 2704 1114 2773; x_wconf 91' lang='lat' dir='ltr'><strong>au&#39;tem,</strong></span> <span class='ocrx_word' id='word_1_219' title='bbox 1145 2721 1204 2763; x_wconf 88' lang='lat' dir='ltr'><strong>ut</strong></span> <span class='ocrx_word' id='word_1_220' title='bbox 1231 2710 1486 2777; x_wconf 80' lang='lat' dir='ltr'><strong>diximus,</strong></span> <span class='ocrx_word' id='word_1_221' title='bbox 1515 2729 1580 2768; x_wconf 77' lang='lat' dir='ltr'><strong>ex</strong></span> <span class='ocrx_word' id='word_1_222' title='bbox 1612 2721 1892 2772; x_wconf 86' lang='lat' dir='ltr'><strong>centrario</strong></span> 
     </span>
    </p>
   </div>
   <div class='ocr_carea' id='block_1_30' title="bbox 325 2795 1887 2877">
    <p class='ocr_par' dir='ltr' id='par_1_30' title="bbox 325 2795 1887 2877">
     <span class='ocr_line' id='line_1_30' title="bbox 325 2795 1887 2877; baseline 0.012 -29"><span class='ocrx_word' id='word_1_223' title='bbox 325 2795 522 2864; x_wconf 86' lang='lat' dir='ltr'><strong>spiritu</strong></span> <span class='ocrx_word' id='word_1_224' title='bbox 548 2797 839 2864; x_wconf 88' lang='lat' dir='ltr'><strong>concipiat,</strong></span> <span class='ocrx_word' id='word_1_225' title='bbox 869 2808 1075 2853; x_wconf 83' lang='lat' dir='ltr'><strong>certum</strong></span> <span class='ocrx_word' id='word_1_226' title='bbox 1119 2805 1347 2873; x_wconf 79' lang='lat' dir='ltr'><strong>estquia</strong></span> <span class='ocrx_word' id='word_1_227' title='bbox 1394 2808 1569 2876; x_wconf 89' lang='lat' dir='ltr'><strong>pariat</strong></span> <span class='ocrx_word' id='word_1_228' title='bbox 1611 2809 1749 2865; x_wconf 88' lang='lat' dir='ltr'><strong>filios</strong></span> <span class='ocrx_word' id='word_1_229' title='bbox 1777 2812 1887 2877; x_wconf 62' lang='lat' dir='ltr'><strong>iraa,</strong></span> 
     </span>
    </p>
   </div>
   <div class='ocr_carea' id='block_1_31' title="bbox 323 2887 1888 2971">
    <p class='ocr_par' dir='ltr' id='par_1_31' title="bbox 323 2887 1888 2971">
     <span class='ocr_line' id='line_1_31' title="bbox 323 2887 1888 2971; baseline 0.011 -33"><span class='ocrx_word' id='word_1_230' title='bbox 323 2897 480 2956; x_wconf 88' lang='lat' dir='ltr'><strong>aptos</strong></span> <span class='ocrx_word' id='word_1_231' title='bbox 503 2887 568 2939; x_wconf 89' lang='lat' dir='ltr'><strong>ad</strong></span> <span class='ocrx_word' id='word_1_232' title='bbox 605 2888 903 2943; x_wconf 88' lang='lat' dir='ltr'><strong>interitum.</strong></span> <span class='ocrx_word' id='word_1_233' title='bbox 945 2889 1008 2943; x_wconf 88' lang='lat' dir='ltr'><strong>Et</strong></span> <span class='ocrx_word' id='word_1_234' title='bbox 1035 2889 1174 2947; x_wconf 87' lang='lat' dir='ltr'><strong>forte</strong></span> <span class='ocrx_word' id='word_1_235' title='bbox 1199 2895 1263 2946; x_wconf 91' lang='lat' dir='ltr'><strong>ad</strong></span> <span class='ocrx_word' id='word_1_236' title='bbox 1291 2905 1545 2965; x_wconf 87' lang='lat' dir='ltr'><strong>utrasque</strong></span> <span class='ocrx_word' id='word_1_237' title='bbox 1568 2899 1700 2954; x_wconf 88' lang='lat' dir='ltr'><strong>istas</strong></span> <span class='ocrx_word' id='word_1_238' title='bbox 1727 2917 1888 2971; x_wconf 89' lang='lat' dir='ltr'><strong>gene-</strong></span> 
     </span>
    </p>
   </div>
   <div class='ocr_carea' id='block_1_32' title="bbox 326 2977 1881 3052">
    <p class='ocr_par' dir='ltr' id='par_1_32' title="bbox 326 2977 1881 3052">
     <span class='ocr_line' id='line_1_32' title="bbox 326 2977 1881 3052; baseline 0.013 -24"><span class='ocrx_word' id='word_1_239' title='bbox 326 2977 568 3031; x_wconf 79' lang='lat' dir='ltr'><strong>rationes</strong></span> <span class='ocrx_word' id='word_1_240' title='bbox 591 2978 786 3032; x_wconf 72' lang='lat' dir='ltr'><strong>anima:</strong></span> <span class='ocrx_word' id='word_1_241' title='bbox 829 2981 1049 3048; x_wconf 77' lang='lat' dir='ltr'><strong>respicit</strong></span> <span class='ocrx_word' id='word_1_242' title='bbox 1084 2982 1234 3045; x_wconf 90' lang='lat' dir='ltr'><strong>illud,</strong></span> <span class='ocrx_word' id='word_1_243' title='bbox 1262 2985 1402 3052; x_wconf 89' lang='lat' dir='ltr'><strong>quod</strong></span> <span class='ocrx_word' id='word_1_244' title='bbox 1444 2988 1648 3043; x_wconf 90' lang='lat' dir='ltr'><strong>dictum</strong></span> <span class='ocrx_word' id='word_1_245' title='bbox 1689 3006 1772 3046; x_wconf 84' lang='lat' dir='ltr'><strong>est</strong></span> <span class='ocrx_word' id='word_1_246' title='bbox 1799 2994 1838 3024; x_wconf 84' lang='lat'>“</span> <span class='ocrx_word' id='word_1_247' title='bbox 1868 3013 1881 3048; x_wconf 90' lang='lat'>:</span> 
     </span>
    </p>
   </div>
   <div class='ocr_carea' id='block_1_33' title="bbox 2031 500 3604 580">
    <p class='ocr_par' dir='ltr' id='par_1_33' title="bbox 2031 500 3604 580">
     <span class='ocr_line' id='line_1_33' title="bbox 2031 500 3604 580; baseline 0.012 -31"><span class='ocrx_word' id='word_1_248' title='bbox 2031 514 2172 554; x_wconf 86' lang='grc' dir='ltr'><em>ιιιιιε.</em></span> <span class='ocrx_word' id='word_1_249' title='bbox 2206 500 2519 559; x_wconf 81' lang='lat' dir='ltr'><strong>Invenimus</strong></span> <span class='ocrx_word' id='word_1_250' title='bbox 2535 520 2663 574; x_wconf 86' lang='lat' dir='ltr'><strong>ergo</strong></span> <span class='ocrx_word' id='word_1_251' title='bbox 2691 507 2742 560; x_wconf 91' lang='lat' dir='ltr'><strong>in</strong></span> <span class='ocrx_word' id='word_1_252' title='bbox 2772 507 3000 565; x_wconf 87' lang='lat' dir='ltr'><strong>Psalmis</strong></span> <span class='ocrx_word' id='word_1_253' title='bbox 3023 513 3089 564; x_wconf 92' lang='lat' dir='ltr'><strong>de</strong></span> <span class='ocrx_word' id='word_1_254' title='bbox 3116 512 3217 565; x_wconf 93' lang='lat' dir='ltr'><strong>hoc</strong></span> <span class='ocrx_word' id='word_1_255' title='bbox 3244 511 3503 580; x_wconf 88' lang='lat' dir='ltr'><strong>scriptum</strong></span> <span class='ocrx_word' id='word_1_256' title='bbox 3529 513 3604 568; x_wconf 79' lang='lat'><strong>“:</strong></span> 
     </span>
    </p>
   </div>
   <div class='ocr_carea' id='block_1_34' title="bbox 2037 593 3604 673">
    <p class='ocr_par' dir='ltr' id='par_1_34' title="bbox 2037 593 3604 673">
     <span class='ocr_line' id='line_1_34' title="bbox 2037 593 3604 673; baseline 0.008 -29"><span class='ocrx_word' id='word_1_257' title='bbox 2037 611 2056 644; x_wconf 72' lang='grc' dir='ltr'><strong>ι</strong></span> <span class='ocrx_word' id='word_1_258' title='bbox 2093 593 2230 646; x_wconf 84' lang='lat' dir='ltr'><strong>Filia</strong></span> <span class='ocrx_word' id='word_1_259' title='bbox 2265 595 2561 666; x_wconf 83' lang='lat' dir='ltr'><strong>Babylonis</strong></span> <span class='ocrx_word' id='word_1_260' title='bbox 2594 601 2814 666; x_wconf 88' lang='lat' dir='ltr'><strong>misera,</strong></span> <span class='ocrx_word' id='word_1_261' title='bbox 2860 602 3052 658; x_wconf 91' lang='lat' dir='ltr'><strong>beatus</strong></span> <span class='ocrx_word' id='word_1_262' title='bbox 3086 602 3176 673; x_wconf 90' lang='lat' dir='ltr'><strong>qui</strong></span> <span class='ocrx_word' id='word_1_263' title='bbox 3211 603 3482 659; x_wconf 84' lang='lat' dir='ltr'><strong>retribuet</strong></span> <span class='ocrx_word' id='word_1_264' title='bbox 3509 605 3604 657; x_wconf 88' lang='lat' dir='ltr'><strong>tibi</strong></span> 
     </span>
    </p>
   </div>
   <div class='ocr_carea' id='block_1_35' title="bbox 2030 687 3602 764">
    <p class='ocr_par' dir='ltr' id='par_1_35' title="bbox 2030 687 3602 764">
     <span class='ocr_line' id='line_1_35' title="bbox 2030 687 3602 764; baseline 0.006 -25"><span class='ocrx_word' id='word_1_265' title='bbox 2030 687 2445 744; x_wconf 89' lang='lat' dir='ltr'><strong>retributionem</strong></span> <span class='ocrx_word' id='word_1_266' title='bbox 2477 709 2639 763; x_wconf 90' lang='lat' dir='ltr'><strong>quam</strong></span> <span class='ocrx_word' id='word_1_267' title='bbox 2689 697 2992 750; x_wconf 89' lang='lat' dir='ltr'><strong>retribuisti</strong></span> <span class='ocrx_word' id='word_1_268' title='bbox 3046 696 3225 751; x_wconf 89' lang='lat' dir='ltr'><strong>nobis.</strong></span> <span class='ocrx_word' id='word_1_269' title='bbox 3263 693 3465 751; x_wconf 86' lang='lat' dir='ltr'><strong>Beatus</strong></span> <span class='ocrx_word' id='word_1_270' title='bbox 3509 695 3602 764; x_wconf 80' lang='lat' dir='ltr'><strong>qui</strong></span> 
     </span>
    </p>
   </div>
   <div class='ocr_carea' id='block_1_36' title="bbox 2028 782 3601 858">
    <p class='ocr_par' dir='ltr' id='par_1_36' title="bbox 2028 782 3601 858">
     <span class='ocr_line' id='line_1_36' title="bbox 2028 782 3601 858; baseline 0.006 -27"><span class='ocrx_word' id='word_1_271' title='bbox 2028 782 2232 834; x_wconf 88' lang='lat' dir='ltr'><strong>tenebit</strong></span> <span class='ocrx_word' id='word_1_272' title='bbox 2274 794 2329 836; x_wconf 90' lang='lat' dir='ltr'><strong>et</strong></span> <span class='ocrx_word' id='word_1_273' title='bbox 2377 785 2560 841; x_wconf 89' lang='lat' dir='ltr'><strong>allidet</strong></span> <span class='ocrx_word' id='word_1_274' title='bbox 2611 789 2866 850; x_wconf 88' lang='lat' dir='ltr'><strong>parvulos</strong></span> <span class='ocrx_word' id='word_1_275' title='bbox 2893 798 3011 843; x_wconf 92' lang='lat' dir='ltr'><strong>tuos</strong></span> <span class='ocrx_word' id='word_1_276' title='bbox 3038 791 3103 843; x_wconf 90' lang='lat' dir='ltr'><strong>ad</strong></span> <span class='ocrx_word' id='word_1_277' title='bbox 3147 798 3381 858; x_wconf 87' lang='lat' dir='ltr'><strong>petram.</strong></span> <span class='ocrx_word' id='word_1_278' title='bbox 3413 806 3430 837; x_wconf 76' lang='grc' dir='ltr'><strong>ι</strong></span> <span class='ocrx_word' id='word_1_279' title='bbox 3462 788 3528 841; x_wconf 83' lang='lat' dir='ltr'><strong>Et</strong></span> <span class='ocrx_word' id='word_1_280' title='bbox 3557 789 3601 842; x_wconf 89' lang='lat' dir='ltr'><strong>si</strong></span> 
     </span>
    </p>
   </div>
   <div class='ocr_carea' id='block_1_37' title="bbox 2026 874 3601 951">
    <p class='ocr_par' dir='ltr' id='par_1_37' title="bbox 2026 874 3601 951">
     <span class='ocr_line' id='line_1_37' title="bbox 2026 874 3601 951; baseline 0.007 -27"><span class='ocrx_word' id='word_1_281' title='bbox 2026 874 2266 926; x_wconf 90' lang='lat' dir='ltr'><strong>nondum</strong></span> <span class='ocrx_word' id='word_1_282' title='bbox 2303 875 2503 943; x_wconf 85' lang='lat' dir='ltr'><strong>aliquid</strong></span> <span class='ocrx_word' id='word_1_283' title='bbox 2543 882 2723 947; x_wconf 89' lang='lat' dir='ltr'><strong>operis</strong></span> <span class='ocrx_word' id='word_1_284' title='bbox 2770 882 2943 949; x_wconf 87' lang='lat' dir='ltr'><strong>gessit</strong></span> <span class='ocrx_word' id='word_1_285' title='bbox 2989 881 3312 951; x_wconf 82' lang='lat' dir='ltr'><strong>Babylonius</strong></span> <span class='ocrx_word' id='word_1_286' title='bbox 3341 880 3394 933; x_wconf 90' lang='lat' dir='ltr'><strong>in</strong></span> <span class='ocrx_word' id='word_1_287' title='bbox 3443 880 3601 935; x_wconf 87' lang='lat' dir='ltr'><strong>nobis</strong></span> 
     </span>
    </p>
   </div>
   <div class='ocr_carea' id='block_1_38' title="bbox 2026 964 3597 1043">
    <p class='ocr_par' dir='ltr' id='par_1_38' title="bbox 2026 964 3597 1043">
     <span class='ocr_line' id='line_1_38' title="bbox 2026 964 3597 1043; baseline 0.007 -26"><span class='ocrx_word' id='word_1_288' title='bbox 2026 964 2128 1018; x_wconf 91' lang='lat' dir='ltr'><strong>iste</strong></span> <span class='ocrx_word' id='word_1_289' title='bbox 2149 978 2470 1034; x_wconf 87' lang='lat' dir='ltr'><strong>conceptus,</strong></span> <span class='ocrx_word' id='word_1_290' title='bbox 2495 969 2621 1022; x_wconf 90' lang='lat' dir='ltr'><strong>dum</strong></span> <span class='ocrx_word' id='word_1_291' title='bbox 2648 973 2828 1026; x_wconf 87' lang='lat' dir='ltr'><strong>adhuc</strong></span> <span class='ocrx_word' id='word_1_292' title='bbox 2865 975 3123 1043; x_wconf 86' lang='lat' dir='ltr'><strong>parvulus</strong></span> <span class='ocrx_word' id='word_1_293' title='bbox 3149 983 3252 1037; x_wconf 88' lang='lat' dir='ltr'><strong>cst,</strong></span> <span class='ocrx_word' id='word_1_294' title='bbox 3290 991 3398 1028; x_wconf 88' lang='lat' dir='ltr'><strong>non</strong></span> <span class='ocrx_word' id='word_1_295' title='bbox 3434 975 3597 1028; x_wconf 84' lang='lat' dir='ltr'><strong>mise—</strong></span> 
     </span>
    </p>
   </div>
   <div class='ocr_carea' id='block_1_39' title="bbox 2025 1058 3596 1130">
    <p class='ocr_par' dir='ltr' id='par_1_39' title="bbox 2025 1058 3596 1130">
     <span class='ocr_line' id='line_1_39' title="bbox 2025 1058 3596 1130; baseline 0.006 -21"><span class='ocrx_word' id='word_1_296' title='bbox 2025 1058 2196 1112; x_wconf 90' lang='lat' dir='ltr'><strong>rearis</strong></span> <span class='ocrx_word' id='word_1_297' title='bbox 2222 1058 2358 1128; x_wconf 87' lang='lat' dir='ltr'><strong>ejus,</strong></span> <span class='ocrx_word' id='word_1_298' title='bbox 2386 1075 2488 1114; x_wconf 90' lang='lat' dir='ltr'><strong>nec</strong></span> <span class='ocrx_word' id='word_1_299' title='bbox 2514 1076 2708 1130; x_wconf 88' lang='lat' dir='ltr'><strong>parcas</strong></span> <span class='ocrx_word' id='word_1_300' title='bbox 2728 1066 2800 1124; x_wconf 86' lang='lat' dir='ltr'><strong>ei.</strong></span> <span class='ocrx_word' id='word_1_301' title='bbox 2826 1067 2920 1120; x_wconf 90' lang='lat' dir='ltr'><strong>sed</strong></span> <span class='ocrx_word' id='word_1_302' title='bbox 2954 1067 3134 1119; x_wconf 89' lang='lat' dir='ltr'><strong>statim</strong></span> <span class='ocrx_word' id='word_1_303' title='bbox 3162 1066 3429 1123; x_wconf 89' lang='lat' dir='ltr'><strong>interfice.</strong></span> <span class='ocrx_word' id='word_1_304' title='bbox 3465 1067 3596 1122; x_wconf 90' lang='lat' dir='ltr'><strong>Odi-</strong></span> 
     </span>
    </p>
   </div>
   <div class='ocr_carea' id='block_1_40' title="bbox 2024 1145 3591 1225">
    <p class='ocr_par' dir='ltr' id='par_1_40' title="bbox 2024 1145 3591 1225">
     <span class='ocr_line' id='line_1_40' title="bbox 2024 1145 3591 1225; baseline 0.006 -26"><span class='ocrx_word' id='word_1_305' title='bbox 2024 1145 2150 1200; x_wconf 90' lang='lat' dir='ltr'><strong>bilis</strong></span> <span class='ocrx_word' id='word_1_306' title='bbox 2201 1148 2348 1200; x_wconf 92' lang='lat' dir='ltr'><strong>enim</strong></span> <span class='ocrx_word' id='word_1_307' title='bbox 2395 1159 2498 1215; x_wconf 89' lang='lat' dir='ltr'><strong>est,</strong></span> <span class='ocrx_word' id='word_1_308' title='bbox 2547 1153 2781 1219; x_wconf 87' lang='lat' dir='ltr'><strong>perime,</strong></span> <span class='ocrx_word' id='word_1_309' title='bbox 2808 1155 2997 1209; x_wconf 92' lang='lat' dir='ltr'><strong>occide</strong></span> <span class='ocrx_word' id='word_1_310' title='bbox 3025 1155 3237 1209; x_wconf 85' lang='lat' dir='ltr'><strong>elidens</strong></span> <span class='ocrx_word' id='word_1_311' title='bbox 3269 1158 3331 1209; x_wconf 90' lang='lat' dir='ltr'><strong>ad</strong></span> <span class='ocrx_word' id='word_1_312' title='bbox 3360 1166 3591 1225; x_wconf 78' lang='lat' dir='ltr'><strong>petram.</strong></span> 
     </span>
    </p>
   </div>
   <div class='ocr_carea' id='block_1_41' title="bbox 2019 1237 3596 1316">
    <p class='ocr_par' dir='ltr' id='par_1_41' title="bbox 2019 1237 3596 1316">
     <span class='ocr_line' id='line_1_41' title="bbox 2019 1237 3596 1316; baseline 0.008 -26"><span class='ocrx_word' id='word_1_313' title='bbox 2019 1237 2180 1291; x_wconf 88' lang='lat' dir='ltr'><strong>Petra</strong></span> <span class='ocrx_word' id='word_1_314' title='bbox 2219 1250 2400 1293; x_wconf 87' lang='lat' dir='ltr'><strong>autern</strong></span> <span class='ocrx_word' id='word_1_315' title='bbox 2432 1250 2509 1296; x_wconf 90' lang='lat' dir='ltr'><strong>est</strong></span> <span class='ocrx_word' id='word_1_316' title='bbox 2535 1243 2808 1299; x_wconf 84' lang='lat' dir='ltr'><strong>Christus.</strong></span> <span class='ocrx_word' id='word_1_317' title='bbox 2841 1247 2973 1312; x_wconf 87' lang='lat' dir='ltr'><strong>Quis</strong></span> <span class='ocrx_word' id='word_1_318' title='bbox 3002 1262 3134 1316; x_wconf 88' lang='lat' dir='ltr'><strong>ergo</strong></span> <span class='ocrx_word' id='word_1_319' title='bbox 3167 1257 3350 1302; x_wconf 89' lang='lat' dir='ltr'><strong>tantus</strong></span> <span class='ocrx_word' id='word_1_320' title='bbox 3379 1265 3439 1302; x_wconf 90' lang='lat' dir='ltr'><strong>ac</strong></span> <span class='ocrx_word' id='word_1_321' title='bbox 3471 1251 3596 1304; x_wconf 90' lang='lat' dir='ltr'><strong>talis</strong></span> 
     </span>
    </p>
   </div>
   <div class='ocr_carea' id='block_1_42' title="bbox 2017 1337 3588 1407">
    <p class='ocr_par' dir='ltr' id='par_1_42' title="bbox 2017 1337 3588 1407">
     <span class='ocr_line' id='line_1_42' title="bbox 2017 1337 3588 1407; baseline 0.009 -28"><span class='ocrx_word' id='word_1_322' title='bbox 2017 1337 2121 1392; x_wconf 87' lang='lat' dir='ltr'><strong>est,</strong></span> <span class='ocrx_word' id='word_1_323' title='bbox 2151 1337 2338 1383; x_wconf 89' lang='lat' dir='ltr'><strong>utnon</strong></span> <span class='ocrx_word' id='word_1_324' title='bbox 2375 1344 2655 1401; x_wconf 78' lang='lat' dir='ltr'><strong>exspectet</strong></span> <span class='ocrx_word' id='word_1_325' title='bbox 2706 1337 2929 1389; x_wconf 89' lang='lat' dir='ltr'><strong>omnino</strong></span> <span class='ocrx_word' id='word_1_326' title='bbox 2960 1354 3240 1407; x_wconf 89' lang='lat' dir='ltr'><strong>usquequo</strong></span> <span class='ocrx_word' id='word_1_327' title='bbox 3267 1349 3482 1394; x_wconf 89' lang='lat' dir='ltr'><strong>crescat</strong></span> <span class='ocrx_word' id='word_1_328' title='bbox 3533 1341 3588 1395; x_wconf 85' lang='lat' dir='ltr'><strong>iu</strong></span> 
     </span>
    </p>
   </div>
   <div class='ocr_carea' id='block_1_43' title="bbox 2015 1421 3591 1499">
    <p class='ocr_par' dir='ltr' id='par_1_43' title="bbox 2015 1421 3591 1499">
     <span class='ocr_line' id='line_1_43' title="bbox 2015 1421 3591 1499; baseline 0.007 -26"><span class='ocrx_word' id='word_1_329' title='bbox 2015 1435 2082 1473; x_wconf 88' lang='lat' dir='ltr'><strong>eo</strong></span> <span class='ocrx_word' id='word_1_330' title='bbox 2108 1421 2400 1492; x_wconf 86' lang='lat' dir='ltr'><strong>Babylonia</strong></span> <span class='ocrx_word' id='word_1_331' title='bbox 2455 1424 2686 1489; x_wconf 88' lang='lat' dir='ltr'><strong>soboles,</strong></span> <span class='ocrx_word' id='word_1_332' title='bbox 2739 1441 2837 1481; x_wconf 87' lang='lat' dir='ltr'><strong>nec</strong></span> <span class='ocrx_word' id='word_1_333' title='bbox 2884 1439 3189 1498; x_wconf 87' lang='lat' dir='ltr'><strong>augeantur</strong></span> <span class='ocrx_word' id='word_1_334' title='bbox 3223 1431 3275 1483; x_wconf 91' lang='lat' dir='ltr'><strong>in</strong></span> <span class='ocrx_word' id='word_1_335' title='bbox 3327 1444 3393 1484; x_wconf 87' lang='lat' dir='ltr'><strong>eo</strong></span> <span class='ocrx_word' id='word_1_336' title='bbox 3427 1446 3591 1499; x_wconf 83' lang='lat' dir='ltr'><strong>opera</strong></span> 
     </span>
    </p>
   </div>
   <div class='ocr_carea' id='block_1_44' title="bbox 2016 1513 3588 1592">
    <p class='ocr_par' dir='ltr' id='par_1_44' title="bbox 2016 1513 3588 1592">
     <span class='ocr_line' id='line_1_44' title="bbox 2016 1513 3588 1592; baseline 0.006 -26"><span class='ocrx_word' id='word_1_337' title='bbox 2016 1513 2372 1580; x_wconf 90' lang='lat' dir='ltr'><strong>confusionis,</strong></span> <span class='ocrx_word' id='word_1_338' title='bbox 2403 1516 2498 1570; x_wconf 88' lang='lat' dir='ltr'><strong>sed</strong></span> <span class='ocrx_word' id='word_1_339' title='bbox 2528 1518 2578 1572; x_wconf 92' lang='lat' dir='ltr'><strong>in</strong></span> <span class='ocrx_word' id='word_1_340' title='bbox 2628 1518 2819 1587; x_wconf 87' lang='lat' dir='ltr'><strong>primis</strong></span> <span class='ocrx_word' id='word_1_341' title='bbox 2852 1522 3034 1576; x_wconf 86' lang='lat' dir='ltr'><strong>statim</strong></span> <span class='ocrx_word' id='word_1_342' title='bbox 3077 1522 3268 1586; x_wconf 88' lang='lat' dir='ltr'><strong>initiis,</strong></span> <span class='ocrx_word' id='word_1_343' title='bbox 3304 1522 3395 1576; x_wconf 91' lang='lat' dir='ltr'><strong>ubi</strong></span> <span class='ocrx_word' id='word_1_344' title='bbox 3419 1525 3588 1592; x_wconf 37' lang='lat' dir='ltr'><strong>.nasci</strong></span> 
     </span>
    </p>
   </div>
   <div class='ocr_carea' id='block_1_45' title="bbox 2015 1605 3594 1678">
    <p class='ocr_par' dir='ltr' id='par_1_45' title="bbox 2015 1605 3594 1678">
     <span class='ocr_line' id='line_1_45' title="bbox 2015 1605 3594 1678; baseline 0.008 -20"><span class='ocrx_word' id='word_1_345' title='bbox 2015 1605 2306 1673; x_wconf 72' lang='lat' dir='ltr'><strong>cmperint,</strong></span> <span class='ocrx_word' id='word_1_346' title='bbox 2335 1617 2386 1660; x_wconf 91' lang='lat' dir='ltr'><strong>et</strong></span> <span class='ocrx_word' id='word_1_347' title='bbox 2425 1623 2491 1661; x_wconf 82' lang='lat' dir='ltr'><strong>ex</strong></span> <span class='ocrx_word' id='word_1_348' title='bbox 2525 1609 2826 1667; x_wconf 88' lang='lat' dir='ltr'><strong>voluntatis</strong></span> <span class='ocrx_word' id='word_1_349' title='bbox 2876 1613 3111 1667; x_wconf 89' lang='lat' dir='ltr'><strong>motibus</strong></span> <span class='ocrx_word' id='word_1_350' title='bbox 3159 1613 3486 1678; x_wconf 86' lang='lat' dir='ltr'><strong>coalescere,</strong></span> <span class='ocrx_word' id='word_1_351' title='bbox 3510 1624 3594 1670; x_wconf 82' lang='lat' dir='ltr'><strong>at-</strong></span> 
     </span>
    </p>
   </div>
   <div class='ocr_carea' id='block_1_46' title="bbox 2014 1695 3592 1771">
    <p class='ocr_par' dir='ltr' id='par_1_46' title="bbox 2014 1695 3592 1771">
     <span class='ocr_line' id='line_1_46' title="bbox 2014 1695 3592 1771; baseline 0.01 -28"><span class='ocrx_word' id='word_1_352' title='bbox 2014 1707 2140 1760; x_wconf 87' lang='lat' dir='ltr'><strong>que.</strong></span> <span class='ocrx_word' id='word_1_353' title='bbox 2175 1703 2232 1746; x_wconf 93' lang='lat' dir='ltr'><strong>ut</strong></span> <span class='ocrx_word' id='word_1_354' title='bbox 2260 1695 2327 1747; x_wconf 86' lang='lat' dir='ltr'><strong>ita</strong></span> <span class='ocrx_word' id='word_1_355' title='bbox 2353 1695 2658 1757; x_wconf 86' lang='lat' dir='ltr'><strong>dicam.ubi</strong></span> <span class='ocrx_word' id='word_1_356' title='bbox 2695 1710 2857 1768; x_wconf 88' lang='lat' dir='ltr'><strong>caput</strong></span> <span class='ocrx_word' id='word_1_357' title='bbox 2879 1703 3146 1771; x_wconf 64' lang='lat' dir='ltr'><strong>coeperint</strong></span> <span class='ocrx_word' id='word_1_358' title='bbox 3176 1704 3241 1757; x_wconf 92' lang='lat' dir='ltr'><strong>de</strong></span> <span class='ocrx_word' id='word_1_359' title='bbox 3275 1704 3431 1756; x_wconf 86' lang='lat' dir='ltr'><strong>vulva</strong></span> <span class='ocrx_word' id='word_1_360' title='bbox 3473 1705 3592 1759; x_wconf 87' lang='lat' dir='ltr'><strong>ani-</strong></span> 
     </span>
    </p>
   </div>
   <div class='ocr_carea' id='block_1_47' title="bbox 2013 1785 3590 1867">
    <p class='ocr_par' dir='ltr' id='par_1_47' title="bbox 2013 1785 3590 1867">
     <span class='ocr_line' id='line_1_47' title="bbox 2013 1785 3590 1867; baseline 0.011 -32"><span class='ocrx_word' id='word_1_361' title='bbox 2013 1799 2113 1838; x_wconf 70' lang='lat' dir='ltr'><strong>mae</strong></span> <span class='ocrx_word' id='word_1_362' title='bbox 2143 1785 2386 1854; x_wconf 90' lang='lat' dir='ltr'><strong>proferre</strong></span> <span class='ocrx_word' id='word_1_363' title='bbox 2423 1791 2725 1856; x_wconf 87' lang='lat' dir='ltr'><strong>perniciosa</strong></span> <span class='ocrx_word' id='word_1_364' title='bbox 2768 1793 3041 1848; x_wconf 86' lang='lat' dir='ltr'><strong>desideria</strong></span> <span class='ocrx_word' id='word_1_365' title='bbox 3094 1796 3310 1850; x_wconf 61' lang='lat' dir='ltr'><strong>maligni</strong></span> <span class='ocrx_word' id='word_1_366' title='bbox 3365 1797 3590 1867; x_wconf 89' lang='lat' dir='ltr'><strong>spiritus</strong></span> 
     </span>
    </p>
   </div>
   <div class='ocr_carea' id='block_1_48' title="bbox 2008 1877 3583 1954">
    <p class='ocr_par' dir='ltr' id='par_1_48' title="bbox 2008 1877 3583 1954">
     <span class='ocr_line' id='line_1_48' title="bbox 2008 1877 3583 1954; baseline 0.008 -24"><span class='ocrx_word' id='word_1_367' title='bbox 2008 1877 2370 1946; x_wconf 77' lang='lat' dir='ltr'><strong>inspiratione</strong></span> <span class='ocrx_word' id='word_1_368' title='bbox 2399 1893 2681 1953; x_wconf 90' lang='lat' dir='ltr'><strong>concepta,</strong></span> <span class='ocrx_word' id='word_1_369' title='bbox 2726 1887 2954 1954; x_wconf 88' lang='lat' dir='ltr'><strong>arripiat</strong></span> <span class='ocrx_word' id='word_1_370' title='bbox 2990 1891 3174 1942; x_wconf 91' lang='lat' dir='ltr'><strong>statim</strong></span> <span class='ocrx_word' id='word_1_371' title='bbox 3221 1899 3276 1945; x_wconf 93' lang='lat' dir='ltr'><strong>et</strong></span> <span class='ocrx_word' id='word_1_372' title='bbox 3325 1891 3489 1945; x_wconf 89' lang='lat' dir='ltr'><strong>elidat</strong></span> <span class='ocrx_word' id='word_1_373' title='bbox 3515 1891 3583 1943; x_wconf 85' lang='lat' dir='ltr'><strong>ad</strong></span> 
     </span>
    </p>
   </div>
   <div class='ocr_carea' id='block_1_49' title="bbox 2007 1965 3587 2052">
    <p class='ocr_par' dir='ltr' id='par_1_49' title="bbox 2007 1965 3587 2052">
     <span class='ocr_line' id='line_1_49' title="bbox 2007 1965 3587 2052; baseline 0.01 -30"><span class='ocrx_word' id='word_1_374' title='bbox 2007 1979 2215 2039; x_wconf 89' lang='lat' dir='ltr'><strong>petram</strong></span> <span class='ocrx_word' id='word_1_375' title='bbox 2241 1987 2256 2026; x_wconf 88' lang='lat'><strong>:</strong></span> <span class='ocrx_word' id='word_1_376' title='bbox 2283 1971 2336 2026; x_wconf 91' lang='lat' dir='ltr'><strong>id</strong></span> <span class='ocrx_word' id='word_1_377' title='bbox 2359 1983 2463 2037; x_wconf 89' lang='lat' dir='ltr'><strong>est,</strong></span> <span class='ocrx_word' id='word_1_378' title='bbox 2491 1977 2726 2031; x_wconf 89' lang='lat' dir='ltr'><strong>adducat</strong></span> <span class='ocrx_word' id='word_1_379' title='bbox 2755 1980 2820 2034; x_wconf 90' lang='lat' dir='ltr'><strong>ad</strong></span> <span class='ocrx_word' id='word_1_380' title='bbox 2847 1965 3151 2047; x_wconf 86' lang='lat' dir='ltr'><strong>Christum,</strong></span> <span class='ocrx_word' id='word_1_381' title='bbox 3179 1992 3238 2036; x_wconf 92' lang='lat' dir='ltr'><strong>ut</strong></span> <span class='ocrx_word' id='word_1_382' title='bbox 3267 1983 3319 2036; x_wconf 90' lang='lat' dir='ltr'><strong>in</strong></span> <span class='ocrx_word' id='word_1_383' title='bbox 3356 1999 3587 2052; x_wconf 86' lang='lat' dir='ltr'><strong>conspe—</strong></span> 
     </span>
    </p>
   </div>
   <div class='ocr_carea' id='block_1_50' title="bbox 2004 2065 3580 2148">
    <p class='ocr_par' dir='ltr' id='par_1_50' title="bbox 2004 2065 3580 2148">
     <span class='ocr_line' id='line_1_50' title="bbox 2004 2065 3580 2148; baseline 0.01 -32"><span class='ocrx_word' id='word_1_384' title='bbox 2004 2074 2092 2116; x_wconf 90' lang='lat' dir='ltr'><strong>ctu</strong></span> <span class='ocrx_word' id='word_1_385' title='bbox 2133 2066 2395 2120; x_wconf 91' lang='lat' dir='ltr'><strong>tremendi</strong></span> <span class='ocrx_word' id='word_1_386' title='bbox 2437 2065 2627 2134; x_wconf 91' lang='lat' dir='ltr'><strong>judicii</strong></span> <span class='ocrx_word' id='word_1_387' title='bbox 2674 2071 2792 2140; x_wconf 89' lang='lat' dir='ltr'><strong>ejus</strong></span> <span class='ocrx_word' id='word_1_388' title='bbox 2830 2073 3008 2142; x_wconf 91' lang='lat' dir='ltr'><strong>posita</strong></span> <span class='ocrx_word' id='word_1_389' title='bbox 3037 2075 3373 2139; x_wconf 84' lang='lat' dir='ltr'><strong>exolescant,</strong></span> <span class='ocrx_word' id='word_1_390' title='bbox 3393 2087 3580 2148; x_wconf 89' lang='lat' dir='ltr'><strong>etper-</strong></span> 
     </span>
    </p>
   </div>
   <div class='ocr_carea' id='block_1_51' title="bbox 2003 2156 3584 2234">
    <p class='ocr_par' dir='ltr' id='par_1_51' title="bbox 2003 2156 3584 2234">
     <span class='ocr_line' id='line_1_51' title="bbox 2003 2156 3584 2234; baseline 0.006 -24"><span class='ocrx_word' id='word_1_391' title='bbox 2003 2156 2173 2212; x_wconf 84' lang='lat' dir='ltr'><strong>eant?</strong></span> <span class='ocrx_word' id='word_1_392' title='bbox 2242 2159 2367 2214; x_wconf 70' lang='lat' dir='ltr'><strong>llaec</strong></span> <span class='ocrx_word' id='word_1_393' title='bbox 2396 2158 2538 2213; x_wconf 86' lang='lat' dir='ltr'><strong>dicta</strong></span> <span class='ocrx_word' id='word_1_394' title='bbox 2585 2174 2711 2216; x_wconf 90' lang='lat' dir='ltr'><strong>sunt</strong></span> <span class='ocrx_word' id='word_1_395' title='bbox 2751 2165 2907 2220; x_wconf 91' lang='lat' dir='ltr'><strong>nobis</strong></span> <span class='ocrx_word' id='word_1_396' title='bbox 2949 2167 3017 2220; x_wconf 90' lang='lat' dir='ltr'><strong>de</strong></span> <span class='ocrx_word' id='word_1_397' title='bbox 3063 2166 3304 2234; x_wconf 82' lang='lat' dir='ltr'><strong>generali</strong></span> <span class='ocrx_word' id='word_1_398' title='bbox 3355 2166 3584 2220; x_wconf 85' lang='lat' dir='ltr'><strong>fornica-</strong></span> 
     </span>
    </p>
   </div>
   <div class='ocr_carea' id='block_1_52' title="bbox 2003 2247 3578 2327">
    <p class='ocr_par' dir='ltr' id='par_1_52' title="bbox 2003 2247 3578 2327">
     <span class='ocr_line' id='line_1_52' title="bbox 2003 2247 3578 2327; baseline 0.006 -27"><span class='ocrx_word' id='word_1_399' title='bbox 2003 2247 2168 2314; x_wconf 82' lang='lat' dir='ltr'><strong>tione,</strong></span> <span class='ocrx_word' id='word_1_400' title='bbox 2205 2267 2324 2319; x_wconf 68' lang='lat' dir='ltr'><strong>quze</strong></span> <span class='ocrx_word' id='word_1_401' title='bbox 2364 2255 2574 2323; x_wconf 84' lang='lat' dir='ltr'><strong>species</strong></span> <span class='ocrx_word' id='word_1_402' title='bbox 2621 2257 2782 2312; x_wconf 89' lang='lat' dir='ltr'><strong>habet</strong></span> <span class='ocrx_word' id='word_1_403' title='bbox 2839 2257 3100 2327; x_wconf 89' lang='lat' dir='ltr'><strong>plurimas</strong></span> <span class='ocrx_word' id='word_1_404' title='bbox 3156 2276 3169 2311; x_wconf 89' lang='lat'><strong>:</strong></span> <span class='ocrx_word' id='word_1_405' title='bbox 3209 2274 3436 2327; x_wconf 85' lang='lat' dir='ltr'><strong>quarum</strong></span> <span class='ocrx_word' id='word_1_406' title='bbox 3469 2273 3578 2310; x_wconf 86' lang='lat' dir='ltr'><strong>una</strong></span> 
     </span>
    </p>
   </div>
   <div class='ocr_carea' id='block_1_53' title="bbox 2000 2341 3574 2418">
    <p class='ocr_par' dir='ltr' id='par_1_53' title="bbox 2000 2341 3574 2418">
     <span class='ocr_line' id='line_1_53' title="bbox 2000 2341 3574 2418; baseline 0.005 -24"><span class='ocrx_word' id='word_1_407' title='bbox 2000 2349 2082 2395; x_wconf 82' lang='lat' dir='ltr'><strong>est</strong></span> <span class='ocrx_word' id='word_1_408' title='bbox 2110 2341 2222 2398; x_wconf 66' lang='lat' dir='ltr'><strong>haec</strong></span> <span class='ocrx_word' id='word_1_409' title='bbox 2248 2360 2368 2412; x_wconf 73' lang='lat' dir='ltr'><strong>qua:</strong></span> <span class='ocrx_word' id='word_1_410' title='bbox 2403 2349 2456 2401; x_wconf 91' lang='lat' dir='ltr'><strong>in</strong></span> <span class='ocrx_word' id='word_1_411' title='bbox 2485 2350 2884 2403; x_wconf 88' lang='lat' dir='ltr'><strong>consuetudine</strong></span> <span class='ocrx_word' id='word_1_412' title='bbox 2913 2349 2985 2404; x_wconf 89' lang='lat' dir='ltr'><strong>ob</strong></span> <span class='ocrx_word' id='word_1_413' title='bbox 3015 2350 3298 2418; x_wconf 82' lang='lat' dir='ltr'><strong>corporale</strong></span> <span class='ocrx_word' id='word_1_414' title='bbox 3328 2359 3574 2418; x_wconf 85' lang='lat' dir='ltr'><strong>stuprum</strong></span> 
     </span>
    </p>
   </div>
   <div class='ocr_carea' id='block_1_54' title="bbox 2000 2433 3564 2512">
    <p class='ocr_par' dir='ltr' id='par_1_54' title="bbox 2000 2433 3564 2512">
     <span class='ocr_line' id='line_1_54' title="bbox 2000 2433 3564 2512; baseline 0.006 -27"><span class='ocrx_word' id='word_1_415' title='bbox 2000 2433 2286 2493; x_wconf 85' lang='lat' dir='ltr'><strong>fornicalio</strong></span> <span class='ocrx_word' id='word_1_416' title='bbox 2313 2441 2639 2495; x_wconf 86' lang='lat' dir='ltr'><strong>nominatur.</strong></span> <span class='ocrx_word' id='word_1_417' title='bbox 2679 2443 2791 2512; x_wconf 88' lang='lat' dir='ltr'><strong>Ego</strong></span> <span class='ocrx_word' id='word_1_418' title='bbox 2827 2458 2954 2496; x_wconf 89' lang='lat' dir='ltr'><strong>vero</strong></span> <span class='ocrx_word' id='word_1_419' title='bbox 2986 2441 3170 2512; x_wconf 83' lang='lat' dir='ltr'><strong>legens</strong></span> <span class='ocrx_word' id='word_1_420' title='bbox 3223 2442 3564 2506; x_wconf 66' lang='lat' dir='ltr'><strong>Apostolum,</strong></span> 
     </span>
    </p>
   </div>
   <div class='ocr_carea' id='block_1_55' title="bbox 1998 2530 3566 2602">
    <p class='ocr_par' dir='ltr' id='par_1_55' title="bbox 1998 2530 3566 2602">
     <span class='ocr_line' id='line_1_55' title="bbox 1998 2530 3566 2602; baseline 0.003 -21"><span class='ocrx_word' id='word_1_421' title='bbox 1998 2543 2118 2581; x_wconf 92' lang='lat' dir='ltr'><strong>cum</strong></span> <span class='ocrx_word' id='word_1_422' title='bbox 2149 2530 2416 2584; x_wconf 78' lang='lat' dir='ltr'><strong>venissem</strong></span> <span class='ocrx_word' id='word_1_423' title='bbox 2445 2534 2509 2586; x_wconf 90' lang='lat' dir='ltr'><strong>ad</strong></span> <span class='ocrx_word' id='word_1_424' title='bbox 2536 2547 2656 2586; x_wconf 90' lang='lat' dir='ltr'><strong>eum</strong></span> <span class='ocrx_word' id='word_1_425' title='bbox 2687 2534 2863 2587; x_wconf 88' lang='lat' dir='ltr'><strong>locum</strong></span> <span class='ocrx_word' id='word_1_426' title='bbox 2895 2533 2948 2586; x_wconf 91' lang='lat' dir='ltr'><strong>in</strong></span> <span class='ocrx_word' id='word_1_427' title='bbox 2981 2548 3090 2602; x_wconf 91' lang='lat' dir='ltr'><strong>quo</strong></span> <span class='ocrx_word' id='word_1_428' title='bbox 3120 2533 3253 2586; x_wconf 88' lang='lat' dir='ltr'><strong>dicit</strong></span> <span class='ocrx_word' id='word_1_429' title='bbox 3277 2533 3320 2564; x_wconf 66' lang='grc'><strong>’⁸</strong></span> <span class='ocrx_word' id='word_1_430' title='bbox 3355 2551 3369 2586; x_wconf 88' lang='lat'><strong>:</strong></span> <span class='ocrx_word' id='word_1_431' title='bbox 3416 2552 3435 2586; x_wconf 77' lang='grc' dir='ltr'><strong>ι</strong></span> <span class='ocrx_word' id='word_1_432' title='bbox 3465 2533 3566 2595; x_wconf 87' lang='lat' dir='ltr'><strong>Qui</strong></span> 
     </span>
    </p>
   </div>
   <div class='ocr_carea' id='block_1_56' title="bbox 1997 2622 3564 2695">
    <p class='ocr_par' dir='ltr' id='par_1_56' title="bbox 1997 2622 3564 2695">
     <span class='ocr_line' id='line_1_56' title="bbox 1997 2622 3564 2695; baseline 0.002 -20"><span class='ocrx_word' id='word_1_433' title='bbox 1997 2636 2056 2675; x_wconf 89' lang='lat' dir='ltr'><strong>se</strong></span> <span class='ocrx_word' id='word_1_434' title='bbox 2082 2622 2261 2692; x_wconf 85' lang='lat' dir='ltr'><strong>jungit</strong></span> <span class='ocrx_word' id='word_1_435' title='bbox 2297 2624 2542 2690; x_wconf 85' lang='lat' dir='ltr'><strong>Domino,</strong></span> <span class='ocrx_word' id='word_1_436' title='bbox 2577 2641 2716 2678; x_wconf 93' lang='lat' dir='ltr'><strong>unus</strong></span> <span class='ocrx_word' id='word_1_437' title='bbox 2741 2625 2966 2695; x_wconf 85' lang='lat' dir='ltr'><strong>spiritus</strong></span> <span class='ocrx_word' id='word_1_438' title='bbox 2997 2635 3106 2693; x_wconf 79' lang='lat' dir='ltr'><strong>est,</strong></span> <span class='ocrx_word' id='word_1_439' title='bbox 3131 2645 3149 2675; x_wconf 74' lang='grc' dir='ltr'><strong><em>ι</em></strong></span> <span class='ocrx_word' id='word_1_440' title='bbox 3185 2635 3240 2678; x_wconf 86' lang='grc' dir='ltr'><strong>ει</strong></span> <span class='ocrx_word' id='word_1_441' title='bbox 3275 2625 3317 2656; x_wconf 82' lang='grc'><strong>²⁵</strong></span> <span class='ocrx_word' id='word_1_442' title='bbox 3347 2642 3361 2678; x_wconf 87' lang='lat'><strong>:</strong></span> <span class='ocrx_word' id='word_1_443' title='bbox 3397 2643 3414 2675; x_wconf 80' lang='grc' dir='ltr'><strong>ι</strong></span> <span class='ocrx_word' id='word_1_444' title='bbox 3462 2625 3564 2690; x_wconf 89' lang='lat' dir='ltr'><strong>Qui</strong></span> 
     </span>
    </p>
   </div>
   <div class='ocr_carea' id='block_1_57' title="bbox 1994 2716 3569 2789">
    <p class='ocr_par' dir='ltr' id='par_1_57' title="bbox 1994 2716 3569 2789">
     <span class='ocr_line' id='line_1_57' title="bbox 1994 2716 3569 2789; baseline 0 -16"><span class='ocrx_word' id='word_1_445' title='bbox 1994 2733 2052 2773; x_wconf 93' lang='lat' dir='ltr'><strong>se</strong></span> <span class='ocrx_word' id='word_1_446' title='bbox 2073 2716 2252 2788; x_wconf 82' lang='lat' dir='ltr'><strong>jungit</strong></span> <span class='ocrx_word' id='word_1_447' title='bbox 2278 2721 2549 2774; x_wconf 88' lang='lat' dir='ltr'><strong>meretrici</strong></span> <span class='ocrx_word' id='word_1_448' title='bbox 2580 2736 2749 2773; x_wconf 90' lang='lat' dir='ltr'><strong>unum</strong></span> <span class='ocrx_word' id='word_1_449' title='bbox 2789 2734 2990 2788; x_wconf 80' lang='lat' dir='ltr'><strong>corpus</strong></span> <span class='ocrx_word' id='word_1_450' title='bbox 3017 2730 3140 2781; x_wconf 89' lang='lat' dir='ltr'><strong>est;</strong></span> <span class='ocrx_word' id='word_1_451' title='bbox 3199 2739 3219 2772; x_wconf 83' lang='grc'><strong>›</strong></span> <span class='ocrx_word' id='word_1_452' title='bbox 3255 2721 3569 2789; x_wconf 68' lang='grc' dir='ltr'><em>ψιεετεὺειιη</em></span> 
     </span>
    </p>
   </div>
   <div class='ocr_carea' id='block_1_58' title="bbox 1993 2811 3578 2881">
    <p class='ocr_par' dir='ltr' id='par_1_58' title="bbox 1993 2811 3578 2881">
     <span class='ocr_line' id='line_1_58' title="bbox 1993 2811 3578 2881; baseline 0.001 -15"><span class='ocrx_word' id='word_1_453' title='bbox 1993 2811 2036 2867; x_wconf 92' lang='lat' dir='ltr'><strong>si</strong></span> <span class='ocrx_word' id='word_1_454' title='bbox 2081 2823 2169 2866; x_wconf 91' lang='lat' dir='ltr'><strong>est</strong></span> <span class='ocrx_word' id='word_1_455' title='bbox 2213 2813 2414 2881; x_wconf 90' lang='lat' dir='ltr'><strong>aliquid</strong></span> <span class='ocrx_word' id='word_1_456' title='bbox 2465 2813 2607 2865; x_wconf 90' lang='lat' dir='ltr'><strong>aliud</strong></span> <span class='ocrx_word' id='word_1_457' title='bbox 2661 2812 2897 2867; x_wconf 90' lang='lat' dir='ltr'><strong>medium</strong></span> <span class='ocrx_word' id='word_1_458' title='bbox 2947 2821 3145 2880; x_wconf 67' lang='lat' dir='ltr'><strong>praeter</strong></span> <span class='ocrx_word' id='word_1_459' title='bbox 3198 2813 3323 2876; x_wconf 80' lang='lat' dir='ltr'><strong>hoc,</strong></span> <span class='ocrx_word' id='word_1_460' title='bbox 3372 2821 3431 2866; x_wconf 93' lang='lat' dir='ltr'><strong>ut</strong></span> <span class='ocrx_word' id='word_1_461' title='bbox 3483 2823 3578 2867; x_wconf 90' lang='lat' dir='ltr'><strong>aut</strong></span> 
     </span>
    </p>
   </div>
   <div class='ocr_carea' id='block_1_59' title="bbox 1990 2908 3581 2991">
    <p class='ocr_par' dir='ltr' id='par_1_59' title="bbox 1990 2908 3581 2991">
     <span class='ocr_line' id='line_1_59' title="bbox 1990 2908 3581 2991; baseline 0.001 -29"><span class='ocrx_word' id='word_1_462' title='bbox 1990 2908 2219 2964; x_wconf 93' lang='lat' dir='ltr'><strong>Domino</strong></span> <span class='ocrx_word' id='word_1_463' title='bbox 2248 2909 2367 2979; x_wconf 92' lang='lat' dir='ltr'><strong>quis</strong></span> <span class='ocrx_word' id='word_1_464' title='bbox 2413 2909 2696 2979; x_wconf 87' lang='lat' dir='ltr'><strong>jungatur,</strong></span> <span class='ocrx_word' id='word_1_465' title='bbox 2748 2918 2840 2962; x_wconf 88' lang='lat' dir='ltr'><strong>aut</strong></span> <span class='ocrx_word' id='word_1_466' title='bbox 2896 2909 3170 2991; x_wconf 79' lang='lat' dir='ltr'><strong>meretrici</strong></span> <span class='ocrx_word' id='word_1_467' title='bbox 3208 2927 3222 2962; x_wconf 90' lang='lat'><strong>:</strong></span> <span class='ocrx_word' id='word_1_468' title='bbox 3263 2920 3316 2962; x_wconf 92' lang='lat' dir='ltr'><strong>et</strong></span> <span class='ocrx_word' id='word_1_469' title='bbox 3367 2925 3464 2978; x_wconf 90' lang='lat' dir='ltr'><strong>pro</strong></span> <span class='ocrx_word' id='word_1_470' title='bbox 3499 2912 3581 2964; x_wconf 88' lang='lat' dir='ltr'><strong>vi-</strong></span> 
     </span>
    </p>
   </div>
   <div class='ocr_carea' id='block_1_60' title="bbox 1990 2998 3576 3066">
    <p class='ocr_par' dir='ltr' id='par_1_60' title="bbox 1990 2998 3576 3066">
     <span class='ocr_line' id='line_1_60' title="bbox 1990 2998 3576 3066; baseline 0.001 -13"><span class='ocrx_word' id='word_1_471' title='bbox 1990 3000 2140 3055; x_wconf 88' lang='lat' dir='ltr'><strong>rilms</strong></span> <span class='ocrx_word' id='word_1_472' title='bbox 2185 3001 2320 3054; x_wconf 89' lang='lat' dir='ltr'><strong>meis</strong></span> <span class='ocrx_word' id='word_1_473' title='bbox 2363 2999 2681 3063; x_wconf 88' lang='lat' dir='ltr'><strong>discutiens,</strong></span> <span class='ocrx_word' id='word_1_474' title='bbox 2731 2998 3059 3066; x_wconf 89' lang='lat' dir='ltr'><strong>profundum</strong></span> <span class='ocrx_word' id='word_1_475' title='bbox 3111 2999 3245 3053; x_wconf 90' lang='lat' dir='ltr'><strong>satis</strong></span> <span class='ocrx_word' id='word_1_476' title='bbox 3280 3007 3334 3053; x_wconf 92' lang='lat' dir='ltr'><strong>et</strong></span> <span class='ocrx_word' id='word_1_477' title='bbox 3374 3015 3576 3054; x_wconf 86' lang='lat' dir='ltr'><strong>recon-</strong></span> 
     </span>
    </p>
   </div>
   <div class='ocr_carea' id='block_1_61' title="bbox 331 3067 3571 3162">
    <p class='ocr_par' dir='ltr' id='par_1_61' title="bbox 331 3067 3571 3162">
     <span class='ocr_line' id='line_1_61' title="bbox 331 3067 3571 3162; baseline 0.008 -43"><span class='ocrx_word' id='word_1_478' title='bbox 331 3087 350 3119; x_wconf 73' lang='grc' dir='ltr'><strong>ι</strong></span> <span class='ocrx_word' id='word_1_479' title='bbox 392 3067 525 3122; x_wconf 81' lang='lat' dir='ltr'><strong>Cum</strong></span> <span class='ocrx_word' id='word_1_480' title='bbox 550 3071 695 3123; x_wconf 88' lang='lat' dir='ltr'><strong>enim</strong></span> <span class='ocrx_word' id='word_1_481' title='bbox 722 3072 957 3125; x_wconf 89' lang='lat' dir='ltr'><strong>nondum</strong></span> <span class='ocrx_word' id='word_1_482' title='bbox 985 3074 1092 3126; x_wconf 89' lang='lat' dir='ltr'><strong>nati</strong></span> <span class='ocrx_word' id='word_1_483' title='bbox 1125 3074 1377 3144; x_wconf 89' lang='lat' dir='ltr'><strong>fuissent,</strong></span> <span class='ocrx_word' id='word_1_484' title='bbox 1404 3090 1495 3134; x_wconf 88' lang='lat' dir='ltr'><strong>aut</strong></span> <span class='ocrx_word' id='word_1_485' title='bbox 1521 3081 1725 3151; x_wconf 89' lang='lat' dir='ltr'><strong>aliquid</strong></span> <span class='ocrx_word' id='word_1_486' title='bbox 1753 3087 1895 3157; x_wconf 85' lang='lat' dir='ltr'><strong>egis-</strong></span> <span class='ocrx_word' id='word_1_487' title='bbox 1920 3094 1968 3155; x_wconf 74' lang='grc' dir='ltr'>α</span> <span class='ocrx_word' id='word_1_488' title='bbox 2003 3094 2171 3146; x_wconf 85' lang='lat' dir='ltr'><strong>ditum</strong></span> <span class='ocrx_word' id='word_1_489' title='bbox 2201 3093 2253 3145; x_wconf 91' lang='lat' dir='ltr'><strong>in</strong></span> <span class='ocrx_word' id='word_1_490' title='bbox 2284 3092 2348 3146; x_wconf 92' lang='lat' dir='ltr'><strong>iis</strong></span> <span class='ocrx_word' id='word_1_491' title='bbox 2389 3090 2567 3145; x_wconf 86' lang='lat' dir='ltr'><strong>verbis</strong></span> <span class='ocrx_word' id='word_1_492' title='bbox 2613 3091 2869 3145; x_wconf 88' lang='lat' dir='ltr'><strong>intuebar</strong></span> <span class='ocrx_word' id='word_1_493' title='bbox 2920 3091 3162 3160; x_wconf 78' lang='lat' dir='ltr'><strong>Aposmfi</strong></span> <span class='ocrx_word' id='word_1_494' title='bbox 3205 3106 3444 3154; x_wconf 86' lang='lat' dir='ltr'><strong>sensum,</strong></span> <span class='ocrx_word' id='word_1_495' title='bbox 3479 3095 3571 3162; x_wconf 85' lang='lat' dir='ltr'><strong>qui</strong></span> 
     </span>
    </p>
   </div>
   <div class='ocr_carea' id='block_1_62' title="bbox 327 3162 1888 3244">
    <p class='ocr_par' dir='ltr' id='par_1_62' title="bbox 327 3162 1888 3244">
     <span class='ocr_line' id='line_1_62' title="bbox 327 3162 1888 3244; baseline 0.012 -29"><span class='ocrx_word' id='word_1_496' title='bbox 327 3170 449 3216; x_wconf 90' lang='lat' dir='ltr'><strong>sent</strong></span> <span class='ocrx_word' id='word_1_497' title='bbox 477 3162 600 3216; x_wconf 91' lang='lat' dir='ltr'><strong>boni</strong></span> <span class='ocrx_word' id='word_1_498' title='bbox 633 3163 717 3216; x_wconf 90' lang='lat' dir='ltr'><strong>vel</strong></span> <span class='ocrx_word' id='word_1_499' title='bbox 750 3164 897 3227; x_wconf 89' lang='lat' dir='ltr'><strong>mali,</strong></span> <span class='ocrx_word' id='word_1_500' title='bbox 925 3173 982 3218; x_wconf 90' lang='lat' dir='ltr'><strong>ut</strong></span> <span class='ocrx_word' id='word_1_501' title='bbox 1014 3168 1344 3242; x_wconf 89' lang='lat' dir='ltr'><strong>propositum</strong></span> <span class='ocrx_word' id='word_1_502' title='bbox 1378 3170 1496 3233; x_wconf 88' lang='lat' dir='ltr'><strong>Dei,</strong></span> <span class='ocrx_word' id='word_1_503' title='bbox 1525 3177 1667 3244; x_wconf 89' lang='lat' dir='ltr'><strong>quod</strong></span> <span class='ocrx_word' id='word_1_504' title='bbox 1696 3193 1888 3232; x_wconf 88' lang='lat' dir='ltr'><strong>secun-</strong></span> 
     </span>
    </p>
   </div>
   <div class='ocr_carea' id='block_1_63' title="bbox 329 3251 1886 3338">
    <p class='ocr_par' dir='ltr' id='par_1_63' title="bbox 329 3251 1886 3338">
     <span class='ocr_line' id='line_1_63' title="bbox 329 3251 1886 3338; baseline 0.013 -35"><span class='ocrx_word' id='word_1_505' title='bbox 329 3251 457 3304; x_wconf 91' lang='lat' dir='ltr'><strong>dum</strong></span> <span class='ocrx_word' id='word_1_506' title='bbox 487 3253 808 3310; x_wconf 88' lang='lat' dir='ltr'><strong>electionem</strong></span> <span class='ocrx_word' id='word_1_507' title='bbox 853 3256 1054 3311; x_wconf 84' lang='lat' dir='ltr'><strong>factum</strong></span> <span class='ocrx_word' id='word_1_508' title='bbox 1089 3268 1194 3322; x_wconf 91' lang='lat' dir='ltr'><strong>est,</strong></span> <span class='ocrx_word' id='word_1_509' title='bbox 1227 3272 1460 3330; x_wconf 90' lang='lat' dir='ltr'><strong>maneat,</strong></span> <span class='ocrx_word' id='word_1_510' title='bbox 1487 3282 1591 3319; x_wconf 88' lang='lat' dir='ltr'><strong>non</strong></span> <span class='ocrx_word' id='word_1_511' title='bbox 1615 3283 1678 3321; x_wconf 82' lang='lat' dir='ltr'><strong>ex</strong></span> <span class='ocrx_word' id='word_1_512' title='bbox 1705 3271 1886 3338; x_wconf 89' lang='lat' dir='ltr'><strong>operi-</strong></span> 
     </span>
    </p>
   </div>
   <div class='ocr_carea' id='block_1_64' title="bbox 321 3343 1890 3428">
    <p class='ocr_par' dir='ltr' id='par_1_64' title="bbox 321 3343 1890 3428">
     <span class='ocr_line' id='line_1_64' title="bbox 321 3343 1890 3428; baseline 0.013 -32"><span class='ocrx_word' id='word_1_513' title='bbox 321 3343 442 3408; x_wconf 87' lang='lat' dir='ltr'><strong>bus,</strong></span> <span class='ocrx_word' id='word_1_514' title='bbox 477 3348 568 3401; x_wconf 90' lang='lat' dir='ltr'><strong>sed</strong></span> <span class='ocrx_word' id='word_1_515' title='bbox 607 3364 675 3403; x_wconf 77' lang='lat' dir='ltr'><strong>ex</strong></span> <span class='ocrx_word' id='word_1_516' title='bbox 703 3362 949 3415; x_wconf 84' lang='lat' dir='ltr'><strong>vocante,</strong></span> <span class='ocrx_word' id='word_1_517' title='bbox 975 3351 1178 3405; x_wconf 92' lang='lat' dir='ltr'><strong>dictum</strong></span> <span class='ocrx_word' id='word_1_518' title='bbox 1221 3365 1306 3408; x_wconf 90' lang='lat' dir='ltr'><strong>est</strong></span> <span class='ocrx_word' id='word_1_519' title='bbox 1331 3357 1455 3423; x_wconf 90' lang='lat' dir='ltr'><strong>quia</strong></span> <span class='ocrx_word' id='word_1_520' title='bbox 1493 3361 1667 3428; x_wconf 90' lang='lat' dir='ltr'><strong>major</strong></span> <span class='ocrx_word' id='word_1_521' title='bbox 1690 3363 1890 3416; x_wconf 85' lang='lat' dir='ltr'><strong>serviet</strong></span> 
     </span>
    </p>
   </div>
   <div class='ocr_carea' id='block_1_65' title="bbox 321 3437 1883 3519">
    <p class='ocr_par' dir='ltr' id='par_1_65' title="bbox 321 3437 1883 3519">
     <span class='ocr_line' id='line_1_65' title="bbox 321 3437 1883 3519; baseline 0.013 -31"><span class='ocrx_word' id='word_1_522' title='bbox 321 3437 544 3505; x_wconf 91' lang='lat' dir='ltr'><strong>minori,</strong></span> <span class='ocrx_word' id='word_1_523' title='bbox 605 3442 746 3497; x_wconf 88' lang='lat' dir='ltr'><strong>sicut</strong></span> <span class='ocrx_word' id='word_1_524' title='bbox 794 3447 1057 3515; x_wconf 87' lang='lat' dir='ltr'><strong>scriptum</strong></span> <span class='ocrx_word' id='word_1_525' title='bbox 1115 3459 1197 3504; x_wconf 89' lang='lat' dir='ltr'><strong>est</strong></span> <span class='ocrx_word' id='word_1_526' title='bbox 1239 3465 1252 3502; x_wconf 92' lang='lat'><strong>:</strong></span> <span class='ocrx_word' id='word_1_527' title='bbox 1299 3446 1470 3505; x_wconf 83' lang='lat' dir='ltr'><strong>Jaeob</strong></span> <span class='ocrx_word' id='word_1_528' title='bbox 1514 3451 1698 3519; x_wconf 84' lang='lat' dir='ltr'><strong>dilexi,</strong></span> <span class='ocrx_word' id='word_1_529' title='bbox 1745 3454 1883 3510; x_wconf 83' lang='lat' dir='ltr'><strong>Esau</strong></span> 
     </span>
    </p>
   </div>
   <div class='ocr_carea' id='block_1_66' title="bbox 320 3531 1886 3614">
    <p class='ocr_par' dir='ltr' id='par_1_66' title="bbox 320 3531 1886 3614">
     <span class='ocr_line' id='line_1_66' title="bbox 320 3531 1886 3614; baseline 0.015 -36"><span class='ocrx_word' id='word_1_530' title='bbox 320 3539 506 3582; x_wconf 81' lang='lat' dir='ltr'><strong>autem</strong></span> <span class='ocrx_word' id='word_1_531' title='bbox 535 3531 657 3586; x_wconf 82' lang='lat' dir='ltr'><strong>odio</strong></span> <span class='ocrx_word' id='word_1_532' title='bbox 706 3534 891 3591; x_wconf 87' lang='lat' dir='ltr'><strong>habui.</strong></span> <span class='ocrx_word' id='word_1_533' title='bbox 926 3557 944 3589; x_wconf 79' lang='grc' dir='ltr'><strong>ι</strong></span> <span class='ocrx_word' id='word_1_534' title='bbox 990 3539 1109 3595; x_wconf 69' lang='lat' dir='ltr'><strong>Istae</strong></span> <span class='ocrx_word' id='word_1_535' title='bbox 1155 3543 1296 3596; x_wconf 89' lang='lat' dir='ltr'><strong>enim</strong></span> <span class='ocrx_word' id='word_1_536' title='bbox 1354 3542 1487 3596; x_wconf 86' lang='lat' dir='ltr'><strong>tales</strong></span> <span class='ocrx_word' id='word_1_537' title='bbox 1511 3548 1886 3614; x_wconf 86' lang='lat' dir='ltr'><strong>generationes</strong></span> 
     </span>
    </p>
   </div>
   <div class='ocr_carea' id='block_1_67' title="bbox 322 3620 1886 3708">
    <p class='ocr_par' dir='ltr' id='par_1_67' title="bbox 322 3620 1886 3708">
     <span class='ocr_line' id='line_1_67' title="bbox 322 3620 1886 3708; baseline 0.015 -37"><span class='ocrx_word' id='word_1_538' title='bbox 322 3620 522 3674; x_wconf 64' lang='lat' dir='ltr'><strong>anitum</strong></span> <span class='ocrx_word' id='word_1_539' title='bbox 544 3623 705 3678; x_wconf 89' lang='lat' dir='ltr'><strong>etiam</strong></span> <span class='ocrx_word' id='word_1_540' title='bbox 730 3627 1045 3699; x_wconf 85' lang='lat' dir='ltr'><strong>priusquam</strong></span> <span class='ocrx_word' id='word_1_541' title='bbox 1075 3631 1281 3687; x_wconf 84' lang='lat' dir='ltr'><strong>faciant</strong></span> <span class='ocrx_word' id='word_1_542' title='bbox 1305 3634 1430 3687; x_wconf 91' lang='lat' dir='ltr'><strong>boni</strong></span> <span class='ocrx_word' id='word_1_543' title='bbox 1462 3635 1684 3705; x_wconf 89' lang='lat' dir='ltr'><strong>aliquid,</strong></span> <span class='ocrx_word' id='word_1_544' title='bbox 1719 3639 1886 3708; x_wconf 91' lang='lat' dir='ltr'><strong>siqui-</strong></span> 
     </span>
    </p>
   </div>
   <div class='ocr_carea' id='block_1_68' title="bbox 316 3711 1880 3799">
    <p class='ocr_par' dir='ltr' id='par_1_68' title="bbox 316 3711 1880 3799">
     <span class='ocr_line' id='line_1_68' title="bbox 316 3711 1880 3799; baseline 0.015 -36"><span class='ocrx_word' id='word_1_545' title='bbox 316 3711 440 3765; x_wconf 91' lang='lat' dir='ltr'><strong>dem</strong></span> <span class='ocrx_word' id='word_1_546' title='bbox 461 3729 524 3768; x_wconf 83' lang='lat' dir='ltr'><strong>ex</strong></span> <span class='ocrx_word' id='word_1_547' title='bbox 545 3728 735 3773; x_wconf 86' lang='lat' dir='ltr'><strong>sancto</strong></span> <span class='ocrx_word' id='word_1_548' title='bbox 759 3721 959 3789; x_wconf 85' lang='lat' dir='ltr'><strong>Spiritu</strong></span> <span class='ocrx_word' id='word_1_549' title='bbox 983 3733 1252 3795; x_wconf 70' lang='lat' dir='ltr'><strong>generata:</strong></span> <span class='ocrx_word' id='word_1_550' title='bbox 1269 3734 1412 3787; x_wconf 89' lang='lat' dir='ltr'><strong>sunt,</strong></span> <span class='ocrx_word' id='word_1_551' title='bbox 1435 3725 1547 3794; x_wconf 90' lang='lat' dir='ltr'><strong>jam</strong></span> <span class='ocrx_word' id='word_1_552' title='bbox 1565 3731 1880 3799; x_wconf 86' lang='lat' dir='ltr'><strong>diliguntur.</strong></span> 
     </span>
    </p>
   </div>
   <div class='ocr_carea' id='block_1_69' title="bbox 318 3801 1884 3892">
    <p class='ocr_par' dir='ltr' id='par_1_69' title="bbox 318 3801 1884 3892">
     <span class='ocr_line' id='line_1_69' title="bbox 318 3801 1884 3892; baseline 0.015 -37"><span class='ocrx_word' id='word_1_553' title='bbox 318 3801 376 3856; x_wconf 92' lang='lat' dir='ltr'><strong>Si</strong></span> <span class='ocrx_word' id='word_1_554' title='bbox 408 3820 536 3859; x_wconf 90' lang='lat' dir='ltr'><strong>vero</strong></span> <span class='ocrx_word' id='word_1_555' title='bbox 561 3824 626 3862; x_wconf 83' lang='lat' dir='ltr'><strong>ex</strong></span> <span class='ocrx_word' id='word_1_556' title='bbox 653 3812 845 3878; x_wconf 84' lang='lat' dir='ltr'><strong>spiritu</strong></span> <span class='ocrx_word' id='word_1_557' title='bbox 876 3815 1130 3884; x_wconf 88' lang='lat' dir='ltr'><strong>maligno,</strong></span> <span class='ocrx_word' id='word_1_558' title='bbox 1159 3818 1321 3870; x_wconf 86' lang='lat' dir='ltr'><strong>etiam</strong></span> <span class='ocrx_word' id='word_1_559' title='bbox 1363 3822 1680 3891; x_wconf 87' lang='lat' dir='ltr'><strong>priusquam</strong></span> <span class='ocrx_word' id='word_1_560' title='bbox 1721 3839 1884 3892; x_wconf 87' lang='lat' dir='ltr'><strong>opere</strong></span> 
     </span>
    </p>
   </div>
   <div class='ocr_carea' id='block_1_70' title="bbox 314 3895 1883 3984">
    <p class='ocr_par' dir='ltr' id='par_1_70' title="bbox 314 3895 1883 3984">
     <span class='ocr_line' id='line_1_70' title="bbox 314 3895 1883 3984; baseline 0.014 -37"><span class='ocrx_word' id='word_1_561' title='bbox 314 3895 801 3971; x_wconf 87' lang='lat' dir='ltr'><strong>impleantaliquid</strong></span> <span class='ocrx_word' id='word_1_562' title='bbox 830 3905 976 3972; x_wconf 90' lang='lat' dir='ltr'><strong>mali,</strong></span> <span class='ocrx_word' id='word_1_563' title='bbox 1019 3906 1119 3960; x_wconf 89' lang='lat' dir='ltr'><strong>hoc</strong></span> <span class='ocrx_word' id='word_1_564' title='bbox 1136 3907 1250 3976; x_wconf 90' lang='lat' dir='ltr'><strong>ipso</strong></span> <span class='ocrx_word' id='word_1_565' title='bbox 1287 3918 1470 3965; x_wconf 90' lang='lat' dir='ltr'><strong>tamen</strong></span> <span class='ocrx_word' id='word_1_566' title='bbox 1510 3913 1650 3981; x_wconf 90' lang='lat' dir='ltr'><strong>quod</strong></span> <span class='ocrx_word' id='word_1_567' title='bbox 1693 3913 1883 3984; x_wconf 86' lang='lat' dir='ltr'><strong>hujus-</strong></span> 
     </span>
    </p>
   </div>
   <div class='ocr_carea' id='block_1_71' title="bbox 315 3990 1882 4074">
    <p class='ocr_par' dir='ltr' id='par_1_71' title="bbox 315 3990 1882 4074">
     <span class='ocr_line' id='line_1_71' title="bbox 315 3990 1882 4074; baseline 0.014 -34"><span class='ocrx_word' id='word_1_568' title='bbox 315 3990 462 4043; x_wconf 90' lang='lat' dir='ltr'><strong>modi</strong></span> <span class='ocrx_word' id='word_1_569' title='bbox 496 3992 824 4050; x_wconf 81' lang='lat' dir='ltr'><strong>voluntatem</strong></span> <span class='ocrx_word' id='word_1_570' title='bbox 863 4001 1071 4068; x_wconf 89' lang='lat' dir='ltr'><strong>peperit</strong></span> <span class='ocrx_word' id='word_1_571' title='bbox 1095 4003 1299 4067; x_wconf 89' lang='lat' dir='ltr'><strong>anima,</strong></span> <span class='ocrx_word' id='word_1_572' title='bbox 1363 4003 1524 4074; x_wconf 88' lang='lat' dir='ltr'><strong>digne</strong></span> <span class='ocrx_word' id='word_1_573' title='bbox 1569 4008 1619 4060; x_wconf 93' lang='lat' dir='ltr'><strong>in</strong></span> <span class='ocrx_word' id='word_1_574' title='bbox 1661 4022 1723 4061; x_wconf 88' lang='lat' dir='ltr'><strong>ea</strong></span> <span class='ocrx_word' id='word_1_575' title='bbox 1758 4010 1882 4063; x_wconf 88' lang='lat' dir='ltr'><strong>odio</strong></span> 
     </span>
    </p>
   </div>
   <div class='ocr_carea' id='block_1_72' title="bbox 313 4080 1882 4166">
    <p class='ocr_par' dir='ltr' id='par_1_72' title="bbox 313 4080 1882 4166">
     <span class='ocr_line' id='line_1_72' title="bbox 313 4080 1882 4166; baseline 0.014 -33"><span class='ocrx_word' id='word_1_576' title='bbox 313 4080 546 4136; x_wconf 88' lang='lat' dir='ltr'><strong>habetur</strong></span> <span class='ocrx_word' id='word_1_577' title='bbox 571 4085 723 4140; x_wconf 65' lang='lat' dir='ltr'><strong>malae</strong></span> <span class='ocrx_word' id='word_1_578' title='bbox 752 4091 1046 4144; x_wconf 85' lang='lat' dir='ltr'><strong>voluntatis</strong></span> <span class='ocrx_word' id='word_1_579' title='bbox 1061 4093 1390 4148; x_wconf 85' lang='lat' dir='ltr'><strong>exsecranda</strong></span> <span class='ocrx_word' id='word_1_580' title='bbox 1417 4098 1718 4166; x_wconf 89' lang='lat' dir='ltr'><strong>conceptio.</strong></span> <span class='ocrx_word' id='word_1_581' title='bbox 1749 4100 1882 4155; x_wconf 86' lang='lat' dir='ltr'><strong>Pro-</strong></span> 
     </span>
    </p>
   </div>
   <div class='ocr_carea' id='block_1_73' title="bbox 312 4173 1878 4257">
    <p class='ocr_par' dir='ltr' id='par_1_73' title="bbox 312 4173 1878 4257">
     <span class='ocr_line' id='line_1_73' title="bbox 312 4173 1878 4257; baseline 0.015 -36"><span class='ocrx_word' id='word_1_582' title='bbox 312 4180 495 4239; x_wconf 89' lang='lat' dir='ltr'><strong>pterea</strong></span> <span class='ocrx_word' id='word_1_583' title='bbox 520 4173 770 4232; x_wconf 87' lang='lat' dir='ltr'><strong>fortassis</strong></span> <span class='ocrx_word' id='word_1_584' title='bbox 812 4179 864 4233; x_wconf 94' lang='lat' dir='ltr'><strong>in</strong></span> <span class='ocrx_word' id='word_1_585' title='bbox 915 4181 1074 4252; x_wconf 90' lang='lat' dir='ltr'><strong>hujus</strong></span> <span class='ocrx_word' id='word_1_586' title='bbox 1116 4186 1443 4239; x_wconf 85' lang='lat' dir='ltr'><strong>sacramenti</strong></span> <span class='ocrx_word' id='word_1_587' title='bbox 1499 4186 1672 4257; x_wconf 84' lang='lat' dir='ltr'><strong>figura</strong></span> <span class='ocrx_word' id='word_1_588' title='bbox 1718 4191 1878 4244; x_wconf 88' lang='lat' dir='ltr'><strong>etiam</strong></span> 
     </span>
    </p>
   </div>
   <div class='ocr_carea' id='block_1_74' title="bbox 312 4263 1876 4343">
    <p class='ocr_par' dir='ltr' id='par_1_74' title="bbox 312 4263 1876 4343">
     <span class='ocr_line' id='line_1_74' title="bbox 312 4263 1876 4343; baseline 0.013 -27"><span class='ocrx_word' id='word_1_589' title='bbox 312 4263 590 4320; x_wconf 86' lang='lat' dir='ltr'><strong>Chanaam</strong></span> <span class='ocrx_word' id='word_1_590' title='bbox 632 4285 767 4338; x_wconf 90' lang='lat' dir='ltr'><strong>puer</strong></span> <span class='ocrx_word' id='word_1_591' title='bbox 815 4283 1105 4343; x_wconf 85' lang='lat' dir='ltr'><strong>antequam</strong></span> <span class='ocrx_word' id='word_1_592' title='bbox 1156 4286 1476 4330; x_wconf 88' lang='lat' dir='ltr'><strong>nasceretur</strong></span> <span class='ocrx_word' id='word_1_593' title='bbox 1521 4274 1876 4336; x_wconf 90' lang='lat' dir='ltr'><strong>maledicitur.</strong></span> 
     </span>
    </p>
   </div>
   <div class='ocr_carea' id='block_1_75' title="bbox 311 4353 1880 4440">
    <p class='ocr_par' dir='ltr' id='par_1_75' title="bbox 311 4353 1880 4440">
     <span class='ocr_line' id='line_1_75' title="bbox 311 4353 1880 4440; baseline 0.013 -35"><span class='ocrx_word' id='word_1_594' title='bbox 311 4353 481 4408; x_wconf 89' lang='lat' dir='ltr'><strong>Cham</strong></span> <span class='ocrx_word' id='word_1_595' title='bbox 514 4373 744 4428; x_wconf 87' lang='lat' dir='ltr'><strong>namque</strong></span> <span class='ocrx_word' id='word_1_596' title='bbox 770 4373 1087 4430; x_wconf 88' lang='lat' dir='ltr'><strong>peccaverat</strong></span> <span class='ocrx_word' id='word_1_597' title='bbox 1115 4375 1270 4434; x_wconf 90' lang='lat' dir='ltr'><strong>pater</strong></span> <span class='ocrx_word' id='word_1_598' title='bbox 1294 4367 1411 4435; x_wconf 90' lang='lat' dir='ltr'><strong>ejus</strong></span> <span class='ocrx_word' id='word_1_599' title='bbox 1437 4387 1449 4422; x_wconf 88' lang='lat'><strong>:</strong></span> <span class='ocrx_word' id='word_1_600' title='bbox 1471 4377 1523 4422; x_wconf 92' lang='lat' dir='ltr'><strong>et</strong></span> <span class='ocrx_word' id='word_1_601' title='bbox 1551 4371 1880 4440; x_wconf 89' lang='lat' dir='ltr'><strong>prophetans</strong></span> 
     </span>
    </p>
   </div>
   <div class='ocr_carea' id='block_1_76' title="bbox 1997 3182 3580 3262">
    <p class='ocr_par' dir='ltr' id='par_1_76' title="bbox 1997 3182 3580 3262">
     <span class='ocr_line' id='line_1_76' title="bbox 1997 3182 3580 3262; baseline 0 -24"><span class='ocrx_word' id='word_1_602' title='bbox 1997 3185 2073 3238; x_wconf 89' lang='lat' dir='ltr'><strong>ita</strong></span> <span class='ocrx_word' id='word_1_603' title='bbox 2127 3182 2446 3250; x_wconf 87' lang='lat' dir='ltr'><strong>definierit,</strong></span> <span class='ocrx_word' id='word_1_604' title='bbox 2523 3185 2665 3252; x_wconf 92' lang='lat' dir='ltr'><strong>quod</strong></span> <span class='ocrx_word' id='word_1_605' title='bbox 2721 3183 2899 3237; x_wconf 88' lang='lat' dir='ltr'><strong>onmis</strong></span> <span class='ocrx_word' id='word_1_606' title='bbox 2954 3185 3131 3237; x_wconf 91' lang='lat' dir='ltr'><strong>anima</strong></span> <span class='ocrx_word' id='word_1_607' title='bbox 3205 3193 3298 3236; x_wconf 87' lang='lat' dir='ltr'><strong>aut</strong></span> <span class='ocrx_word' id='word_1_608' title='bbox 3345 3182 3580 3262; x_wconf 86' lang='lat' dir='ltr'><strong>Domino</strong></span> 
     </span>
    </p>
   </div>
   <div class='ocr_carea' id='block_1_77' title="bbox 1993 3274 3573 3346">
    <p class='ocr_par' dir='ltr' id='par_1_77' title="bbox 1993 3274 3573 3346">
     <span class='ocr_line' id='line_1_77' title="bbox 1993 3274 3573 3346; baseline 0.001 -16"><span class='ocrx_word' id='word_1_609' title='bbox 1993 3274 2286 3342; x_wconf 88' lang='lat' dir='ltr'><strong>conjuncta</strong></span> <span class='ocrx_word' id='word_1_610' title='bbox 2343 3275 2437 3342; x_wconf 93' lang='lat' dir='ltr'><strong>sit,</strong></span> <span class='ocrx_word' id='word_1_611' title='bbox 2481 3285 2578 3329; x_wconf 90' lang='lat' dir='ltr'><strong>aut</strong></span> <span class='ocrx_word' id='word_1_612' title='bbox 2634 3275 2904 3330; x_wconf 88' lang='lat' dir='ltr'><strong>meretrici</strong></span> <span class='ocrx_word' id='word_1_613' title='bbox 2970 3293 2981 3328; x_wconf 94' lang='lat'><strong>:</strong></span> <span class='ocrx_word' id='word_1_614' title='bbox 3044 3283 3097 3330; x_wconf 86' lang='lat' dir='ltr'><strong>et</strong></span> <span class='ocrx_word' id='word_1_615' title='bbox 3154 3275 3386 3330; x_wconf 80' lang='lat' dir='ltr'><strong>intellexi</strong></span> <span class='ocrx_word' id='word_1_616' title='bbox 3431 3278 3573 3346; x_wconf 91' lang='lat' dir='ltr'><strong>quod</strong></span> 
     </span>
    </p>
   </div>
   <div class='ocr_carea' id='block_1_78' title="bbox 1997 3365 3580 3436">
    <p class='ocr_par' dir='ltr' id='par_1_78' title="bbox 1997 3365 3580 3436">
     <span class='ocr_line' id='line_1_78' title="bbox 1997 3365 3580 3436; baseline 0 -13"><span class='ocrx_word' id='word_1_617' title='bbox 1997 3367 2282 3423; x_wconf 87' lang='lat' dir='ltr'><strong>Dominum</strong></span> <span class='ocrx_word' id='word_1_618' title='bbox 2336 3366 2554 3436; x_wconf 90' lang='lat' dir='ltr'><strong>quidem</strong></span> <span class='ocrx_word' id='word_1_619' title='bbox 2605 3367 2804 3422; x_wconf 80' lang='lat' dir='ltr'><strong>dixerit</strong></span> <span class='ocrx_word' id='word_1_620' title='bbox 2860 3365 3095 3420; x_wconf 89' lang='lat' dir='ltr'><strong>virtutes</strong></span> <span class='ocrx_word' id='word_1_621' title='bbox 3155 3381 3274 3436; x_wconf 74' lang='lat' dir='ltr'><strong>quze</strong></span> <span class='ocrx_word' id='word_1_622' title='bbox 3319 3367 3580 3423; x_wconf 86' lang='lat' dir='ltr'><strong>Christus</strong></span> 
     </span>
    </p>
   </div>
   <div class='ocr_carea' id='block_1_79' title="bbox 1993 3456 3580 3530">
    <p class='ocr_par' dir='ltr' id='par_1_79' title="bbox 1993 3456 3580 3530">
     <span class='ocr_line' id='line_1_79' title="bbox 1993 3456 3580 3530; baseline -0.001 -18"><span class='ocrx_word' id='word_1_623' title='bbox 1993 3467 2096 3524; x_wconf 91' lang='lat' dir='ltr'><strong>est,</strong></span> <span class='ocrx_word' id='word_1_624' title='bbox 2129 3456 2180 3510; x_wconf 93' lang='lat' dir='ltr'><strong>id</strong></span> <span class='ocrx_word' id='word_1_625' title='bbox 2228 3466 2310 3512; x_wconf 90' lang='lat' dir='ltr'><strong>est</strong></span> <span class='ocrx_word' id='word_1_626' title='bbox 2354 3456 2600 3516; x_wconf 86' lang='lat' dir='ltr'><strong>verbum,</strong></span> <span class='ocrx_word' id='word_1_627' title='bbox 2651 3458 2997 3525; x_wconf 87' lang='lat' dir='ltr'><strong>sapientiam,</strong></span> <span class='ocrx_word' id='word_1_628' title='bbox 3060 3459 3364 3522; x_wconf 89' lang='lat' dir='ltr'><strong>veritatem,</strong></span> <span class='ocrx_word' id='word_1_629' title='bbox 3409 3457 3580 3530; x_wconf 59' lang='lat'><strong>35.9</strong></span> 
     </span>
    </p>
   </div>
   <div class='ocr_carea' id='block_1_80' title="bbox 1987 3548 3572 3619">
    <p class='ocr_par' dir='ltr' id='par_1_80' title="bbox 1987 3548 3572 3619">
     <span class='ocr_line' id='line_1_80' title="bbox 1987 3548 3572 3619; baseline 0.001 -17"><span class='ocrx_word' id='word_1_630' title='bbox 1987 3552 2286 3619; x_wconf 89' lang='lat' dir='ltr'><strong>justitiam,</strong></span> <span class='ocrx_word' id='word_1_631' title='bbox 2310 3559 2612 3619; x_wconf 54' lang='lat' dir='ltr'><strong>cateraque</strong></span> <span class='ocrx_word' id='word_1_632' title='bbox 2673 3548 2983 3615; x_wconf 78' lang='lat' dir='ltr'><strong>huiusmodi</strong></span> <span class='ocrx_word' id='word_1_633' title='bbox 3021 3571 3034 3604; x_wconf 87' lang='lat'><strong>:</strong></span> <span class='ocrx_word' id='word_1_634' title='bbox 3066 3551 3403 3604; x_wconf 88' lang='lat' dir='ltr'><strong>meretricem</strong></span> <span class='ocrx_word' id='word_1_635' title='bbox 3441 3567 3572 3604; x_wconf 90' lang='lat' dir='ltr'><strong>vero</strong></span> 
     </span>
    </p>
   </div>
   <div class='ocr_carea' id='block_1_81' title="bbox 1995 3641 3566 3709">
    <p class='ocr_par' dir='ltr' id='par_1_81' title="bbox 1995 3641 3566 3709">
     <span class='ocr_line' id='line_1_81' title="bbox 1995 3641 3566 3709; baseline 0 -15"><span class='ocrx_word' id='word_1_636' title='bbox 1995 3657 2183 3696; x_wconf 88' lang='lat' dir='ltr'><strong>mnnes</strong></span> <span class='ocrx_word' id='word_1_637' title='bbox 2242 3642 2549 3697; x_wconf 87' lang='lat' dir='ltr'><strong>econtrario</strong></span> <span class='ocrx_word' id='word_1_638' title='bbox 2613 3641 2834 3695; x_wconf 58' lang='lat' dir='ltr'><strong>malitia).</strong></span> <span class='ocrx_word' id='word_1_639' title='bbox 2889 3641 3118 3709; x_wconf 89' lang='lat' dir='ltr'><strong>species.</strong></span> <span class='ocrx_word' id='word_1_640' title='bbox 3213 3641 3326 3696; x_wconf 83' lang='lat' dir='ltr'><strong>Hoc</strong></span> <span class='ocrx_word' id='word_1_641' title='bbox 3401 3643 3566 3696; x_wconf 90' lang='lat' dir='ltr'><strong>etiam</strong></span> 
     </span>
    </p>
   </div>
   <div class='ocr_carea' id='block_1_82' title="bbox 1992 3732 3577 3802">
    <p class='ocr_par' dir='ltr' id='par_1_82' title="bbox 1992 3732 3577 3802">
     <span class='ocr_line' id='line_1_82' title="bbox 1992 3732 3577 3802; baseline 0.003 -16"><span class='ocrx_word' id='word_1_642' title='bbox 1992 3736 2134 3802; x_wconf 87' lang='lat' dir='ltr'><strong>apud</strong></span> <span class='ocrx_word' id='word_1_643' title='bbox 2189 3732 2532 3786; x_wconf 88' lang='lat' dir='ltr'><strong>Salomonem</strong></span> <span class='ocrx_word' id='word_1_644' title='bbox 2581 3733 2687 3787; x_wconf 91' lang='lat' dir='ltr'><strong>dici</strong></span> <span class='ocrx_word' id='word_1_645' title='bbox 2737 3733 2977 3801; x_wconf 86' lang='lat' dir='ltr'><strong>intelligo</strong></span> <span class='ocrx_word' id='word_1_646' title='bbox 3017 3733 3069 3786; x_wconf 89' lang='lat' dir='ltr'><strong>in</strong></span> <span class='ocrx_word' id='word_1_647' title='bbox 3109 3746 3174 3787; x_wconf 88' lang='lat' dir='ltr'><strong>eo</strong></span> <span class='ocrx_word' id='word_1_648' title='bbox 3206 3735 3349 3802; x_wconf 86' lang='lat' dir='ltr'><strong>quod</strong></span> <span class='ocrx_word' id='word_1_649' title='bbox 3393 3735 3470 3787; x_wconf 86' lang='lat' dir='ltr'><strong>ait</strong></span> <span class='ocrx_word' id='word_1_650' title='bbox 3503 3737 3577 3790; x_wconf 81' lang='lat' dir='ltr'><strong>de</strong></span> 
     </span>
    </p>
   </div>
   <div class='ocr_carea' id='block_1_83' title="bbox 1991 3812 3565 3894">
    <p class='ocr_par' dir='ltr' id='par_1_83' title="bbox 1991 3812 3565 3894">
     <span class='ocr_line' id='line_1_83' title="bbox 1991 3812 3565 3894; baseline 0 -16"><span class='ocrx_word' id='word_1_651' title='bbox 1991 3812 2290 3878; x_wconf 74' lang='lat' dir='ltr'><strong>meretrice&#39;</strong></span> <span class='ocrx_word' id='word_1_652' title='bbox 2315 3824 2358 3855; x_wconf 84' lang='grc'>¹⁶</span> <span class='ocrx_word' id='word_1_653' title='bbox 2379 3866 2393 3888; x_wconf 89' lang='grc'><em>,</em></span> <span class='ocrx_word' id='word_1_654' title='bbox 2421 3824 2549 3892; x_wconf 90' lang='lat' dir='ltr'><strong>quia</strong></span> <span class='ocrx_word' id='word_1_655' title='bbox 2579 3841 2599 3874; x_wconf 76' lang='grc' dir='ltr'><strong>ι</strong></span> <span class='ocrx_word' id='word_1_656' title='bbox 2637 3838 2734 3891; x_wconf 89' lang='lat' dir='ltr'><strong>per</strong></span> <span class='ocrx_word' id='word_1_657' title='bbox 2770 3823 3038 3878; x_wconf 89' lang='lat' dir='ltr'><strong>fenestras</strong></span> <span class='ocrx_word' id='word_1_658' title='bbox 3075 3826 3332 3894; x_wconf 89' lang='lat' dir='ltr'><strong>prospicit</strong></span> <span class='ocrx_word' id='word_1_659' title='bbox 3363 3825 3412 3877; x_wconf 91' lang='lat' dir='ltr'><strong>in</strong></span> <span class='ocrx_word' id='word_1_660' title='bbox 3446 3825 3565 3894; x_wconf 90' lang='lat' dir='ltr'><strong>pla-</strong></span> 
     </span>
    </p>
   </div>
   <div class='ocr_carea' id='block_1_84' title="bbox 1991 3914 3565 3984">
    <p class='ocr_par' dir='ltr' id='par_1_84' title="bbox 1991 3914 3565 3984">
     <span class='ocr_line' id='line_1_84' title="bbox 1991 3914 3565 3984; baseline 0.001 -15"><span class='ocrx_word' id='word_1_661' title='bbox 1991 3925 2107 3969; x_wconf 86' lang='lat' dir='ltr'><strong>teas</strong></span> <span class='ocrx_word' id='word_1_662' title='bbox 2135 3954 2150 3978; x_wconf 86' lang='lat'><strong>,</strong></span> <span class='ocrx_word' id='word_1_663' title='bbox 2185 3923 2239 3969; x_wconf 91' lang='lat' dir='ltr'><strong>et</strong></span> <span class='ocrx_word' id='word_1_664' title='bbox 2277 3915 2321 3969; x_wconf 91' lang='lat' dir='ltr'><strong>si</strong></span> <span class='ocrx_word' id='word_1_665' title='bbox 2355 3930 2514 3983; x_wconf 90' lang='lat' dir='ltr'><strong>quem</strong></span> <span class='ocrx_word' id='word_1_666' title='bbox 2549 3915 2750 3969; x_wconf 80' lang='lat' dir='ltr'><strong>viderit</strong></span> <span class='ocrx_word' id='word_1_667' title='bbox 2783 3914 3152 3984; x_wconf 90' lang='lat' dir='ltr'><strong>insipientium</strong></span> <span class='ocrx_word' id='word_1_668' title='bbox 3187 3915 3565 3971; x_wconf 87' lang='lat' dir='ltr'><strong>adolescentu—</strong></span> 
     </span>
    </p>
   </div>
   <div class='ocr_carea' id='block_1_85' title="bbox 1989 4008 3573 4078">
    <p class='ocr_par' dir='ltr' id='par_1_85' title="bbox 1989 4008 3573 4078">
     <span class='ocr_line' id='line_1_85' title="bbox 1989 4008 3573 4078; baseline 0.001 -18"><span class='ocrx_word' id='word_1_669' title='bbox 1989 4008 2199 4073; x_wconf 91' lang='lat' dir='ltr'><strong>lorum,</strong></span> <span class='ocrx_word' id='word_1_670' title='bbox 2230 4015 2287 4061; x_wconf 94' lang='lat' dir='ltr'><strong>et</strong></span> <span class='ocrx_word' id='word_1_671' title='bbox 2327 4009 2540 4075; x_wconf 89' lang='lat' dir='ltr'><strong>inopem</strong></span> <span class='ocrx_word' id='word_1_672' title='bbox 2580 4021 2837 4061; x_wconf 91' lang='lat' dir='ltr'><strong>sensuum</strong></span> <span class='ocrx_word' id='word_1_673' title='bbox 2876 4017 3244 4062; x_wconf 89' lang='lat' dir='ltr'><strong>transeuntem</strong></span> <span class='ocrx_word' id='word_1_674' title='bbox 3285 4008 3434 4078; x_wconf 81' lang='lat' dir='ltr'><strong>juxta</strong></span> <span class='ocrx_word' id='word_1_675' title='bbox 3469 4024 3573 4063; x_wconf 65' lang='lat' dir='ltr'><strong>att--</strong></span> 
     </span>
    </p>
   </div>
   <div class='ocr_carea' id='block_1_86' title="bbox 1988 4099 3560 4172">
    <p class='ocr_par' dir='ltr' id='par_1_86' title="bbox 1988 4099 3560 4172">
     <span class='ocr_line' id='line_1_86' title="bbox 1988 4099 3560 4172; baseline 0.003 -20"><span class='ocrx_word' id='word_1_676' title='bbox 1988 4101 2142 4170; x_wconf 85' lang='lat' dir='ltr'><strong>gulos</strong></span> <span class='ocrx_word' id='word_1_677' title='bbox 2169 4100 2360 4153; x_wconf 91' lang='lat' dir='ltr'><strong>domus</strong></span> <span class='ocrx_word' id='word_1_678' title='bbox 2393 4113 2525 4166; x_wconf 71' lang='lat' dir='ltr'><strong>suae,</strong></span> <span class='ocrx_word' id='word_1_679' title='bbox 2561 4109 2614 4153; x_wconf 91' lang='lat' dir='ltr'><strong>et</strong></span> <span class='ocrx_word' id='word_1_680' title='bbox 2649 4099 2958 4169; x_wconf 89' lang='lat' dir='ltr'><strong>loquentem</strong></span> <span class='ocrx_word' id='word_1_681' title='bbox 2993 4101 3045 4156; x_wconf 94' lang='lat' dir='ltr'><strong>in</strong></span> <span class='ocrx_word' id='word_1_682' title='bbox 3073 4101 3313 4157; x_wconf 89' lang='lat' dir='ltr'><strong>tenebris</strong></span> <span class='ocrx_word' id='word_1_683' title='bbox 3340 4118 3560 4172; x_wconf 88' lang='lat' dir='ltr'><strong>vesper-</strong></span> 
     </span>
    </p>
   </div>
   <div class='ocr_carea' id='block_1_87' title="bbox 1989 4192 3574 4267">
    <p class='ocr_par' dir='ltr' id='par_1_87' title="bbox 1989 4192 3574 4267">
     <span class='ocr_line' id='line_1_87' title="bbox 1989 4192 3574 4267; baseline -0.001 -19"><span class='ocrx_word' id='word_1_684' title='bbox 1989 4194 2154 4258; x_wconf 91' lang='lat' dir='ltr'><strong>tinis,</strong></span> <span class='ocrx_word' id='word_1_685' title='bbox 2195 4208 2316 4247; x_wconf 92' lang='lat' dir='ltr'><strong>cum</strong></span> <span class='ocrx_word' id='word_1_686' title='bbox 2353 4192 2624 4248; x_wconf 91' lang='lat' dir='ltr'><strong>silentium</strong></span> <span class='ocrx_word' id='word_1_687' title='bbox 2663 4192 2825 4247; x_wconf 87' lang='lat' dir='ltr'><strong>fuerit</strong></span> <span class='ocrx_word' id='word_1_688' title='bbox 2865 4203 3190 4247; x_wconf 88' lang='lat' dir='ltr'><strong>nocturnum</strong></span> <span class='ocrx_word' id='word_1_689' title='bbox 3217 4235 3230 4260; x_wconf 91' lang='lat'><strong>,</strong></span> <span class='ocrx_word' id='word_1_690' title='bbox 3271 4194 3355 4249; x_wconf 87' lang='lat' dir='ltr'><strong>vel</strong></span> <span class='ocrx_word' id='word_1_691' title='bbox 3386 4198 3574 4267; x_wconf 77' lang='lat' dir='ltr'><strong>caligo.</strong></span> 
     </span>
    </p>
   </div>
   <div class='ocr_carea' id='block_1_88' title="bbox 1988 4285 3560 4357">
    <p class='ocr_par' dir='ltr' id='par_1_88' title="bbox 1988 4285 3560 4357">
     <span class='ocr_line' id='line_1_88' title="bbox 1988 4285 3560 4357; baseline 0.003 -17"><span class='ocrx_word' id='word_1_692' title='bbox 1988 4295 2165 4341; x_wconf 79' lang='lat' dir='ltr'><strong>noctis</strong></span> <span class='ocrx_word' id='word_1_693' title='bbox 2200 4303 2213 4338; x_wconf 92' lang='lat'>:</span> <span class='ocrx_word' id='word_1_694' title='bbox 2251 4285 2446 4338; x_wconf 92' lang='lat' dir='ltr'><strong>mulier</strong></span> <span class='ocrx_word' id='word_1_695' title='bbox 2483 4295 2662 4338; x_wconf 90' lang='lat' dir='ltr'><strong>autem</strong></span> <span class='ocrx_word' id='word_1_696' title='bbox 2707 4287 2949 4339; x_wconf 91' lang='lat' dir='ltr'><strong>occurrit</strong></span> <span class='ocrx_word' id='word_1_697' title='bbox 2981 4287 3031 4341; x_wconf 92' lang='lat' dir='ltr'><strong>ei</strong></span> <span class='ocrx_word' id='word_1_698' title='bbox 3077 4289 3280 4344; x_wconf 88' lang='lat' dir='ltr'><strong>habens</strong></span> <span class='ocrx_word' id='word_1_699' title='bbox 3323 4293 3560 4357; x_wconf 81' lang='lat' dir='ltr'><strong>speciem</strong></span> 
     </span>
    </p>
   </div>
   <div class='ocr_carea' id='block_1_89' title="bbox 1991 4371 3563 4440">
    <p class='ocr_par' dir='ltr' id='par_1_89' title="bbox 1991 4371 3563 4440">
     <span class='ocr_line' id='line_1_89' title="bbox 1991 4371 3563 4440; baseline 0.006 -16"><span class='ocrx_word' id='word_1_700' title='bbox 1991 4372 2320 4435; x_wconf 89' lang='lat' dir='ltr'><strong>meretricis,</strong></span> <span class='ocrx_word' id='word_1_701' title='bbox 2346 4387 2464 4440; x_wconf 69' lang='lat' dir='ltr'><strong>qua:</strong></span> <span class='ocrx_word' id='word_1_702' title='bbox 2493 4371 2898 4439; x_wconf 87' lang='lat' dir='ltr'><strong>facitjuvenum</strong></span> <span class='ocrx_word' id='word_1_703' title='bbox 2927 4375 3144 4430; x_wconf 88' lang='lat' dir='ltr'><strong>evolare</strong></span> <span class='ocrx_word' id='word_1_704' title='bbox 3165 4379 3351 4436; x_wconf 87' lang='lat' dir='ltr'><strong>corda.</strong></span> <span class='ocrx_word' id='word_1_705' title='bbox 3388 4397 3408 4430; x_wconf 71' lang='grc' dir='ltr'><strong>ι</strong></span> <span class='ocrx_word' id='word_1_706' title='bbox 3439 4379 3563 4434; x_wconf 73' lang='lat' dir='ltr'><strong>llaec</strong></span> 
     </span>
    </p>
   </div>
   <div class='ocr_carea' id='block_1_90' title="bbox 311 4438 3566 4542">
    <p class='ocr_par' dir='ltr' id='par_1_90' title="bbox 311 4438 3566 4542">
     <span class='ocr_line' id='line_1_90' title="bbox 311 4438 3566 4542; baseline 0.011 -50"><span class='ocrx_word' id='word_1_707' title='bbox 311 4438 449 4506; x_wconf 83' lang='lat' dir='ltr'><strong>Noe,</strong></span> <span class='ocrx_word' id='word_1_708' title='bbox 474 4457 594 4497; x_wconf 90' lang='lat' dir='ltr'><strong>cum</strong></span> <span class='ocrx_word' id='word_1_709' title='bbox 619 4447 912 4517; x_wconf 87' lang='lat' dir='ltr'><strong>unicuique</strong></span> <span class='ocrx_word' id='word_1_710' title='bbox 939 4450 1166 4506; x_wconf 87' lang='lat' dir='ltr'><strong>filiorum</strong></span> <span class='ocrx_word' id='word_1_711' title='bbox 1191 4469 1409 4510; x_wconf 90' lang='lat' dir='ltr'><strong>suorum</strong></span> <span class='ocrx_word' id='word_1_712' title='bbox 1437 4438 1638 4527; x_wconf 91' lang='lat' dir='ltr'><strong>optima</strong></span> <span class='ocrx_word' id='word_1_713' title='bbox 1654 4438 1877 4529; x_wconf 61' lang='lat' dir='ltr'><strong>quaeque</strong></span> <span class='ocrx_word' id='word_1_714' title='bbox 1909 4453 1954 4508; x_wconf 73' lang='grc' dir='ltr'><strong>Ι)</strong></span> <span class='ocrx_word' id='word_1_715' title='bbox 1983 4478 2114 4533; x_wconf 88' lang='lat' dir='ltr'><strong>ergo</strong></span> <span class='ocrx_word' id='word_1_716' title='bbox 2148 4479 2268 4533; x_wconf 72' lang='lat' dir='ltr'><strong>qua:</strong></span> <span class='ocrx_word' id='word_1_717' title='bbox 2301 4438 2499 4517; x_wconf 82' lang='lat' dir='ltr'><strong>dicitur</strong></span> <span class='ocrx_word' id='word_1_718' title='bbox 2529 4466 2784 4519; x_wconf 87' lang='lat' dir='ltr'><strong>meretrix</strong></span> <span class='ocrx_word' id='word_1_719' title='bbox 2809 4506 2824 4530; x_wconf 95' lang='lat'><strong>,</strong></span> <span class='ocrx_word' id='word_1_720' title='bbox 2859 4468 2971 4536; x_wconf 90' lang='lat' dir='ltr'><strong>ipsa</strong></span> <span class='ocrx_word' id='word_1_721' title='bbox 3002 4479 3087 4524; x_wconf 87' lang='lat' dir='ltr'><strong>est</strong></span> <span class='ocrx_word' id='word_1_722' title='bbox 3115 4471 3320 4524; x_wconf 88' lang='lat' dir='ltr'><strong>malitia</strong></span> <span class='ocrx_word' id='word_1_723' title='bbox 3349 4490 3362 4526; x_wconf 88' lang='lat'><strong>:</strong></span> <span class='ocrx_word' id='word_1_724' title='bbox 3393 4482 3446 4526; x_wconf 91' lang='lat' dir='ltr'><strong>ct</strong></span> <span class='ocrx_word' id='word_1_725' title='bbox 3470 4477 3566 4542; x_wconf 87' lang='lat' dir='ltr'><strong>qui</strong></span> 
     </span>
    </p>
   </div>
   <div class='ocr_carea' id='block_1_91' title="bbox 310 4531 1873 4618">
    <p class='ocr_par' dir='ltr' id='par_1_91' title="bbox 310 4531 1873 4618">
     <span class='ocr_line' id='line_1_91' title="bbox 310 4531 1873 4618; baseline 0.015 -36"><span class='ocrx_word' id='word_1_726' title='bbox 310 4531 572 4618; x_wconf 81' lang='lat' dir='ltr'><strong>signaret,</strong></span> <span class='ocrx_word' id='word_1_727' title='bbox 608 4538 694 4592; x_wconf 91' lang='lat' dir='ltr'><strong>ubi</strong></span> <span class='ocrx_word' id='word_1_728' title='bbox 741 4541 809 4593; x_wconf 90' lang='lat' dir='ltr'><strong>ad</strong></span> <span class='ocrx_word' id='word_1_729' title='bbox 841 4541 1010 4596; x_wconf 86' lang='lat' dir='ltr'><strong>Cham</strong></span> <span class='ocrx_word' id='word_1_730' title='bbox 1061 4555 1280 4599; x_wconf 92' lang='lat' dir='ltr'><strong>ventum</strong></span> <span class='ocrx_word' id='word_1_731' title='bbox 1316 4554 1417 4609; x_wconf 91' lang='lat' dir='ltr'><strong>est,</strong></span> <span class='ocrx_word' id='word_1_732' title='bbox 1469 4567 1488 4598; x_wconf 77' lang='grc' dir='ltr'><strong>ι</strong></span> <span class='ocrx_word' id='word_1_733' title='bbox 1541 4546 1873 4618; x_wconf 84' lang='lat' dir='ltr'><strong>Maledictus,</strong></span> 
     </span>
    </p>
   </div>
   <div class='ocr_carea' id='block_1_92' title="bbox 312 4613 1870 4706">
    <p class='ocr_par' dir='ltr' id='par_1_92' title="bbox 312 4613 1870 4706">
     <span class='ocr_line' id='line_1_92' title="bbox 312 4613 1870 4706; baseline 0.014 -33"><span class='ocrx_word' id='word_1_734' title='bbox 312 4623 484 4691; x_wconf 88' lang='lat' dir='ltr'><strong>inquit</strong></span> <span class='ocrx_word' id='word_1_735' title='bbox 511 4613 572 4689; x_wconf 57' lang='grc' dir='ltr'><strong>θ’,</strong></span> <span class='ocrx_word' id='word_1_736' title='bbox 604 4627 878 4683; x_wconf 86' lang='lat' dir='ltr'><strong>Chanaam</strong></span> <span class='ocrx_word' id='word_1_737' title='bbox 908 4647 1059 4700; x_wconf 90' lang='lat' dir='ltr'><strong>puer.</strong></span> <span class='ocrx_word' id='word_1_738' title='bbox 1091 4653 1110 4685; x_wconf 75' lang='grc' dir='ltr'><strong>ι</strong></span> <span class='ocrx_word' id='word_1_739' title='bbox 1137 4633 1307 4689; x_wconf 88' lang='lat' dir='ltr'><strong>Cham</strong></span> <span class='ocrx_word' id='word_1_740' title='bbox 1333 4639 1598 4706; x_wconf 70' lang='lat' dir='ltr'><strong>peccavit,</strong></span> <span class='ocrx_word' id='word_1_741' title='bbox 1646 4648 1699 4692; x_wconf 94' lang='lat' dir='ltr'><strong>et</strong></span> <span class='ocrx_word' id='word_1_742' title='bbox 1729 4613 1870 4695; x_wconf 43' lang='lat' dir='ltr'><strong>Cha;</strong></span> 
     </span>
    </p>
   </div>
   <div class='ocr_carea' id='block_1_93' title="bbox 310 4719 1870 4789">
    <p class='ocr_par' dir='ltr' id='par_1_93' title="bbox 310 4719 1870 4789">
     <span class='ocr_line' id='line_1_93' title="bbox 310 4719 1870 4789; baseline 0.017 -27"><span class='ocrx_word' id='word_1_743' title='bbox 310 4726 468 4766; x_wconf 83' lang='lat' dir='ltr'><strong>naam</strong></span> <span class='ocrx_word' id='word_1_744' title='bbox 501 4719 935 4789; x_wconf 36' lang='lat' dir='ltr'><strong>progeniesrejus</strong></span> <span class='ocrx_word' id='word_1_745' title='bbox 957 4723 1319 4789; x_wconf 90' lang='lat' dir='ltr'><strong>maledicitur,</strong></span> <span class='ocrx_word' id='word_1_746' title='bbox 1345 4734 1399 4780; x_wconf 85' lang='lat' dir='ltr'><strong>et</strong></span> <span class='ocrx_word' id='word_1_747' title='bbox 1443 4728 1733 4783; x_wconf 88' lang='lat' dir='ltr'><strong>maledicta</strong></span> <span class='ocrx_word' id='word_1_748' title='bbox 1765 4744 1870 4788; x_wconf 88' lang='lat' dir='ltr'><strong>est.</strong></span> 
     </span>
    </p>
   </div>
   <div class='ocr_carea' id='block_1_94' title="bbox 309 4807 1874 4896">
    <p class='ocr_par' dir='ltr' id='par_1_94' title="bbox 309 4807 1874 4896">
     <span class='ocr_line' id='line_1_94' title="bbox 309 4807 1874 4896; baseline 0.015 -38"><span class='ocrx_word' id='word_1_749' title='bbox 309 4809 374 4858; x_wconf 80' lang='lat' dir='ltr'><strong>Et</strong></span> <span class='ocrx_word' id='word_1_750' title='bbox 406 4807 527 4863; x_wconf 91' lang='lat' dir='ltr'><strong>ideo</strong></span> <span class='ocrx_word' id='word_1_751' title='bbox 549 4811 727 4865; x_wconf 89' lang='lat' dir='ltr'><strong>acrius</strong></span> <span class='ocrx_word' id='word_1_752' title='bbox 778 4813 934 4868; x_wconf 88' lang='lat' dir='ltr'><strong>nobis</strong></span> <span class='ocrx_word' id='word_1_753' title='bbox 981 4815 1364 4872; x_wconf 89' lang='lat' dir='ltr'><strong>intendendum</strong></span> <span class='ocrx_word' id='word_1_754' title='bbox 1405 4831 1508 4887; x_wconf 87' lang='lat' dir='ltr'><strong>est,</strong></span> <span class='ocrx_word' id='word_1_755' title='bbox 1555 4833 1611 4876; x_wconf 90' lang='lat' dir='ltr'><strong>et</strong></span> <span class='ocrx_word' id='word_1_756' title='bbox 1662 4829 1874 4896; x_wconf 86' lang='lat' dir='ltr'><strong>prospi-</strong></span> 
     </span>
    </p>
   </div>
   <div class='ocr_carea' id='block_1_95' title="bbox 307 4900 1879 4986">
    <p class='ocr_par' dir='ltr' id='par_1_95' title="bbox 307 4900 1879 4986">
     <span class='ocr_line' id='line_1_95' title="bbox 307 4900 1879 4986; baseline 0.015 -36"><span class='ocrx_word' id='word_1_757' title='bbox 307 4900 584 4968; x_wconf 84' lang='lat' dir='ltr'><strong>ciendum,</strong></span> <span class='ocrx_word' id='word_1_758' title='bbox 625 4920 692 4957; x_wconf 88' lang='lat' dir='ltr'><strong>ne</strong></span> <span class='ocrx_word' id='word_1_759' title='bbox 720 4903 857 4960; x_wconf 91' lang='lat' dir='ltr'><strong>forte</strong></span> <span class='ocrx_word' id='word_1_760' title='bbox 887 4919 1110 4976; x_wconf 87' lang='lat' dir='ltr'><strong>generet</strong></span> <span class='ocrx_word' id='word_1_761' title='bbox 1144 4912 1346 4980; x_wconf 90' lang='lat' dir='ltr'><strong>aliquid</strong></span> <span class='ocrx_word' id='word_1_762' title='bbox 1372 4914 1555 4968; x_wconf 89' lang='lat' dir='ltr'><strong>anima</strong></span> <span class='ocrx_word' id='word_1_763' title='bbox 1589 4921 1732 4986; x_wconf 93' lang='lat' dir='ltr'><strong>quod</strong></span> <span class='ocrx_word' id='word_1_764' title='bbox 1764 4935 1879 4973; x_wconf 84' lang='lat' dir='ltr'><strong>ina-</strong></span> 
     </span>
    </p>
   </div>
   <div class='ocr_carea' id='block_1_96' title="bbox 308 4989 1878 5079">
    <p class='ocr_par' dir='ltr' id='par_1_96' title="bbox 308 4989 1878 5079">
     <span class='ocr_line' id='line_1_96' title="bbox 308 4989 1878 5079; baseline 0.015 -38"><span class='ocrx_word' id='word_1_765' title='bbox 308 4989 506 5046; x_wconf 91' lang='lat' dir='ltr'><strong>ledicto</strong></span> <span class='ocrx_word' id='word_1_766' title='bbox 533 4995 755 5064; x_wconf 85' lang='lat' dir='ltr'><strong>dignum</strong></span> <span class='ocrx_word' id='word_1_767' title='bbox 787 4996 880 5064; x_wconf 90' lang='lat' dir='ltr'><strong>sit,</strong></span> <span class='ocrx_word' id='word_1_768' title='bbox 914 5007 973 5051; x_wconf 93' lang='lat' dir='ltr'><strong>ut</strong></span> <span class='ocrx_word' id='word_1_769' title='bbox 997 5001 1209 5056; x_wconf 85' lang='lat' dir='ltr'><strong>etiamsi</strong></span> <span class='ocrx_word' id='word_1_770' title='bbox 1241 5004 1476 5057; x_wconf 92' lang='lat' dir='ltr'><strong>nondum</strong></span> <span class='ocrx_word' id='word_1_771' title='bbox 1501 5019 1664 5073; x_wconf 89' lang='lat' dir='ltr'><strong>opere</strong></span> <span class='ocrx_word' id='word_1_772' title='bbox 1693 5010 1878 5079; x_wconf 88' lang='lat' dir='ltr'><strong>imple-</strong></span> 
     </span>
    </p>
   </div>
   <div class='ocr_carea' id='block_1_97' title="bbox 308 5083 1878 5168">
    <p class='ocr_par' dir='ltr' id='par_1_97' title="bbox 308 5083 1878 5168">
     <span class='ocr_line' id='line_1_97' title="bbox 308 5083 1878 5168; baseline 0.015 -35"><span class='ocrx_word' id='word_1_773' title='bbox 308 5083 469 5147; x_wconf 87' lang='lat' dir='ltr'><strong>verit,</strong></span> <span class='ocrx_word' id='word_1_774' title='bbox 502 5085 554 5138; x_wconf 95' lang='lat' dir='ltr'><strong>in</strong></span> <span class='ocrx_word' id='word_1_775' title='bbox 593 5087 714 5155; x_wconf 88' lang='lat' dir='ltr'><strong>ipsa</strong></span> <span class='ocrx_word' id='word_1_776' title='bbox 747 5098 928 5142; x_wconf 90' lang='lat' dir='ltr'><strong>tamen</strong></span> <span class='ocrx_word' id='word_1_777' title='bbox 967 5091 1245 5146; x_wconf 89' lang='lat' dir='ltr'><strong>voluntate</strong></span> <span class='ocrx_word' id='word_1_778' title='bbox 1265 5103 1322 5147; x_wconf 91' lang='lat' dir='ltr'><strong>et</strong></span> <span class='ocrx_word' id='word_1_779' title='bbox 1350 5097 1630 5165; x_wconf 89' lang='lat' dir='ltr'><strong>proposito</strong></span> <span class='ocrx_word' id='word_1_780' title='bbox 1663 5099 1777 5168; x_wconf 86' lang='lat' dir='ltr'><strong>ejus</strong></span> <span class='ocrx_word' id='word_1_781' title='bbox 1807 5102 1878 5156; x_wconf 90' lang='lat' dir='ltr'><strong>sit</strong></span> 
     </span>
    </p>
   </div>
   <div class='ocr_carea' id='block_1_98' title="bbox 306 5175 1880 5254">
    <p class='ocr_par' dir='ltr' id='par_1_98' title="bbox 306 5175 1880 5254">
     <span class='ocr_line' id='line_1_98' title="bbox 306 5175 1880 5254; baseline 0.012 -25"><span class='ocrx_word' id='word_1_782' title='bbox 306 5175 617 5242; x_wconf 87' lang='lat' dir='ltr'><strong>hujusmodi</strong></span> <span class='ocrx_word' id='word_1_783' title='bbox 668 5181 955 5237; x_wconf 81' lang='lat' dir='ltr'><strong>maledicta</strong></span> <span class='ocrx_word' id='word_1_784' title='bbox 991 5185 1298 5254; x_wconf 87' lang='lat' dir='ltr'><strong>progenies.</strong></span> <span class='ocrx_word' id='word_1_785' title='bbox 1345 5187 1497 5254; x_wconf 86' lang='lat' dir='ltr'><strong>Quod</strong></span> <span class='ocrx_word' id='word_1_786' title='bbox 1535 5200 1592 5243; x_wconf 91' lang='lat' dir='ltr'><strong>et</strong></span> <span class='ocrx_word' id='word_1_787' title='bbox 1641 5191 1686 5244; x_wconf 85' lang='lat' dir='ltr'><strong>si</strong></span> <span class='ocrx_word' id='word_1_788' title='bbox 1740 5191 1880 5250; x_wconf 89' lang='lat' dir='ltr'><strong>forte</strong></span> 
     </span>
    </p>
   </div>
   <div class='ocr_carea' id='block_1_99' title="bbox 304 5269 1877 5354">
    <p class='ocr_par' dir='ltr' id='par_1_99' title="bbox 304 5269 1877 5354">
     <span class='ocr_line' id='line_1_99' title="bbox 304 5269 1877 5354; baseline 0.011 -34"><span class='ocrx_word' id='word_1_789' title='bbox 304 5269 596 5336; x_wconf 84' lang='lat' dir='ltr'><strong>aliquando</strong></span> <span class='ocrx_word' id='word_1_790' title='bbox 628 5274 869 5328; x_wconf 90' lang='lat' dir='ltr'><strong>evenerit</strong></span> <span class='ocrx_word' id='word_1_791' title='bbox 902 5277 1042 5345; x_wconf 91' lang='lat' dir='ltr'><strong>(quis</strong></span> <span class='ocrx_word' id='word_1_792' title='bbox 1071 5280 1216 5331; x_wconf 88' lang='lat' dir='ltr'><strong>enim</strong></span> <span class='ocrx_word' id='word_1_793' title='bbox 1263 5278 1576 5334; x_wconf 87' lang='lat' dir='ltr'><strong>invenietur</strong></span> <span class='ocrx_word' id='word_1_794' title='bbox 1604 5283 1760 5336; x_wconf 88' lang='lat' dir='ltr'><strong>facile</strong></span> <span class='ocrx_word' id='word_1_795' title='bbox 1785 5286 1877 5354; x_wconf 91' lang='lat' dir='ltr'><strong>qui</strong></span> 
     </span>
    </p>
   </div>
   <div class='ocr_carea' id='block_1_100' title="bbox 304 5362 1877 5442">
    <p class='ocr_par' dir='ltr' id='par_1_100' title="bbox 304 5362 1877 5442">
     <span class='ocr_line' id='line_1_100' title="bbox 304 5362 1877 5442; baseline 0.015 -31"><span class='ocrx_word' id='word_1_796' title='bbox 304 5362 374 5414; x_wconf 90' lang='lat' dir='ltr'><strong>ab</strong></span> <span class='ocrx_word' id='word_1_797' title='bbox 403 5363 708 5432; x_wconf 83' lang='lat' dir='ltr'><strong>hujusmodi</strong></span> <span class='ocrx_word' id='word_1_798' title='bbox 735 5371 1101 5438; x_wconf 88' lang='lat' dir='ltr'><strong>generatione,</strong></span> <span class='ocrx_word' id='word_1_799' title='bbox 1129 5371 1180 5425; x_wconf 94' lang='lat' dir='ltr'><strong>id</strong></span> <span class='ocrx_word' id='word_1_800' title='bbox 1208 5382 1292 5427; x_wconf 89' lang='lat' dir='ltr'><strong>est</strong></span> <span class='ocrx_word' id='word_1_801' title='bbox 1315 5375 1575 5442; x_wconf 88' lang='lat' dir='ltr'><strong>peccandi</strong></span> <span class='ocrx_word' id='word_1_802' title='bbox 1599 5377 1877 5436; x_wconf 80' lang='lat' dir='ltr'><strong>voluntate</strong></span> 
     </span>
    </p>
   </div>
   <div class='ocr_carea' id='block_1_101' title="bbox 304 5451 1872 5550">
    <p class='ocr_par' dir='ltr' id='par_1_101' title="bbox 304 5451 1872 5550">
     <span class='ocr_line' id='line_1_101' title="bbox 304 5451 1872 5550; baseline 0.013 -44"><span class='ocrx_word' id='word_1_803' title='bbox 304 5451 579 5510; x_wconf 88' lang='lat' dir='ltr'><strong>habeatur</strong></span> <span class='ocrx_word' id='word_1_804' title='bbox 605 5458 930 5528; x_wconf 85' lang='lat' dir='ltr'><strong>immunis?)</strong></span> <span class='ocrx_word' id='word_1_805' title='bbox 951 5511 966 5535; x_wconf 80' lang='grc'><em>,</em></span> <span class='ocrx_word' id='word_1_806' title='bbox 980 5465 1021 5517; x_wconf 91' lang='lat' dir='ltr'><strong>si</strong></span> <span class='ocrx_word' id='word_1_807' title='bbox 1046 5479 1177 5536; x_wconf 90' lang='lat' dir='ltr'><strong>ergo</strong></span> <span class='ocrx_word' id='word_1_808' title='bbox 1214 5465 1476 5550; x_wconf 73' lang='lat' dir='ltr'><strong>acciderit</strong></span> <span class='ocrx_word' id='word_1_809' title='bbox 1503 5467 1610 5524; x_wconf 89' lang='lat' dir='ltr'><strong>tale</strong></span> <span class='ocrx_word' id='word_1_810' title='bbox 1651 5469 1872 5542; x_wconf 88' lang='lat' dir='ltr'><strong>aliquid,</strong></span> 
     </span>
    </p>
   </div>
   <div class='ocr_carea' id='block_1_102' title="bbox 377 5659 1404 5729">
    <p class='ocr_par' dir='ltr' id='par_1_102' title="bbox 377 5659 1404 5729">
     <span class='ocr_line' id='line_1_102' title="bbox 377 5659 1404 5729; baseline 0.01 -17"><span class='ocrx_word' id='word_1_811' title='bbox 377 5661 398 5689; x_wconf 75' lang='grc'><strong><em>⁸</em></strong></span> <span class='ocrx_word' id='word_1_812' title='bbox 430 5659 557 5729; x_wconf 91' lang='lat' dir='ltr'><strong>Sap.</strong></span> <span class='ocrx_word' id='word_1_813' title='bbox 597 5679 678 5724; x_wconf 77' lang='lat' dir='ltr'><strong>tu.</strong></span> <span class='ocrx_word' id='word_1_814' title='bbox 715 5664 803 5717; x_wconf 81' lang='grc'><strong>16.</strong></span> <span class='ocrx_word' id='word_1_815' title='bbox 877 5666 897 5694; x_wconf 82' lang='lat'><strong>’</strong></span> <span class='ocrx_word' id='word_1_816' title='bbox 940 5665 1085 5718; x_wconf 79' lang='lat' dir='ltr'><strong>Psal.</strong></span> <span class='ocrx_word' id='word_1_817' title='bbox 1118 5684 1323 5729; x_wconf 68' lang='lat' dir='ltr'><strong>cum,</strong></span> <span class='ocrx_word' id='word_1_818' title='bbox 1353 5671 1404 5722; x_wconf 84' lang='lat'><strong>&#39;5.</strong></span> 
     </span>
    </p>
   </div>
   <div class='ocr_carea' id='block_1_103' title="bbox 304 5729 1574 5810">
    <p class='ocr_par' dir='ltr' id='par_1_103' title="bbox 304 5729 1574 5810">
     <span class='ocr_line' id='line_1_103' title="bbox 304 5729 1574 5810; baseline 0.012 -27"><span class='ocrx_word' id='word_1_819' title='bbox 304 5729 352 5762; x_wconf 78' lang='grc'><strong>⁸³</strong></span> <span class='ocrx_word' id='word_1_820' title='bbox 404 5731 548 5786; x_wconf 77' lang='lat' dir='ltr'><strong>Psal.</strong></span> <span class='ocrx_word' id='word_1_821' title='bbox 599 5749 836 5799; x_wconf 65' lang='lat' dir='ltr'><strong>culmi,</strong></span> <span class='ocrx_word' id='word_1_822' title='bbox 885 5735 938 5800; x_wconf 88' lang='lat'><strong>8,</strong></span> <span class='ocrx_word' id='word_1_823' title='bbox 971 5735 1024 5790; x_wconf 83' lang='lat'><strong>9.</strong></span> <span class='ocrx_word' id='word_1_824' title='bbox 1106 5738 1147 5766; x_wconf 59' lang='grc' dir='ltr'><strong>’δ</strong></span> <span class='ocrx_word' id='word_1_825' title='bbox 1183 5739 1198 5790; x_wconf 91' lang='lat' dir='ltr'><strong>l</strong></span> <span class='ocrx_word' id='word_1_826' title='bbox 1228 5742 1351 5794; x_wconf 85' lang='lat' dir='ltr'><strong>Cor.</strong></span> <span class='ocrx_word' id='word_1_827' title='bbox 1381 5757 1455 5810; x_wconf 84' lang='lat' dir='ltr'><strong>vt,</strong></span> <span class='ocrx_word' id='word_1_828' title='bbox 1493 5743 1574 5798; x_wconf 76' lang='grc' dir='ltr'><strong>Π.</strong></span> 
     </span>
    </p>
   </div>
   <div class='ocr_carea' id='block_1_104' title="bbox 1508 5674 2141 5817">
    <p class='ocr_par' dir='ltr' id='par_1_104' title="bbox 1508 5674 2141 5817">
     <span class='ocr_line' id='line_1_104' title="bbox 1508 5674 2141 5738; baseline 0.016 -13"><span class='ocrx_word' id='word_1_829' title='bbox 1508 5674 1549 5703; x_wconf 81' lang='grc' dir='ltr'><strong>⁸ο</strong></span> <span class='ocrx_word' id='word_1_830' title='bbox 1572 5674 1672 5727; x_wconf 79' lang='lat' dir='ltr'><strong>Job</strong></span> <span class='ocrx_word' id='word_1_831' title='bbox 1701 5693 1788 5737; x_wconf 84' lang='lat' dir='ltr'><strong>tu;</strong></span> <span class='ocrx_word' id='word_1_832' title='bbox 1822 5677 2018 5738; x_wconf 76' lang='lat' dir='ltr'><strong>Jcreni.</strong></span> <span class='ocrx_word' id='word_1_833' title='bbox 2051 5699 2141 5735; x_wconf 71' lang='lat' dir='ltr'><strong>xv.</strong></span> 
     </span>
     <span class='ocr_line' id='line_1_105' title="bbox 1524 5743 2141 5817; baseline 0.026 -24"><span class='ocrx_word' id='word_1_834' title='bbox 1524 5743 1574 5798; x_wconf 79' lang='lat'><strong>7.</strong></span> <span class='ocrx_word' id='word_1_835' title='bbox 1658 5747 1854 5817; x_wconf 56' lang='grc' dir='ltr'><strong>κλείει,</strong></span> <span class='ocrx_word' id='word_1_836' title='bbox 1897 5754 1978 5808; x_wconf 83' lang='lat' dir='ltr'><strong>t6.</strong></span> <span class='ocrx_word' id='word_1_837' title='bbox 2059 5755 2101 5785; x_wconf 69' lang='grc' dir='ltr'><strong>ιε</strong></span> <span class='ocrx_word' id='word_1_838' title='bbox 2132 5754 2141 5808; x_wconf 76' lang='grc' dir='ltr'><strong>ι</strong></span> 
     </span>
    </p>
   </div>
   <div class='ocr_carea' id='block_1_105' title="bbox 1982 4556 3562 4632">
    <p class='ocr_par' dir='ltr' id='par_1_105' title="bbox 1982 4556 3562 4632">
     <span class='ocr_line' id='line_1_106' title="bbox 1982 4556 3562 4632; baseline 0.005 -21"><span class='ocrx_word' id='word_1_839' title='bbox 1982 4573 2042 4612; x_wconf 88' lang='lat' dir='ltr'><strong>se</strong></span> <span class='ocrx_word' id='word_1_840' title='bbox 2079 4556 2321 4624; x_wconf 81' lang='lat' dir='ltr'><strong>junxerit</strong></span> <span class='ocrx_word' id='word_1_841' title='bbox 2375 4558 2499 4612; x_wconf 90' lang='lat' dir='ltr'><strong>huic</strong></span> <span class='ocrx_word' id='word_1_842' title='bbox 2552 4561 2822 4615; x_wconf 88' lang='lat' dir='ltr'><strong>meretrici</strong></span> <span class='ocrx_word' id='word_1_843' title='bbox 2851 4602 2866 4627; x_wconf 93' lang='lat'><strong>,</strong></span> <span class='ocrx_word' id='word_1_844' title='bbox 2909 4579 3072 4616; x_wconf 84' lang='lat' dir='ltr'><strong>unum</strong></span> <span class='ocrx_word' id='word_1_845' title='bbox 3113 4578 3310 4632; x_wconf 89' lang='lat' dir='ltr'><strong>corpus</strong></span> <span class='ocrx_word' id='word_1_846' title='bbox 3342 4566 3562 4619; x_wconf 67' lang='lat' dir='ltr'><strong>malitia!</strong></span> 
     </span>
    </p>
   </div>
   <div class='ocr_carea' id='block_1_106' title="bbox 1984 4647 3560 4724">
    <p class='ocr_par' dir='ltr' id='par_1_106' title="bbox 1984 4647 3560 4724">
     <span class='ocr_line' id='line_1_107' title="bbox 1984 4647 3560 4724; baseline 0.006 -21"><span class='ocrx_word' id='word_1_847' title='bbox 1984 4647 2231 4703; x_wconf 76' lang='lat' dir='ltr'><strong>efficitur.</strong></span> <span class='ocrx_word' id='word_1_848' title='bbox 2268 4649 2422 4703; x_wconf 87' lang='lat' dir='ltr'><strong>Sicut</strong></span> <span class='ocrx_word' id='word_1_849' title='bbox 2465 4666 2596 4720; x_wconf 87' lang='lat' dir='ltr'><strong>ergo</strong></span> <span class='ocrx_word' id='word_1_850' title='bbox 2625 4652 2714 4719; x_wconf 90' lang='lat' dir='ltr'><strong>qui</strong></span> <span class='ocrx_word' id='word_1_851' title='bbox 2748 4668 2806 4707; x_wconf 91' lang='lat' dir='ltr'><strong>se</strong></span> <span class='ocrx_word' id='word_1_852' title='bbox 2830 4652 3006 4724; x_wconf 89' lang='lat' dir='ltr'><strong>jungit</strong></span> <span class='ocrx_word' id='word_1_853' title='bbox 3034 4653 3254 4711; x_wconf 87' lang='lat' dir='ltr'><strong>Christo</strong></span> <span class='ocrx_word' id='word_1_854' title='bbox 3287 4656 3520 4713; x_wconf 89' lang='lat' dir='ltr'><strong>Domino</strong></span> <span class='ocrx_word' id='word_1_855' title='bbox 3544 4701 3560 4721; x_wconf 92' lang='lat'><strong>,</strong></span> 
     </span>
    </p>
   </div>
   <div class='ocr_carea' id='block_1_107' title="bbox 1976 4739 3560 4819">
    <p class='ocr_par' dir='ltr' id='par_1_107' title="bbox 1976 4739 3560 4819">
     <span class='ocr_line' id='line_1_108' title="bbox 1976 4739 3560 4819; baseline 0.011 -29"><span class='ocrx_word' id='word_1_856' title='bbox 1976 4739 2154 4808; x_wconf 85' lang='lat' dir='ltr'><strong>jungit</strong></span> <span class='ocrx_word' id='word_1_857' title='bbox 2181 4756 2241 4794; x_wconf 91' lang='lat' dir='ltr'><strong>se</strong></span> <span class='ocrx_word' id='word_1_858' title='bbox 2265 4743 2570 4809; x_wconf 74' lang='lat' dir='ltr'><strong>sapientim,</strong></span> <span class='ocrx_word' id='word_1_859' title='bbox 2597 4742 2775 4813; x_wconf 89' lang='lat' dir='ltr'><strong>jungit</strong></span> <span class='ocrx_word' id='word_1_860' title='bbox 2798 4761 2855 4799; x_wconf 90' lang='lat' dir='ltr'><strong>se</strong></span> <span class='ocrx_word' id='word_1_861' title='bbox 2881 4747 3129 4814; x_wconf 83' lang='lat' dir='ltr'><strong>justitiae,</strong></span> <span class='ocrx_word' id='word_1_862' title='bbox 3151 4750 3332 4818; x_wconf 89' lang='lat' dir='ltr'><strong>jungit</strong></span> <span class='ocrx_word' id='word_1_863' title='bbox 3363 4767 3421 4806; x_wconf 90' lang='lat' dir='ltr'><strong>se</strong></span> <span class='ocrx_word' id='word_1_864' title='bbox 3449 4752 3560 4819; x_wconf 88' lang='lat' dir='ltr'><strong>pie-</strong></span> 
     </span>
    </p>
   </div>
   <div class='ocr_carea' id='block_1_108' title="bbox 1981 4834 3562 4902">
    <p class='ocr_par' dir='ltr' id='par_1_108' title="bbox 1981 4834 3562 4902">
     <span class='ocr_line' id='line_1_109' title="bbox 1981 4834 3562 4902; baseline 0.009 -18"><span class='ocrx_word' id='word_1_865' title='bbox 1981 4835 2076 4886; x_wconf 89' lang='lat' dir='ltr'><strong>tati</strong></span> <span class='ocrx_word' id='word_1_866' title='bbox 2103 4875 2118 4898; x_wconf 89' lang='lat'><strong>,</strong></span> <span class='ocrx_word' id='word_1_867' title='bbox 2148 4841 2203 4886; x_wconf 87' lang='lat' dir='ltr'><strong>et</strong></span> <span class='ocrx_word' id='word_1_868' title='bbox 2233 4834 2446 4888; x_wconf 89' lang='lat' dir='ltr'><strong>veritati</strong></span> <span class='ocrx_word' id='word_1_869' title='bbox 2476 4877 2492 4902; x_wconf 92' lang='lat'><strong>,</strong></span> <span class='ocrx_word' id='word_1_870' title='bbox 2522 4846 2578 4889; x_wconf 90' lang='lat' dir='ltr'><strong>et</strong></span> <span class='ocrx_word' id='word_1_871' title='bbox 2605 4852 2726 4889; x_wconf 90' lang='lat' dir='ltr'><strong>cum</strong></span> <span class='ocrx_word' id='word_1_872' title='bbox 2756 4839 2838 4892; x_wconf 89' lang='lat' dir='ltr'><strong>his</strong></span> <span class='ocrx_word' id='word_1_873' title='bbox 2864 4841 3116 4896; x_wconf 88' lang='lat' dir='ltr'><strong>omnibus</strong></span> <span class='ocrx_word' id='word_1_874' title='bbox 3152 4858 3292 4898; x_wconf 92' lang='lat' dir='ltr'><strong>unus</strong></span> <span class='ocrx_word' id='word_1_875' title='bbox 3325 4843 3562 4898; x_wconf 75' lang='lat' dir='ltr'><strong>efficitur</strong></span> 
     </span>
    </p>
   </div>
   <div class='ocr_carea' id='block_1_109' title="bbox 1979 4924 3560 5006">
    <p class='ocr_par' dir='ltr' id='par_1_109' title="bbox 1979 4924 3560 5006">
     <span class='ocr_line' id='line_1_110' title="bbox 1979 4924 3560 5006; baseline 0.006 -28"><span class='ocrx_word' id='word_1_876' title='bbox 1979 4924 2206 4993; x_wconf 78' lang='lat' dir='ltr'><strong>Spiritus</strong></span> <span class='ocrx_word' id='word_1_877' title='bbox 2240 4944 2254 4980; x_wconf 88' lang='lat'><strong>:</strong></span> <span class='ocrx_word' id='word_1_878' title='bbox 2291 4926 2364 4979; x_wconf 91' lang='lat' dir='ltr'><strong>ita</strong></span> <span class='ocrx_word' id='word_1_879' title='bbox 2397 4936 2450 4979; x_wconf 92' lang='lat' dir='ltr'><strong>et</strong></span> <span class='ocrx_word' id='word_1_880' title='bbox 2478 4927 2568 4994; x_wconf 91' lang='lat' dir='ltr'><strong>qui</strong></span> <span class='ocrx_word' id='word_1_881' title='bbox 2601 4941 2658 4981; x_wconf 89' lang='lat' dir='ltr'><strong>se</strong></span> <span class='ocrx_word' id='word_1_882' title='bbox 2685 4929 2866 5000; x_wconf 90' lang='lat' dir='ltr'><strong>jungit</strong></span> <span class='ocrx_word' id='word_1_883' title='bbox 2895 4931 3021 4986; x_wconf 89' lang='lat' dir='ltr'><strong>huic</strong></span> <span class='ocrx_word' id='word_1_884' title='bbox 3053 4934 3358 4999; x_wconf 89' lang='lat' dir='ltr'><strong>meretrici,</strong></span> <span class='ocrx_word' id='word_1_885' title='bbox 3385 4937 3560 5006; x_wconf 85' lang='lat' dir='ltr'><strong>jungit</strong></span> 
     </span>
    </p>
   </div>
   <div class='ocr_carea' id='block_1_110' title="bbox 1979 5017 3560 5094">
    <p class='ocr_par' dir='ltr' id='par_1_110' title="bbox 1979 5017 3560 5094">
     <span class='ocr_line' id='line_1_111' title="bbox 1979 5017 3560 5094; baseline 0.006 -24"><span class='ocrx_word' id='word_1_886' title='bbox 1979 5031 2039 5070; x_wconf 89' lang='lat' dir='ltr'><strong>se</strong></span> <span class='ocrx_word' id='word_1_887' title='bbox 2072 5017 2452 5086; x_wconf 66' lang='lat' dir='ltr'><strong>impudicitia),</strong></span> <span class='ocrx_word' id='word_1_888' title='bbox 2486 5021 2749 5089; x_wconf 89' lang='lat' dir='ltr'><strong>impietati</strong></span> <span class='ocrx_word' id='word_1_889' title='bbox 2773 5061 2788 5086; x_wconf 92' lang='lat'><strong>,</strong></span> <span class='ocrx_word' id='word_1_890' title='bbox 2821 5021 3132 5091; x_wconf 89' lang='lat' dir='ltr'><strong>iniquitati,</strong></span> <span class='ocrx_word' id='word_1_891' title='bbox 3165 5027 3480 5094; x_wconf 91' lang='lat' dir='ltr'><strong>mendacio,</strong></span> <span class='ocrx_word' id='word_1_892' title='bbox 3507 5038 3560 5080; x_wconf 91' lang='lat' dir='ltr'><strong>et</strong></span> 
     </span>
    </p>
   </div>
   <div class='ocr_carea' id='block_1_111' title="bbox 1985 5109 3556 5186">
    <p class='ocr_par' dir='ltr' id='par_1_111' title="bbox 1985 5109 3556 5186">
     <span class='ocr_line' id='line_1_112' title="bbox 1985 5109 3556 5186; baseline 0.006 -24"><span class='ocrx_word' id='word_1_893' title='bbox 1985 5109 2144 5162; x_wconf 91' lang='lat' dir='ltr'><strong>simul</strong></span> <span class='ocrx_word' id='word_1_894' title='bbox 2165 5111 2416 5164; x_wconf 93' lang='lat' dir='ltr'><strong>omnibus</strong></span> <span class='ocrx_word' id='word_1_895' title='bbox 2440 5122 2785 5179; x_wconf 89' lang='lat' dir='ltr'><strong>peccatorum</strong></span> <span class='ocrx_word' id='word_1_896' title='bbox 2815 5113 2993 5182; x_wconf 90' lang='lat' dir='ltr'><strong>malis,</strong></span> <span class='ocrx_word' id='word_1_897' title='bbox 3021 5130 3143 5170; x_wconf 90' lang='lat' dir='ltr'><strong>eum</strong></span> <span class='ocrx_word' id='word_1_898' title='bbox 3167 5117 3367 5186; x_wconf 85' lang='lat' dir='ltr'><strong>quibus</strong></span> <span class='ocrx_word' id='word_1_899' title='bbox 3391 5134 3556 5172; x_wconf 88' lang='lat' dir='ltr'><strong>unum</strong></span> 
     </span>
    </p>
   </div>
   <div class='ocr_carea' id='block_1_112' title="bbox 1984 5202 2461 5269">
    <p class='ocr_par' dir='ltr' id='par_1_112' title="bbox 1984 5202 2461 5269">
     <span class='ocr_line' id='line_1_113' title="bbox 1984 5202 2461 5269; baseline 0.002 -14"><span class='ocrx_word' id='word_1_900' title='bbox 1984 5215 2186 5269; x_wconf 90' lang='lat' dir='ltr'><strong>corpus</strong></span> <span class='ocrx_word' id='word_1_901' title='bbox 2212 5202 2461 5256; x_wconf 75' lang='lat' dir='ltr'><strong>efficitur.</strong></span> 
     </span>
    </p>
   </div>
   <div class='ocr_carea' id='block_1_113' title="bbox 2056 5293 3551 5367">
    <p class='ocr_par' dir='ltr' id='par_1_113' title="bbox 2056 5293 3551 5367">
     <span class='ocr_line' id='line_1_114' title="bbox 2056 5293 3551 5367; baseline 0.004 -19"><span class='ocrx_word' id='word_1_902' title='bbox 2056 5295 2109 5348; x_wconf 80' lang='grc'><strong>5.</strong></span> <span class='ocrx_word' id='word_1_903' title='bbox 2150 5293 2530 5350; x_wconf 71' lang='lat' dir='ltr'><strong>Verumtamen</strong></span> <span class='ocrx_word' id='word_1_904' title='bbox 2581 5317 2599 5348; x_wconf 82' lang='grc' dir='ltr'><strong>ι</strong></span> <span class='ocrx_word' id='word_1_905' title='bbox 2643 5297 2904 5367; x_wconf 90' lang='lat' dir='ltr'><strong>applicuit</strong></span> <span class='ocrx_word' id='word_1_906' title='bbox 2940 5300 3102 5354; x_wconf 82' lang='lat' dir='ltr'><strong>lsrael</strong></span> <span class='ocrx_word' id='word_1_907' title='bbox 3135 5301 3192 5356; x_wconf 84' lang='lat' dir='ltr'><strong>in</strong></span> <span class='ocrx_word' id='word_1_908' title='bbox 3219 5300 3397 5355; x_wconf 88' lang='lat' dir='ltr'><strong>Sattin</strong></span> <span class='ocrx_word' id='word_1_909' title='bbox 3426 5301 3494 5354; x_wconf 81' lang='lat'><strong>&quot;.</strong></span> <span class='ocrx_word' id='word_1_910' title='bbox 3532 5321 3551 5355; x_wconf 72' lang='grc' dir='ltr'><strong>ι</strong></span> 
     </span>
    </p>
   </div>
   <div class='ocr_carea' id='block_1_114' title="bbox 1982 5385 3558 5454">
    <p class='ocr_par' dir='ltr' id='par_1_114' title="bbox 1982 5385 3558 5454">
     <span class='ocr_line' id='line_1_115' title="bbox 1982 5385 3558 5454; baseline 0.006 -16"><span class='ocrx_word' id='word_1_911' title='bbox 1982 5385 2039 5438; x_wconf 85' lang='lat' dir='ltr'><strong>In</strong></span> <span class='ocrx_word' id='word_1_912' title='bbox 2075 5387 2526 5454; x_wconf 89' lang='lat' dir='ltr'><strong>interpretatione</strong></span> <span class='ocrx_word' id='word_1_913' title='bbox 2548 5387 2939 5443; x_wconf 86' lang='lat' dir='ltr'><strong>Hebraicorum</strong></span> <span class='ocrx_word' id='word_1_914' title='bbox 2966 5392 3244 5445; x_wconf 91' lang='lat' dir='ltr'><strong>nominum</strong></span> <span class='ocrx_word' id='word_1_915' title='bbox 3271 5394 3445 5446; x_wconf 89' lang='lat' dir='ltr'><strong>Sattin</strong></span> <span class='ocrx_word' id='word_1_916' title='bbox 3479 5395 3558 5447; x_wconf 89' lang='lat' dir='ltr'><strong>in-</strong></span> 
     </span>
    </p>
   </div>
   <div class='ocr_carea' id='block_1_115' title="bbox 1981 5478 3556 5556">
    <p class='ocr_par' dir='ltr' id='par_1_115' title="bbox 1981 5478 3556 5556">
     <span class='ocr_line' id='line_1_116' title="bbox 1981 5478 3556 5556; baseline 0.008 -28"><span class='ocrx_word' id='word_1_917' title='bbox 1981 5478 2230 5533; x_wconf 88' lang='lat' dir='ltr'><strong>venimus</strong></span> <span class='ocrx_word' id='word_1_918' title='bbox 2257 5479 2308 5533; x_wconf 92' lang='lat' dir='ltr'><strong>in</strong></span> <span class='ocrx_word' id='word_1_919' title='bbox 2339 5478 2518 5548; x_wconf 88' lang='lat' dir='ltr'><strong>lingua</strong></span> <span class='ocrx_word' id='word_1_920' title='bbox 2557 5489 2740 5534; x_wconf 88' lang='lat' dir='ltr'><strong>nostra</strong></span> <span class='ocrx_word' id='word_1_921' title='bbox 2776 5483 3186 5550; x_wconf 75' lang='lat' dir='ltr'><strong>responsionem,</strong></span> <span class='ocrx_word' id='word_1_922' title='bbox 3235 5485 3322 5540; x_wconf 89' lang='lat' dir='ltr'><strong>vel</strong></span> <span class='ocrx_word' id='word_1_923' title='bbox 3352 5485 3556 5556; x_wconf 75' lang='lat' dir='ltr'><strong>refuta-</strong></span> 
     </span>
    </p>
   </div>
   <div class='ocr_carea' id='block_1_116' title="bbox 2229 5684 3546 5753">
    <p class='ocr_par' dir='ltr' id='par_1_116' title="bbox 2229 5684 3546 5753">
     <span class='ocr_line' id='line_1_117' title="bbox 2229 5684 3546 5753; baseline 0.004 -18"><span class='ocrx_word' id='word_1_924' title='bbox 2229 5686 2269 5714; x_wconf 84' lang='grc'>¹¹</span> <span class='ocrx_word' id='word_1_925' title='bbox 2299 5684 2450 5736; x_wconf 78' lang='lat' dir='ltr'><strong>Rom.</strong></span> <span class='ocrx_word' id='word_1_926' title='bbox 2493 5687 2676 5748; x_wconf 62' lang='lat' dir='ltr'><strong>IL”,</strong></span> <span class='ocrx_word' id='word_1_927' title='bbox 2714 5687 3032 5753; x_wconf 62' lang='lat' dir='ltr'><strong>l2,13,lf</strong></span> <span class='ocrx_word' id='word_1_928' title='bbox 3112 5691 3157 5718; x_wconf 59' lang='grc' dir='ltr'>η</span> <span class='ocrx_word' id='word_1_929' title='bbox 3188 5690 3322 5743; x_wconf 76' lang='lat' dir='ltr'><strong>Gen.</strong></span> <span class='ocrx_word' id='word_1_930' title='bbox 3353 5705 3429 5746; x_wconf 65' lang='lat' dir='ltr'><strong>Ix,</strong></span> <span class='ocrx_word' id='word_1_931' title='bbox 3457 5686 3546 5740; x_wconf 71' lang='lat'><strong>‘35..</strong></span> 
     </span>
    </p>
   </div>
   <div class='ocr_carea' id='block_1_117' title="bbox 2059 5754 3443 5824">
    <p class='ocr_par' dir='ltr' id='par_1_117' title="bbox 2059 5754 3443 5824">
     <span class='ocr_line' id='line_1_118' title="bbox 2059 5754 3443 5824; baseline 0.001 -16"><span class='ocrx_word' id='word_1_932' title='bbox 2059 5755 2101 5785; x_wconf 82' lang='grc'><strong>¹⁶</strong></span> <span class='ocrx_word' id='word_1_933' title='bbox 2132 5754 2292 5808; x_wconf 79' lang='lat' dir='ltr'><strong>Prov.</strong></span> <span class='ocrx_word' id='word_1_934' title='bbox 2343 5770 2437 5821; x_wconf 79' lang='lat' dir='ltr'><strong>vn,</strong></span> <span class='ocrx_word' id='word_1_935' title='bbox 2471 5760 2524 5820; x_wconf 78' lang='lat' dir='ltr'><strong>ti,</strong></span> <span class='ocrx_word' id='word_1_936' title='bbox 2563 5757 2616 5821; x_wconf 82' lang='lat'><strong>7,</strong></span> <span class='ocrx_word' id='word_1_937' title='bbox 2641 5763 2693 5820; x_wconf 79' lang='lat'><strong>8,</strong></span> <span class='ocrx_word' id='word_1_938' title='bbox 2721 5759 2891 5824; x_wconf 79' lang='lat'><strong>9,10.</strong></span> <span class='ocrx_word' id='word_1_939' title='bbox 2974 5762 3012 5791; x_wconf 89' lang='grc'><strong>¹⁷</strong></span> <span class='ocrx_word' id='word_1_940' title='bbox 3043 5759 3200 5815; x_wconf 86' lang='grc' dir='ltr'><em>Νιιιιι.</em></span> <span class='ocrx_word' id='word_1_941' title='bbox 3234 5777 3360 5822; x_wconf 77' lang='lat' dir='ltr'><strong>xxv,</strong></span> <span class='ocrx_word' id='word_1_942' title='bbox 3393 5761 3443 5808; x_wconf 80' lang='lat' dir='ltr'><strong>l.</strong></span> 
     </span>
    </p>
   </div>
  </div>
