2037 3078
298 126 348 155 731

1028 123 1189 152 ΟΙὶΙΕΕΝΙΞ

1857 127 1897 155 ιιι

298 186 400 212 tionem
424 185 475 212 dici
498 184 564 219 (95).
593 184 731 219 Applicuit
746 192 811 219 ergo
824 184 906 212 lsrael
927 185 961 212 ad
976 192 1089 219 respon-
1104 187 1128 215 Α
1144 184 1214 212 forte
1229 177 1359 212 fornicari
1376 188 1401 212 te
1415 185 1518 213 faciant
1529 192 1544 212 a
1562 185 1616 213 Deo
1631 188 1688 212 tuo.
1706 194 1715 210 ι
1731 184 1773 212 Ille
1782 192 1838 220 ergo
1850 195 1896 214 cum

299 231 414 262 sionem,
431 231 472 257 vel
492 230 692 257 refutationem.
709 230 767 257 Non
783 231 850 258 bene
865 231 1007 265 applicuit.
1022 231 1089 257 Vide

299 277 414 309 denique
428 276 491 309 quid
509 276 623 301 incurrit
639 276 663 301 in
677 276 728 303 hac
741 275 846 310 positus
860 277 1009 303 mansione.
1024 276 1091 303 For—

298 323 406 349 uicatus
419 326 461 348 est
479 329 540 347 cum
558 322 718 349 mulieribus
732 322 940 348 Madianitarum
952 343 959 353 ,
975 327 1001 349 et
1017 321 1091 349 refu-

299 371 373 393 tatns
390 371 428 393 est
446 374 461 393 a
479 366 533 394 Deo
549 376 554 393 :
571 368 631 401 quia
649 375 702 394 non
720 367 806 395 solum
827 368 987 399 fornicatus,
1003 370 1049 395 sed
1064 373 1091 396 et

298 413 377 439 idolis
403 413 524 448 gentium
549 420 725 441 consecratus
748 421 806 446 est,
824 420 851 442 et
867 416 984 442 comedit
1003 423 1036 442 ex
1058 416 1091 444 iis

299 466 359 491 qua:
377 458 486 485 fuerant
501 460 579 485 idolis
601 460 738 486 innnolata
750 480 758 492 ,
778 468 838 494 qua:
855 462 946 495 utique
965 469 1091 489 exsecra-

299 503 363 530 lniiia
384 510 447 531 sunt
477 506 508 531 ad
540 505 634 532 Deum.
661 506 710 538 Qui
735 508 806 533 enim
827 515 977 534 consensus
992 508 1090 542 templo

300 551 347 577 Dei
365 558 424 577 cum
441 551 538 578 idolis?
552 551 649 578 Verum
668 560 717 586 ego
731 552 814 579 etiam
830 553 862 579 de
878 553 910 579 iis
921 573 928 585 ,
945 561 1005 588 quae
1020 554 1091 587 Apo-

300 596 387 623 stolus
414 596 446 622 ad
473 596 629 624 Corinthios
652 597 749 625 scribit
765 598 858 625 dicens
885 598 906 614 ¹⁸
928 607 935 625 :
954 608 963 624 ‹
984 599 1012 626 Si
1029 600 1091 634 quis

301 647 391 668 autent
425 642 524 669 viderit
548 642 690 669 scientiam
714 643 855 670 habentem
888 645 913 671 in
943 645 1023 672 idolio
1048 653 1091 672 re-

300 687 429 714 cumbere
441 708 448 719 ,
478 696 567 715 nonne
589 689 760 716 conscientia
776 689 833 724 ejus
852 698 913 717 cum
932 691 967 718 sit
984 692 1090 718 infirma

301 733 481 760 :cdiﬁcabitur
504 734 537 760 ad
562 734 781 761 manducandum
803 735 963 763 immolata?
982 746 991 762 ι
1012 737 1090 764 valde

302 779 418 806 miratus
439 787 510 805 sum.
537 779 650 807 Videtur
679 781 750 808 enim
772 790 824 809 non
851 788 903 810 tam
929 791 984 810 rcm
1004 783 1090 817 ipsam

301 832 411 859 gravem
426 826 613 858 promtntiarc,
628 835 710 860 quam
727 828 799 855 illius
812 828 956 861 oliensam,
972 830 1017 864 qui
1034 830 1091 856 haec

301 870 395 897 videns
412 871 493 898 simili
511 877 675 906 provocatur
696 875 837 909 exemplo.
857 883 917 902 cum
939 883 991 902 non
1010 876 1089 903 simili

302 917 417 944 scientia
434 918 584 951 muniatur,
601 919 637 946 ita
654 924 683 946 ut
700 922 825 948 ostendat
842 929 902 948 eum
924 922 968 956 qui
988 922 1090 950 habens

303 964 446 990 scientiam
464 965 598 992 recumbit
612 966 638 992 in
654 966 745 998 idolio,
762 974 813 993 non
829 973 883 994 tam
901 969 942 995 sui
957 976 1037 1001 quant
1051 969 1090 995 al-

303 1009 388 1036 terius
415 1010 505 1037 damni
534 1010 605 1038 el'lici
632 1020 718 1039 reum.
743 1012 795 1040 Sed
818 1014 879 1040 vide
897 1022 930 1041 ne
952 1014 1020 1041 forte
1037 1023 1090 1042 non

303 1054 355 1081 hoc
378 1055 464 1082 solum
488 1056 572 1083 fiebat
586 1058 654 1090 apud
672 1058 845 1092 Corinthios,
861 1064 889 1086 ut
906 1060 931 1086 in
953 1061 1032 1088 idolio
1050 1068 1091 1087 re-

302 1100 481 1133 camberent,
500 1107 527 1129 et
545 1102 682 1129 immolata
705 1103 785 1131 idolis
810 1105 1016 1133 manducarent.
1037 1106 1090 1133 Sed

302 1147 373 1174 lorle
396 1148 523 1182 quoniam
551 1149 666 1176 studiosi
692 1149 846 1178 litterarum
864 1151 1021 1179 Graecarum
1043 1155 1090 1180 ho-

302 1193 389 1219 mines
408 1199 498 1224 erant,
523 1200 550 1221 ct
574 1200 710 1222 amatores
733 1196 911 1230 philosophiae
925 1218 932 1229 ,
954 1198 1091 1226 desiderio

302 1238 390 1265 adhuc
410 1240 562 1266 studiorum
584 1245 704 1267 veterum
728 1241 910 1274 tenebantur,
925 1247 951 1270 et
972 1244 1091 1278 philoso-

302 1284 416 1318 phorum
434 1285 557 1319 dogmata
572 1305 579 1318 ,
595 1287 672 1321 quasi
692 1287 768 1315 idolis
790 1287 929 1316 immolata
950 1290 1065 1317 edebant
1084 1301 1089 1318 :

306 1338 366 1364 qua:
388 1334 479 1358 tamen
506 1332 603 1359 la‘dere
625 1332 742 1361 fortasse
759 1341 810 1361 non
827 1340 950 1368 poterant
965 1343 1011 1364 eos
1022 1356 1030 1369 ,
1046 1336 1090 1370 qui

302 1376 409 1410 plenam
437 1378 578 1405 scientiam
602 1379 728 1407 veritatis
751 1386 923 1415 acceperant.
945 1381 976 1409 ili
1000 1388 1091 1410 autem

303 1425 348 1459 qui
368 1426 394 1452 in
411 1425 521 1454 Christo
537 1427 625 1454 minus
643 1428 804 1456 eruditionis
818 1429 974 1462 habebant,
989 1431 1010 1457 si
1027 1431 1090 1458 imi-

303 1476 426 1498 tarentur
450 1480 496 1499 eos
519 1473 641 1508 legentes
667 1474 751 1508 talia,
773 1479 801 1502 et
818 1475 870 1502 illis
887 1476 975 1502 adhuc
994 1477 1090 1504 studiis

301 1524 411 1550 operam
431 1518 527 1544 dantes
541 1538 548 1549 ,
565 1518 702 1546 vulnerari
717 1525 857 1553 poterant,
875 1526 902 1548 et
922 1522 1089 1549 diversorum

301 1562 458 1597 dogmalum
475 1564 557 1591 variis
573 1565 713 1593 erroribus
733 1565 877 1600 implicari.
895 1567 940 1594 Sic
955 1575 1020 1603 ergo
1042 1569 1089 1596 lie-

302 1609 359 1641 bat,
373 1614 402 1636 ut
419 1609 563 1636 lzcderetur
576 1610 653 1645 alios,
672 1613 741 1639 unde
753 1612 775 1640 is
790 1613 834 1647 qui
851 1613 969 1641 habebat
984 1615 1089 1649 plenam

302 1654 444 1681 scientiam
463 1656 586 1683 veritatis
597 1677 604 1689 ,
617 1657 677 1684 hedi
690 1666 742 1685 non
757 1664 876 1693 poterat.
894 1659 945 1687 Sed
963 1662 1089 1694 quoniam

302 1701 424 1728 charitas
440 1709 494 1728 non
513 1703 627 1737 requirit
642 1705 714 1737 quod
728 1704 778 1731 sibi
795 1705 861 1732 utile
878 1711 937 1739 est,
954 1708 1001 1733 sed
1021 1709 1090 1742 quod

302 1747 405 1778 multis,
419 1748 566 1775 ohsrervarc.
578 1753 685 1783 oportet
698 1750 778 1777 talem
791 1751 866 1777 verbi
880 1758 977 1785 capere
990 1752 1088 1785 cibum,

301 1793 347 1826 qui
374 1801 425 1819 non
452 1793 539 1821 solum
561 1802 609 1822 nos
624 1795 739 1822 mdificet
754 1800 780 1823 et
796 1796 927 1827 delectet,
942 1797 988 1824 sed
1003 1802 1031 1824 et
1045 1799 1090 1832 qui

303 1839 425 1866 videntes
442 1847 494 1866 non
511 1840 645 1874 offendat,
661 1846 707 1868 aut
727 1841 816 1869 laedat.
832 1842 881 1869 Est
895 1851 960 1877 ergo
977 1851 1028 1870 non
1045 1852 1090 1871 so-

302 1884 356 1910 lum
372 1885 397 1910 in
412 1885 479 1912 cibis
490 1885 568 1912 idolis
580 1886 760 1920 immolatum,
772 1888 818 1914 sed
832 1893 857 1915 et
874 1888 899 1915 in
916 1889 1017 1916 verbis.
1035 1889 1090 1924 Ego

301 1936 366 1964 puto
380 1950 387 1963 ,
404 1931 466 1965 quia
488 1932 558 1959 sicut
573 1933 660 1960 omnis
672 1941 762 1960 sermo
780 1934 824 1968 qui
841 1935 978 1968 pietatem,
1000 1940 1027 1962 et
1047 1936 1092 1969 ju-

257 2003 259 2006 ,
301 1977 412 2009 stitiam,
428 1983 454 2004 et
472 1978 613 2005 veritatem
629 1980 719 2011 docet,
734 1979 787 2006 Deo
800 1986 976 2009 consecratus
991 1987 1032 2009 est
1044 2004 1050 2013 ,
1065 1987 1091 2009 et

301 2023 356 2049 Deo
377 2023 530 2051 immolatus
552 2033 558 2051 :
583 2025 618 2051 ita
634 2030 661 2052 et
678 2027 768 2054 omnis
785 2034 876 2054 sermo
889 2028 936 2062 qui
953 2028 986 2054 ad
1003 2028 1090 2062 impu-

303 2068 438 2102 dicitiam,
460 2069 502 2096 vel
521 2069 699 2104 injustitiam,
716 2072 758 2099 vel
775 2073 941 2107 impietatem
964 2073 1089 2108 respicit,

302 2114 379 2142 idolis
389 2115 547 2143 immolatus
559 2116 605 2148 sit,
620 2122 645 2143 et
658 2118 703 2151 qui
717 2125 778 2145 eum
794 2118 906 2153 recipit,
920 2120 997 2152 quasi
1012 2119 1090 2147 idolis

301 2161 440 2188 immolata
466 2162 620 2189 manducet.
644 2162 815 2191 Manducavit
838 2172 903 2199 ergo
927 2165 1041 2200 populus
1058 2167 1089 2193 de

1141 235 1214 259 esset
1225 232 1456 266 sapientissimus,
1473 237 1500 260 et
1512 233 1631 267 ingentis
1644 233 1715 267 apud
1728 232 1805 260 Deum
1818 234 1897 268 meriti,

1143 283 1232 305 tamen
1249 278 1312 313 quia
1329 286 1358 306 se
1375 279 1487 306 tradidit
1503 278 1595 306 multis
1612 278 1781 311 mulieribus,
1795 279 1899 314 deceptus

1142 328 1192 350 est.
1209 323 1265 357 Ego
1279 328 1344 358 puto
1357 324 1428 358 quod
1444 324 1535 351 multa:
1547 324 1691 357 mulieres,
1708 323 1788 350 multa
1799 324 1898 358 dogmata

1141 374 1169 395 et
1193 369 1339 396 multarum
1366 370 1487 404 gentium
1513 363 1628 397 diversa:
1648 369 1819 404 philosophia
1833 371 1900 396 nomi-

1142 420 1250 443 nentur.
1279 416 1344 449 Quaz
1369 423 1430 443 cum
1453 416 1559 450 singula
1582 420 1785 450 agnoscere,et
1800 423 1900 450 perscru-

1143 460 1193 487 tari
1218 464 1310 494 utpote
1337 465 1365 487 et
1386 460 1584 487 scientissimus
1604 464 1633 487 et
1653 459 1855 494 sapientissimus
1865 466 1900 485 vo-

1142 507 1253 539 luisset,
1271 507 1445 541 semetip5um
1468 507 1539 533 intra
1556 507 1625 541 legis
1639 506 1738 533 divina:
1753 505 1859 540 regulam
1872 511 1900 533 tc-

1142 559 1208 579 nere
1231 560 1284 580 non
1311 553 1408 586 potuit.
1435 552 1546 587 Decepit
1565 560 1627 579 eum
1649 552 1792 579 Moabitica
1805 551 1900 585 philom-

1142 597 1204 631 pbia
1213 617 1220 628 ,
1233 602 1262 624 et
1277 598 1413 631 persuasit
1424 603 1453 625 ut
1469 597 1539 625 idolo
1552 597 1699 625 Moabitico
1713 597 1864 630 immolaret,
1874 597 1901 624 si-

1143 643 1244 670 militer
1267 648 1295 670 et
1315 644 1532 671 Ammonitarnm
1545 664 1553 677 ,
1575 645 1621 671 sed
1637 648 1666 671 et
1683 643 1837 677 reliquarum
1850 651 1900 678 gen.

1143 690 1226 722 tium,
1243 697 1357 724 quarum
1376 690 1505 717 mulieres
1526 690 1625 717 dicitur
1645 690 1797 724 recepisse,
1817 695 1840 716 et
1853 689 1901 716 :edi-

1143 736 1239 764 ficasse
1248 737 1356 772 templa,
1369 737 1411 765 vel
1423 737 1579 765 immolasse
1587 736 1668 764 idolis
1677 744 1768 764 earum
1776 736 1807 763 ‘°.
1818 735 1902 763 Grande

1142 788 1183 810 est
1200 790 1264 818 ergo
1286 788 1314 810 et
1336 791 1400 811 vere
1416 791 1484 818 opus
1501 783 1546 810 Dei
1560 803 1567 815 ,
1581 787 1636 810 tam
1656 782 1749 809 multis
1762 781 1903 817 dogmatibus

1142 829 1217 863 quasi
1235 830 1394 857 mulieribus
1409 830 1534 862 misceri,
1552 837 1602 857 nec
1618 835 1711 857 tamen
1727 837 1740 856 a
1754 829 1862 855 veritatis
1873 837 1904 855 rc-

1143 875 1204 910 gula
1236 876 1393 907 declinare,
1419 875 1466 903 sed
1486 881 1645 903 constanter
1659 875 1752 902 dicere
1769 875 1790 890 ¹¹
1810 883 1816 901 :
1839 875 1904 902 Sen-

1144 922 1217 957 giuta
1234 927 1298 948 sunt
1315 922 1424 957 reginae,
1439 926 1467 949 ct
1479 922 1616 956 octoginta
1636 921 1807 952 concubinte,
1820 925 1845 947 et
1855 920 1903 946 ado-

1144 967 1298 995 lescentulae
1322 975 1435 1002 quarunt
1459 975 1512 994 non
1533 972 1577 995 εει
1599 974 1730 994 numerus
1747 975 1753 992 ἶ
1771 973 1818 992 una
1835 970 1904 992 lalllCll

1142 1019 1185 1042 est
1197 1014 1320 1041 columba
1337 1021 1407 1045 mea,
1420 1014 1537 1049 perfecta
1551 1020 1620 1045 mea,
1633 1020 1687 1040 una
1702 1017 1743 1040 est
1757 1012 1843 1038 matris
1853 1018 1904 1042 sua,

1143 1067 1195 1086 una
1214 1064 1255 1085 est
1271 1059 1411 1093 genitricis
1428 1066 1494 1086 suae.
1511 1059 1564 1086 Sed
1581 1059 1626 1086 isti
1643 1059 1820 1086 adoraverunt
1832 1056 1905 1087 idola,

1145 1110 1171 1132 et
1184 1105 1339 1132 consecrati
1355 1109 1418 1132 sunt
1432 1105 1607 1140 Beelphegor.
1627 1104 1789 1139 Beelphegor
1802 1103 1856 1130 idoli
1869 1109 1906 1128 n0-

1143 1159 1204 1178 men
1222 1155 1264 1178 est
1275 1171 1281 1182 ,
1298 1152 1369 1185 quod
1387 1151 1457 1185 apud
1473 1150 1634 1178 Madianitas
1648 1150 1783 1185 przecipue
1800 1156 1812 1175 a
1828 1147 1905 1175 mulie-

1142 1196 1217 1224 ribus
1234 1196 1383 1223 colebatur.
1410 1197 1438 1223 In
1454 1196 1534 1231 hujus
1552 1203 1617 1231 ergo
1634 1196 1699 1223 idoli
1715 1194 1842 1230 mysteriis
1853 1201 1904 1220 con-

1142 1248 1264 1270 secratus
1290 1247 1331 1270 est
1350 1243 1443 1270 Israel.
1464 1242 1723 1278 lnterpretationem
1749 1242 1855 1269 nominis
1874 1241 1905 1274 ip-

1142 1290 1197 1316 sius
1216 1296 1277 1315 cum
1295 1290 1497 1322 requireremus
1512 1290 1643 1317 attentius
1666 1290 1737 1317 inter
1751 1288 1852 1315 Hebraea
1866 1294 1903 1313 nov

1142 1334 1216 1361 mina
1228 1353 1235 1365 ,
1253 1334 1304 1361 hoc
1322 1338 1426 1361 tantum
1441 1335 1593 1362 invenimus
1606 1335 1739 1369 scriptum
1749 1354 1757 1366 ,
1771 1333 1828 1368 quia
1845 1331 1904 1358 Beel-

1142 1380 1245 1415 phegor
1270 1380 1373 1414 species
1390 1380 1426 1407 sit
1448 1380 1622 1415 turpitudinis
1640 1380 1709 1415 (96).
1729 1379 1812 1407 Noluit
1830 1384 1903 1405 tamen

1142 1426 1283 1453 declarare
1308 1434 1367 1461 qua:
1391 1426 1432 1454 vel
1457 1427 1545 1460 qualis
1568 1427 1675 1462 species
1690 1447 1697 1459 ,
1712 1426 1753 1453 vel
1766 1425 1834 1459 cujus
1846 1427 1904 1451 esset

1144 1473 1334 1507 turpitudinis,
1352 1472 1485 1500 honestati
1508 1472 1589 1500 credo
1606 1474 1763 1505 consulens,
1780 1470 1851 1506 350
1867 1468 1903 1503 qui

1143 1518 1337 1553 interpretatus
1350 1523 1409 1551 est,
1426 1519 1466 1545 uti
1482 1525 1516 1545 ne
1529 1518 1650 1546 auditum
1667 1518 1797 1554 pollueret
1812 1516 1903 1543 audien-

1142 1564 1218 1591 tium.
1238 1564 1320 1600 Igitur
1337 1572 1398 1591 cum
1416 1564 1505 1591 multm
1522 1565 1578 1591 sint
1594 1565 1791 1598 turpitudinum
1805 1561 1902 1596 species.

1142 1618 1194 1637 una
1208 1611 1331 1645 quaedam
1349 1618 1381 1637 ex
1398 1610 1520 1645 pluribus
1533 1610 1710 1645 turpitudinis
1727 1609 1826 1644 species
1843 1605 1903 1633 Beel-

1142 1656 1245 1690 phegor
1258 1655 1421 1691 appellatur.
1438 1654 1515 1682 Unde
1528 1655 1668 1683 sciendum
1685 1661 1740 1685 est.
1757 1653 1821 1689 quod
1835 1651 1904 1679 omnis

1143 1702 1188 1736 qui
1205 1701 1305 1736 aliquid
1322 1706 1401 1736 turpe
1416 1701 1580 1734 committit,
1594 1706 1621 1728 et
1637 1701 1665 1728 in
1682 1701 1796 1735 aliquam
1809 1697 1903 1733 speciem

1143 1748 1317 1780 turpitudinis
1328 1747 1459 1780 declinat,
1474 1747 1644 1783 Beelphegor
1656 1747 1851 1775 Madianitarum
1863 1744 1903 1770 ds-

1144 1794 1235 1821 monio
1250 1798 1437 1821 consecratur.
1457 1793 1510 1820 Sed
1526 1798 1552 1821 et
1566 1801 1613 1828 per
1626 1794 1732 1829 singula
1746 1796 1846 1828 peccata
1859 1795 1904 1824 qui

1143 1840 1339 1867 committimus
1352 1860 1359 1873 ,
1382 1839 1499 1866 maxime
1515 1839 1537 1866 si
1555 1839 1610 1874 jam
1627 1849 1681 1867 non
1696 1839 1856 1873 subreplione
1866 1835 1903 1862 ali-

1142 1895 1205 1922 qua,
1222 1887 1269 1914 sed
1281 1887 1373 1913 studio
1387 1886 1540 1921 all'ectuque
1554 1894 1708 1921 peccamus,
1724 1887 1759 1913 illi
1773 1887 1826 1913 sine
1840 1882 1904 1911 dubio

1142 1934 1268 1966 daemoni,
1285 1933 1328 1960 cui
1344 1938 1487 1967 peccatum
1504 1934 1568 1960 illud
1584 1935 1655 1968 quod
1670 1933 1844 1962 commisimus
1858 1930 1903 1956 ino»

1143 1979 1235 2014 perari
1255 1987 1327 2006 cura:
1349 1983 1405 2012 est,
1424 1986 1626 2007 consecrantur.
1646 1980 1680 2007 Et
1698 1979 1808 2007 fortasse
1820 1976 1904 2003 contiu-

1143 2030 1188 2061 get
1203 2025 1281 2053 nobis
1293 2030 1332 2052 tot
1345 2025 1511 2053 dmmonibus
1524 2033 1584 2053 esse
1596 2031 1778 2057 consecratos,
1790 2028 1847 2058 qum
1857 2028 1904 2055 peo-

1142 2077 1202 2099 cala
1217 2072 1428 2103 committimus,
1441 2076 1468 2099 et
1484 2072 1513 2098 in
1525 2072 1639 2106 singulis
1655 2072 1805 2106 quibusque
1819 2066 1903 2096 delictis

1142 2118 1214 2145 velut
1229 2118 1357 2153 mysteria
1376 2118 1465 2152 illius,
1483 2123 1530 2146 aut
1543 2119 1614 2145 illius
1628 2118 1692 2146 idoli
1706 2117 1864 2151 suscipimus.
1879 2112 1903 2138 Et

1142 2165 1258 2192 fortasse
1280 2172 1392 2200 propter
1415 2166 1466 2192 hoe
1489 2165 1598 2192 dicebat
1620 2165 1763 2199 Apostolus
1777 2164 1798 2179 "
1813 2170 1819 2187 τ
1835 2170 1843 2186 ι
1858 2160 1902 2188 Jlm

299 2207 442 2235 sacriﬁciis
455 2215 562 2241 eorum,
577 2213 604 2236 et
623 2209 805 2237 adoraverunt
820 2211 891 2239 idola
909 2219 1013 2239 eorum.
1030 2211 1087 2239 Non
1105 2213 1128 2243 ι)
1141 2212 1214 2238 enim
1230 2212 1389 2247 mysterium
1406 2211 1558 2246 iniquitatis
1573 2217 1710 2245 operatur.
1728 2221 1737 2237 ι
1754 2208 1903 2238 Circumeunt

301 2254 388 2280 solum
417 2255 666 2287 manducaverunt,
687 2257 734 2283 sed
756 2261 784 2284 et
809 2258 998 2286 adoraverunt.
1023 2259 1088 2286 Vide

299 2300 422 2327 ordinem
452 2301 513 2328 mali
543 2311 550 2328 :
575 2309 670 2329 servos
702 2303 806 2330 Domini
840 2304 926 2337 prima
956 2305 1086 2339 concupi—

300 2346 413 2377 scentia,
432 2346 494 2374 inde
511 2347 614 2374 ventris
632 2347 772 2382 ingluvies,
794 2354 929 2383 postrema
944 2351 1089 2385 captivavit

302 2393 437 2435 impietas.
458 2392 607 2427 Impietatis
628 2399 718 2420 autem
737 2402 844 2421 merces
861 2396 1009 2423 exsolvitur
1031 2397 1086 2424 for-

301 2438 410 2464 nicatio.
431 2438 459 2466 Si
479 2439 582 2474 relegas
596 2447 657 2474 qua:
671 2439 771 2474 scripta
794 2445 857 2466 sunt
873 2441 906 2467 de
925 2441 1085 2474 Salomone,

300 2485 421 2512 invenies
437 2494 509 2518 eum,
525 2492 553 2513 et
567 2486 675 2521 quidem
692 2493 751 2512 cum
768 2492 842 2512 esset
859 2488 1086 2522 sapientissimus,

300 2532 392 2558 multis
418 2532 576 2559 mulieribus
599 2533 744 2561 inclinasse
770 2533 853 2560 latera
877 2542 941 2562 sua,
964 2541 1026 2560 cum
1044 2534 1086 2561 lex

301 2578 346 2605 Dei
364 2579 435 2605 dicat
454 2579 475 2595 ¹⁹
494 2588 500 2606 :
520 2589 528 2605 ι
548 2579 605 2606 Non
622 2579 813 2614 multiplicabis
832 2580 877 2606 tibi
899 2579 1035 2611 mulieres,
1055 2590 1088 2609 ne

336 2649 357 2664 ’⁸
376 2648 520 2681 Ιϐοικνιιι,
531 2650 573 2676 10.
614 2651 633 2665 ¹τ¹
648 2650 724 2677 Dent.
736 2658 800 2683 xv",
817 2650 859 2677 17.
898 2650 920 2665 ¹⁰
933 2649 963 2676 lll
978 2650 1087 2685 ch.xr.

335 2705 393 2739 (95)
421 2705 456 2732 In
486 2708 701 2741 interpretatione
730 2707 921 2735 Hebraicorum
951 2709 1085 2735 nominum

301 2742 392 2768 Sauiu
405 2742 551 2768 invenimus
572 2745 599 2769 ιη
620 2743 711 2777 lingua
731 2749 820 2770 nostra
837 2750 1030 2770 RESPOXSIONEM
1048 2744 1086 2770 vel

303 2783 501 2803 uiarum-nox“
512 2778 575 2805 dici.
592 2778 666 2805 Unde
689 2779 776 2805 Sattin
800 2780 940 2812 responsio
956 2779 995 2805 vel
1013 2787 1047 2805 rei
1055 2788 1082 2804 ιι-

304 2814 369 2839 tatio
383 2813 434 2839 dici
450 2814 545 2846 possit,
571 2822 621 2839 non
644 2814 734 2845 video,
755 2814 805 2840 nisi
825 2814 894 2840 forte
911 2822 925 2840 a
950 2818 1028 2843 u'lwt
1043 2814 1088 2840 lla-

302 2848 384 2881 gello.
403 2858 411 2874 ι
431 2849 499 2883 quod
520 2849 614 2884 inepta:
637 2850 753 2877 rationes
766 2849 927 2877 refutatione
945 2851 1021 2884 quasi
1037 2850 1084 2876 lla-
1099 2857 1102 2859 ·

1142 2265 1206 2292 ergo
1224 2257 1337 2292 spiritus
1353 2257 1464 2292 maligni
1477 2277 1484 2289 ,
1499 2262 1523 2284 et
1545 2262 1670 2292 quaerunt
1685 2256 1813 2292 quomodo
1826 2260 1903 2281 unum-

1142 2313 1275 2340 quemque
1290 2306 1445 2340 decipiant,
1462 2310 1489 2333 et
1504 2313 1552 2339 per
1565 2302 1835 2339 illecebram.pcccati
1856 2306 1902 2333 my-

1142 2351 1233 2378 steriis
1247 2356 1415 2384 consecrent,
1427 2357 1455 2379 et
1468 2359 1556 2386 neque
1568 2352 1740 2383 sentientem,
1753 2355 1832 2384 neque
1844 2343 1903 2372 intel-

1140 2398 1283 2432 ligentem,
1300 2397 1374 2425 verbi
1393 2405 1473 2425 causa
1485 2418 1492 2430 ,
1515 2406 1563 2432 per
1579 2397 1768 2426 fornicationis
1785 2396 1901 2430 peccatum

1143 2442 1319 2469 introducunt
1338 2442 1371 2469 ad
1392 2443 1552 2470 daamonium
1573 2443 1792 2474 Madianitarum,
1813 2445 1835 2467 et
1851 2444 1901 2463 eon-

1143 2494 1252 2516 secrant
1274 2489 1459 2524 Beelphegor,
1478 2495 1641 2518 consecrant
1658 2487 1820 2524 turpitudini.
1834 2483 1901 2511 Simi-

1143 2536 1204 2563 liter
1226 2541 1253 2563 et
1278 2543 1325 2570 per
1340 2536 1391 2562 alia
1408 2541 1517 2570 peccata
1529 2556 1536 2568 ,
1553 2542 1583 2563 ut
1599 2536 1726 2569 diximuS,
1749 2534 1804 2561 aliis
1818 2533 1900 2576 (lmine-

1143 2583 1223 2609 nibus
1245 2582 1368 2609 homines
1389 2587 1592 2609 consecrantur.
1616 2581 1668 2609 Sed
1690 2586 1716 2608 tu
1737 2580 1840 2607 observa
1854 2572 1899 2602 dili-

1404 2649 1426 2664 ²²
1443 2648 1463 2674 ll
1480 2648 1576 2676 Thess.
1592 2656 1622 2681 II,
1647 2648 1673 2674 7.

1141 2708 1211 2744 gello
1223 2712 1376 2744 arceantur,
1391 2706 1441 2744 gvel
1464 2707 1544 2744 quod
1558 2707 1638 2741 paulo
1658 2703 1818 2732 verisimilius
1833 2703 1875 2731 est,
1889 2702 1898 2721 θ

1138 2742 1200 2773 iam)
1219 2753 1228 2769 (
1249 2742 1498 2773 circuire;iterare,
1520 2742 1682 2769 discurrere.
1703 2751 1712 2766 ι
1743 2775 1747 2777 Δ
1787 2773 1801 2777 __
1822 2770 1827 2776 ,
1870 2766 1884 2777 ι.

1175 2766 1230 2812 ὧθᾷ
1246 2766 1323 2810 ῥἰὶῦἷ
1327 2766 1498 2811 ’1ῑὲἓὶῥῇὲῄὸῖ
1506 2766 1605 2810 sane;
1615 2766 1849 2812 ’ἕῑΐιᾳνρίιιιιίξηίελ
1866 2766 1897 2812 Et

1136 2803 1229 2846 53:7},
1247 2803 1401 2842 fioininns,’
1425 2803 1484 2839 ι”οῑ
1505 2803 1562 2844 “ips
1581 2822 1589 2837 ι
1614 2803 1732 2847 aperuit,
1758 2818 1766 2835 I
1790 2803 1896 2834 conﬂauit

1139 2856 1234 2877 nottlcn
1255 2858 1262 2873 ι
1286 2847 1459 2882 Beelpbcgor.
1479 2857 1489 2874 ι

1129 2653 1150 2668 ἰ
1165 2651 1282 2681 Cant.vt,
1297 2648 1321 2679 7,
1339 2648 1365 2675 8.
