4074 6156
379 263 498 318 733

1558 272 1625 327 IN
1661 273 1994 330 NUMEROS
2033 274 2314 331 HOMILIA
2374 277 2496 331 XX.

3539 284 3640 339 754

383 380 604 441 ιιειιιίιιε
633 380 776 449 quod
804 384 1062 453 scriptum
1092 395 1208 451 est,
1241 396 1296 443 et
1337 398 1419 444 sta
1468 391 1526 443 iu
1556 392 1684 457 viis,
1714 400 1768 446 et
1802 392 1969 445 inter—
2001 401 2043 454 Α
2076 396 2127 447 in
2156 409 2316 463 quam
2347 394 2576 448 voluerit
2613 405 2818 462 partem
2857 404 2938 449 est
2970 395 3017 449 ei
3056 394 3282 450 liberum
3311 392 3581 449 declinare
3618 409 3637 449 :

385 487 521 542 roga
570 488 699 543 (μικ-
732 475 841 528 sint
879 478 977 530 viae
1006 477 1215 533 Domini
1264 489 1500 546 ceterum,
1539 494 1593 537 et
1625 498 1744 551 qua:
1781 485 1852 537 sit
1883 486 1964 538 via

384 568 564 631 bona,
615 576 670 621 et
709 566 903 621 incede
948 568 1003 620 in
1037 583 1100 623 ea
1125 609 1141 635 ,
1184 581 1239 625 et
1276 587 1382 627 non
1416 575 1645 628 accedas
1676 576 1742 629 ad
1770 575 1967 644 jauuas

381 657 580 712 domus
611 659 847 716 malitiae.
884 658 992 714 Sed
1031 661 1091 715 si-
1112 665 1349 719 senseris
1382 665 1677 736 malignum
1710 668 1963 735 Spiritum
1986 704 1999 721 ι

383 751 535 818 loqui
564 751 620 806 in
655 752 818 807 corde
849 761 960 816 tuo,
994 763 1054 807 ut
1078 764 1129 809 te
1156 756 1317 810 ducat
1341 758 1408 811 ad
1437 758 1652 828 aliquod
1687 774 1820 829 opus
1843 775 1965 829 pec-

381 841 533 908 cati,
571 842 815 913 intellige
851 844 977 911 quia
1016 853 1069 899 te
1100 845 1299 902 ducere
1334 847 1483 913 vult,
1511 858 1570 903 ut
1593 858 1875 905 consecret
1914 861 1964 905 te

382 931 547 987 alicui
584 933 836 988 daemoni.
874 935 1079 992 Ducere
1108 946 1162 993 te
1192 939 1306 993 vult
1330 950 1385 994 ut
1413 942 1683 1011 suscipias
1705 942 1958 1012 mysteria

383 1023 691 1086 diabolica,
735 1028 992 1096 mysteria
1043 1029 1361 1098 iniquitatis.
1416 1033 1480 1086 Et
1528 1034 1628 1088 hoc
1670 1046 1786 1088 esse
1836 1043 1962 1103 puto

382 1116 528 1181 quod
558 1117 749 1172 scribit
775 1119 1064 1185 Apostolus
1094 1121 1141 1152 ”
1172 1138 1187 1173 :
1224 1141 1242 1173 ι
1280 1123 1415 1177 Cum
1441 1137 1619 1180 autent
1648 1136 1837 1196 gentes
1870 1141 1957 1181 es-

382 1207 537 1272 setis,
562 1209 628 1263 ad
655 1210 945 1266 simulacra
974 1224 1120 1269 nmta
1146 1226 1336 1273 euntes
1360 1220 1896 1287 proutducehamini.
1931 1241 1951 1275 ι

382 1300 427 1352 A
462 1314 571 1367 quo
593 1302 677 1356 vel
707 1318 734 1356 a
758 1305 974 1372 quibus
991 1308 1370 1365 ducebamini?
1395 1325 1425 1364 a
1458 1312 1739 1380 spiritibus
1765 1328 1958 1382 nempe

387 1392 642 1462 malignis
693 1396 1037 1454 ducebamini
1095 1402 1160 1456 ad
1212 1417 1375 1471 opera
1423 1414 1787 1473 peccatorum.
1832 1406 1958 1462 Haec

378 1485 610 1541 audiens
656 1489 885 1559 vigilans
931 1495 1166 1563 quisque
1214 1497 1429 1551 auditor
1478 1499 1624 1553 dicet
1664 1497 1895 1555 fortasse
1939 1521 1952 1556 :

379 1576 524 1641 Quid
550 1591 680 1647 ergo
707 1578 1005 1637 faciemus?
1035 1585 1077 1638 si
1105 1585 1446 1642 circumeunt
1474 1588 1698 1658 spiritus
1729 1590 1953 1661 maligni

378 1680 820 1739 unumquemque
857 1680 1121 1737 nostrum,
1152 1683 1207 1729 et
1234 1676 1437 1730 ducunt
1463 1718 1476 1738 .
1526 1692 1590 1732 ac
1630 1680 1955 1749 pertrahunt

378 1758 449 1810 ad
491 1770 774 1828 peccatqu
814 1782 828 1816 :

382 1848 515 1902 tiam
549 1853 773 1919 trahat,
804 1857 893 1923 qui
929 1856 1118 1911 invitet
1147 1867 1202 1913 et
1228 1861 1390 1915 ducat
1417 1861 1484 1915 ad
1516 1861 1855 1930 pudicitiam,
1886 1862 1954 1915 ad

378 1941 678 2011 pietatem,
729 1949 998 2013 quomodo
1045 1965 1152 2004 non
1198 1952 1468 2007 videbitur
1512 1952 1580 2007 ad
1621 1955 1952 2023 pereundum

378 2032 597 2101 quidem
644 2035 751 2090 lata
792 2039 874 2091 via
910 2048 1135 2108 patere,
1166 2043 1232 2096 ad
1261 2042 1490 2099 salutem
1523 2058 1649 2099 vero
1683 2060 1952 2114 nusquam

382 2125 525 2180 ullus
571 2128 751 2184 aditus
789 2130 933 2185 dari?
967 2133 1083 2188 lmo
1122 2149 1251 2190 vero
1296 2136 1517 2191 adverte
1543 2136 1876 2207 diligentius,
1907 2138 1950 2193 si

377 2226 581 2295 potes,
625 2228 681 2272 et
726 2231 914 2288 aperto
963 2226 1146 2280 cordis
1200 2227 1396 2293 oculo,
1449 2228 1704 2283 interiora
1742 2244 1951 2284 mecum

375 2307 667 2363 considera
696 2313 954 2381 mysteria
980 2330 995 2378 ;
1025 2322 1079 2368 et
1103 2316 1315 2371 videbis
1337 2326 1543 2385 quanto
1575 2316 1749 2385 major
1779 2317 1832 2371 in
1867 2333 1953 2373 se-

373 2401 542 2455 cretis
583 2404 779 2459 salutis
819 2414 1016 2460 nostrae
1052 2422 1182 2461 cura
1216 2418 1446 2478 geratur
1476 2447 1491 2472 ,
1526 2422 1689 2477 quam
1721 2408 1953 2464 facultas

377 2493 446 2546 ad
510 2493 884 2563 decipiendum
934 2498 1258 2566 praebeatur.
1295 2499 1463 2554 Adest
1510 2499 1799 2569 unicuique
1852 2516 1949 2555 no-

371 2596 550 2639 strum
570 2584 682 2655 (97)
704 2627 717 2647 ,
742 2586 905 2641 etiam
936 2589 1175 2646 minimis
1202 2592 1292 2661 qui
1323 2602 1449 2646 sunt
1478 2592 1533 2646 in
1566 2591 1801 2648 Ecclesia
1832 2592 1948 2659 Dei,

377 2676 607 2747 angelus
636 2678 847 2746 bonus,
879 2683 1106 2752 angelus
1138 2684 1349 2740 Domini
1377 2686 1467 2755 qui
1496 2694 1681 2755 regat,
1712 2686 1801 2753 qui
1834 2702 1948 2740 mo-

378 2780 525 2836 neat,
561 2769 654 2839 qui
689 2755 954 2839 gubernet
976 2813 990 2836 ,
1023 2775 1112 2843 qui
1149 2790 1247 2844 pro
1287 2778 1499 2831 actibus
1538 2777 1742 2831 nostris
1780 2779 1950 2831 corri-

373 2861 567 2928 gendis
585 2902 602 2927 ,
631 2870 687 2919 et
714 2863 1154 2922 miserationibus
1180 2868 1538 2937 exposcendis
1559 2907 1576 2933 ,
1604 2866 1842 2938 quotidie
1870 2868 1949 2923 vi-

374 2953 503 3008 deat
527 2952 722 3009 faeiem
757 2954 937 3011 Patris
975 2958 1062 3026 qui
1087 2960 1140 3012 in
1173 2960 1325 3014 caelis
1349 2969 1434 3014 est
1465 2978 1478 3015 :
1515 2960 1655 3015 sicut
1691 2960 1948 3015 Dominus

374 3043 621 3111 designat
669 3046 723 3099 in
764 3046 1066 3113 Evangeliis
1100 3048 1166 3106 ".
1205 3049 1273 3104 Et
1312 3051 1509 3105 iterum
1551 3051 1849 3106 secundum
1881 3067 1943 3105 ea

374 3149 500 3202 qua:
523 3133 761 3193 Joannes
788 3137 841 3192 in
865 3139 1190 3212 Apocalypsi
1221 3142 1411 3197 scribit
1434 3144 1500 3206 ³⁵,
1529 3142 1818 3212 unicuique
1844 3142 1944 3197 Ec-

371 3226 552 3282 clesiae
575 3228 899 3298 generaliter
920 3232 1146 3296 angelus
1171 3243 1368 3301 praeest
1385 3234 1475 3303 qui
1505 3232 1586 3287 vel
1614 3234 1949 3289 collaudatur

374 3331 474 3385 pro
509 3317 646 3372 bene
687 3320 858 3388 gestis
889 3322 1108 3391 populi;
1133 3323 1218 3378 vel
1251 3326 1412 3378 etiam
1450 3339 1545 3394 pro
1587 3325 1801 3388 delictis,
1826 3325 1946 3395 ejus

373 3406 644 3476 culpatur.
690 3409 745 3463 In
781 3424 888 3479 quo
925 3412 1090 3466 etiam
1133 3416 1380 3484 stupendi
1425 3416 1674 3487 mysterii
1708 3417 1946 3472 admira-

376 3499 528 3553 tione
558 3515 902 3568 peruioveor,
950 3505 1089 3576 quod
1137 3506 1403 3561 intantum
1438 3507 1550 3563 Deo
1579 3523 1710 3565 cura
1741 3511 1807 3564 de
1849 3526 1947 3564 no-

375 3590 463 3645 bis
485 3592 592 3658 sit,
637 3604 692 3649 ut
731 3597 893 3650 etiam
930 3599 1148 3667 angelos
1180 3615 1309 3656 suos
1338 3600 1543 3671 culpari
1576 3617 1674 3671 pro
1708 3602 1863 3658 nobis
1891 3612 1945 3657 et

371 3682 642 3738 confutari
689 3688 945 3755 patiatur.
987 3690 1082 3746 Sic
1112 3692 1256 3746 enim
1295 3708 1417 3747 cum
1446 3694 1736 3765 paedagogo
1769 3694 1943 3748 tradi-

373 3786 465 3828 tur
491 3791 659 3845 puer,
690 3778 736 3834 si
773 3779 912 3836 forte
941 3782 1121 3837 minus
1154 3784 1332 3853 dignis
1371 3800 1471 3840 nec
1507 3786 1805 3840 secundum
1849 3800 1944 3854 pa-

372 3876 588 3921 ternam
639 3870 971 3927 nobilitatem
1020 3874 1259 3931 imhutus
1296 3885 1553 3946 appareat
1596 3876 1939 3945 disciplinis,

369 3960 631 4016 continuo
682 3962 838 4032 culpa
891 3965 957 4018 ad
1009 3966 1354 4036 paadagogum
1402 3969 1672 4030 refertur,
1722 3982 1822 4022 nec
1868 3968 1941 4022 ita

368 4065 508 4119 puer
546 4067 576 4105 a
620 4062 776 4122 patre
825 4065 885 4109 ut
932 4059 1252 4128 paedagogus
1283 4059 1532 4129 arguitur
1557 4098 1573 4123 ,
1615 4059 1717 4113 nisi
1753 4059 1943 4113 durior

366 4140 568 4209 fuerit,
617 4155 671 4201 et
705 4147 978 4218 paedagogi
1013 4151 1211 4205 monita
1248 4152 1542 4221 spreverit,
1581 4162 1742 4222 atque
1768 4152 1822 4205 in
1861 4151 1940 4205 la-

363 4233 592 4288 sciviam
638 4251 839 4306 pronus
883 4253 948 4294 ac
976 4241 1302 4307 proterviam
1330 4242 1588 4297 salutaria
1628 4241 1742 4311 ejus
1778 4245 1940 4299 verba

363 4328 775 4397 contempserit,
804 4330 909 4387 illis
940 4332 1110 4401 magis
1139 4334 1529 4404 obtemperans
1555 4337 1644 4406 qui
1668 4336 1937 4391 luxuriam

2069 496 2123 538 et
2169 486 2288 541 ideo
2314 488 2523 557 justum
2568 487 2659 540 Dei
2700 487 2960 557 judicium
2997 496 3113 552 est,
3153 488 3282 557 quia
3320 499 3509 559 sponte
3541 501 3637 541 sua

2069 578 2183 632 sive
2217 576 2372 632 bouis
2401 578 2515 632 sive
2547 577 2800 647 pessimis
2830 577 3189 633 monitoribus
3215 586 3386 646 paret.
3421 575 3513 631 Vis
3542 577 3637 631 tibi

2070 667 2248 721 adhuc
2275 667 2506 736 amplius
2533 668 2661 736 quid
2691 682 2757 722 ex
2790 668 3087 737 Scripturis
3103 668 3300 723 divinis
3328 670 3632 736 ostendam,

2067 758 2337 825 quomodo
2367 759 2540 828 major
2575 773 2707 813 cura
2736 758 2931 813 salutis
2961 774 3087 828 erga
3119 760 3366 815 homines
3397 761 3502 815 Deo
3527 771 3635 824 est,

2065 862 2224 916 quam
2256 848 2471 903 diabolo
2500 851 2866 919 perditionis?
2896 850 3148 920 Nunquid
3188 868 3295 907 non
3335 853 3634 910 sufficiebat

2064 940 2374 1009 angelorum
2426 942 2704 1011 diligentia
2754 943 3016 998 adversus
3057 945 3282 1000 insidias
3326 946 3628 1002 daemonum

2061 1041 2117 1086 et
2154 1031 2441 1087 adversum
2482 1048 2578 1089 eos
2612 1034 2702 1103 qui
2751 1036 2818 1088 ad
2867 1035 3201 1105 peccandum
3237 1037 3483 1092 homines
3524 1048 3634 1093 tra-

2063 1124 2236 1178 bunt?
2290 1122 2411 1194 Ipse
2448 1125 2807 1195 Unigenitus,
2856 1129 2992 1197 ipse,
3039 1129 3255 1197 inquam
3280 1169 3296 1195 ,
3334 1130 3501 1186 Filius
3537 1131 3629 1186 Dei

2062 1216 2235 1282 adest,
2284 1215 2398 1284 ipse
2435 1215 2710 1283 defendit,
2750 1218 2866 1285 ipse
2896 1219 3164 1281 custodit,
3204 1219 3317 1286 ipse
3349 1233 3447 1273 nos
3478 1219 3544 1273 ad
3574 1234 3632 1274 se

2062 1305 2247 1358 trahit.
2289 1304 2428 1359 Audi
2463 1305 2732 1374 quomodo
2768 1308 2885 1375 ipse
2911 1307 3045 1362 dicit
3076 1309 3119 1339 ²⁹
3158 1326 3170 1361 :
3213 1326 3232 1358 ι
3272 1308 3340 1361 Ει
3371 1323 3497 1364 ecce
3529 1323 3628 1377 ego

2059 1395 2339 1450 vobiscum
2382 1411 2501 1450 sum
2533 1397 2787 1453 omnibus
2830 1398 3022 1453 diebus
3052 1412 3222 1467 usque
3260 1399 3328 1452 ad
3379 1413 3628 1453 consum-

2059 1487 2347 1541 mationem
2384 1486 2581 1542 saeculi.
2614 1506 2634 1539 ›
2659 1487 2761 1542 Sed
2793 1503 2891 1542 nec
2920 1488 3255 1544 sufiiciteum
3293 1504 3412 1545 esse
3448 1490 3631 1544 nobis-

2057 1592 2203 1642 cum,
2234 1578 2327 1633 sed
2356 1579 2756 1647 quodammodo
2788 1580 2892 1633 vim
2917 1580 3076 1635 nobis
3105 1579 3257 1646 facit,
3292 1589 3350 1634 ut
3379 1596 3476 1636 nos
3506 1597 3627 1650 per-

2059 1668 2238 1725 trahat
2269 1671 2337 1724 ad
2370 1671 2618 1726 salutem.
2649 1671 2737 1723 Ait
2765 1672 2909 1725 enim
2939 1671 2989 1723 in
3022 1671 3127 1726 alio
3150 1673 3269 1726 loco
3298 1671 3343 1703 ³ο
3373 1690 3385 1725 :
3430 1689 3449 1722 ι
3488 1672 3621 1727 Cum

875 1780 1035 1819 nemo
1061 1776 1240 1821 autem
1279 1769 1415 1824 anus
1452 1778 1538 1825 εει
1570 1770 1660 1838 qui
1698 1771 1765 1824 ad
1798 1771 1956 1838 ιυειί-
1989 1757 2031 1812 Β
2057 1771 2236 1815 autem
2290 1760 2562 1817 exaltatus
2601 1760 2796 1825 fuero,
2837 1760 3019 1814 omnia
3068 1761 3136 1815 ad
3180 1777 3267 1816 me
3310 1760 3542 1816 traham.
3599 1779 3619 1812 ›

2058 1850 2221 1906 Vides
2261 1853 2532 1921 quomodo
2564 1867 2671 1907 non
2708 1853 2883 1906 solum
2920 1851 3111 1906 invitat
3139 1853 3415 1916 volentes,
3448 1853 3540 1907 sed
3571 1864 3627 1906 ct

2054 1951 2375 1997 cunctantes
2412 1943 2599 1998 trahit.
2638 1940 2732 1996 Vis
2762 1951 2942 1997 autem
2974 1942 3163 1997 audire
3191 1942 3466 2012 quomodo
3507 1951 3624 1995 tra-

2056 2032 2151 2087 hat
2180 2033 2345 2088 etiam
2376 2034 2723 2089 cunctantes?
2751 2035 2868 2090 Non
2895 2034 3166 2089 concessit
3192 2034 3268 2087 illi
3295 2034 3385 2104 qui
3411 2032 3627 2088 volebat

2056 2126 2155 2189 ire,
2179 2133 2234 2179 et
2257 2125 2485 2195 sepelire
2510 2137 2717 2195 patrem
2754 2143 2935 2194 suum,
2969 2142 3069 2182 nec
3099 2126 3330 2196 spatium
3365 2125 3622 2193 temporis

2054 2218 2218 2284 dedit,
2248 2221 2342 2273 sed
2369 2219 2447 2272 ait
2478 2218 2553 2273 illi
2590 2219 2632 2251 "
2672 2236 2687 2272 :
2723 2239 2742 2271 ι
2775 2218 2904 2273 Sine
2933 2228 3175 2272 mortuos
3209 2216 3440 2286 sepelire
3471 2232 3621 2271 mor-

2057 2319 2174 2364 tuos
2205 2324 2364 2375 suos,
2397 2320 2451 2364 tu
2480 2320 2662 2366 autem
2690 2325 2918 2380 sequere
2947 2325 3052 2366 me.
3089 2329 3110 2363 ι
3141 2310 3207 2364 Ει
3226 2309 3349 2364 alibi
3372 2309 3502 2363 dicit
3528 2309 3572 2340 θ’
3599 2324 3620 2364 :

2058 2420 2077 2453 ί
2123 2401 2292 2456 Nemo
2337 2402 2555 2459 mittens
2599 2418 2815 2456 manum
2866 2417 3018 2457 suam
3053 2417 3215 2471 super
3251 2411 3526 2467 aratrum,
3568 2409 3623 2455 et

2052 2502 2198 2545 retro
2247 2493 2564 2562 reapiciens,
2618 2501 2779 2561 aptus
2815 2502 2900 2548 est
2944 2506 3109 2560 regno
3142 2490 3261 2546 Dei.
3316 2508 3334 2542 ι
3378 2490 3531 2557 Quod
3572 2489 3616 2544 si

2050 2582 2281 2652 amplius
2349 2584 2526 2639 adhuc
2591 2584 2674 2639 vis
2737 2585 2805 2639 de
2877 2585 2980 2640 hoc
3041 2596 3375 2653 cognoscere
3433 2596 3618 2635 sacra-

2053 2684 2261 2740 mento,
2291 2678 2571 2730 ostendam
2618 2676 2711 2730 tibi
2753 2678 2821 2730 de
2878 2674 3215 2744 Scripturis,
3268 2672 3412 2741 quod
3452 2670 3619 2724 etiam

2051 2768 2164 2837 ipse
2207 2768 2463 2822 Dominus
2517 2767 2676 2822 Pater
2737 2767 3196 2838 dispensationem
3260 2764 3453 2819 salutis
3518 2760 3618 2816 ιιό-

2049 2872 2179 2916 stra:
2229 2877 2332 2916 non
2377 2861 2626 2932 negligit,
2674 2860 2766 2914 sed
2796 2869 2849 2913 ει
2888 2860 3004 2928 ipse
3034 2874 3131 2912 nos
3162 2861 3226 2910 ad
3255 2855 3481 2910 salutem
3512 2868 3618 2907 non

2048 2952 2221 3005 solum
2255 2962 2444 3017 vocat,
2476 2951 2570 3006 sed
2599 2960 2653 3005 et
2696 2950 2984 3020 pertrahit.
3035 2948 3126 3004 Sic
3173 2948 3317 3001 enim
3359 2944 3619 3000 Dominus

2048 3046 2180 3102 dicit
2242 3047 2293 3100 in
2348 3045 2637 3115 Evangelia
2690 3045 2735 3076 ³³
2785 3064 2800 3100 :
2864 3062 2885 3096 ι
2944 3042 3114 3098 Nemo
3171 3041 3317 3095 venit
3372 3039 3440 3095 ad
3494 3053 3612 3099 me,

2047 3137 2205 3208 351
2241 3138 2339 3191 nisi
2388 3151 2544 3205 quem
2574 3133 2735 3189 Pater
2770 3148 2922 3189 meus
2970 3133 3204 3188 caelestis
3244 3129 3546 3185 attraxerit.
3592 3148 3612 3181 υ

2050 3227 2155 3280 Sed
2185 3236 2240 3280 et
2268 3225 2679 3294 paterfamilias,
2711 3223 2803 3294 qui
2835 3224 2998 3276 mittit
3018 3237 3201 3277 servos
3228 3236 3355 3275 suos
3390 3221 3617 3273 invitare

2050 3319 2255 3373 amicos
2278 3320 2343 3371 ad
2366 3319 2576 3386 nuptias
2599 3316 2693 3370 lilii
2715 3315 2819 3382 sui,
2844 3323 3198 3384 posteaquam
3220 3322 3619 3367 excusaverunt

2048 3409 2123 3463 illi
2174 3410 2264 3476 qui
2313 3410 2523 3479 priores
2572 3408 2787 3463 fuerant
2828 3405 3066 3470 invitati,
3116 3404 3248 3459 dicit
3289 3404 3463 3459 servis
3503 3403 3549 3435 “
3598 3420 3614 3456 :

2054 3525 2074 3558 ι
2123 3504 2279 3559 Exite
2309 3502 2375 3557 ad
2409 3503 2523 3558 vias
2552 3513 2607 3556 et
2630 3500 2966 3571 angiportus,
2999 3507 3054 3553 et
3076 3510 3429 3568 quoscunque
3468 3496 3614 3550 iuve-

2048 3594 2262 3658 ueritis,
2294 3591 2469 3661 cogite
2499 3591 2745 3646 introire.
2782 3608 2801 3641 ι
2840 3588 2933 3642 Sic
2961 3602 3091 3658 ergo
3142 3602 3245 3642 nou
3279 3586 3451 3641 solum
3481 3586 3620 3640 int-i-

2050 3699 2228 3741 tamur
2257 3701 2287 3739 a
2324 3685 2456 3750 Deo,
2493 3685 2588 3740 sed
2631 3694 2692 3739 et
2735 3682 3021 3745 trahimur,
3049 3690 3104 3735 et
3155 3680 3400 3749 cogimur
3434 3678 3501 3732 ad
3529 3695 3618 3734 sa-

2046 3782 2232 3835 lutem.
2263 3779 2367 3834 Sed
2400 3792 2499 3832 nec
2525 3787 2745 3832 sanctus
2769 3779 2986 3848 quidem
3014 3778 3236 3846 spiritus
3268 3778 3322 3831 in
3358 3777 3614 3846 hujusce--

2047 3873 2187 3927 modi
2236 3868 2731 3940 dispensationibus
2781 3869 2954 3923 deest.
3008 3868 3124 3937 Ipse
3153 3868 3297 3921 enim
3344 3866 3476 3922 dicit
3520 3865 3565 3898 ³⁸
3597 3883 3616 3919 ι

2051 3985 2069 4018 ι
2107 3965 2397 4035 Segregate
2424 3961 2550 4015 mihi
2594 3959 2818 4013 Paulum
2849 3967 2904 4013 et
2948 3957 3251 4012 Barnabam
3277 3957 3329 4011 in
3352 3957 3617 4011 ministe-

2048 4057 2211 4117 rium,
2242 4053 2308 4106 ad
2347 4054 2490 4122 quod
2523 4049 2791 4119 assumpsi
2824 4064 2939 4106 eos.
2979 4069 2998 4101 ι
3031 4049 3095 4103 Et
3126 4049 3321 4102 iterum
3368 4048 3615 4117 prohibet

2045 4141 2268 4196 Paulum
2310 4142 2390 4193 ire
2425 4139 2479 4193 in
2506 4138 2715 4204 Asiam,
2768 4148 2824 4192 et
2855 4154 3067 4192 rursum
3095 4139 3239 4208 cogit
3270 4153 3398 4192 eum
3453 4138 3531 4191 ire
3558 4138 3611 4191 in

2042 4234 2454 4304 Jerosolymam,
2487 4232 2786 4302 praedicens
2814 4231 2886 4297 ei,
2934 4232 3060 4300 quia
3091 4230 3305 4286 vincula
3343 4240 3399 4286 et
3429 4246 3614 4286 carce-

2045 4343 2132 4384 res
2169 4343 2293 4383 eum
2342 4326 2420 4381 ibi
2472 4334 2724 4377 maneant
2755 4322 2822 4378 “‘.
2880 4322 3031 4390 Quod
3071 4323 3116 4378 si
3169 4322 3345 4393 angeli
3401 4322 3612 4377 Domini

362 4418 616 4484 suadent,
649 4429 706 4475 et
737 4422 803 4476 ad
847 4423 1124 4481 lasciviam
1173 4437 1491 4497 provocant.
1540 4428 1678 4496 Quid
1724 4430 1819 4485 fiat
1862 4430 1936 4485 illi
1968 4446 2014 4500 ι)
2045 4421 2379 4477 circumdant
2413 4418 2465 4473 in
2495 4417 2724 4472 circuitu
2755 4415 3061 4495 timentium
3092 4430 3237 4482 eum,
3300 4424 3356 4467 ut
3383 4413 3616 4482 eripiant

362 4509 565 4566 animae
614 4515 888 4584 propheta:
937 4518 1159 4574 vocibus
1203 4520 1368 4575 disce.
1407 4539 1426 4572 ι
1480 4521 1933 4591 Derelinquetur,
2035 4533 2128 4576 eos
2160 4533 2175 4582 ;
2208 4516 2251 4570 si
2285 4513 2423 4568 Deus
2445 4510 2631 4576 Pater,
2667 4511 2712 4565 si
2755 4510 2947 4576 Filius,
2988 4511 3034 4565 si
3082 4509 3317 4578 Spiritus
3368 4516 3607 4570 sanctus,

362 4600 543 4670 inquit
578 4603 658 4669 '°,
696 4605 806 4659 filia
840 4605 969 4662 Sion
1006 4608 1148 4662 sicut
1185 4611 1590 4666 tabernaculum
1632 4611 1686 4666 iu
1736 4613 1894 4668 vinea
1918 4655 1934 4677 ,
2035 4628 2143 4667 non
2179 4609 2351 4663 solum
2402 4609 2691 4661 hortantur
2732 4614 2788 4659 et
2819 4612 3152 4674 provocant,
3184 4602 3281 4658 sed
3308 4611 3365 4657 et
3394 4611 3609 4671 pertrav

358 4703 419 4747 et
448 4695 589 4751 sicut
615 4712 738 4751 casa
762 4700 1087 4755 custodiaria
1114 4701 1169 4756 in
1194 4704 1587 4769 cucumcrario,
1608 4712 1663 4759 et
1690 4705 1832 4760 sicut
1859 4707 1937 4760 ci-
2035 4703 2191 4765 huut,
2235 4700 2505 4769 quomodo
2554 4711 2660 4751 non
2720 4701 2887 4751 multo
2935 4695 3107 4764 major
3151 4711 3282 4751 cura
3329 4711 3427 4765 pro
3455 4696 3630 4751 nobis-

363 4786 508 4841 vitas
539 4802 658 4857 quae
691 4800 994 4861 expugnata
1025 4803 1130 4849 est.
1179 4812 1199 4845 ι
1248 4795 1312 4848 Ει
1355 4796 1550 4850 iterum
1587 4797 1630 4828 ²¹¹
1664 4814 1678 4851 :
1716 4815 1736 4848 ι
1773 4796 1936 4852 Aufe-
2035 4794 2238 4866 geritur
2277 4792 2343 4847 ad
2373 4791 2627 4856 salutem,
2649 4806 2812 4860 quam
2840 4791 2906 4844 ab
2934 4789 3266 4845 adversariis
3290 4798 3610 4858 procuretur

360 4885 515 4932 retur
559 4883 793 4936 maceria
836 4881 972 4951 ejus,
1010 4893 1066 4939 et
1110 4885 1216 4940 erit
1252 4887 1303 4940 in
1330 4888 1796 4947 conculcationem
1821 4929 1837 4952 ,
1881 4901 1937 4945 et

359 4969 624 5039 diripient
653 4988 773 5027 eam
806 4989 998 5030 omnes
1033 4979 1121 5046 qui
1163 4988 1443 5033 transeunt
1468 4979 1610 5033 viam
1648 4997 1709 5046 ις
1749 4991 1804 5035 ει
1832 4982 1878 5013 ⁸⁸
1911 4998 1926 5034 :

365 5078 388 5112 ι
428 5058 732 5131 Singuiaris
769 5064 915 5120 ferus
947 5069 1198 5137 depascet
1232 5085 1373 5125 eam.
1410 5090 1429 5122 ι
1467 5070 1590 5126 llaac
1622 5074 1859 5142 patietur
1887 5075 1933 5126 si

360 5168 470 5206 non
518 5156 832 5224 aequiescat
873 5160 1098 5215 monitis
1137 5162 1342 5232 angeli,
1382 5164 1474 5233 qui
1510 5163 1618 5219 sibi
1657 5164 1936 5233 appositus

357 5253 447 5298 est
488 5246 553 5300 ad
595 5247 847 5303 salutem.
879 5250 977 5306 Sui
1007 5268 1241 5322 namque
1276 5254 1488 5309 arbitrii
1519 5264 1603 5310 est
1634 5256 1812 5310 anima
1836 5296 1852 5321 ,
1881 5268 1937 5310 et

434 5360 527 5432 ΡΙ
561 5362 687 5420 Cor.
725 5380 823 5429 xtl,
861 5366 919 5420 2.
1025 5367 1259 5424 “Matth.
1294 5386 1448 5432 xvm,
1482 5370 1568 5423 10.
1621 5361 1637 5373 “

1681 5371 1726 5403 ’⁸
1770 5373 1937 5441 Apoc.
1966 5385 2054 5441 in.

2038 4888 2103 4939 ad
2138 4886 2405 4941 mortem?
2432 4884 2556 4939 Haec
2578 4894 2757 4939 autem
2791 4884 2934 4938 dicta
2966 4884 3076 4938 sint
3102 4897 3198 4953 pro
3220 4898 3286 4939 eo
3306 4882 3446 4954 quod
3479 4898 3609 4939 con-

2040 4986 2282 5031 secratus
2313 4985 2397 5031 est
2435 4973 2662 5045 populus
2681 4973 3035 5045 Beelphegor.

2110 5069 2164 5122 4.
2207 5086 2225 5118 ι
2264 5067 2329 5120 Et
2384 5067 2555 5120 iratus
2617 5075 2720 5132 est,
2782 5067 2953 5133 inquit
3013 5065 3080 5129 ³⁷,
3132 5063 3312 5119 furore
3351 5063 3612 5117 Dominus

2043 5169 2229 5216 contra
2268 5157 2453 5220 Israel,
2484 5166 2538 5210 et
2568 5157 2706 5211 dixit
2740 5158 2996 5211 Dominus
3043 5155 3111 5210 ad
3141 5155 3359 5223 Moysen
3391 5173 3406 5212 :
3440 5155 3612 5210 Assu-

2043 5268 2126 5307 me
2158 5251 2428 5321 principes
2462 5249 2664 5318 populi,
2697 5258 2750 5304 et
2778 5261 2990 5303 ostenta
3027 5249 3146 5303 illos
3173 5248 3399 5303 Domino
3421 5255 3608 5301 contra

2151 5370 2196 5401 ’θ
2221 5368 2321 5423 Isa.
2356 5382 2397 5430 ι,
2426 5366 2478 5419 8.
2582 5366 2625 5397 ³⁷
2654 5365 2753 5419 Isa.
2789 5381 2838 5431 v,
2872 5365 2927 5419 5.
3035 5366 3079 5396 ³⁸
3115 5365 3259 5420 Psal.
3299 5377 3485 5425 Lxxtx,
3521 5363 3608 5416 14.

358 5430 935 5504 ffMattthvmﬂO.
1011 5438 1056 5471 ³ο
1076 5436 1230 5495 Joan.
1257 5430 1464 5504 Μηδὲ.
1540 5441 1582 5472 ³¹
1610 5439 1798 5497 Matth.
1817 5430 1931 5502 vin,

2122 5441 2166 5470 ³³
2191 5440 2315 5495 Luc.
2345 5454 2418 5503 ιιι,
2437 5438 2524 5492 62.
2602 5439 2647 5469 ³³
2676 5430 2831 5491 .lunn.
2853 5451 2925 5500 vr,
2957 5434 3046 5488 44.
3100 5436 3145 5468 ³⁸
3175 5437 3363 5490 Matth.
3392 5444 3529 5499 χιιι,
3554 5433 3610 5488 9.

359 5500 552 5557 "Act.
586 5520 704 5570 xm,
730 5500 818 5558 2(
861 5507 906 5538 ³⁸
942 5508 1064 5564 Act.
1101 5526 1215 5563 χχι.
1292 5500 1352 5542 δ”
1387 5510 1546 5564 Νυιιι.
1594 5527 1724 5576 xxv,
1770 5514 1825 5578 5,
1864 5512 1919 5565 4.

435 5612 547 5687 (97)
570 5617 743 5692 Adest
766 5622 1045 5692 unicuique
1074 5635 1327 5688 nostrum,
1354 5634 1459 5680 etc.
1489 5622 1627 5689 Quid
1662 5624 1727 5677 de
1761 5637 1922 5692 ange-

363 5682 773 5746 iis'tutclaribus
795 5682 1045 5762 opinatus
1078 5696 1147 5750 sit
1170 5682 1449 5765 Origenes,
1476 5682 1592 5750 vide
1628 5694 1767 5763 apud
1792 5682 1932 5749 Hiie-

2030 5624 2161 5677 tium
2196 5623 2632 5692 Origeuianorum
2660 5622 2753 5675 lib.
2795 5637 2856 5685 tl,
2897 5630 3083 5687 qtta‘st.
3124 5621 3179 5689 5,
3228 5636 3372 5676 num.
3410 5614 3497 5680 19,
3522 5614 3614 5679 ⁸20,

2038 5695 2131 5763 ~26,
2160 5694 2250 5763 ει,
2277 5696 2368 5761 ‘28,
2402 5693 2468 5747 29
2495 5705 2546 5747 et
2579 5694 2668 5747 50.
