4074 6156
605 261 708 289 ’τηε

612 281 710 318 toi)

2081 257 2403 320 ORIGENIS

3716 254 3797 308 75S

608 376 802 443 solem,
839 387 888 432 ct
911 387 1186 434 avertetur
1232 381 1310 434 ira
1353 381 1555 439 furoris
1607 384 1818 438 Domini
1850 384 2121 440 ablsrael.
2149 402 2167 434 ι
2204 383 2245 439 A
2278 375 2366 429 alii
2399 374 2538 430 ἰἀοιο
2575 390 2672 444 Pro
2701 373 2959 444 qualitate
2991 370 3198 426 εείίῖοθι
3254 367 3514 440 Peccandi
3552 380 3797 421 consem‘

609 470 801 524 Nescio
839 470 883 524 si
931 471 997 526 de
1027 472 1112 526 his
1159 473 1512 540 disserentes,
1559 492 1664 530 non
1709 476 2042 533 offendamus
2069 481 2172 534 ali-

605 575 744 628 quos
772 577 786 614 :
822 563 915 614 sed
959 571 1014 616 et
1057 565 1101 616 si
1132 561 1489 629 offendamus,
1521 565 1741 622 obedire
1773 570 1944 639 magis
2000 582 2051 624 et
2083 572 2173 624 de-

603 653 808 705 servire
858 663 1072 720 oportet
1114 655 1278 709 verbo
1315 656 1550 720 Domini,
1584 673 1744 727 quam
1778 662 1964 727 gratiae
1999 661 2172 716 homi-

601 757 752 796 num.
786 742 1034 799 Peccavit
1057 745 1239 812 lsrael,
1267 757 1320 801 et
1355 748 1492 802 dixit
1532 750 1791 806 Dominus
1825 754 1891 806 ad
1927 753 2168 825 Moysen,

597 841 656 885 ut
681 845 920 888 assumat
954 852 1146 892 omnes
1173 841 1468 910 print-ipes,
1504 852 1558 896 et
1585 854 1826 900 ostentet
1850 862 1946 902 eos
1988 849 2169 904 Domi-

599 946 667 983 no
690 943 879 986 contra
910 933 1100 988 solem.
1123 935 1361 1004 Populus
1387 947 1592 1006 peccat,
1617 950 1668 995 et
1698 942 1970 1011 principes
1989 953 2172 999 osten-

600 1035 782 1080 tantur
812 1037 1000 1083 contra
1030 1030 1220 1086 solem.
1268 1032 1430 1088 Iidem
1478 1035 1542 1088 ad
1573 1038 1989 1094 examinandum
2047 1056 2170 1109 pro-

599 1119 890 1179 ducuntur,
928 1130 986 1172 ut
1009 1135 1310 1191 arguantur
1339 1140 1368 1178 ει
1405 1125 1547 1181 luce.
1590 1125 1755 1183 Vides
1780 1145 1900 1198 quae
1931 1131 2002 1185 sit
2039 1147 2171 1186 con-

598 1209 733 1263 ditio
765 1213 1066 1279 principum
1115 1215 1288 1283 populi
1329 1233 1340 1268 :
1377 1233 1484 1272 non
1538 1220 1711 1274 solum
1760 1237 1859 1289 pro
1887 1222 2003 1276 suis
2042 1238 2170 1291 pro-

597 1298 730 1366 priis
762 1311 1060 1370 arguuntur
1091 1304 1325 1372 delictis,
1356 1306 1449 1360 sed
1498 1317 1552 1360 et
1579 1323 1676 1376 pro
1709 1311 1889 1378 populi
1932 1313 2170 1379 peccatis

597 1399 870 1458 coguntur
894 1394 1122 1450 reddere
1178 1397 1464 1464 rationem,
1514 1416 1579 1453 ne
1620 1401 1856 1469 ipsorum
1908 1403 1979 1458 sit
2008 1405 2164 1473 culpa

598 1483 738 1548 quod
787 1486 1016 1555 p0pulus
1051 1487 1313 1558 deliquit,
1359 1505 1425 1544 ne
1478 1491 1616 1546 forte
1669 1511 1772 1549 non
1834 1497 2163 1562 monuerint,

599 1589 772 1641 neque
799 1576 1016 1632 solliciti
1046 1579 1248 1633 fuerint
1270 1596 1497 1651 arguere
1522 1599 1613 1638 eos
1639 1586 1730 1654 qui
1758 1586 1966 1642 initium
1993 1589 2165 1658 cnlpte

598 1663 868 1736 dederint,
898 1669 972 1721 uti
1021 1684 1088 1723 ne
1126 1673 1377 1742 contagio
1408 1674 1813 1745 dispergeretur
1862 1677 1914 1731 in
1957 1679 2160 1748 plures.

597 1753 723 1810 Htec
751 1759 895 1812 enim
923 1761 1103 1815 omnia
1133 1761 1313 1819 facere
1341 1767 1674 1837 principibus
1711 1769 1954 1824 imminet
1983 1781 2036 1824 et
2067 1771 2165 1826 do-

595 1847 856 1903 ctoribus.
889 1849 944 1904 Si
984 1854 1130 1906 enim
1163 1853 1268 1909 illis
1294 1855 1408 1910 hzec
1444 1873 1548 1911 non
1584 1860 1888 1928 agentibus,
1921 1876 2020 1915 nec
2054 1861 2164 1917 sol-

595 1934 929 1993 licitudinem
962 1945 1273 2012 gerentibus
1301 1947 1448 2001 circa
1480 1949 1686 2015 plebem
1715 1954 2028 2019 peccaverit
2070 1971 2165 2022 po-

594 2027 770 2097 pulus,
816 2033 915 2101 ipsi
947 2043 1313 2105 ostentantur,
1338 2049 1392 2094 et
1423 2041 1521 2109 ipsi
1560 2042 1625 2095 ad
1663 2043 1922 2111 judicium
1969 2047 2165 2114 produ-

594 2126 812 2176 cuntur.
858 2124 1050 2194 Arguit
1095 2127 1236 2180 enim
1287 2144 1380 2184 eos
1429 2129 1664 2202 Moyses,
1717 2132 1765 2185 id
1794 2142 1880 2189 est
1908 2133 1992 2189 lex
2047 2137 2162 2202 Dei,

593 2210 737 2265 velut
769 2213 1098 2284 negligentes
1126 2229 1179 2274 et
1213 2220 1448 2284 desides,
1483 2233 1538 2276 et
1573 2225 1622 2278 in
1687 2225 1830 2295 ipsos
1879 2239 2163 2283 converte-

595 2313 681 2354 tnr
714 2301 995 2359 iracundia
1028 2307 1143 2377 Dei,
1171 2318 1226 2364 et
1254 2313 1493 2366 cessabit
1524 2330 1551 2367 a
1586 2315 1801 2383 populo.
1837 2315 1961 2371 Haec
1989 2320 2032 2372 si
2069 2334 2161 2374 co-

590 2393 827 2460 gitarent
857 2397 1126 2469 homines,
1162 2419 1436 2472 nunquam
1464 2417 1745 2478 cuperent,
1771 2426 1867 2465 nec
1891 2412 2164 2468 ambirent

590 2485 655 2537 ad
685 2488 864 2554 pepuli
899 2492 1282 2562 principatum.
1307 2495 1516 2550 Sullicit
1551 2498 1691 2552 enim
1734 2501 1864 2554 mihi
1898 2516 1998 2571 pro
2026 2503 2162 2557 meis

589 2586 826 2653 propriis
865 2589 1018 2658 argui
1049 2589 1282 2656 delictis,
1319 2592 1515 2647 sufﬁcit
1545 2595 1674 2649 mihi
1713 2612 1810 2664 pro
1839 2599 2159 2668 memetipso

587 2685 650 2728 et
667 2676 903 2744 peccatis
933 2679 1068 2734 meis
1096 2683 1322 2737 reddere
1375 2685 1663 2741 rationem.
1700 2687 1837 2754 Quid
1882 2689 2014 2743 mihi
2061 2705 2156 2744 ne-

588 2778 737 2819 cesse
783 2777 868 2821 est
903 2769 1065 2823 etiam
1117 2787 1213 2840 pro
1259 2773 1439 2843 p0pu|i
1489 2779 1727 2845 peccatis
1765 2781 2054 2848 ostentari,
2104 2789 2158 2835 et

584 2860 846 2913 ostentari
901 2873 1087 2915 contra
1156 2865 1348 2930 solem,
1401 2877 1526 2922 ante
1575 2884 1734 2938 quem
1791 2871 1922 2925 nihil
1979 2884 2154 2940 potest

584 2949 1028 3012 abscondi,,nihil
1062 2953 1376 3008 obscurari?
1427 2955 1534 3012 Sed
1581 2959 1830 3016 fortassis
1877 2964 2038 3018 etiam
2084 2965 2154 3018 sit

2276 483 2384 521 rer.
2427 466 2576 532 Quod
2613 467 2656 519 si
2687 465 2937 535 princeps
2961 477 3112 517 meus
3143 459 3419 532 (angelum
3442 457 3561 513 dico
3584 457 3668 527 qui
3689 459 3794 512 mihi

2273 570 2358 616 est
2383 560 2753 632 consignatus)
2782 576 2886 615 non
2916 559 3108 623 defuit,
3135 558 3231 613 sed
3275 555 3610 611 commonuit
3639 557 3697 610 de
3718 557 3798 610 bo-

2272 653 2378 708 uis.
2409 661 2462 705 et
2485 652 2696 706 locutus
2725 660 2809 706 est
2855 651 2907 704 in
2937 650 3100 704 corde
3143 663 3262 704 meo
3308 649 3366 701 in
3398 661 3466 701 eo
3497 645 3734 699 duntaxat
3756 647 3796 700 in

2273 757 2379 810 quo
2407 757 2492 796 me
2519 742 2845 796 conscientia
2880 741 3175 796 revocabat
3218 751 3254 793 a'
3300 744 3552 806 peccato,
3595 738 3680 790 sed
3720 751 3799 804 ego

2274 834 2596 903 contemptis
2635 835 2751 906 ejus
2781 833 3022 896 monitis,
3053 844 3106 886 et
3145 841 3330 901 spreto
3375 829 3709 886 conscientia
3733 845 3800 883 re-

2273 923 2506 979 tinaculo
2549 905 2787 994 praeceps
2826 924 2878 978 in
2927 934 3148 993 peccata
3195 924 3383 992 prorui
3413 962 3430 987 ,
3481 921 3800 990 duplicabitur

2272 1013 2405 1067 mihi
2435 1028 2614 1082 pmna,
2647 1016 2733 1070 vel
2783 1031 2880 1085 pro
2909 1026 3224 1084 contemptu
3274 1013 3600 1076 monitoris,
3625 1013 3701 1067 vel
3721 1028 3800 1081 pro

2273 1102 2516 1159 facinore
2548 1107 2845 1160 commissi.
2888 1106 2994 1162 Nec
3015 1107 3233 1161 mireris
3261 1120 3396 1161 sane
3425 1105 3470 1159 si
3510 1104 3709 1174 angelos
3734 1103 3799 1155 di-

2269 1196 2440 1251 cimus
2483 1198 2670 1252 venire
2724 1215 2847 1253 cum
2891 1199 3200 1254 hominibus
3256 1199 3322 1252 ad
3377 1196 3657 1267 judicium,
3699 1210 3796 1249 cum

2271 1287 2548 1357 Scriptura
2600 1289 2744 1344 dicat
2771 1291 2836 1355 ³⁸,
2901 1292 3026 1360 quia
3061 1308 3082 1341 ‹
3117 1291 3233 1360 ipse
3285 1290 3552 1346 Dominus
3598 1289 3658 1342 ad
3682 1287 3798 1358 judi-

2269 1383 2411 1438 cium
2439 1383 2620 1437 veniet
2665 1399 2786 1439 cum
2818 1385 3131 1441 senioribus
3157 1385 3338 1455 populi
3379 1393 3437 1438 et
3481 1398 3600 1439 cum
3627 1383 3797 1452 princi-

2267 1476 2423 1544 pibus
2446 1474 2583 1543 ejus.
2623 1495 2642 1528 ι
2689 1476 3052 1532 Ostentantur
3101 1491 3232 1547 ergo
3266 1477 3563 1546 principes,
3605 1483 3658 1530 et
3687 1474 3730 1527 si
3756 1473 3796 1525 in

2267 1570 2372 1625 illis
2401 1570 2556 1637 culpa
2589 1578 2692 1636 est,
2727 1571 2925 1624 desinit
2947 1570 3025 1623 ira
3051 1569 3140 1623 Dei
3170 1585 3201 1624 a
3239 1567 3462 1638 populo.
3492 1566 3650 1621 Debet
3672 1565 3800 1619 nobis

2269 1671 2323 1717 et
2346 1663 2527 1716 acrior
2551 1676 2672 1716 esse
2694 1659 2994 1715 sollicitudo
3017 1670 3232 1714 actuum
3291 1667 3622 1721 nostrorum,
3657 1655 3799 1709 scien-

2271 1755 2413 1809 tibus
2442 1754 2584 1824 quod
2637 1768 2744 1808 non
2779 1754 2952 1807 solum
2987 1768 3084 1807 nos
3129 1759 3254 1806 ante
3293 1749 3538 1805 tribunal
3589 1746 3676 1801 Dei
3722 1759 3800 1813 pro

2266 1849 2478 1903 actibus
2526 1848 2726 1903 nostris
2767 1847 3053 1907 stabimus,
3099 1843 3194 1900 sed
3228 1843 3405 1914 angeli
3450 1856 3551 1912 pro
3579 1839 3722 1894 nobis
3746 1843 3798 1891 ad

2261 1939 2526 2009 judicium
2590 1939 2929 1994 deducentur
2975 1948 3227 2006 tanquam
3277 1935 3552 2006 principes
3574 1941 3628 1987 et
3662 1932 3801 1984 duces

2264 2035 2459 2086 nostri.
2487 2031 2772 2100 Propterea
2805 2030 2948 2085 enim
2979 2040 3033 2083 et
3062 2027 3342 2098 Scriptura
3374 2026 3504 2081 dicit
3531 2023 3575 2054 ³⁸
3597 2039 3610 2074 :
3633 2040 3650 2072 ι
3676 2021 3797 2074 Obe-

2266 2124 2376 2178 dite
2397 2123 2702 2194 praepositis
2735 2122 2956 2185 vestris,
2991 2129 3046 2176 et
3071 2121 3447 2188 obtemperate
3478 2117 3554 2170 eis
3578 2116 3625 2167 in
3649 2111 3797 2211 omni-

2267 2215 2384 2270 bus.
2410 2214 2514 2284 lpsi
2547 2215 2689 2267 enim
2727 2213 3049 2282 pervigilant
3074 2211 3229 2282 quasi
3273 2211 3540 2264 rationem
3595 2220 3682 2282 pro
3707 2217 3796 2254 ant-

2264 2307 2452 2361 mabus
2482 2307 2674 2361 vestris
2700 2305 2980 2361 reddituri.
3014 2323 3034 2357 ι

2330 2419 2383 2473 5.
2425 2419 2554 2474 Post
2587 2420 2701 2474 haec
2726 2417 2976 2484 refertur,
3011 2417 3133 2486 quia
3166 2433 3286 2472 cum
3321 2417 3548 2470 vidisset
3597 2410 3794 2466 Phinecs

2262 2513 2407 2568 ﬁlius
2464 2513 2688 2567 Eleazar
2768 2511 2860 2566 lilii
2920 2513 3097 2565 Aaron
3158 2509 3460 2564 sacerdotis
3527 2502 3792 2559 lsraelitem

2261 2603 2550 2671 quemdam
2601 2601 2859 2656 introisse
2906 2600 2970 2654 ad
3033 2599 3310 2653 mulierem
3386 2591 3789 2695 Madianitideun,

2261 2703 2415 2764 rapto
2443 2694 2726 2749 siromaste
2773 2694 2824 2746 iu
2867 2709 3025 2746 manu
3058 2708 3176 2757 sua,
3218 2693 3494 2762 ingressus
3539 2687 3604 2741 sit
3625 2687 3791 2754 prosti-

2258 2785 2465 2850 bulum,
2514 2795 2568 2840 et
2605 2794 2892 2852 utrumque
2921 2783 3016 2854 per
3062 2785 3175 2853 ipsa
3229 2783 3480 2849 pudenda
3515 2775 3788 2835 transfode-

2260 2877 2331 2930 rit
2353 2876 2487 2948 (99).
2533 2894 2553 2928 ‹
2617 2874 2683 2928 Ει
2727 2889 2824 2944 pro
2852 2875 2974 2938 hoc,
3005 2873 3176 2942 inquit
3207 2872 3274 2935 δι,
3299 2873 3440 2927 dixit
3473 2868 3713 2924 Dominus
3734 2862 3788 2915 ad

2257 2965 2476 3037 Moysen
2505 2983 2519 3020 :
2548 2965 2779 3020 Phinees
2803 2964 2943 3020 ﬁlius
2980 2965 3202 3019 Eleazar
3227 2964 3318 3017 lilii
3347 2965 3531 3017 Aaron
3563 2957 3788 3014 sacerdo-

583 3039 778 3106 a'i‘luis
812 3039 863 3093 Ῑη
903 3041 1004 3097 hoc
1045 3058 1276 3099 arcanus
1318 3055 1370 3100 ei
1417 3051 1728 3104 reconditus
1783 3066 2005 3117 sensus,
2059 3057 2148 3124 qui
2179 3068 2221 3125 ο
2259 3060 2324 3113 tis
2349 3060 2558 3114 sedavit
2588 3059 2922 3114 iracundiam
2965 3073 3161 3112 meam.
3199 3077 3218 3110 ι
3249 3056 3375 3112 Haec
3433 3048 3786 3130 agdilicarerint

581 3131 700 3194 p‘us
726 3128 926 3197 aliquid
975 3133 1185 3198 doceat,
1240 3152 1398 3205 quam
1441 3143 1744 3196 communis
1802 3144 1916 3199 haec
1946 3144 2149 3200 habere

585 3215 799 3270 videtur
832 3222 1124 3286 expositio.
1177 3223 1446 3281 Fortassis
1501 3229 1643 3282 enim
1698 3231 1889 3286 referri
1941 3244 1996 3288 et
2045 3236 2148 3290 hoc

582 3317 759 3375 potest
805 3313 871 3364 ad
906 3311 1026 3366 illos
1058 3315 1327 3384 principes
1377 3319 1576 3388 populi,
1630 3323 1694 3376 de
1737 3325 1934 3392 quibus
1987 3327 2147 3393 paulo

580 3402 828 3468 superius
879 3402 1134 3459 diximus.
1209 3409 1435 3465 Venient
1487 3413 1629 3466 enim
1687 3417 1860 3485 angeli
1894 3421 1960 3472 ad
1999 3418 2145 3487 judi-

579 3491 725 3544 cium
756 3493 867 3564 (98)
896 3495 1194 3563 nobiscutn,
1225 3509 1280 3553 et
1310 3505 1528 3557 stabunt
1563 3519 1660 3574 pro
1691 3507 1845 3561 nobis
1899 3518 2026 3562 ante
2054 3525 2143 3564 so-

578 3581 683 3634 lem
709 3581 952 3651 justitize,
985 3603 1052 3641 ne
1087 3587 1224 3645 forte
1253 3593 1456 3662 aliquid
1501 3597 1661 3650 etiam
1693 3612 1760 3651 ex
1792 3599 1924 3667 ipsis
1965 3615 2144 3655 causa:

577 3675 741 3730 fuerit
764 3679 906 3744 quod
928 3695 1028 3735 nos
1059 3681 1404 3752 deliquimus,
1430 3701 1497 3742 ne
1523 3688 1660 3743 forte
1691 3690 1868 3744 minus
1892 3707 2020 3762 erga
2049 3711 2146 3749 nos

574 3769 753 3836 operis
782 3781 835 3826 et
864 3773 1066 3830 laboris
1118 3780 1497 3846 expenderint,
1546 3797 1653 3850 quo
1698 3797 1792 3836 nos
1827 3801 1854 3837 a
1887 3798 2140 3852 peccato-

577 3875 693 3913 rum
727 3862 848 3918 labe
872 3869 1200 3922 revocarint.
1231 3869 1346 3930 Nisi
1383 3872 1526 3926 enim
1559 3884 1701 3928 esset
1737 3876 1901 3930 etiam
1934 3879 2139 3948 aliquid

573 3953 628 4006 in
659 3954 788 4023 ipsis
813 3959 956 4027 quod
982 3961 1033 4014 in
1077 3977 1238 4016 causa
1280 3966 1451 4018 nostri
1482 3966 1804 4034 culpandum
1846 3971 2142 4039 videretur,

574 4060 848 4116 nunquam
886 4050 1091 4104 diceret
1116 4066 1298 4106 sermo
1320 4053 1614 4122 Scriptura:
1637 4056 1683 4088 ³⁸
1706 4061 1771 4112 ad
1796 4060 2044 4127 angelum
2078 4063 2144 4115 il-

572 4139 696 4204 lius,
727 4142 810 4197 vel
834 4143 974 4198 illius
1003 4144 1280 4210 Ecclesiae,
1319 4149 1444 4218 quia
1501 4151 1689 4214 habes,
1753 4153 1902 4206 verbi
1942 4156 2138 4222 gratia,

570 4234 832 4300 quosdam
865 4245 1112 4292 tenentes
1143 4239 1448 4294 doctrinam
1496 4241 1732 4308 Balaam,
1780 4245 1863 4298 vel
1894 4245 2019 4315 quia
2049 4246 2142 4300 de-

570 4324 834 4394 reliquisti
872 4328 1198 4382 charitatem
1255 4340 1399 4384 tuam
1455 4334 1764 4402 pristinam,
1817 4338 1901 4391 vel
1933 4339 2139 4407 patien-

2253 3153 2486 3222 priorem
2521 3153 2770 3222 populum
2796 3167 2810 3204 :
2846 3150 2939 3206 tibi
2968 3159 3147 3204 autem
3180 3149 3269 3218 qui
3299 3164 3328 3203 a
3351 3148 3572 3203 Christo
3603 3143 3786 3239 redem-

2251 3254 2375 3310 ptus
2404 3259 2485 3306 es,
2516 3253 2570 3298 et
2591 3244 2675 3297 cui
2705 3243 2866 3314 352
2904 3244 2970 3297 de
3005 3243 3254 3297 manibus
3283 3243 3496 3314 gladius
3524 3230 3785 3304 corporalis

2253 3336 2461 3390 ablatus
2507 3345 2612 3398 est,
2667 3346 2720 3389 et
2777 3337 2934 3390 datus
2961 3346 3043 3390 est
3089 3336 3300 3404 gladius
3331 3335 3577 3404 spiritus,
3628 3325 3784 3394 arripe

2251 3427 2392 3480 hunc
2422 3427 2659 3496 gladium
2694 3444 2706 3480 :
2733 3435 2787 3480 et
2812 3427 2856 3480 si
2882 3426 3030 3480 vides
3058 3425 3419 3479 lsraeliticum
3449 3435 3655 3478 sensum
3680 3429 3784 3470 cum

2250 3519 2610 3575 Madianiticis
2633 3529 2960 3574 scortantem
3002 3518 3398 3582 meretricibus,
3455 3519 3505 3572 id
3564 3523 3639 3570 est
3679 3522 3785 3564 cum

2247 3612 2529 3666 diabolicis
2560 3627 2618 3666 se
2642 3604 3065 3680 cogitationibus
3113 3612 3463 3676 volutantem,
3519 3607 3634 3663 nolo
3677 3616 3781 3671 par-

2247 3719 2360 3767 cas,
2412 3703 2535 3758 nolo
2586 3702 2914 3765 dissimules,
2979 3702 3076 3756 sed
3125 3703 3304 3757 statim
3353 3709 3594 3771 percute,
3618 3692 3778 3748 statim

2247 3797 2476 3865 perime.
2512 3795 2681 3865 Ipsam
2715 3809 2932 3865 quoque
2961 3793 3203 3857 vulvam,
3230 3793 3278 3848 id
3306 3802 3390 3849 est
3428 3798 3624 3849 secreta
3650 3795 3780 3878 nam:

2247 3899 2322 3939 rte
2347 3885 2646 3939 discutiens
2677 3893 2732 3938 et
2766 3892 3077 3953 penetrans,
3130 3883 3280 3938 illum
3329 3885 3504 3952 ipsum
3549 3872 3776 3949 peccandi

2247 3976 2486 4030 fomitem
2527 3978 2740 4041 deseca,
2777 3990 2843 4029 ne
2869 3975 3004 4028 ultra
3033 3976 3324 4045 concipiat,
3360 3991 3428 4030 ne
3458 3976 3590 4029 ultra
3633 3977 3775 4038 gene-

2246 4079 2348 4130 ret,
2376 4079 2428 4122 et
2456 4068 2737 4122 maledicta
2761 4079 3104 4137 peccatorum
3135 4069 3350 4123 soboles
3383 4065 3668 4124 Israelitica
3696 4071 3775 4110 ca-

2243 4171 2352 4213 stra
2388 4159 2739 4213 contaminet.
2792 4158 2904 4213 Hoc
2929 4159 3073 4211 enim
3105 4160 3146 4212 si
3182 4160 3372 4222 facias,
3411 4157 3660 4214 continuo
3701 4161 3776 4244 ac:

2243 4249 2394 4304 dabis
2419 4248 2756 4302 iracundiam
2789 4249 3039 4305 Domini:
3086 4249 3393 4319 praevenisti
3427 4249 3567 4304 enim
3611 4239 3772 4311 judicii

2242 4340 2405 4404 diem,
2440 4354 2560 4409 quae
2589 4339 2704 4394 dies
2727 4340 2822 4394 im
2851 4340 3048 4396 dicitur
3071 4349 3126 4396 et
3151 4341 3370 4406 furoris,
3396 4348 3451 4394 et
3479 4329 3774 4394 extermina-

571 4419 697 4472 tiam
731 4427 898 4486 tuam,
939 4420 1022 4476 vel
1055 4421 1158 4474 alia
1217 4421 1545 4492 hujusmodi,
1600 4441 1719 4495 qua:
1742 4427 1854 4495 jam
1884 4431 2132 4497 superius
2168 4413 2215 4473 ι)
2241 4441 2296 4486 to
2335 4449 2364 4488 a
2396 4442 2447 4487 te
2475 4432 2661 4488 fomite
2683 4434 2915 4503 peccati,
2945 4434 3036 4502 qui
3061 4447 3205 4487 nunc
3245 4433 3400 4486 vulva
3426 4417 3773 4526 -madi-anitidis

567 4516 1002 4582 memoravimus,
1039 4532 1138 4584 pro
1203 4521 1399 4588 quibus
1456 4523 1508 4574 in
1566 4523 1890 4596 Apocalypsi
1952 4528 2131 4596 angeli
2239 4525 2484 4579 mulieris
2513 4523 2830 4594 appellatur,
2863 4539 3091 4590 securus
3121 4524 3304 4579 venies
3331 4515 3768 4591 adjudiciidiem-

540 4606 989 4678 'uniuscujusque
1016 4609 1272 4664 Ecclesiae
1298 4612 1611 4681 culpantur.
1645 4614 1700 4667 Si
1752 4617 1893 4669 enim
1922 4631 2133 4671 merce-
2241 4615 2307 4671 Et
2337 4617 2457 4672 idco
2508 4626 2795 4686 surgentes
2830 4629 3071 4683 oremus,
3102 4626 3162 4668 ut
3190 4615 3524 4668 inveniamus
3554 4611 3767 4680 paralu'“

563 4699 684 4754 dem
709 4711 890 4770 sperat
923 4702 1163 4772 angelus,
1197 4705 1344 4758 verbi
1379 4705 1574 4773 gratia,
1604 4710 1692 4776 qui
1730 4723 1812 4762 me
1844 4712 2131 4781 consigna-

564 4802 677 4844 tum
711 4795 923 4863 accepit
958 4809 986 4848 a
1021 4795 1148 4858 Deo,
1182 4811 1280 4864 pro
1304 4797 1368 4850 iis
1396 4812 1515 4866 qua:
1543 4798 1678 4852 bene
1726 4801 1890 4869 gessi,
1921 4812 2128 4856 certum

561 4898 644 4940 est
675 4887 802 4956 quia
831 4897 886 4942 et
915 4888 1120 4957 culpari
1149 4889 1389 4958 sperabit
1415 4906 1512 4960 pro
1541 4891 1642 4956 eis,
1695 4907 1815 4960 qua:
1848 4909 1875 4947 a
1913 4908 1996 4948 me
2029 4912 2134 4949 non

561 4979 700 5034 bene
722 4988 870 5048 gesta
903 4990 1054 5034 sunt.
1086 4981 1148 5034 Et
1186 4981 1308 5035 ideo
1351 4983 1612 5036 ostentari
1665 4984 1921 5037 dicuntur
1950 4995 2137 5042 contra

558 5075 751 5138 solem,
789 5075 978 5142 procul
1032 5073 1194 5128 dubio
1248 5082 1307 5127 ut
1357 5083 1616 5144 appareat
1663 5083 1842 5128 utrttm
1885 5092 1984 5146 pro
2015 5093 2130 5130 mea

559 5162 948 5226 inobedientia,
1008 5179 1075 5217 an
1135 5179 1230 5234 per
1276 5165 1421 5220 illius
1470 5165 1853 5236 negligentiam
1907 5178 2126 5237 peccata

557 5256 846 5310 commissa
872 5256 1000 5324 sint,
1047 5273 1146 5326 per
1187 5273 1304 5327 quac
1353 5258 1710 5329 Beelphegor,
1759 5261 1874 5314 sive
1905 5261 2124 5316 cuilibet

630 5392 673 5424 ⁸⁸
704 5395 874 5462 Apoc.
901 5408 961 5451 ιι.
1039 5393 1084 5426 ³⁸
1122 5393 1248 5448 lsai.
1287 5411 1370 5462 Ill,
1405 5392 1491 5450 Η.

632 5543 745 5623 (98)
784 5546 996 5623 Veniant
1042 5551 1179 5623 enim
1234 5551 1405 5621 angeli
1434 5553 1504 5605 ad
1540 5553 1821 5623 judicium,
1847 5565 1952 5611 etc.
1995 5554 2126 5609 Vide

560 5613 806 5741 llnérgum
853 5613 1426 5690 Origenianorum'lib.
1461 5613 1741 5694 tl,'qua:st.
1787 5613 1840 5691 5,
1883 5642 2029 5682 nunt.
2062 5626 2124 5680 19

560 5696 613 5740 et
709 5721 728 5741 ι

559 5696 613 5740 et
639 5696 728 5744 2οο

1569 5397 1615 5428 ⁸⁸
1650 5395 1816 5453 Hebr.
1861 5413 1980 5464 xm,
2030 5398 2117 5463 l7,
2157 5397 2242 5453 l8.

2240 4723 2453 4776 semper
2480 4709 2641 4761 istum
2673 4706 2907 4776 gladium
2947 4705 3191 4775 spiritus,
3246 4721 3343 4775 per
3367 4720 3524 4775 quem
3549 4704 3770 4755 externu-

2242 4808 2442 4852 nentur
2488 4808 2540 4852 et
2564 4799 2770 4852 semina
2820 4797 2957 4866 ipsa,
3019 4805 3073 4851 ct
3129 4797 3506 4867 conceptacula
3549 4793 3766 4882 peccato:

2243 4904 2385 4951 rum,
2423 4902 2486 4943 ac
2540 4888 2804 4958 propitius
2836 4888 2932 4941 fiat
2978 4887 3134 4943 nobis
3160 4887 3301 4944 Deus
3335 4904 3429 4958 per
3469 4897 3642 4942 verum
3666 4875 3770 4930 Phi-

2239 4997 2370 5036 nees
2421 4982 2596 5050 ipsum
2663 4983 2947 5038 Dominum
2996 4995 3238 5038 nostrum
3291 4981 3474 5037 Jesum
3499 4976 3760 5036 Christum,

2232 5075 2315 5128 cui
2359 5083 2443 5127 est
2493 5074 2663 5144 gloria
2705 5085 2757 5130 et
2806 5076 3095 5146 imperium
3139 5076 3192 5130 in
3220 5073 3413 5129 saecula
3457 5067 3760 5127 saeculorum-

2227 5171 2423 5223 Amen.

2322 5398 2365 5429 δι
2412 5395 2572 5452 Num.
2607 5411 2734 5464 xxv,
2781 5397 2844 5451 lO
2907 5399 2990 5452 ll.

2303 5556 2418 5625 (99)
2443 5555 2486 5608 U
2496 5564 2750 5642 namque
2760 5571 2850 5623 per
2868 5556 2983 5642 ipsa
3005 5555 3253 5636 pudendo
3271 5531 3756 5642 "auferent-.132?

2233 5617 2606 5747 suprai'potam
2637 5617 2701 5682 ad
2737 5617 2968 5682 homilite
3001 5617 3188 5696 prima:
3235 5626 3288 5679 in
3335 5617 3568 5679 Genesi»:
3595 5617 3731 5669 nm“e

2209 5713 2350 5751 ‘rum
2451 5732 2465 5746 .
