4074 6156
547 228 654 288 739

1986 224 2312 281 ORIGENIS
2606 226 2611 231 ’
3715 228 3799 285 7m

543 348 697 403 ribus
731 356 1096 402 trecentorum
1124 343 1433 398 cubitorum
1474 345 1695 413 ponitur
1727 344 2030 412 longitudo,
2064 351 2120 399 et
2148 350 2195 407 Α
2221 345 2404 401 educit
2433 360 2556 402 eum
2584 347 2765 415 foras,
2794 361 2924 401 cum
2962 360 3051 402 res
3080 344 3368 415 postulat,
3400 353 3459 399 et
3494 360 3663 400 rerum
3687 350 3797 403 visi-

541 436 932 508 quinquaginta
981 433 1285 489 cubitorum
1334 433 1581 488 latitudo.
1627 432 1728 489 Ubi
1764 447 1895 488 vero
1942 441 2121 490 textus

540 530 662 603 ejus
693 528 761 583 ad
800 527 995 582 altiora
1035 525 1334 595 consurgit,
1379 525 1433 579 in
1476 533 1768 596 angustum
1803 524 2034 596 cogitur,
2068 534 2124 582 et

543 634 843 694 paucorum
891 619 1198 674 cubitorum
1232 617 1589 674 conclusione
1629 616 1922 688 colligitur,
1958 617 2033 672 ita
2065 626 2123 670 ut

543 712 827 768 summitas
855 709 973 779 ejus
1001 711 1057 765 in
1091 711 1256 768 unius
1290 710 1457 765 cubiti
1503 709 1739 780 spatium
1782 723 2126 764 consumme-

544 813 632 858 tur
658 821 672 857 :
697 811 1094 874 proptereaque
1125 803 1177 857 in
1217 802 1568 858 inferioribus
1612 791 1849 871 quidem,
1881 803 1969 857 ubi
2007 802 2122 856 ‘lata

540 904 597 950 et
633 895 873 965 spatiosa
902 896 1242 950 habebantur
1260 896 1401 961 loca,
1426 894 1512 950 vel
1538 895 1747 962 bestiae,
1779 894 1863 949 vel
1888 896 2125 965 pecudes

543 995 702 1039 erant
735 986 1031 1049 collocatae,
1056 988 1109 1041 in
1143 987 1517 1057 superioribus
1546 1001 1676 1042 vero
1699 1001 1827 1042 aves
1853 1000 1870 1040 :
1895 987 1949 1041 in
1979 1001 2125 1041 sum-

545 1079 647 1133 mis
674 1088 875 1145 autem,
900 1095 1019 1148 qua:
1040 1082 1354 1151 angustiora
1370 1090 1426 1134 et
1449 1079 1640 1135 altiora
1662 1088 1840 1144 erant,
1867 1079 1937 1134 ibi
1962 1079 2124 1134 homo

552 1171 836 1226 rationalis
872 1172 1186 1228 collocatur.
1221 1172 1337 1242 Ipse
1362 1187 1491 1226 vero
1517 1180 1707 1225 vertex
1749 1172 1802 1225 in
1836 1186 2002 1225 unum
2029 1187 2124 1227 cu-

542 1262 714 1317 bitum
740 1262 1033 1333 colligitur.
1064 1261 1258 1319 Omnia
1292 1263 1436 1319 enirn
1460 1261 1531 1317 ad
1556 1263 1838 1317 monadem
1869 1262 2124 1331 redigun-

544 1365 655 1409 tur.
689 1354 820 1423 Qute
852 1364 1032 1410 tamen
1063 1354 1345 1410 Trinitatis
1373 1363 1775 1409 sacramentum
1812 1354 1865 1408 in
1902 1369 2125 1409 numero

546 1457 911 1503 trecentorum
931 1449 1235 1504 cubitorum
1260 1448 1525 1517 designat,
1546 1457 1601 1502 et
1627 1448 1753 1502 huic
1779 1457 2125 1502 sacramento

546 1544 826 1612 prosimus
850 1542 1068 1612 ponitur
1095 1541 1256 1596 homo
1292 1549 1482 1610 utpote
1511 1540 1797 1593 rationalis
1825 1548 1880 1594 et
1907 1538 1999 1594 Dei
2030 1554 2123 1592 ca-

543 1648 669 1703 pax.
703 1633 809 1688 Sed
839 1632 981 1688 unde
1017 1646 1137 1701 quae
1188 1632 1262 1685 sit
1309 1629 1614 1685 diﬂerentia
1656 1629 1800 1684 inter
1837 1644 2039 1700 paucos
2069 1641 2123 1684 et

545 1700 761 1791 inultos,
796 1700 1111 1795 colligamus
1144 1723 1387 1779 indicia?
1439 1722 1586 1777 Pone
1631 1736 1847 1778 onmem
1895 1724 2117 1778 humani
2156 1700 2195 1754 Β

546 1818 760 1886 generis
792 1831 1102 1881 numerum,
1127 1831 1193 1871 ex
1220 1814 1493 1870 universis
1536 1815 1785 1885 gentibus
1814 1813 1951 1884 elige
1988 1814 2120 1868 ﬁde-

546 1909 651 1975 les,
674 1911 791 1963 sine
823 1909 986 1964 dubio
1009 1909 1290 1977 pauciores
1316 1921 1500 1975 erunt,
1523 1922 1685 1976 quam
1711 1917 1836 1961 sunt
1857 1908 2116 1962 universi.

546 1999 698 2055 Tunc
725 1999 922 2053 deinde
963 2012 1029 2051 ex
1081 1997 1316 2053 ﬁdelium
1363 2015 1609 2066 numero,
1656 2000 1796 2068 elige
1849 1999 2120 2054 meliores.

543 2093 760 2147 Certum
789 2102 871 2147 est
903 2092 1045 2162 quod
1084 2092 1254 2147 multo
1286 2093 1516 2150 inferior
1563 2108 1821 2148 numerus
1874 2108 2124 2148 remane-

544 2184 643 2239 bit.
678 2182 747 2236 Et
774 2184 967 2237 iterum
999 2197 1063 2237 ex
1099 2183 1233 2253 ipsis
1267 2199 1403 2254 quos
1444 2184 1694 2256 elegeris,
1720 2185 1858 2255 elige
1907 2200 2119 2239 rursum

543 2276 915 2347 perfectiores,
952 2279 1240 2346 pauciores
1264 2278 1508 2346 profecto
1541 2279 1799 2346 reperies.
1831 2279 1895 2332 Et
1918 2290 2121 2346 quanto

545 2370 776 2440 amplius
804 2371 1050 2441 eligendo
1095 2373 1448 2439 processeris,
1479 2379 1628 2426 tanto
1682 2372 1855 2442 magis
1894 2374 2120 2444 exiguos

542 2471 599 2516 et
647 2465 929 2533 pauciores
980 2466 1226 2521 invenies
1274 2479 1557 2535 usquequo
1598 2464 1789 2519 ultimo
1830 2464 2014 2518 venias
2055 2464 2120 2519 ad
2149 2509 2164 2523 .

543 2569 707 2609 unum
739 2555 994 2625 aliquem,
1024 2558 1115 2627 qui
1149 2556 1483 2612 conﬁdenter
1523 2557 1670 2611 dicat
1697 2555 1764 2623 “,
1794 2556 1918 2625 quia
1948 2574 1967 2605 ε
2001 2573 2119 2608 am-

544 2640 687 2709 plius
714 2657 878 2712 quam
919 2658 1108 2700 omnes
1159 2644 1235 2698 illi
1270 2644 1534 2700 laboravi.
1574 2664 1593 2696 ι
1630 2644 1692 2698 lli
1729 2659 1858 2715 ergo
1894 2644 1986 2715 qui
2018 2647 2119 2700 hoc

546 2731 704 2789 modo
738 2734 921 2804 plures
943 2745 1089 2801 sunt,
1129 2736 1248 2804 plus
1278 2744 1438 2790 terrae
1462 2744 1518 2790 et
1545 2735 1665 2805 plus
1697 2750 1976 2806 corporea:
2007 2735 2119 2789 hae-

542 2825 788 2882 reditatis
833 2829 1147 2898 accipiunt:
1184 2828 1340 2898 pauci
1384 2837 1562 2884 autem
1614 2828 1865 2899 exiguum
1913 2828 2116 2898 aliquid

543 2921 612 2975 de
643 2930 785 2976 terra
805 2931 1231 2990 consequuntur,
1260 2922 1355 2992 qui
1384 2923 1504 2993 plus
1533 2923 1583 2976 in
1619 2922 1847 2978 Domino
1879 2925 2113 2979 habent:

542 3013 636 3068 alii
678 3024 855 3068 autem
921 3015 1054 3069 nihil
1097 3016 1319 3070 omnino
1368 3014 1443 3087 (6)
1498 3024 1728 3071 terrenae
1785 3016 2116 3071 lnereditatis
2146 3048 2188 3104 ο

464 3100 467 3101 ⁷
543 3104 835 3176 accipiunt,
881 3106 927 3158 si
969 3107 1059 3175 qui
1094 3106 1240 3174 digni
1289 3106 1494 3162 fuerint
1536 3100 1845 3162 sacerdotes
1895 3123 2016 3163 esse
2067 3118 2122 3162 et

550 3197 784 3251 ministri
815 3197 931 3264 Dei,
963 3198 1158 3251 horum
1196 3199 1341 3253 enim
1370 3215 1438 3253 ex
1473 3199 1689 3269 integro
1719 3200 1833 3270 ipse
1858 3199 2120 3256 Dominus

544 3288 832 3344 haereditas
860 3289 985 3346 erit.
1022 3289 1084 3344 Et
1127 3292 1249 3358 quis
1296 3290 1371 3344 ita
1418 3291 1610 3346 beatus
1636 3302 1741 3357 est,
1775 3301 1834 3347 ut
1860 3291 1947 3347 vel
1982 3293 2121 3348 inter

543 3397 748 3451 paucos
770 3382 1026 3453 exiguum
1053 3392 1211 3437 terrae
1236 3383 1487 3453 accipiat,
1512 3383 1597 3438 vel
1635 3384 1776 3439 inter
1803 3383 2006 3440 electos
2034 3401 2121 3441 sa-

543 3474 793 3530 cerdotes
813 3484 866 3528 et
889 3474 1166 3529 ministros
1182 3475 1356 3530 solum
1384 3475 1550 3530 Deum
1566 3489 1761 3545 capere
1787 3476 2120 3532 barreditatis

546 3576 695 3623 sane
716 3569 1032 3624 mereatur?
1053 3568 1202 3624 Licet
1225 3569 1392 3623 etiam
1418 3569 1516 3638 ipsi
1532 3577 1752 3639 propter
1764 3573 2004 3637 jumenta
2024 3586 2118 3625 sua

545 3659 815 3729 accipiant
840 3660 1041 3730 aliquid
1071 3670 1253 3727 terrae,
1286 3663 1380 3717 sed
1407 3660 1549 3716 illius
1573 3671 1733 3714 terra:
1752 3676 1873 3731 quae
1898 3660 2119 3719 urbibus

545 3753 795 3821 contigua
818 3761 902 3807 est
918 3760 969 3807 et
989 3752 1228 3808 adhaeret
1246 3752 1580 3808 civitatibus.
1606 3752 1790 3808 Potest
1811 3762 1990 3807 tamen
2022 3756 2117 3808 ad-

546 3838 653 3892 huc
685 3846 740 3892 et
766 3838 870 3893 alio
907 3839 1064 3893 modo
1096 3840 1322 3911 intelligi
1377 3856 1559 3896 sermo
1593 3841 1720 3905 iste,
1754 3843 1846 3912 qui
1888 3842 2019 3897 dicit
2064 3853 2122 3897 ut

546 3930 790 3999 pluribus
819 3931 1205 4001 multiplicetur
1239 3933 1553 3988 hmreditas.
1586 3931 1736 3988 Unus
1768 3932 1915 3988 enim
1941 3934 2121 4004 justus

545 4025 843 4080 secundum
869 4026 973 4080 hoc
994 4026 1136 4094 quod
1162 4035 1418 4095 acceptus
1446 4035 1529 4080 est
1551 4023 1664 4081 Deo
1690 4024 1788 4098 (7),
1819 4040 1917 4094 pro
1956 4026 2121 4097 pluri~

546 4118 648 4171 bus
698 4116 945 4171 habetur.
998 4115 1236 4186 Denique
1288 4126 1345 4171 ct
1384 4119 1653 4187 scriptum
1700 4118 1903 4174 est“:
1952 4137 1972 4170 ι
2017 4118 2122 4173 Per

547 4221 713 4260 unum
738 4206 1034 4276 sapientem
1066 4206 1463 4262 inhabitabitur
1483 4208 1691 4271 civitas,
1727 4208 1896 4264 tribus
1934 4217 2119 4263 autem

548 4298 854 4368 iniquorum
896 4296 1252 4354 desolabitnr.
1291 4318 1311 4351 ι
1346 4299 1412 4353 Ει
1458 4315 1597 4355 unus
1639 4298 1819 4368 justus
1864 4310 2121 4371 pro.toto

2222 436 2411 491 bilium
2434 439 2575 493 ratio
2601 438 2863 509 deposcit.
2888 437 3080 493 Potest
3109 452 3255 507 ergo
3280 444 3343 490 et
3377 437 3482 492 hoc
3510 438 3663 494 modo
3681 439 3796 493 mul-

2226 530 2297 585 tis
2324 531 2463 598 istis,
2493 532 2585 602 qui
2625 540 2752 586 sunt
2790 533 2931 587 sicut
2964 531 3146 587 stellae
3195 530 3333 585 caeli
3374 529 3430 584 in
3466 530 3797 599 multitudine,

2224 622 2569 693 multiplicari
2602 623 2911 692 haereditate,
2945 634 3002 679 et
3033 623 3269 695 exiguis
3305 621 3418 679 illis
3452 620 3697 680 videlicet
3718 626 3795 694 qui

2226 715 2444 770 etiamsi
2477 730 2708 771 numero
2737 715 2890 770 multi
2927 727 3074 780 sunt,
3122 716 3263 769 vitae
3316 723 3502 770 tamen
3546 717 3802 773 suaiadio

2225 805 2431 875 gnitate
2474 817 2531 861 et
2571 805 2774 860 vilitate
2805 805 2986 876 exigui
3019 806 3338 871 habentur,
3371 805 3570 874 exigua
3600 805 3800 862 haeredi-

2228 910 2311 954 tas
2354 898 2502 969 poni.

2296 990 2350 1043 5.
2388 1010 2407 1041 ι
2447 989 2550 1044 Per
2573 998 2800 1053 sortem,
2829 988 3008 1059 inquit
3033 988 3101 1053 ⁸⁸,
3130 989 3248 1043 erit
3284 987 3627 1043 haereditatis
3647 988 3799 1044 distri-

2228 1082 2401 1138 butio.
2436 1101 2455 1134 ι
2497 1080 2607 1136 Hoc
2645 1081 2865 1151 quidem
2895 1081 3241 1151 praecipitur,
3273 1082 3377 1136 sed
3410 1095 3537 1135 cum
3567 1081 3711 1134 venio
3745 1082 3799 1133 ad

2226 1172 2556 1242 Scripturas,
2580 1173 2739 1228 video
2782 1173 2957 1243 ipsum
2989 1172 3245 1244 Moysen.
3278 1173 3373 1226 cui
3413 1172 3520 1226 ista
3570 1173 3797 1226 mandan-

2228 1274 2336 1329 tur,
2364 1275 2512 1319 sorte
2546 1279 2650 1318 non
2697 1265 2775 1317 uti
2822 1266 2876 1318 in
2922 1266 3194 1321 divisione
3241 1264 3588 1320 haereditatis
3618 1263 3799 1330 Ruben,

2224 1366 2280 1413 et
2323 1357 2461 1422 Gad,
2508 1365 2564 1410 et
2597 1356 2833 1412 dimidia:
2876 1358 3046 1413 tribus
3081 1356 3376 1412 Manasse.
3425 1355 3533 1411 Sed
3583 1365 3635 1411 et
3670 1354 3800 1410 Jesus

2226 1448 2392 1515 Nave,
2421 1458 2575 1503 extra
2605 1458 2809 1503 sortem
2850 1450 2943 1503 dat
2975 1450 3368 1505 haereditatem
3399 1448 3566 1504 tribui
3592 1446 3737 1512 Juda,
3757 1456 3801 1502 et

2225 1538 2409 1605 Caleb,
2437 1550 2493 1596 et
2514 1550 2668 1597 extra
2709 1548 2908 1597 sortem
2942 1542 3034 1595 dat
3059 1551 3111 1596 et
3148 1541 3331 1596 tribui
3367 1539 3626 1610 Ephrem,
3652 1548 3703 1593 et
3729 1539 3797 1593 di-

2226 1631 2406 1687 midia:
2435 1631 2597 1687 tribui
2630 1632 2877 1688 Manasse
2909 1650 2925 1688 :
2958 1634 3010 1687 in
3050 1634 3280 1688 caeteris
3331 1646 3458 1687 sors
3493 1630 3732 1694 mittitur,
3755 1639 3798 1683 et

2225 1723 2395 1794 prima
2427 1739 2545 1778 sors
2578 1724 2857 1794 Beniamin
2891 1726 3153 1794 procedit,
3182 1734 3244 1780 et
3276 1725 3413 1779 inde
3449 1724 3563 1794 jam
3596 1724 3794 1779 tribuum

2224 1817 2574 1888 reliquarum.
2605 1817 2760 1874 Unde
2790 1830 2919 1887 puto
2958 1818 3100 1886 quod
3137 1826 3200 1871 et
3237 1818 3295 1869 in
3338 1815 3431 1869 illa
3480 1815 3629 1884 regni
3653 1813 3798 1869 ctelo-

2226 1925 2343 1963 rum
2376 1911 2536 1965 beata
2565 1911 2884 1965 hmreditate
2907 1918 3068 1963 erunt
3095 1909 3298 1979 aliqui,
3332 1909 3429 1978 qui
3474 1921 3578 1962 non
3607 1906 3795 1961 veniant

2224 2000 2292 2054 ad
2321 2010 2542 2068 sortem,
2578 2017 2754 2071 neque
2781 2017 2904 2056 cum
2931 2000 3166 2068 caeteris,
3189 2000 3460 2070 quamvis
3495 1999 3603 2054 sint
3624 1996 3793 2056 sancti.

2226 2093 2652 2149 nnmerabuntur
2688 2110 2703 2147 :
2739 2094 2834 2148 sed
2864 2087 2973 2147 erit
3004 2092 3231 2161 egregia
3256 2091 3515 2161 quaedam
3543 2099 3596 2145 et
3623 2087 3795 2142 eximia

2224 2200 2412 2241 eorum
2445 2186 2749 2251 liaereditas,
2770 2186 2914 2244 sicut
2944 2184 3049 2240 fuit
3084 2184 3256 2240 Caleb
3295 2200 3365 2239 ex
3399 2184 3543 2239 tribu
3575 2179 3717 2244 Juda,
3749 2188 3794 2232 et

2221 2277 2349 2334 Jesu
2390 2279 2561 2349 ipsius
2604 2275 2699 2333 ﬁlii
2744 2275 2912 2334 Nave.
2958 2277 3110 2333 Sicut
3158 2278 3337 2343 enim,
3370 2274 3524 2330 verbi
3546 2267 3708 2328 'causa
3732 2269 3789 2335 ⁸³,

2223 2384 2344 2423 cum
2389 2378 2510 2437 post
2553 2368 2792 2438 praelium
2842 2370 3140 2425 victoribus
3185 2368 3491 2440 provineire
3519 2364 3792 2436 partiuntur

2227 2462 2419 2531 spolia.
2447 2464 2650 2533 egregii
2682 2463 2885 2533 quique
2912 2473 2965 2517 et
3004 2463 3186 2518 eximii
3225 2461 3530 2517 bellatores
3561 2471 3659 2511 non
3684 2469 3787 2510 cum

2222 2556 2435 2609 caeteris
2462 2554 2723 2610 militibus
2747 2556 2800 2609 in
2828 2555 3097 2610 divisione
3122 2554 3432 2621 spoliorum
3455 2552 3709 2605 ducuntur
3728 2547 3785 2598 ad

2224 2657 2450 2710 sortem,
2481 2648 2575 2703 sed
2622 2649 2824 2718 optima
2879 2663 3106 2717 quaeque
3140 2657 3198 2703 et
3229 2646 3509 2717 praecipua
3539 2642 3614 2697 eis
3641 2640 3787 2694 virtu-

2223 2748 2335 2792 tum
2365 2740 2557 2794 merito
2599 2740 2985 2807 decernuntur,
3020 2740 3203 2795 caeteri
3238 2753 3375 2794 vero
3411 2742 3634 2791 utuntur
3660 2739 3785 2786 sorte

2222 2828 2336 2883 solo
2374 2828 2498 2896 jure
2547 2831 2789 2886 victoriae
2826 2845 2847 2885 τη
2889 2831 2962 2886 ita
3017 2831 3147 2886 mihi
3189 2832 3416 2886 videtur
3463 2824 3783 2884 eLDominus

2223 2917 2392 2991 354
2424 2935 2574 2975 meus
2598 2919 2754 2976 Jesus
2775 2921 3025 2976 Christus
3051 2920 3301 2976 facturus
3326 2939 3341 2975 :
3377 2920 3637 2990 quosdam
3659 2913 3781 2968 enim

2221 3025 2356 3079 quos
2394 3011 2496 3065 scit
2530 3011 2892 3069 abundantius
2939 3027 3103 3082 quam
3144 3022 3388 3068 caeteros
3436 3011 3715 3070 laborasse,
3737 3013 3782 3057 et

2223 3116 2451 3170 quorum
2488 3113 2639 3172 gesta
2674 3105 2957 3174 magniﬁca
3003 3106 3383 3175 sublimesque
3420 3104 3644 3159 virtutes
3682 3099 3780 3166 ipse

2223 3195 2520 3263 cognoscit,
2541 3194 2645 3250 illis
2669 3197 2968 3266 praecipuos
2990 3212 3231 3267 quosque
3251 3208 3317 3255 et
3346 3196 3595 3261 eximios,
3621 3201 3776 3259 atque.

2224 3293 2280 3337 ut
2310 3283 2384 3338 ita
2419 3284 2641 3339 audeam
2674 3286 2878 3351 dicere,
2916 3288 3120 3343 similes
3155 3289 3259 3343 sibi
3299 3289 3539 3343 honores
3563 3277 3778 3338 decernit

2222 3387 2277 3429 et
2317 3375 2539 3446 glorias.
2589 3381 2784 3434 Annon
2828 3377 2926 3434 tibi
2966 3379 3178 3434 videtur
3218 3380 3406 3435 simile
3451 3375 3647 3446 aliquid
3684 3384 3778 3427 sua

2224 3469 2573 3522 beatitudinis
2594 3469 2917 3526 clarissimis
2940 3471 3053 3526 suis
3074 3450 3330 3529 conferre
3354 3468 3646 3541 discipulis.
3670 3478 3772 3520 cum

2225 3558 2357 3612 dicit
2387 3559 2474 3610 ἰε
2513 3577 2531 3610 ι
2567 3557 2748 3626 Pater,
2779 3562 2902 3617 volo
2945 3571 3003 3614 ut
3051 3562 3142 3616 ubi
3174 3578 3274 3633 ego
3322 3577 3442 3619 sum
3487 3570 3541 3615 et
3568 3557 3648 3613 isti
3683 3553 3773 3609 sint

2225 3652 2473 3706 mecum?
2502 3672 2520 3702 ι
2548 3653 2615 3707 Et
2666 3667 2789 3707 cum
2834 3654 3027 3708 iterum
3073 3656 3204 3709 dicit
3227 3657 3295 3722 ⁵⁸,
3340 3655 3467 3725 quia
3500 3672 3518 3705 ι
3548 3646 3770 3707 sedebitis

2222 3754 2277 3797 et
2309 3757 2401 3798 vos
2426 3759 2593 3813 super
2622 3745 2901 3800 duodecim
2932 3744 3155 3801 thronos
3181 3746 3492 3814 iudicantes
3517 3739 3768 3798 duodecim

2225 3834 2397 3888 tribus
2430 3833 2627 3890 Israel?
2665 3853 2683 3886 ι
2719 3834 2783 3888 Et
2835 3835 3035 3890 iterum
3065 3836 3112 3867 ⁸⁸
3144 3853 3158 3889 :
3200 3855 3218 3887 ι
3258 3834 3416 3891 Sicut
3468 3844 3522 3888 tu
3572 3832 3621 3884 in
3666 3841 3766 3885 me.

2222 3925 2400 3991 Pater,
2428 3936 2484 3982 et
2507 3943 2608 3999 ego
2630 3928 2683 3983 in
2720 3938 2796 3992 te.
2827 3929 2900 3985 ita
2933 3941 2989 3985 et
3014 3929 3104 3985 isti
3134 3930 3189 3984 in
3217 3931 3376 3986 nobis
3411 3942 3570 3984 unum
3596 3919 3764 3980 sint?)

2225 4017 2349 4075 llaec
2392 4022 2575 4076 omnia
2628 4037 2734 4078 non
2770 4030 2921 4078 sorte
2967 4023 3357 4088 decernuntur,
3387 4021 3481 4081 sed
3518 4009 3766 4075 electionis

2222 4113 2576 4183 praerogativa
2609 4113 2686 4185 (8)
2718 4113 2987 4169 donantur
3030 4115 3099 4170 ab
3146 4130 3212 4171 eo
3241 4115 3333 4186 qui
3375 4115 3535 4171 corda
3562 4116 3615 4164 et
3639 4119 3767 4160 meu-

2226 4217 2304 4263 tes
2336 4207 2617 4263 hominum
2665 4208 2813 4264 videt
2857 4210 3028 4277 solus,
3057 4212 3150 4282 qui
3195 4228 3294 4268 nos
3327 4225 3538 4283 quoque
3578 4197 3763 4264 etiam?i

2223 4315 2330 4354 non
2359 4301 2501 4354 inter
2527 4302 2756 4355 eximios
2786 4312 2842 4357 et
2876 4303 3096 4370 electos,
3129 4312 3290 4375 atque
3338 4306 3459 4360 illos
3502 4299 3588 4370 qui
3624 4304 3760 4361 sui)”

546 4391 748 4446 mundo
780 4399 1083 4462 reputatur,
1115 4391 1287 4461 iniqui
1327 4403 1530 4459 autem,
1553 4392 1768 4448 etiamsi
1803 4393 1957 4448 multi
1989 4393 2119 4462 sint,
2154 4390 2198 4445 D
2226 4403 2427 4447 sortem
2453 4400 2601 4456 sunt,
2634 4392 2686 4444 in
2718 4401 2919 4449 sortem
2972 4404 3150 4449 tamen
3197 4405 3504 4451 sanctorum
3546 4387 3762 4456 dignetur

545 4484 727 4556 exigui
759 4494 814 4541 et
841 4499 939 4553 pro
973 4485 1142 4540 nihilo
1172 4487 1443 4541 ducuntur
1468 4487 1608 4555 apud
1642 4487 1829 4541 Deum.
1864 4486 1962 4542 Est
1988 4503 2117 4558 ergo

539 4589 594 4633 et
649 4575 936 4631 multitudo
989 4576 1310 4645 laudabilis,
1354 4577 1500 4632 sicut
1543 4577 1790 4633 videmus
1839 4578 2002 4633 etiam
2049 4579 2118 4634 ad

537 4665 821 4722 Abraham
850 4666 1073 4733 dictum,
1119 4681 1243 4722 cum
1284 4667 1473 4721 eduxit
1509 4681 1628 4721 eum
1681 4667 1822 4724 Deus
1864 4667 2031 4737 foras,
2063 4679 2120 4726 et

539 4757 680 4812 dixit
711 4757 781 4812 ad
812 4772 936 4814 eum
959 4757 1003 4789 σι
1038 4774 1052 4810 :
1091 4775 1111 4809 ‹
1145 4756 1375 4828 Respice
1409 4760 1477 4815 ad
1503 4761 1725 4828 caelum,
1765 4764 1809 4818 si
1848 4774 2000 4833 potes
2033 4765 2118 4820 di-

537 4863 838 4905 numerare
871 4850 1079 4917 stellas,
1109 4851 1181 4905 ita
1205 4851 1310 4905 erit
1349 4866 1531 4907 semen
1564 4864 1732 4908 tuum.
1766 4874 1786 4907 ι
1815 4854 1871 4909 ln
1919 4871 2027 4926 quo
2072 4872 2127 4917 et

539 4942 640 4996 hoc
685 4941 920 5009 intuere,
948 4943 1217 5012 quomodo
1254 4941 1435 5010 justus
1468 4946 1615 5000 intus
1658 4954 1763 5012 est,
1798 4957 1852 5001 et
1881 4948 1937 5002 in
1982 4949 2125 5003 inte—

540 5033 780 5088 rioribus
812 5048 1024 5105 semper
1046 5033 1337 5091 consistit:
1378 5037 1502 5105 quia
1539 5040 1682 5092 intus
1715 5037 1769 5091 in
1806 5040 2123 5094 abscondito

539 5134 660 5179 orat
701 5124 941 5189 Patrem,
988 5137 1044 5182 et
1091 5129 1270 5185 omnis
1319 5128 1494 5201 gloria
1542 5129 1665 5184 ﬁlia:
1721 5130 1886 5200 regis,
1914 5130 1967 5205 id
2016 5140 2118 5196 est,

542 5216 739 5273 anima:
792 5220 1011 5290 regalis,
1065 5219 1394 5275 intrinsecus
1442 5229 1560 5288 est;
1613 5219 1705 5274 sed
1753 5233 1931 5274 tamen
1979 5218 2122 5275 Dens

2225 4484 2494 4539 adducere
2539 4502 2552 4537 :
2594 4482 2681 4539 cui
2722 4492 2803 4538 est
2860 4485 3032 4554 gloria
3076 4496 3132 4541 et
3174 4486 3459 4556 imperium
3503 4483 3554 4537 in
3594 4469 3761 4532 saecula

2225 4576 2569 4631 saeculorum.
2604 4578 2796 4633 Amen.

2770 4669 3052 4727 HOMILIA
3090 4670 3253 4726 XXII.

2330 4757 2404 4812 De
2430 4759 2640 4828 ﬁliabus
2669 4761 2943 4831 Salphaat,
2975 4770 3022 4816 et
3049 4761 3113 4816 de
3138 4761 3461 4816 successione
3500 4751 3672 4824 Moysi.

2296 4851 2348 4904 l.
2375 4849 2627 4922 Quinque
2672 4853 2797 4908 ﬁliae.
2835 4853 3072 4918 fuerunt,
3106 4867 3335 4923 quarum
3385 4850 3539 4907 etiam
3569 4838 3754 4899 nomina

2225 4941 2278 4995 in
2319 4941 2601 5013 Scriptura
2640 4944 3028 5014 comprehensa
3078 4951 3229 5009 sunt,
3259 4944 3327 4999 de
3369 4941 3752 5012 Salphaatquo‘

2223 5034 2345 5087 dam
2370 5033 2610 5091 Israelita
2635 5037 2951 5107 progenitas,
2970 5036 3060 5106 qui
3086 5044 3329 5091 mortuus
3356 5033 3516 5101 estin
3550 5029 3750 5082 deserto-

2223 5127 2371 5182 nulla
2388 5128 2533 5182 virili
2563 5129 2746 5187 sobole
2772 5128 3050 5184 derelicta.
3077 5125 3201 5183 Ista:
3226 5142 3356 5198 ergo
3386 5127 3502 5181 tiliae
3529 5112 3748 5209 Saltim?

2221 5222 2568 5291 interpellant
2592 5221 2832 5293 Moysen,
2862 5233 2919 5276 et
2958 5230 3160 5276 sortem
3194 5229 3434 5291 paternae
3467 5207 3749 5272 liaereditttlis

611 5313 665 5388 ‘7',
693 5317 714 5372 l
758 5317 880 5371 Cor.
913 5331 999 5388 xv,
1027 5315 1179 5388 10.;
1202 5316 1247 5388 ’ξ’
1279 5316 1443 5372 Eccli.
1468 5332 1580 5384 xvr,
1613 5315 1665 5371 5.
1742 5318 1786 5348 ⁵¹
1819 5315 1952 5371 Gen.
1984 5332 2074 5382 xv,
2106 5315 2159 5373 5.
2251 5317 2479 5388 "_Nnm.
2517 5333 2668 5384 xxvi,
2696 5317 2785 5372 55.
2860 5317 2907 5348 ³³
2935 5315 3047 5373 Jos.
3072 5331 3182 5370 xrv.
3260 5314 3306 5347 "‘
3328 5313 3479 5370 Joan.
3506 5320 3624 5368 xvn,
3669 5293 3742 5350 34-

543 5385 588 5418 ⁵⁵
621 5386 806 5442 Matth.
838 5403 949 5452 xu,
970 5387 1062 5442 28.
1138 5386 1185 5418 ⁵⁸
1215 5386 1370 5442 Joan.
1402 5402 1533 5453 xvn,
1566 5388 1654 5441 21.

617 5475 695 5549 (6)
719 5476 822 5549 Alii
846 5487 1023 5549 autem
1043 5477 1173 5531 nihil
1198 5480 1430 5543 omnino,
1452 5488 1557 5533 etc.
1583 5477 1675 5534 Sic
1699 5480 1900 5535 habent
1926 5493 2118 5534 manu-

546 5546 754 5615 scripti.
793 5546 945 5603 Libri
972 5562 1099 5602 vero
1128 5550 1280 5612 cditi,
1313 5567 1331 5598 ι
1365 5549 1451 5602 ubi
1489 5563 1668 5603 autem
1716 5550 1850 5604 nihil
1891 5550 2117 5604 omnino

546 5626 777 5694 terrente
811 5618 1146 5673 hmreditatis
1183 5619 1473 5694 accipiant,
1504 5620 1548 5674 si
1582 5621 1673 5691 qui
1703 5621 1849 5694 digni
1891 5619 2111 5687 fuerint,

544 5689 861 5745 sacerdotes
893 5697 1098 5744 suntet
1127 5689 1384 5759 ministri,
1414 5708 1435 5742 ι
1463 5700 1570 5746 etc.

2295 5477 2372 5550 (7)
2401 5478 2554 5543 Mss.,
2582 5495 2603 5530 ε
2639 5479 2782 5549 quod
2824 5486 3077 5549 acceptus
3101 5485 3185 5534 est
3227 5477 3358 5534 Deo.
3396 5497 3415 5531 ι
3453 5468 3589 5531 Libb.
3616 5460 3742 5516 editi,

2229 5567 2248 5601 ι
2285 5551 2736 5619 quodacceptum
2763 5558 2845 5604 est
2872 5551 3000 5604 Deo.
3035 5568 3054 5601 ι

2296 5595 3097 5701 ξέί*Ιιῖξξἷῗῗέξάῗὲιὲέιῖὀιιίε
3134 5619 3507 5701 praerogativa.
3551 5629 3568 5664 ι
3610 5595 3741 5661 w’b‘

2216 5689 2387 5758 .editi,
2424 5709 2442 5743 ι
2480 5690 2580 5747 sed
2603 5689 2906 5750 dilectionis
2931 5690 3303 5763 praerogativa.
3346 5708 3369 5746 ο
