4074 6156
391 256 501 310 741

1562 255 1628 310 ΙΝ
1669 254 2000 311 NUMEROS
2035 254 2317 310 IIOMIIJA
2357 256 2519 310 XXII.

3549 257 3654 310 762

395 382 705 442 exposcunt
749 373 1012 433 dicentes,
1051 386 1117 426 ne
1162 372 1403 426 deleatur
1443 386 1637 424 nomen
1684 373 1856 440 patris
1884 387 1974 426 ea-
2001 375 2048 430 A
2078 380 2407 437 terpretatur
2437 373 2621 424 niubru
2673 371 2727 422 in
2769 386 2858 422 ore
2907 369 3020 438 ejus
3050 369 3200 438 (II);
3233 376 3384 438 pater
3426 383 3649 438 Operam

397 481 521 518 rum
554 468 619 518 de
656 466 831 518 medio
863 463 1032 532 plebis
1062 479 1192 527 suae,
1234 465 1357 532 quia
1389 479 1494 517 non
1524 474 1606 516 est
1640 464 1687 516 ei
1723 464 1805 517 vir
1835 465 1975 516 filius

397 567 583 610 natus.
621 556 812 609 Refert
871 571 970 625 pro
1017 556 1120 609 hoc
1165 555 1373 625 Moyses
1422 555 1869 609 consultationem
1910 555 1973 608 ad

399 645 592 699 Deum.
617 644 1015 712 Omnipotcntis
1046 655 1226 698 autem
1258 645 1348 698 Dei
1380 644 1666 698 clementia
1693 660 1798 698 non
1828 660 1977 712 sper-

401 738 508 801 nit,
572 752 669 792 nec
725 737 951 806 despicit
1002 737 1454 792 consultationem
1507 752 1626 806 qua:
1676 736 1900 791 offertur
1943 753 1972 790 a

400 828 618 898 puellis,
642 839 697 881 et
742 845 847 883 non
900 829 1072 886 solum
1118 843 1374 896 responsa
1408 829 1536 882 dare
1582 827 1852 897 dignatur,
1881 827 1974 882 sed

391 920 673 973 intantum
724 921 936 989 probat,
987 930 1043 976 et
1085 917 1424 988 amplectitur
1475 917 1638 972 verba
1675 931 1881 980 earum,
1918 929 1975 970 ut

389 1026 468 1066 ex
505 1012 636 1081 ipsis
660 1022 863 1067 aeterna
903 1014 1212 1068 hominibus
1241 1014 1358 1082 jura
1389 1010 1683 1065 constituat
1715 1021 1769 1065 et
1803 1026 1971 1066 saecu-

397 1105 469 1160 lis
495 1104 744 1159 omnibus
765 1103 1116 1160 observanda.
1143 1105 1232 1158 Ait
1251 1103 1395 1158 enim
1416 1102 1459 1133 "’
1493 1121 1506 1156 :
1536 1121 1553 1153 ‹
1587 1101 1836 1171 Loquens
1857 1112 1972 1157 erat

401 1199 662 1253 Dominus
686 1196 750 1250 ad
776 1195 992 1268 Moysen
1002 1215 1045 1274 λ
1071 1197 1238 1252 Recte
1330 1196 1522 1251 locuta:
1545 1208 1669 1250 sunt
1697 1196 1820 1251 ﬁliae
1855 1197 1971 1250 Sal-

399 1291 587 1357 phaat.
618 1287 777 1343 Dabis
806 1289 886 1341 eis
915 1288 1305 1358 possessionem
1338 1289 1390 1342 in
1417 1289 1592 1344 medio
1619 1287 1843 1342 fratrum
1880 1304 1969 1358 pa-

400 1384 502 1438 tris
537 1381 642 1445 sui,
673 1390 726 1436 et
756 1379 907 1434 dabis
955 1389 1154 1434 sortem
1199 1381 1368 1448 patris
1421 1381 1659 1448 ipsarum
1716 1381 1866 1450 ipsis,
1915 1393 1970 1436 et

399 1477 529 1531 ﬁliis
554 1474 714 1530 Israel
743 1473 980 1542 loqueris
1014 1474 1239 1528 dicens:
1270 1472 1438 1528 Homo
1467 1474 1512 1527 si
1560 1482 1806 1530 mortuus
1854 1474 1970 1528 fue-

398 1569 493 1632 rit,
529 1577 584 1622 et
617 1566 757 1620 ﬁlius
785 1580 888 1619 non
924 1563 1084 1619 fuerit
1116 1565 1191 1628 ei,
1226 1563 1422 1619 dabitis
1454 1565 1826 1619 haareditatem
1855 1566 1969 1632 ejus

399 1657 524 1710 ﬁlia:
569 1655 706 1725 ejus.
742 1655 893 1722 Quod
947 1655 988 1710 si
1026 1671 1132 1710 non
1174 1654 1338 1709 fuerit
1384 1657 1433 1709 ei
1487 1655 1591 1708 ﬁlia
1622 1656 1721 1724 (9),
1769 1656 1967 1711 dabitis

398 1749 770 1803 hmreditatem
803 1747 954 1802 fratri
986 1747 1121 1815 ejus.
1149 1747 1300 1814 Quod
1329 1748 1375 1801 si
1408 1748 1747 1803 non-fuerint
1782 1751 1829 1804 ei
1860 1751 1968 1806 fra-

397 1847 532 1898 tres,
569 1835 768 1889 dabitis
819 1835 1182 1889 hmreditatem
1223 1833 1376 1889 fratri
1411 1839 1581 1904 patris
1625 1837 1760 1904 ejus.
1813 1841 1964 1906 Quod

391 1929 440 1981 si
476 1943 580 1982 non
611 1927 810 1982 fuerint
839 1928 885 1981 ei
921 1927 1114 1982 fratres
1143 1932 1306 1997 patris
1338 1928 1470 1997 ejus,
1500 1930 1696 1984 dabitis
1744 1933 1966 1987 haeredi-

397 2027 566 2073 tatem
595 2019 914 2083 domestico,
939 2020 1029 2089 qui
1051 2018 1215 2074 fuerit
1246 2021 1598 2092 propinquior
1630 2021 1701 2075 illi
1725 2037 1790 2076 ex
1824 2023 1963 2078 tribu

387 2127 518 2175 sua,
566 2119 620 2165 et
661 2110 836 2178 capiet
879 2110 1245 2165 hzereditatem
1295 2111 1434 2180 ejus,
1480 2123 1533 2167 et
1571 2113 1676 2167 erit
1710 2113 1807 2168 hoc
1846 2114 1968 2169 ﬁliis

391 2201 560 2257 Israel
587 2201 906 2269 justiﬁeatio
947 2201 1158 2269 judicii,
1202 2203 1344 2257 sicut
1401 2204 1685 2260 constituit
1710 2205 1969 2260 Dominus

393 2293 589 2364 Moysi.
629 2313 649 2346 ι
683 2293 809 2348 Hmc
838 2293 1132 2349 secundum
1163 2295 1448 2349 historiam
1477 2297 1604 2366 quid
1636 2296 1839 2365 vigoris
1868 2299 1966 2351 ha-

391 2386 582 2450 beant,
613 2388 865 2441 omnibus
890 2387 1066 2456 palam
1095 2396 1177 2442 est
1205 2389 1294 2457 qui
1325 2388 1502 2443 sciunt
1529 2389 1674 2458 leges
1705 2391 1834 2444 istas
1863 2405 1965 2444 non

393 2477 570 2532 solum
605 2478 744 2548 apud
786 2477 921 2532 filios
964 2477 1128 2533 Israel
1170 2480 1449 2546 custodiri,
1481 2481 1574 2535 sed
1613 2481 1753 2549 apud
1781 2496 1969 2538 omnes

395 2571 663 2636 homines,
693 2572 789 2640 qui
826 2584 1004 2626 tamen
1055 2571 1263 2642 legibus
1316 2573 1522 2628 vivunt.
1555 2572 1710 2628 Unde
1749 2586 1971 2644 apparet

396 2666 546 2735 quod
597 2665 822 2721 libertas
870 2667 1098 2720 ﬁliarum
1149 2666 1407 2736 Salphaat
1458 2682 1563 2722 non
1627 2669 1799 2724 solum
1838 2671 1969 2740 ipsis

393 2758 763 2813 lmreditatem
811 2759 1134 2826 contulerit,
1185 2761 1278 2814 sed
1332 2768 1388 2813 et
1441 2771 1700 2830 perpetua
1751 2763 1967 2820 vivendi

388 2849 513 2918 jura
543 2849 739 2904 saeculo
771 2851 998 2905 dederit.
1029 2851 1192 2905 Vides
1240 2859 1440 2920 quanta
1478 2854 1550 2906 sit
1590 2855 1752 2907 etiam
1799 2855 1971 2911 histo-

392 2941 492 2994 rite
527 2939 696 3009 ipsius
731 2941 934 2995 utilitas
983 2943 1034 2995 in
1099 2941 1212 3012 lege
1255 2941 1372 2997 Dei.
1425 2943 1556 3009 Quis
1603 2955 1777 3015 potest
1822 2947 1969 3018 leges

390 3033 528 3086 istas
575 3031 865 3100 aliquando
895 3032 1214 3100 dissolvere,
1243 3035 1440 3104 quibus
1489 3038 1772 3093 universus
1801 3041 1970 3095 utitur
1997 3059 2038 3115 ο

389 3125 668 3180 mundus?
699 3125 805 3180 Sed
837 3137 1013 3180 tamen
1046 3141 1144 3181 nos
1171 3141 1476 3196 quaeramus
1499 3135 1767 3200 quomodo
1806 3134 1968 3187 etiam

390 3219 711 3288 spiritaliter
745 3219 1096 3274 aadificemur.
1129 3220 1312 3276 Potest
1348 3224 1493 3277 enim
1546 3225 1660 3279 ﬁeri
1707 3235 1764 3279 ut
1797 3242 1971 3298 neque

388 3313 517 3368 ﬁlia:
545 3312 656 3385 (l0)
689 3313 820 3368 mihi
843 3314 952 3368 sint
975 3312 1268 3368 secundum
1295 3329 1537 3381 carnem,
1565 3333 1738 3386 neque
1767 3318 1968 3387 aliquid

391 3407 561 3472 ruris,
591 3405 742 3474 cujus
763 3407 882 3475 capi
913 3407 1085 3475 possit
1125 3407 1433 3462 haereditas.
1472 3407 1607 3475 Quid
1636 3411 1802 3481 ergo?
1834 3411 1971 3465 nihil

391 3499 538 3567 apud
570 3514 688 3553 eum
729 3500 824 3570 qui
861 3499 1164 3567 hujusmodi
1220 3509 1326 3564 est,
1372 3500 1472 3554 ista
1518 3501 1598 3554 lex
1638 3503 1969 3571 Operabitur,

393 3603 452 3643 et
479 3591 583 3644 erit
622 3593 778 3645 alicui
825 3592 1059 3647 otiosum
1103 3593 1246 3660 quod
1289 3592 1469 3646 divina
1517 3609 1650 3649 voce
1697 3597 1966 3652 sancitum

390 3683 510 3738 est?
539 3684 893 3754 Requiramus
923 3699 1052 3755 ergo
1081 3685 1242 3738 etiam
1288 3687 1425 3754 apud
1458 3686 1756 3756 spiritalem
1799 3689 1969 3760 legem

389 3791 514 3847 qua:
549 3778 655 3831 sint
694 3778 810 3832 ista:
836 3775 959 3832 ﬁli'e
1009 3776 1269 3845 quinque,
1302 3793 1530 3846 quarum
1573 3780 1784 3835 etiamsi
1817 3791 1972 3851 pater

392 3878 638 3922 mortuus
673 3870 834 3924 interit
858 3884 956 3940 pro
987 3869 1170 3936 aliquo
1193 3879 1438 3937 peccato,
1471 3871 1600 3941 ipsa:
1648 3881 1826 3927 tamen
1860 3873 1971 3928 ha:-

393 3961 680 4015 reditatem
728 3977 794 4016 ex
840 3963 1006 4018 verbo
1047 3965 1140 4020 Dei
1197 3968 1431 4036 capiant.
1470 3967 1529 4018 In
1575 3966 1968 4034 superioribus,

395 4071 520 4110 cum
553 4057 618 4111 de
644 4057 974 4126 spiritalibus
1000 4058 1124 4113 ﬁliis
1150 4069 1525 4127 tractaremus,
1547 4060 1776 4114 virtutes
1803 4060 1967 4114 animi

389 4161 446 4207 et
483 4167 674 4208 sensus
704 4153 900 4208 mentis
949 4153 1088 4207 ﬁlios
1123 4153 1229 4208 dici
1279 4153 1581 4208 docuimus.
1622 4154 1970 4223 Consequens

390 4246 508 4301 sine
534 4245 699 4300 dubio
731 4254 786 4300 et
821 4247 1151 4301 conveniens
1182 4247 1402 4301 videtur
1439 4249 1600 4303 etiam
1623 4246 1772 4302 ‘ﬁlias
1805 4263 1966 4316 opera

391 4353 512 4406 qua:
551 4339 796 4406 corporis
834 4339 1136 4394 ministerio
1178 4340 1497 4408 explentur,
1545 4340 1811 4409 accipere.
1845 4339 1968 4394 Ideo

2082 465 2383 519 intellectus
2405 475 2506 519 est.
2534 464 2688 529 Saepe
2711 476 2842 530 ergo
2866 462 3084 526 accidit,
3114 471 3168 515 et
3199 476 3300 515 non
3332 463 3487 529 pauci
3511 463 3653 516 inter

2078 558 2276 612 fratres
2301 567 2514 611 nostros
2547 564 2696 620 sunt,
2725 557 2775 609 in
2809 557 3008 624 qutbus
3061 554 3363 608 intellectus
3409 555 3568 608 altior
3597 564 3652 608 et

2076 649 2399 716 profundior
2429 647 2623 710 nullus,
2655 648 2748 702 scd
2783 649 2882 702 ‘est
2921 648 2972 700 in
3007 646 3086 700 eis
3123 662 3312 700 sensus
3353 655 3649 709 emortuus,

2076 739 2214 792 sicut
2261 739 2326 793 de
2363 739 2592 807 quodam
2628 739 2888 806 scriptum
2942 745 3025 791 est
3058 737 3103 767 ⁸⁸
3135 754 3148 788 :
3183 756 3200 788 ε
3237 737 3304 789 Ει
3348 747 3648 790 cmortmuu

2074 839 2157 883 est
2186 845 2281 885 cor
2303 829 2425 896 ejus
2456 829 2507 883 in
2547 830 2680 898 ipso.
2722 848 2740 880 ι
2780 829 2883 883 Iste
2913 845 3042 898 ergo
3090 829 3300 883 etiamsi
3344 830 3408 883 ad
3449 829 3650 882 intelli-

2076 921 2311 990 gentiam
2346 922 2648 989 spiritalem
2703 921 2838 974 nihil
2890 921 3050 989 sapit,
3085 921 3176 974 sed
3219 929 3301 974 est
3351 928 3650 981 emortuus,

2078 1023 2254 1065 tamen
2303 1012 2347 1065 si
2395 1012 2643 1079 genuerit
2697 1011 2852 1074 filias,
2903 1012 2956 1064 id
3007 1023 3088 1064 est
3132 1026 3293 1080 opera
3341 1011 3649 1072 ministerii,

2075 1118 2237 1170 opera
2275 1103 2685 1172 obsequiorum,
2720 1119 2886 1172 opera
2921 1104 3296 1158 mandatorum
3335 1103 3451 1166 Dei,
3480 1105 3651 1157 hmre-

2074 1194 2294 1248 ditatem
2325 1204 2482 1248 teme
2514 1211 2634 1249 cmn
2681 1195 2838 1264 plebe
2879 1196 3089 1250 Domini
3137 1195 3506 1262 consequitur.
3538 1193 3650 1248 Non

2074 1284 2267 1351 poterit
2301 1285 2516 1353 quidem
2563 1285 2708 1339 inter
2751 1303 2845 1346 eos
2893 1286 3186 1350 nmnerari,
3216 1300 3442 1354 quorum
3478 1287 3653 1353 portio

2074 1377 2334 1432 Dominus
2363 1388 2467 1442 est,
2496 1394 2726 1447 quorum
2773 1380 3061 1434 hrcreditas
3095 1380 3232 1434 Deus
3262 1389 3368 1442 est,
3411 1394 3514 1434 non
3555 1394 3651 1448 po-

2072 1469 2198 1523 terit
2223 1472 2274 1522 in
2305 1470 2679 1525 ministrorum
2709 1481 2762 1526 et
2785 1473 3128 1526 sacerdotum
3162 1486 3390 1526 numero
3416 1471 3650 1538 suscipi,

2074 1561 2125 1615 in
2159 1561 2370 1630 plebeio
2418 1573 2593 1616 tamen
2646 1565 2833 1618 ordine
2881 1565 3248 1618 liau‘editatem
3280 1575 3438 1618 terrm
3468 1579 3654 1633 repro-

2073 1652 2346 1705 missionis
2379 1653 2649 1719 accipiet:
2686 1673 2704 1704 ι
2741 1653 2888 1707 Multi
2920 1656 3063 1708 enim
3099 1665 3223 1709 sunt
3248 1655 3447 1721 vocati,
3489 1657 3647 1724 pauci

2069 1751 2248 1795 autem
2298 1741 2454 1795 electi
2509 1743 2576 1794 ⁸³.
2610 1761 2628 1794 ι
2663 1741 2978 1798 Ostenditur
3027 1755 3206 1798 tamen
3256 1755 3310 1798 et
3366 1759 3526 1797 causa
3582 1757 3650 1797 e\

2068 1831 2234 1901 ipsius
2280 1833 2515 1889 nominis
2568 1835 3040 1905 interpretatione,
3077 1837 3202 1905 quia
3252 1837 3352 1890 iste
3391 1835 3650 1904 Salphaat

2069 1939 2173 1976 non
2226 1926 2462 1992 potuerit
2517 1926 2653 1980 ﬁlios
2713 1943 3002 1996 generare,
3053 1929 3146 1982 sed
3184 1928 3340 1981 ﬁlias.
3387 1929 3652 1994 Interpre-

2080 2020 2225 2068 tatur
2265 2016 2434 2079 enim,
2493 2026 2547 2070 ut
2595 2017 2852 2080 diximus,
2890 2023 3075 2071 umbra
3115 2019 3166 2071 in
3197 2035 3282 2071 ore
3319 2019 3451 2087 ejus.
3491 2017 3654 2071 Vides

2069 2118 2196 2174 ergo
2253 2105 2507 2170 quoniam
2577 2107 2621 2161 si
2695 2108 2818 2176 quis
2880 2109 3125 2163 umbram
3180 2106 3311 2178 legis
3380 2109 3546 2162 habet
3597 2107 3650 2160 in

2067 2210 2183 2260 ore,
2216 2207 2268 2251 et
2297 2211 2401 2250 non
2432 2197 2603 2265 ipsam
2633 2198 2922 2268 imaginem
2976 2215 3180 2264 rerum,
3209 2201 3298 2254 hic
3340 2202 3465 2268 quia
3512 2199 3654 2254 nihil

2067 2288 2228 2359 355
2280 2288 2561 2358 spiritale,
2613 2290 2747 2344 nihil
2794 2289 3044 2359 profundi
3095 2291 3399 2346 intellectus
3450 2291 3654 2346 sentire

2071 2391 2270 2452 potest,
2303 2383 2396 2436 sed
2430 2383 2544 2437 sola
2570 2385 2764 2436 umbra
2801 2383 2934 2453 legis
2963 2384 3014 2436 in
3047 2399 3141 2438 ore
3171 2384 3286 2453 ejus
3313 2395 3418 2451 est,
3453 2399 3649 2440 sensus

2071 2474 2221 2529 vivos
2261 2483 2318 2528 et
2362 2475 2640 2545 spiritales
2681 2491 2786 2531 non
2834 2486 3012 2544 potest
3065 2491 3353 2546 generare,
3388 2493 3651 2546 generare

2073 2578 2252 2622 tamen
2289 2575 2470 2636 potest
2495 2582 2658 2636 Opera
2697 2577 2748 2620 et
2790 2579 2969 2631 actus,
2997 2584 3117 2636 qum
3145 2577 3271 2622 sunt
3304 2568 3650 2636 simplicioris

2071 2660 2196 2712 vita:
2243 2658 2568 2712 ministeria.
2612 2658 2677 2711 Et
2713 2659 2834 2712 ideo
2886 2659 3126 2713 ostendit
3172 2659 3223 2711 in
3265 2659 3348 2712 his
3411 2659 3648 2712 clemen-

2073 2752 2146 2804 tia
2177 2751 2290 2814 Dei,
2341 2751 2485 2819 quod
2524 2750 2928 2805 inuocentiorcs
2976 2752 3192 2820 quique,
3228 2753 3437 2807 etiamsi
3489 2768 3648 2806 sensu

2073 2843 2349 2907 deficiant,
2392 2841 2594 2896 habent
2633 2851 2810 2897 tamen
2867 2859 3030 2912 opera
3087 2843 3260 2907 bona,
3310 2860 3414 2897 non
3459 2845 3649 2898 exclu-

2074 2936 2274 2989 duntur
2319 2938 2388 2989 ab
2437 2935 2754 2988 haereditate
2790 2945 3125 2987 sanctorum.
3179 2934 3343 2989 Recte
3388 2949 3515 3005 ergo
3561 2937 3643 2988 lc.

2074 3038 2210 3080 cuta:
2237 3037 2362 3081 sunt
2393 3026 2516 3080 ﬁlia:
2549 3025 2829 3095 Salphaat.

2147 3140 2202 3192 2.
2245 3139 2370 3194 Post
2421 3141 2534 3193 haec
2581 3139 2800 3206 ponitur
2832 3137 2913 3190 lex
2952 3137 3042 3191 Dei
3089 3138 3156 3192 de
3198 3139 3562 3204 successione,
3593 3149 3652 3192 ut

2073 3233 2249 3302 primo
2279 3233 2442 3297 ﬁlius,
2492 3234 2602 3287 ﬁlia
2649 3235 2888 3289 secundo
2919 3236 2971 3289 in
3019 3236 3136 3290 loco
3169 3236 3454 3300 succedat,
3490 3238 3649 3289 tertio

2075 3325 2263 3389 frater,
2311 3336 2505 3394 quarto
2540 3327 2709 3396 patris
2754 3325 2944 3381 frater.
2988 3327 3221 3394 Quintus
3270 3343 3407 3382 vero
3453 3330 3652 3398 gradus

2073 3426 2282 3470 certum
2315 3417 2555 3487 aliquem
2587 3432 2691 3470 non
2719 3419 2987 3487 designat,
3019 3419 3109 3472 sed
3140 3419 3396 3488 quisquis
3429 3421 3503 3473 illi
3534 3435 3650 3489 pro-

2073 3505 2327 3574 pinquior
2357 3521 2420 3560 ex
2469 3507 2616 3561 omni
2658 3506 2862 3561 familia
2900 3507 3091 3575 fuerit,
3125 3521 3182 3562 ut
3219 3511 3334 3578 ipse
3366 3514 3646 3566 succedat.

2073 3596 2128 3650 In
2178 3599 2262 3652 bis
2298 3609 2405 3652 tam
2439 3599 2652 3669 integer
2693 3611 2748 3654 et
2799 3601 3074 3670 perfectus
3120 3614 3204 3658 est
3241 3604 3480 3659 historia:
3523 3619 3650 3659 sen-

2073 3706 2188 3757 sus,
2219 3700 2278 3745 ut
2321 3691 2455 3746 nihil
2504 3693 2790 3761 requirere
2821 3695 3071 3749 videatur
3117 3699 3459 3752 extrinsecus
3509 3697 3646 3769 (l2).

2072 3785 2277 3838 Tamen
2326 3787 2370 3838 si
2421 3784 2546 3853 quis
2581 3785 2719 3838 bene
2766 3787 2818 3839 in
2871 3787 3214 3855 spiritalibus
3262 3789 3470 3858 legibus
3516 3806 3645 3844 eru-

2073 3876 2218 3930 ditus
2255 3885 2372 3940 est,
2411 3885 2467 3930 et
2519 3875 2764 3945 pleniore
2826 3878 3068 3932 scientia:
3121 3880 3327 3935 lumine
3376 3883 3644 3949 radiatus,

2074 3967 2160 4021 ille
2211 3977 2389 4036 potest
2428 3967 2728 4037 intelligere
2768 3969 3012 4025 diversos
3061 3973 3192 4025 istos
3236 3975 3642 4029 successionum

2072 4059 2289 4130 gradus,
2323 4069 2377 4114 et
2423 4060 2692 4128 quomodo
2736 4059 2943 4129 primus
2988 4061 3058 4116 sit
3093 4066 3484 4132 cunsequeoda:
3532 4080 3647 4120 cte-

2073 4155 2227 4209 lestis
2262 4154 2595 4208 haereditatis
2623 4154 2842 4221 gradus,
2869 4154 3128 4210 doctrinm
3158 4167 3213 4209 et
3245 4158 3490 4212 scientiae
3527 4175 3644 4214 me-

2075 4247 2198 4308 rito,
2245 4245 2334 4315 qui
2383 4254 2465 4299 est
2516 4245 2788 4299 masculus
2847 4247 3004 4301 ﬁlius.
3058 4247 3340 4304 Secundus
3409 4264 3636 4320 operum

2074 4339 2458 4409 prtcrogalit'a,
2509 4355 2628 4408 qua:
2677 4340 2784 4393 ﬁlia
2836 4349 2937 4394 est.
2987 4341 3206 4396 Tertius
3245 4345 3642 4412 compassionis

389 4430 620 4499 denique
656 4439 712 4484 et
733 4430 1141 4498 quinarius‘eis
1171 4406 1426 4486 numerus
1458 4406 1765 4486 ascribitur.
1800 4433 1968 4499 Quin-
1994 4406 2048 4466 Β
2071 4406 2302 4502 alicujus
2344 4441 2397 4484 et
2435 4406 2774 4496 imitationis,
2808 4441 3033 4503 propter
3063 4435 3205 4502 quod
3253 4444 3308 4489 et
3341 4406 3510 4489 frater
3541 4451 3643 4489 no-

387 4537 497 4590 que
537 4521 678 4576 enim
705 4523 954 4591 corporei
998 4537 1186 4577 sensus
1223 4531 1370 4589 sunt,
1417 4523 1614 4593 quibus
1642 4539 1803 4580 omne
1832 4540 1967 4594 opus

388 4611 637 4681 expletur
667 4612 718 4666 in
745 4627 992 4680 corpore.
1029 4613 1149 4667 Ista:
1180 4627 1310 4682 ergo
1336 4613 1576 4684 quinque
1612 4612 1755 4676 ﬁlire,
1786 4613 1836 4667 id
1883 4625 1968 4671 est

389 4719 611 4774 operum
643 4705 923 4773 perfectio,
950 4705 1160 4760 etiamsi
1194 4691 1348 4775 patre
1389 4706 1650 4760 orbentur
1682 4713 1736 4760 et
1782 4722 1962 4760 rema-

393 4806 556 4851 Jeant
603 4797 880 4865 orphante,
936 4811 1038 4850 non
1069 4804 1253 4850 tamen
1302 4793 1591 4863 ejiciuntur
1621 4797 1687 4851 ab
1737 4798 1964 4852 haeredi-

389 4897 522 4950 xate,
563 4902 735 4957 neque
769 4888 1125 4941 excluduntur
1155 4903 1183 4940 a
1211 4902 1399 4955 regno,
1427 4889 1520 4941 sed
1559 4887 1610 4939 in
1643 4887 1820 4941 medio
1852 4887 1964 4956 ple-

390 4981 477 5036 bis
515 4980 608 5034 Dei
660 4981 960 5049 portionem
1008 4981 1341 5036 hereditatis
1394 4980 1688 5049 accipiunt.
1743 4981 1961 5035 Interim

391 5074 672 5128 videamus
713 5075 834 5143 quis
882 5083 964 5128 est
1018 5073 1122 5127 iste
1162 5081 1316 5142 pater
1363 5087 1570 5135 earum,
1598 5073 1688 5142 qui
1723 5082 1966 5125 mortuus

391 5180 514 5222 esse
547 5166 762 5222 dicitur.
799 5165 1076 5234 Salphaat,
1119 5166 1310 5234 inquit,
1361 5164 1616 5234 Salphaat
1648 5172 1826 5219 autem
1881 5167 1963 5218 in-

464 5281 510 5313 ⁸⁷
533 5277 692 5332 Νυιη.
725 5295 895 5344 xxvn,
925 5279 977 5345 7,
1001 5279 1054 5344 8,
1080 5280 1135 5345 9,
1167 5278 1258 5344 10,
1291 5279 1376 5332 ll.

467 5373 544 5445 (-9)
573 5373 726 5438 Mss.,
755 5391 791 5445 ιλ
811 5373 952 5440 quod
980 5375 1022 5427 si
1054 5371 1362 5445 nonifuerit
1388 5371 1594 5445 ei‘ﬁlia,
1636 5379 1739 5445 ret
1764 5371 1846 5445 ita
1870 5373 1964 5424 ha.

397 5437 719 5515 bet:te1tt_us
755 5437 975 5515 Gr'mcus
1020 5443 1126 5498 τῶν
1163 5444 1237 5515 0’,
1272 5441 1469 5515 eavea
1519 5440 1592 5512 μὴ
1719 5440 1959 5515 Θυγάτηρ

397 5513 565 5585 αὐτῷ.
608 5513 907 5585 Maleergo
951 5514 1080 5570 libb.
1127 5514 1256 5568 editi
1304 5511 1522 5572 habent,
1557 5511 1748 5580 tqiiod
1779 5513 1820 5564 si
1857 5511 1958 5563 non

399 5582 601 5638 fuerint
630 5584 678 5635 ei
709 5582 854 5636 ﬁlim.
890 5601 908 5632 ι

497 5654 581 5723 10)
609 5652 764 5714 Mss.,
795 5668 813 5702 ι
851 5651 990 5705 filice.
1017 5653 1206 5707 ΛΑΜ).
1237 5650 1388 5712 editi,
1426 5667 1442 5699 ς
1483 5646 1596 5699 ﬁlii.
1639 5666 1659 5696 ι

497 5654 581 5723 10)
609 5654 764 5714 Mss.,
795 5668 813 5702 ι
851 5654 990 5705 filice.
1017 5654 1206 5707 il.ibb.
1237 5654 1388 5712 editi,
1426 5667 1442 5699 ς
1483 5654 1596 5699 lilii.
1639 5666 1659 5696 ι

469 5654 579 5796 Ill)
613 5723 868 5791 Salphaat
907 5733 1078 5776 autem
1129 5723 1498 5790 interpretatur
1545 5727 1718 5768 DMBRA
1763 5726 1812 5764 IN
1853 5721 1956 5763 ous

2070 4525 2330 4578 minatur.
2374 4523 2514 4578 Sunt
2557 4525 2702 4579 enim
2747 4526 3016 4590 nonnulli,
3061 4528 3150 4595 qui
3199 4537 3390 4595 sponte
3422 4529 3640 4597 quidem

2065 4631 2183 4682 sua,
2212 4626 2266 4670 et
2305 4616 2527 4684 proprio
2553 4615 2836 4670 intellectu
2879 4618 3014 4671 nihil
3043 4629 3228 4687 agunt,
3258 4621 3415 4689 positi
3462 4630 3640 4676 tamen

2063 4707 2207 4761 inter
2243 4708 2460 4772 fratres,
2491 4723 2557 4763 ex
2599 4709 2905 4766 imitatione
2948 4719 3272 4764 caeterorum
3316 4713 3506 4766 eadem
3556 4715 3640 4766 vi-

2068 4801 2263 4854 dentur
2292 4815 2453 4870 agere
2483 4816 2603 4870 qua:
2629 4811 2684 4856 et
2723 4801 2798 4855 illi
2840 4811 3029 4871 agunt,
3075 4802 3168 4871 qui
3202 4803 3478 4860 intellectu
3513 4819 3640 4874 pro-

2069 4891 2188 4958 prio
2232 4900 2538 4946 moventur.
2577 4893 2748 4946 Datur
2780 4893 2943 4946 etiam
2991 4893 3111 4947 istis
3164 4896 3355 4948 tertius
3404 4895 3641 4948 Incredi-

2071 4983 2199 5037 tatis
2241 4985 2339 5036 sub
2387 4983 2540 5039 titulo
2575 4983 2810 5040 fratrum
2871 4985 3108 5040 nominis
3150 4986 3370 5054 gradus.
3403 4986 3638 5052 Quartus

2059 5089 2217 5142 vero,
2271 5090 2429 5144 quem
2481 5077 2702 5132 fratrem
2749 5079 2923 5149 patris
2978 5079 3256 5148 nominat,
3298 5090 3476 5150 potest
3524 5082 3640 5134 for-

2070 5167 2232 5220 tassis
2278 5167 2501 5238 intelligi
2555 5169 2643 5224 ille
2701 5173 2834 5226 ordo
2888 5171 3205 5240 hominum,
3247 5173 3336 5242 qui
3381 5173 3562 5227 audita
3606 5186 3640 5226 a

1453 5279 1499 5310 ⁵⁸
1531 5278 1548 5330 Ι
1584 5277 1718 5347 Reg.
1753 5295 1884 5344 xxv,
1912 5279 2002 5333 57.
2062 5281 2108 5312 δ’
2139 5279 2327 5333 Matth.
2360 5296 2494 5346 xxn,
2527 5283 2627 5347 MJ

2071 5371 2271 5446 £105.}.
2295 5355 2384 5446 ξιτ,
2415 5391 2433 5423 t
2463 5377 2670 5441 umbra,
2701 5395 2718 5426 ι
2748 5387 2799 5430 et
2822 5385 2918 5438 n5,
2957 5397 2975 5428 ‹
3011 5394 3092 5442 os,
3115 5380 3246 5434 oris.
3282 5397 3298 5428 ι

2121 5442 2245 5521 ,(12)
2286 5443 2466 5499 Codex
2511 5446 2695 5500 Sancti
2738 5448 3061 5503 Theoderici
3114 5447 3418 5511 Remensis,
3465 5463 3484 5496 ‹
3543 5447 3631 5501 in-

2067 5519 2357 5566 trinsecus.
2384 5533 2401 5564 ι

2135 5581 2249 5656 (te)
2289 5581 2447 5648 Mss.,
2501 5603 2521 5636 σ
2549 5584 2676 5640 huic
2721 5584 3024 5656 proximus.
3055 5607 3074 5640 ι
3125 5587 3278 5644 Libb.
3306 5573 3473 5648 editi,
3515 5599 3536 5634 ι
3568 5584 3643 5641 iis

2063 5653 2364 5718 proximus.
2389 5671 2410 5704 ι
