4074 6156
409 285 522 344 735

408 508 606 547 manus
633 502 753 549 luas
780 509 944 563 super
969 513 1112 563 eum,
1136 508 1191 553 et
1213 509 1419 556 statues
1444 519 1565 558 eum
1600 520 1786 560 coram
1830 506 1984 561 Elea-

406 598 542 638 zaro
583 585 883 647 sacerdote.
919 597 973 641 et
1016 599 1283 658 praecepta
1326 591 1453 645 dato
1495 594 1543 649 ei
1589 594 1642 648 in
1689 607 1980 665 conspectu

407 675 579 729 tctius
618 690 920 747 synagogas,
949 688 1001 733 et
1028 679 1262 750 praecipe
1298 682 1363 736 de
1409 685 1525 751 ipso
1564 700 1748 739 coram
1796 688 1898 750 eis,
1927 696 1983 743 et

405 765 570 821 dabis
595 767 897 825 claritatem
937 780 1080 825 tuam
1107 787 1267 840 super
1292 772 1465 838 illum,
1492 784 1551 829 ut
1574 777 1793 831 audiam
1828 779 1977 833 illum

406 857 506 912 ﬁlii
538 859 729 914 Israel.
758 880 777 913 ι
808 862 978 917 Audis
999 865 1277 919 evidenter
1301 867 1693 923 ordinationem
1720 873 1980 942 principis

407 951 597 1019 populi
637 962 746 1005 tam
782 954 1069 1010 manifeste
1110 957 1461 1026 descriptam,
1500 970 1556 1012 ut
1597 975 1733 1030 pene
1773 965 1982 1033 exposi-

408 1039 559 1094 tione
586 1056 692 1095 non
721 1051 898 1112 egeat.
922 1043 1080 1098 Nulla
1108 1045 1198 1100 hic
1222 1047 1402 1116 populi
1441 1050 1788 1115 acclamatio,
1835 1054 1978 1109 nulla

405 1134 908 1200 consanguinitatis
936 1137 1097 1204 ratio,
1141 1141 1284 1193 nulla
1330 1144 1749 1214 propinquitatis
1792 1147 1980 1202 habita

406 1226 799 1292 contemplatio
834 1238 936 1283 est.
983 1229 1314 1302 Propinquis
1358 1250 1612 1305 agrorum
1657 1248 1713 1294 et
1756 1242 1981 1310 praedio-

404 1329 530 1368 rum
576 1316 917 1387 relinquatur
959 1320 1249 1379 hzercditas
1276 1342 1289 1379 :
1319 1328 1639 1397 gubernatio
1684 1332 1863 1400 populi
1901 1333 1977 1387 illi

406 1408 685 1472 tradatur,
711 1426 872 1481 quem
902 1412 1042 1467 Deus
1067 1414 1293 1484 elegerit
1320 1436 1334 1472 :
1366 1420 1570 1475 homini
1599 1422 1808 1477 scilicet
1853 1423 1976 1491 tali,

403 1504 498 1567 qui
546 1502 728 1567 habet,
781 1504 925 1560 sicut
971 1506 1231 1577 scriptum
1277 1513 1537 1579 audistis,
1583 1514 1637 1568 in
1681 1517 1979 1585 semetipso

401 1588 675 1659 Spiritum
724 1594 821 1649 Dei
872 1605 928 1650 et
974 1608 1244 1669 przecepta
1290 1600 1384 1655 Dei
1434 1604 1487 1656 in
1521 1615 1812 1674 conspectu
1860 1606 1978 1673 ejus

400 1695 549 1755 sunt,
575 1698 629 1743 et
663 1689 754 1758 qui
794 1688 961 1759 Moysi
992 1691 1147 1746 valde
1187 1704 1348 1750 notus
1388 1704 1444 1748 et
1476 1694 1759 1752 lamiliaris
1799 1698 1890 1765 sit,
1922 1698 1975 1753 id

1578 295 1643 350 [Ν
1679 295 2009 355 NUMEROS
2039 299 2324 358 IlOMILlA
2352 301 2541 358 XXIII.

407 401 506 468 qui
552 400 715 456 habet
764 400 1027 472 Spiritum
1076 405 1169 461 Dei
1213 408 1264 462 in
1312 410 1626 481 semetipso,
1654 424 1709 466 et
1743 415 1986 484 impones
2013 422 2058 478 Α

3548 309 3655 367 ἲςίῦ

2620 416 2896 474 HOMILIA
2937 418 3121 475 XXIII.

2085 507 2162 563 De
2208 525 2268 562 ea
2316 510 2756 582 quodﬂscriptum
2804 521 2879 582 est
2919 528 2938 565 :
2981 531 2999 563 ι
3044 512 3266 566 Munera
3319 530 3472 582 mea,
3520 519 3649 575 data

2311 596 2423 632 mea
2447 578 2516 643 ⁷³,
2541 598 2559 631 ι
2590 590 2637 635 ει
2665 581 2729 633 de
2756 581 3057 636 diversitate
3087 583 3454 651 festivitatum.

2156 690 2208 755 1,.
2249 690 2304 744 Si
2349 690 2660 748 observatio
2708 696 3139 761 sacrificiorum,
3187 707 3241 751 et
3288 698 3533 757 instituta
3564 701 3648 758 le-

2082 784 2244 855 galia,
2278 800 2398 852 quae
2428 786 2482 839 in
2520 796 2641 857 typo
2676 788 2796 844 data
2842 799 2969 844 sunt
3009 790 3205 858 populo
3241 789 3430 859 Israel,
3475 811 3648 866 usque

2082 877 2147 930 ad
2180 890 2421 945 praesens
2465 886 2676 947 tempus
2708 891 2860 935 stare
2901 881 3236 949 potuissent,
3284 886 3647 945 exclusissent

2082 966 2201 1021 sine
2236 966 2400 1021 dubio
2446 966 2719 1038 Evangelii
2767 971 2923 1023 ﬁdem
2972 986 3069 1037 per
3106 986 3266 1039 quam
3304 987 3371 1028 ex
3411 979 3644 1033 adventu

2084 1058 2295 1113 Domini
2327 1060 2495 1113 nostri
2533 1059 2658 1114 Jesu
2696 1060 2897 1116 Christi
2943 1072 3131 1130 gentes
3156 1077 3551 1123 Convertuntur
3576 1072 3645 1127 ad

2081 1149 2272 1204 Deum.
2300 1149 2427 1203 Erat
2452 1150 2595 1204 enim
2635 1152 2686 1205 in
2721 1152 2828 1207 illis
2854 1169 2974 1222 quae
3024 1162 3151 1208 tunc
3188 1156 3641 1231 observabautur,

2081 1241 2363 1311 magniﬁca
2392 1241 2661 1310 quaedam,
2703 1251 2757 1296 et
2788 1244 2953 1299 totius
2993 1246 3314 1301 reverentiae
3353 1247 3510 1316 plena
3556 1266 3646 1307 re-

2081 1332 2228 1403 ligio,
2272 1346 2393 1402 qua:
2418 1348 2485 1387 ex
2516 1333 2634 1402 ipso
2669 1335 2828 1388 etiam
2862 1336 3037 1405 primo
3066 1347 3288 1407 aSpectu
3332 1339 3647 1412 obstupefa-

2080 1436 2233 1481 ceret
2269 1428 2552 1482 intuentes.
2587 1427 2720 1495 Quis
2749 1430 2892 1483 euim
2938 1430 3127 1486 videns
3173 1432 3331 1498 illud,
3369 1437 3513 1504 quod
3547 1452 3649 1506 ap-

2080 1517 2380 1587 pellabatur
2449 1523 2821 1575 sanctuarium
2850 1522 2967 1578 sive
2994 1525 3320 1593 sacrarium,
3349 1539 3403 1582 et
3430 1529 3646 1586 intuens

2078 1610 2268 1674 altare,
2297 1618 2533 1666 astantes
2559 1612 2721 1665 etiam
2751 1615 3066 1671 sacerdotes
3092 1618 3359 1673 sacriﬁcia
3389 1634 3646 1675 consum-

2079 1710 2310 1765 mantes,
2335 1718 2657 1772 omnemque
2696 1707 2942 1760 ordinem
2978 1722 3089 1775 quo
3116 1719 3309 1764 cuncta
3351 1709 3444 1765 illa
3486 1726 3644 1782 gere-

398 1787 510 1840 est,
544 1777 596 1831 in
635 1793 742 1847 quo
769 1781 840 1833 sit
874 1780 1094 1835 claritas
1125 1780 1258 1853 legis
1285 1794 1340 1838 et
1383 1785 1634 1861 scientia,
1678 1796 1735 1840 ut
1764 1788 1974 1856 possint
2003 1779 2046 1835 Β
2075 1790 2274 1846 bantur
2289 1792 2575 1861 aspiciens,
2595 1809 2697 1847 non
2724 1804 2937 1863 putaret
2960 1796 3333 1865 plenissimum
3359 1777 3514 1856 hunc
3523 1816 3644 1858 esse

397 1883 527 1923 enin
568 1872 757 1924 audire
791 1870 885 1926 ﬁlii
929 1872 1113 1927 Israel.
1159 1872 1357 1929 Verum
1398 1877 1650 1945 quoniam
1697 1878 1974 1951 mysteriis

398 1971 602 2016 cuncta
634 1962 833 2017 referta
872 1975 1020 2031 sunt,
1045 1982 1149 2021 non
1180 1983 1465 2037 possumus
1500 1984 1620 2040 quae
1649 1972 1974 2039 pretiosiora

398 2062 531 2107 sunt
583 2054 863 2123 omittere,
916 2060 1126 2113 etiamsi
1183 2061 1296 2114 haec
1347 2076 1469 2130 quae
1530 2063 1824 2117 secundum
1884 2064 1975 2120 lit-

401 2141 577 2198 teram
616 2149 964 2218 mandantur,
1015 2153 1323 2207 necessaria
1374 2155 1660 2209 videantur
1698 2164 1754 2211 et
1795 2156 1969 2211 utilia.

395 2233 819 2294 Consideremus
844 2254 973 2309 ergo
997 2257 1116 2309 quae
1151 2242 1220 2296 sit
1247 2242 1447 2313 Moysis
1491 2260 1659 2312 mors,
1689 2244 1813 2300 ﬁnis
1857 2248 1974 2303 sine

396 2329 566 2385 dubio
600 2330 733 2399 legis
763 2353 773 2387 ε
801 2335 893 2387 sed
921 2334 1053 2403 legis
1088 2334 1228 2389 illius
1256 2352 1374 2405 quae
1405 2339 1700 2393 secundum
1737 2338 1969 2394 litteram

395 2422 618 2478 dicitur.
660 2424 791 2491 Quis
836 2435 1018 2481 autem
1065 2425 1181 2497 ejus
1225 2429 1349 2483 linis
1392 2430 1510 2484 est?
1568 2429 1968 2487 Sacriﬁciorum

394 2514 607 2569 scilicet
651 2516 997 2586 interruptio,
1026 2530 1082 2572 et
1128 2528 1451 2574 caeterorum
1504 2537 1624 2591 quas
1667 2523 1830 2578 simili
1869 2526 1968 2578 oh-

396 2607 671 2660 servantia
704 2609 1033 2663 mandantur
1059 2609 1110 2663 in
1156 2609 1293 2678 lege.
1334 2612 1459 2667 llaec
1501 2628 1630 2684 ergo
1668 2615 1758 2670 ubi
1805 2615 1965 2671 ﬁnem

395 2697 688 2767 accipiunt,
717 2697 878 2753 Jesus
905 2701 1131 2771 suscipit
1158 2703 1519 2773 principatum
1546 2724 1561 2759 :
1599 2724 1618 2757 ‹
1647 2706 1796 2764 Finis
1821 2710 1964 2763 enim

394 2786 531 2856 legis
574 2788 826 2843 Christus
872 2791 939 2844 ad
972 2791 1242 2858 justitiam
1282 2794 1428 2847 omni
1476 2796 1717 2850 credenti
1740 2798 1806 2852 ⁸³.
1835 2817 1856 2849 ›
1900 2798 1968 2854 Ει

392 2879 539 2932 sicut
558 2880 623 2932 de
643 2880 918 2949 prioribus
942 2882 1143 2934 dictum
1173 2890 1271 2947 est,
1297 2885 1421 2953 quia
1447 2904 1466 2936 ι
1488 2902 1677 2942 omnes
1703 2887 1755 2941 in
1782 2888 1967 2961 Moyse

394 2972 651 3040 liaptizati
687 2982 814 3027 sunt
839 2975 891 3028 in
921 2973 1062 3030 nube
1091 2977 1229 3031 etvin
1266 2979 1398 3031 mari
1425 2979 1502 3046 '°;
1530 2998 1548 3030 ι
1582 2982 1652 3033 ita
1674 2990 1727 3034 et
1751 2983 1817 3036 de
1840 2982 1965 3039 Jesu

389 3064 595 3119 dicitur
621 3062 755 3138 (l7),
781 3066 907 3136 quia
934 3083 1123 3123 omnes
1172 3071 1223 3123 in
1263 3067 1389 3124 Jesu
1438 3070 1694 3140 haptizati
1740 3085 1868 3129 sunt
1911 3076 1962 3130 in

388 3156 598 3224 Spiritu
627 3167 814 3213 sancto
832 3169 887 3213 et
907 3176 1066 3229 aqua.
1086 3158 1244 3216 Iesus
1268 3178 1501 3233 namque
1527 3175 1630 3229 est,
1648 3167 1740 3235 qui
1773 3169 1965 3224 transit

388 3263 562 3315 aquas
584 3246 856 3314 Iordanis,
882 3260 937 3305 et
961 3250 1013 3306 in
1041 3253 1174 3321 ipsis
1194 3255 1715 3324 quodanuuodojam
1743 3267 1850 3313 tum
1877 3276 1964 3329 po-

389 3337 577 3405 pulum
605 3340 850 3409 baptizat
874 3355 889 3394 :
916 3351 971 3395 et
1003 3341 1116 3411 ipse
1141 3353 1224 3398 est
1264 3345 1354 3414 qui
1387 3354 1583 3401 terram
1609 3349 1958 3418 hatreditatis,

388 3438 592 3486 terram
610 3444 850 3488 sanctam
873 3435 1107 3502 partitur
1124 3437 1412 3500 universis.
1429 3454 1533 3494 non
1554 3440 1721 3509 priori
1740 3445 1959 3513 populo,

387 3525 487 3579 sed
534 3527 787 3580 secundo.
828 3527 985 3581 I‘rior
1017 3527 1159 3581 enim
1187 3528 1417 3599 populus
1455 3540 1676 3600 propter
1703 3538 1960 3601 praevari-

386 3617 661 3672 cationem
701 3633 855 3672 suam
903 3618 1103 3673 cecidit
1144 3621 1196 3673 in
1227 3621 1466 3678 deserto.
1502 3623 1577 3677 De
1613 3622 1740 3679 Jesu
1778 3637 1957 3682 autem

390 3709 732 3780 temporibus
756 3711 977 3778 dicitur,
1001 3715 1130 3781 quia
1160 3729 1179 3764 ι
1210 3721 1357 3767 terra
1382 3715 1589 3782 quievit
1610 3730 1639 3770 a
1669 3717 1901 3785 bellis“;
1932 3738 1952 3773 ι

386 3803 533 3870 quod
568 3801 736 3873 Moysi
770 3810 1013 3874 tempore
1039 3803 1147 3857 dici
1194 3818 1300 3858 non
1350 3807 1545 3874 potuit.
1578 3806 1683 3862 Sed
1727 3812 1793 3864 de
1832 3809 1958 3866 Jesu

383 3893 496 3949 hac
534 3893 731 3947 dicitur
755 3908 876 3948 meo
899 3893 1146 3958 Domino,
1189 3910 1296 3949 non
1324 3896 1419 3950 illo
1445 3895 1610 3952 Nave.
1645 3899 1824 3967 Atque
1852 3903 1961 3955 uti-

387 4005 515 4045 nam
548 4006 665 4044 mea
696 3999 839 4045 terra
867 4000 1042 4046 cesset
1067 4005 1096 4044 a
1128 3990 1302 4046 bellis.
1345 3991 1412 4046 Et
1452 4006 1666 4048 cessare
1697 4006 1879 4064 posset
1911 3995 1956 4050 si

381 4100 488 4154 ego
513 4081 635 4139 Jesu
663 4083 893 4155 principi
933 4098 1054 4138 meo
1082 4083 1312 4137 ﬁdeliter
1352 4084 1668 4139 militarem.
1705 4085 1761 4140 Si
1810 4087 1953 4141 enim

386 4193 608 4248 paream
651 4192 772 4232 meo
804 4176 1035 4232 Domino
1058 4175 1215 4241 Jesu,
1244 4191 1518 4244 nunquam
1560 4188 1690 4230 caro
1728 4192 1846 4231 mea
1877 4178 1957 4232 in-

383 4279 572 4341 surget
596 4271 859 4325 adversus
894 4271 1142 4340 spiritum
1186 4284 1389 4333 meum,
1418 4283 1518 4323 nec
1547 4267 1954 4339 impugnabitur

385 4374 536 4419 terra
566 4379 684 4419 mea
724 4364 791 4419 ab
817 4362 1144 4418 adversariis
1172 4361 1448 4432 gentibus,
1477 4360 1711 4415 diversis
1748 4361 1955 4415 scilicet

379 4456 844 4526 concupiscentiis
885 4455 1180 4511 stimulata.
1230 4453 1461 4509 Oremus
1501 4468 1652 4523 ergo,
1697 4464 1756 4506 ut
1794 4452 1952 4508 Jesus
1985 4486 2031 4545 ο

384 4558 576 4618 regnet
614 4563 776 4620 super
811 4563 933 4614 nos,
974 4556 1030 4601 et
1060 4553 1239 4600 cesset
1284 4554 1430 4600 terra
1478 4554 1665 4600 nostra
1705 4562 1734 4598 a
1774 4545 1949 4610 bellis,

380 4651 562 4698 cesset
603 4642 671 4696 ab
718 4638 1219 4711 impugnationibus
1280 4635 1582 4692 carnalium
1650 4637 1951 4692 desiderio-

379 4748 503 4789 rum
539 4751 553 4786 :
594 4743 650 4786 et
691 4747 814 4787 cum
865 4732 970 4787 ista
1014 4729 1533 4797 cessaverint,tunc
1582 4727 1954 4797 unusquisque

382 4825 689 4895 requiescet
715 4825 814 4877 sub
838 4825 946 4877 vite
968 4837 1086 4887 sua,
1111 4833 1165 4876 et
1191 4823 1290 4876 sub
1315 4821 1419 4876 ﬁcu
1446 4811 1567 4884 sua',
1594 4829 1650 4875 et
1677 4818 1778 4874 sub
1804 4818 1948 4872 oliva

378 4932 478 4971 sua
502 4919 571 4972 ⁷⁸.
600 4916 714 4973 Sub
740 4916 1043 4971 velamento
1080 4914 1225 4970 enim
1253 4914 1454 4981 Patris,
1489 4922 1544 4967 et
1569 4911 1715 4976 Filii,
1743 4922 1801 4967 et
1828 4910 1951 4979 Spi-

381 5011 524 5067 ritus
568 5010 739 5067 sancti
778 5009 1082 5077 requiescet
1130 5007 1308 5060 anima
1334 5047 1348 5072 ,
1385 5020 1743 5076 quepacem
1788 5004 1844 5057 in
1890 5017 1950 5058 se

381 5105 784 5172 recuperaverit
812 5102 995 5157 carnis
1037 5116 1103 5155 ac
1150 5099 1396 5168 spiritus.
1443 5096 1551 5165 Ipsi
1602 5103 1809 5151 aeterno
1838 5094 1949 5148 Deo

379 5194 551 5265 gloria
577 5193 630 5248 in
655 5192 849 5250 saecula
876 5191 1216 5249 seculorum.
1241 5190 1437 5244 Amen.

1130 5308 1199 5321 _

451 5497 497 5530 ”
536 5497 693 5554 Rom.
737 5513 792 5557 κ.
822 5496 877 5549 4.

406 5581 493 5634 ttt.
518 5573 571 5635 1,
592 5570 648 5625 2.
743 5568 789 5601 ⁷⁵
811 5566 971 5621 Num.
1000 5579 1189 5627 xxvut,
1210 5561 1260 5627 l,
1288 5563 1341 5627 2,
1369 5562 1423 5615 5.

459 5754 568 5828 (17.)
606 5754 761 5818 M..s.,
796 5772 814 5806 ι
845 5753 1097 5808 dicitur.»
1133 5749 1286 5804 Libb.
1312 5747 1465 5814 editi,
1498 5763 1516 5799 ι
1548 5745 1783 5800 dicatur.
1806 5759 1825 5791 ι
1857 5791 1861 5795 .

700 5852 970 5913 Punon.
1017 5846 1133 5907 Cu.
1177 5847 1320 5907 ΧΗ.

2076 1882 2258 1945 ritum,
2287 1898 2393 1952 quo
2418 1880 2561 1937 Deus
2586 1894 2802 1939 creator
2824 1886 3063 1940 omnium
3088 1886 3156 1940 ab
3179 1887 3415 1942 humano
3444 1905 3644 1961 genere

2074 1972 2176 2029 coli
2197 1974 2451 2029 deberet?
2469 1973 2571 2029 Sed
2591 1976 2795 2045 gratias
2812 1977 3063 2032 adventui
3083 1979 3309 2045 Christi,
3326 1983 3417 2051 qui
3433 1984 3643 2039 animas

2076 2076 2291 2121 nostras
2321 2067 2558 2122 avellens
2581 2068 2648 2121 ab
2674 2068 2776 2122 hoc
2803 2069 3020 2134 intuitu,
3052 2070 3118 2125 ad
3146 2073 3639 2129 considerationem

2073 2155 2233 2226 357
2271 2156 2572 2211 caelestium
2617 2165 2671 2212 et
2714 2158 3220 2228 contemplationem
3256 2177 3437 2217 rerum
3481 2164 3645 2235 spiri-

2075 2246 2259 2299 talium
2292 2246 2544 2312 contulit,
2574 2255 2627 2301 et
2656 2247 2923 2302 destruxit
2950 2249 3171 2319 quidem
3195 2251 3281 2306 illa
3306 2268 3425 2323 qua:
3445 2269 3643 2320 magna

2072 2337 2396 2394 videbantur
2442 2340 2499 2393 in
2551 2339 2750 2402 terris,
2797 2338 3111 2412 cultumque
3147 2343 3237 2399 Dei
3271 2360 3301 2399 a
3336 2346 3643 2404 visibilibus

2071 2430 2139 2486 ad
2170 2429 2465 2485 invisibilia
2503 2429 2800 2496 transtulit,
2827 2442 2883 2487 et
2913 2448 2940 2486 a
2969 2435 3357 2505 temporalibus
3385 2440 3451 2494 ad
3477 2451 3644 2499 teter-

2070 2539 2161 2577 na.
2196 2524 2300 2578 Sed
2346 2538 2538 2578 revera
2589 2524 2706 2593 ipse
2764 2524 3023 2579 Dominus
3080 2523 3236 2581 Jesus
3287 2526 3537 2586 Christus
3583 2544 3641 2589 et

2071 2630 2232 2670 aures
2271 2615 2500 2683 requirit
2531 2630 2652 2684 quae
2682 2617 2797 2670 haec
2833 2616 3055 2670 audiant
3102 2625 3158 2671 et
3188 2617 3374 2674 oculos
3403 2622 3493 2690 qui
3527 2624 3643 2682 haec

2071 2707 2305 2761 videant.
2342 2706 2496 2763 Unde
2521 2718 2575 2764 et
2602 2722 2701 2762 nos
2736 2722 2879 2762 nunc
2921 2707 3092 2777 legem
3140 2708 3323 2763 datam
3358 2725 3457 2780 per
3483 2711 3643 2787 Moyu

2069 2813 2179 2853 sem
2207 2799 2468 2855 habentes
2496 2800 2548 2851 in
2584 2798 2854 2864 manibus,
2877 2807 2931 2853 et
2953 2797 3196 2855 volentes
3211 2815 3331 2857 eam
3354 2807 3645 2864 ostendero

2070 2893 2242 2961 legem
2276 2906 2397 2946 esse
2427 2892 2723 2965 spiritalem
2754 2930 2768 2955 ,
2806 2906 2966 2946 aures
3003 2907 3032 2945 a
3080 2893 3234 2949 vobis
3262 2905 3317 2950 et
3344 2899 3530 2955 oculos
3560 2908 3641 2954 ta-

2068 2977 2145 3035 les
2176 2983 2522 3052 requirimus,
2567 2982 2658 3052 qui
2701 2996 2806 3036 non
2839 2982 2903 3034 ad
2942 2981 3032 3037 illa
3063 2998 3182 3053 qua:
3212 2995 3337 3041 sunt
3359 2987 3638 3045 destructa

2070 3073 2386 3143 respiciant,
2414 3074 2507 3128 sed
2535 3073 2628 3142 qui
2665 3070 2735 3126 ibi
2768 3073 2882 3127 haec
2911 3073 3214 3144 requirant,
3260 3075 3346 3131 ubi
3389 3076 3641 3136 Christus

2071 3176 2155 3220 est
2208 3166 2261 3219 in
2295 3165 2482 3220 dextra
2526 3164 2620 3219 Dei
2672 3165 2891 3232 sedens,
2920 3175 2975 3218 et
3001 3179 3121 3234 qua:
3150 3179 3365 3222 sursum
3396 3179 3521 3224 sunt
3549 3185 3638 3224 sa-

2069 3259 2241 3328 piant,
2278 3273 2381 3312 non
2410 3272 2530 3327 quae
2564 3266 2691 3319 sunt
2724 3271 2894 3325 supra
2930 3263 3109 3311 terras
3135 3257 3202 3312 ⁷⁵.
3236 3256 3479 3313 Sulliciat
3507 3275 3635 3331 ergo

2070 3350 2170 3402 ista
2215 3350 2548 3418 praefationis
2596 3348 2715 3403 loco
2759 3363 2860 3419 pro
2906 3347 2971 3402 iis
3007 3362 3132 3417 quae
3163 3349 3394 3406 dicenda
3421 3362 3569 3420 sunt,
3602 3369 3638 3411 a

2069 3439 2225 3494 nobis
2254 3454 2373 3493 esse
2405 3437 2703 3509 prauuissa.

2138 3529 2191 3583 Ξ.
2222 3529 2374 3584 Nunc
2399 3541 2579 3585 autem
2616 3533 2683 3586 ad
2710 3545 2771 3586 ea
2796 3529 2928 3599 jam,
2975 3545 3096 3599 quae
3129 3531 3330 3600 scripta
3355 3541 3504 3598 sunt,
3541 3548 3637 3590 ve.

2068 3622 2303 3675 niamus.
2359 3639 2378 3672 ι
2416 3621 2481 3674 Ει
2524 3624 2737 3677 locutus
2787 3630 2911 3686 est,
2972 3621 3147 3690 inquit
3175 3623 3242 3687 ⁷⁵,
3280 3623 3538 3678 Dominus
3567 3625 3639 3679 ad

2067 3714 2289 3785 Moysen
2319 3714 2506 3769 dicens
2537 3732 2552 3767 :
2586 3714 2831 3782 Praccipe
2883 3712 3007 3768 ﬁliis
3065 3713 3251 3782 Israel,
3289 3724 3346 3770 et
3388 3716 3538 3771 dices
3569 3718 3637 3772 ad

2065 3824 2162 3862 eos
2191 3822 2205 3859 :
2241 3807 2462 3861 Munera
2501 3821 2640 3870 mea,
2684 3806 2805 3859 data
2835 3819 2976 3871 mea,
3012 3804 3221 3861 hostias
3243 3821 3394 3861 meas
3421 3808 3473 3861 in
3505 3808 3637 3862 odo-

2064 3914 2177 3955 rem
2233 3899 2518 3954 suavitatis
2563 3898 2872 3964 observate,
2903 3905 2962 3950 ut
2991 3896 3231 3952 oll‘eratis
3268 3897 3400 3952 mihi
3433 3899 3486 3953 in
3521 3900 3638 3955 die.

2064 3993 2165 4048 bus
2184 3993 2335 4048 festis
2359 3991 2509 4054 meis,
2531 4000 2584 4044 et
2599 3991 2746 4045 dices
2769 3989 2835 4043 ad
2858 4003 2986 4043 eos:
3009 3987 3100 4042 Hie
3118 3996 3241 4043 sunt
3268 3989 3458 4045 hostia:
3474 4006 3632 4056 meat,
3673 4006 3682 4013 '

2064 4101 2197 4155 quas
2232 4083 2478 4140 offeratis
2504 4083 2753 4138 Domino.
2787 4101 2806 4132 ι
2843 4078 3012 4135 Nemo
3042 4094 3195 4134 suum
3241 4080 3443 4151 aliquid
3475 4082 3635 4139 olfert

2061 4177 2193 4243 Deo,
2229 4179 2323 4231 sed
2359 4176 2502 4245 quod
2538 4173 2694 4227 oll'ert
2727 4170 2935 4226 Domini
2971 4175 3055 4225 ett
3079 4210 3095 4237 ,
3142 4180 3209 4226 et“
3235 4188 3340 4226 non
3390 4183 3499 4227 tam
3532 4189 3630 4229 sua
3678 4172 3681 4179 ’

2060 4269 2184 4339 quis
2235 4266 2391 4323 oﬂ‘ert
2442 4266 2571 4329 Deo,
2607 4279 2768 4334 quam
2808 4263 2908 4332 ipsi
2952 4278 3074 4333 qua:
3120 4277 3216 4317 sua
3269 4272 3397 4319 sunt
3430 4266 3628 4321 reddit.

2060 4363 2358 4431 Propterea
2399 4374 2530 4429 ergo
2582 4356 2770 4411 volens
2819 4356 3082 4410 Dominus
3131 4356 3530 4411 sacriﬁciorum
3572 4369 3630 4412 et

2063 4469 2343 4510 munerum
2390 4449 2790 4505 oﬁerendorum
2837 4447 2941 4502 sibi
2996 4446 3066 4501 ab
3121 4446 3434 4503 hominibus
3478 4447 3627 4518 leges

2057 4547 2318 4607 scribere,
2375 4541 2552 4612 primo
2599 4540 2840 4594 omnium
2875 4539 3137 4608 ipsorum,
3179 4552 3299 4607 quae
3350 4536 3629 4595 offerenda

2056 4645 2235 4699 erant,
2295 4635 2471 4704 aperit
2524 4631 2788 4685 rationem
2830 4639 2886 4685 et
2934 4631 3067 4685 dicit
3101 4647 3116 4685 :
3150 4647 3171 4681 ι
3208 4629 3429 4684 Munera
3481 4646 3624 4694 mea,

2058 4728 2181 4783 data
2215 4739 2356 4791 mea,
2387 4723 2655 4780 sacriﬁcia
2683 4736 2802 4776 mea
2856 4722 2909 4775 in
2951 4720 3173 4777 odorem
3211 4721 3493 4776 suavitatis
3524 4722 3628 4774 ob-

2056 4826 2306 4883 servate,
2353 4825 2413 4871 ut
2457 4814 2701 4872 oﬁ‘eratis
2747 4813 2878 4869 mihi
2912 4813 2966 4867 in
3000 4813 3190 4868 diebus
3216 4812 3368 4868 festis
3412 4812 3565 4868 meis.
3597 4827 3621 4864 s

2058 4910 2204 4974 llaec,
2238 4910 2432 4979 inquit,
2476 4921 2702 4962 munera
2745 4906 2811 4961 de
2843 4905 3039 4975 quibus
3071 4905 3223 4960 vobis
3257 4914 3626 4976 praeceptum:

2052 5017 2174 5058 sum
2205 5011 2265 5057 ut
2289 5001 2534 5056 offeratis
2582 4999 2715 5055 mihi
2765 5000 2819 5053 iu
2871 4998 3066 5055 diebus
3104 4998 3261 5054 festis
3303 4998 3459 5063 meis,
3493 4997 3622 5050 data

2053 5111 2169 5151 mea
2207 5104 2359 5161 sunt,
2388 5095 2491 5149 hoc
2517 5103 2633 5159 est,
2673 5107 2702 5146 a
2737 5107 2823 5146 me
2849 5090 3007 5147 vobis
3037 5091 3249 5146 dantur.
3286 5089 3331 5142 Δ
3363 5103 3449 5142 me
3476 5087 3621 5142 enim

2051 5196 2248 5242 cuncta
2297 5201 2419 5255 quas
2464 5186 2625 5241 habet
2674 5183 2971 5238 humanum
3021 5182 3254 5252 percipit
3309 5192 3500 5248 genus.
3540 5174 3623 5229 Ne

2050 5276 2170 5335 auis
2198 5290 2329 5338 ergo
2360 5275 2416 5329 in
2455 5272 2753 5329 oﬁ'erendis
2798 5271 3116 5327 muneribus
3145 5269 3396 5326 beneﬁcii
3426 5280 3485 5322 se
3512 5263 3618 5319 alio

954 5494 1000 5527 "
1040 5492 1214 5546 lCor.
1246 5507 1300 5554 ι,
1334 5490 1390 5543 2.
1464 5489 1510 5521 "
1550 5485 1663 5541 los.
1712 5500 1803 5551 χι,
1849 5483 1944 5539 25.

2069 5487 2086 5517 ³
2139 5483 2206 5539 111
2266 5482 2398 5553 Reg.
2429 5496 2516 5549 ιν,
2552 5481 2642 5535 25.
2718 5479 2767 5512 ⁷³
2812 5476 3120 5544 Numam,
3156 5476 3249 5531 40.
3324 5473 3369 5506 ⁷⁸
3404 5467 3621 5528 Coloss.

3154 5836 3165 5843 '
3232 5821 3308 5887 24
