4074 6156
506 273 609 330 747

1974 267 2296 327 ORlGENiS

3651 268 3748 326 718

507 395 637 463 quid
686 392 933 449 conferre
961 392 1214 448 crederet
1250 382 1379 455 Deo,
1431 398 1486 446 et
1524 405 1621 460 per
1658 392 1762 446 hoc
1796 391 1993 460 impius
2024 391 2075 445 iu
2107 394 2153 450 Α
2181 392 2338 460 cujus
2373 392 2578 448 scilicet
2629 390 2789 447 verba
2839 407 2943 447 non
2991 391 3151 446 audio
3177 433 3191 458 ,
3227 397 3480 459 tanquam
3515 392 3741 447 mortui.
3784 372 3789 377 ’

504 503 572 543 eo
603 488 717 557 ipso
744 502 850 556 quo
870 487 1035 541 Deum
1066 484 1245 540 colere
1274 485 1555 539 videbatur
1594 483 1885 540 exsisteret
1926 482 2078 556 (quid

504 580 650 635 enim
679 591 786 633 tam
816 577 1040 646 impium
1075 592 1239 647 quam
1275 577 1318 631 si
1351 586 1503 647 putet
1557 577 1668 646 (l8)
1726 577 1888 632 homo
1929 577 2081 631 velut

504 672 767 739 indigenti
804 670 1007 741 aliquid
1042 686 1102 725 se
1124 681 1384 741 praestare
1413 671 1524 726 Deo
1544 670 1617 741 ?),
1655 671 1990 734 necessario,
2021 677 2082 725 ut

504 765 762 827 diximus,
786 763 939 830 prius
972 762 1165 817 edocet
1202 762 1504 823 hominem.
1536 777 1645 831 quo
1671 762 1806 816 sciat
1834 776 1893 816 se
1924 760 2082 831 quid-

502 856 631 925 quid
663 853 859 910 obtulit
897 852 1031 919 Deo,
1068 852 1297 906 reddere
1329 851 1381 906 id
1412 852 1460 905 ci
1503 852 1681 920 potius
1711 867 1875 921 quam
1911 850 2078 906 offer-

504 962 584 1003 re.
618 947 724 1002 Sed
753 956 806 1002 et
834 946 966 1000 illud
1000 945 1282 999 videamus
1309 944 1585 1013 quomodo
1609 945 1685 996 ait
1722 961 1735 999 :
1773 960 1793 994 (
1831 941 1961 1008 Quae
1992 941 2078 997 of-

503 1037 696 1094 feratis
726 1038 853 1093 mihi
882 1038 934 1092 in
959 1037 1150 1091 diebus
1182 1034 1332 1089 festis
1364 1034 1552 1088 meis.)
1581 1034 1749 1088 Habet
1777 1050 1905 1105 ergo
1938 1034 2080 1091 Deus

503 1131 620 1185 dies
653 1130 818 1185 festos
841 1129 1005 1183 suos?
1034 1127 1224 1182 Habet.
1257 1127 1348 1180 Est
1372 1127 1516 1180 enim
1543 1126 1590 1179 ei
1635 1141 1827 1195 magna
1864 1125 2078 1181 festivi-

504 1230 591 1275 tas
641 1221 877 1274 humana
932 1218 1098 1273 salus.
1158 1218 1271 1287 Ego
1322 1227 1454 1285 puto
1500 1215 1642 1284 quod
1688 1230 1785 1284 per
1836 1215 2079 1286 singulos

505 1325 749 1382 quosque
781 1309 1147 1372 credentium,
1199 1322 1296 1376 per
1335 1306 1579 1375 singulos
1632 1306 1722 1374 qui
1753 1315 2080 1360 convertuno

507 1415 597 1459 tur
635 1404 703 1459 ad
744 1403 938 1466 Deum,
964 1402 1054 1471 qui
1084 1400 1374 1469 proficiunt
1407 1400 1459 1451 in
1497 1398 1625 1464 ﬁde,
1665 1397 1934 1452 festivitas
1964 1398 2079 1450 ori-

506 1511 596 1554 tur
626 1497 859 1552 Domini.
894 1496 1180 1562 Quomodo
1211 1502 1371 1563 putas
1409 1493 1649 1547 laetificat
1679 1507 1825 1553 eum,
1862 1508 1981 1546 cum
2031 1493 2078 1548 is

503 1589 594 1660 qui
626 1588 800 1643 fuerat
833 1586 1157 1655 impudicus,
1204 1584 1263 1637 fit
1299 1593 1512 1644 castus,
1550 1592 1606 1637 et
1634 1584 1726 1653 qui
1775 1582 1954 1638 fuerat
1989 1584 2076 1637 in-

496 1680 699 1752 justus,
719 1679 988 1750 justitiam
1016 1678 1166 1741 colit,
1199 1685 1255 1730 et
1276 1677 1365 1745 qui
1400 1674 1575 1730 fuerat
1604 1675 1819 1745 impius,
1848 1674 2078 1731 edicitur

2182 485 2288 540 Sed
2338 496 2393 541 et
2440 487 2528 540 illa
2575 488 2872 542 humanum
2905 500 3073 555 genus
3107 484 3454 538 lamentantis
3497 483 3589 536 Dei
3646 496 3750 537 vox

2177 586 2263 632 est
2299 593 2403 647 qua
2436 578 2637 632 dicitur
2669 593 2764 648 per
2794 578 3113 646 prophetam
3148 577 3193 610 ⁷⁸
3222 594 3237 631 :
3274 593 3293 627 ι
3330 574 3441 628 Heu
3475 589 3581 637 me,
3612 589 3750 643 quo—

2179 670 2324 724 niam
2369 669 2548 725 factus
2581 686 2700 726 sum
2737 672 2878 725 sicut
2922 671 3009 739 qui
3056 677 3350 740 congregat
3395 667 3652 737 stipulam
3701 667 3752 720 in

2179 774 2378 826 messe,
2410 770 2464 815 ct
2497 762 2641 815 sicut
2674 775 2918 815 racemos
2954 760 3005 813 in
3039 759 3332 821 vindemia,
3362 758 3487 826 quia
3534 772 3641 811 non
3673 770 3755 812 est

2179 855 2349 922 spica,
2389 868 2565 923 neque
2616 854 2808 907 botrus
2857 851 2925 907 ad
2981 850 3190 903 edenda
3245 848 3623 919 primogenita.
3657 847 3752 904 Hei

2178 946 2310 999 mihi
2355 946 2557 1010 anima,
2587 945 2844 1015 quoniam
2894 944 3056 1013 periit
3110 951 3391 997 revertens
3424 956 3454 995 a
3485 950 3664 1007 terra,
3699 952 3755 997 et

2179 1038 2268 1106 qui
2318 1039 2555 1108 corrigat
2594 1037 2649 1090 in
2691 1036 3003 1091 hominibus
3048 1050 3152 1089 non
3187 1044 3291 1090 est.
3318 1053 3337 1086 ι
3369 1033 3584 1088 Domini
3629 1044 3756 1089 sunt

2179 1129 2297 1184 ista:
2320 1143 2498 1189 voces,
2534 1144 2707 1200 genus
2743 1129 3035 1181 humanum
3066 1126 3317 1197 lugentis.
3345 1124 3462 1193 Ipse
3486 1127 3634 1181 enim
3666 1140 3731 1180 ve

2179 1223 2259 1275 nit
2285 1220 2350 1275 ad
2372 1220 2730 1290 colligendam
2763 1237 3017 1286 messem,
3052 1231 3105 1275 et
3138 1220 3345 1275 invenit
3370 1220 3629 1290 stipulam
3658 1233 3754 1288 pro

2179 1327 2377 1377 messe,
2409 1321 2465 1365 et
2492 1313 2641 1366 venit
2668 1313 2733 1367 ad
2763 1314 3121 1384 colligendam
3154 1312 3508 1376 vindemiam,
3545 1312 3642 1366 sed
3676 1311 3759 1366 in-

2178 1404 2324 1455 Vt'ttil
2357 1418 2601 1457 racemos
2632 1419 2833 1473 paucos
2864 1419 2963 1474 pro
2998 1403 3265 1457 vindemia
3291 1442 3308 1469 ,
3340 1403 3621 1471 apostolos
3647 1403 3755 1459 sci-

2179 1493 2305 1549 licet
2345 1516 2356 1550 :
2400 1510 2535 1565 quos
2577 1514 2595 1546 ι
2631 1497 2733 1550 nisi
2767 1496 3025 1551 Dominus
3060 1496 3297 1550 Sabaoth
3325 1496 3639 1566 reliquisset
3667 1512 3759 1552 no-

2180 1586 2264 1642 bis
2294 1602 2479 1643 semen
2510 1589 2591 1651 3°,
2630 1607 2647 1640 ι
2672 1597 2725 1643 et
2750 1604 2977 1658 granum
3018 1589 3276 1643 frumenti
3320 1589 3424 1644 nisi
3462 1589 3759 1645 cecidisset

2180 1678 2234 1731 in
2273 1689 2470 1733 terram
2513 1690 2570 1732 ut
2617 1680 2852 1735 fructum
2908 1681 3202 1751 plurimum
3250 1681 3503 1747 faceret,
3562 1699 3581 1733 ι
3618 1683 3761 1737 sicut

500 1778 664 1850 pius?
716 1777 837 1832 lstre
877 1789 1068 1829 omnes
1101 1772 1434 1843 singulorum
1467 1785 1805 1840 quorumque
1839 1786 2075 1826 conver-
2109 1758 2152 1817 Β
2183 1772 2415 1825 Sodoma
2453 1769 2577 1825 facti
2622 1788 2871 1828 essemus
2907 1784 2962 1828 et
3006 1774 3146 1828 sicut
3198 1772 3501 1829 Gomorrha
3549 1775 3761 1830 similes

502 1871 730 1935 siones,
795 1865 1120 1921 festivitates
1196 1871 1459 1932 generant
1509 1860 1636 1915 Deo.
1691 1860 1801 1916 Nec
1850 1862 2072 1916 dubium

503 1974 683 2018 autem
724 1959 856 2031 quin
894 1967 949 2013 et
1000 1957 1264 2012 Dominus
1316 1965 1504 2010 noster
1557 1954 1718 2009 Jesus
1771 1954 2071 2018 Christus,

498 2054 598 2125 qui
624 2068 722 2122 pro
752 2052 927 2106 salute
956 2057 1141 2105 nostra
1172 2048 1334 2101 etiam
1381 2048 1699 2118 sanguinem
1729 2062 1885 2102 suum
1914 2048 2071 2112 fudit,

503 2155 631 2214 agat
662 2143 1015 2200 festivitatem
1057 2141 1347 2194 maximam
1377 2181 1393 2204 ,
1453 2154 1575 2195 cum
1615 2154 1793 2208 opera:
1841 2140 2071 2210 pretium

501 2238 652 2292 videt
703 2249 826 2290 esse
868 2232 1011 2302 quod
1061 2245 1119 2285 se
1162 2231 1505 2295 humiliavit,
1552 2238 1608 2287 et
1655 2232 1886 2286 formam
1929 2231 2074 2286 servi

501 2328 804 2398 suscipiens
848 2324 1030 2381 factus
1075 2332 1158 2380 cst
1199 2323 1458 2378 obediens
1496 2338 1666 2393 usque
1701 2324 1767 2378 ad
1822 2335 2072 2379 mortem.

498 2420 628 2491 Agit
672 2417 807 2473 festa
854 2416 1061 2486 pariter
1097 2426 1153 2472 et
1201 2413 1443 2484 Spiritus
1489 2424 1742 2478 sanctus,
1787 2415 1874 2469 ubi
1921 2415 2073 2484 plura

500 2512 602 2567 sibi
635 2510 782 2564 videt
811 2508 863 2562 in
900 2508 965 2561 iis
991 2507 1082 2576 qui
1122 2513 1519 2562 convertuntur
1546 2508 1612 2559 ad
1645 2505 1834 2567 Deum,
1875 2504 2071 2574 templa

501 2611 825 2675 praeparata.
856 2599 992 2655 Nam
1022 2600 1090 2654 de
1117 2601 1321 2670 angelis
1352 2599 1480 2670 quid
1507 2598 1709 2663 dicam,
1742 2598 1808 2652 ad
1841 2614 2069 2667 quorum

501 2695 848 2751 festivitatem
884 2691 1230 2756 laetantium,
1264 2690 1521 2745 dicuntur
1570 2691 1834 2745 accedere
1882 2704 2071 2745 onmes

500 2788 592 2857 qui
628 2791 1019 2841 convertuntur
1051 2782 1117 2834 ad
1164 2780 1483 2835 Dominum?
1514 2779 1623 2833 Ant
1678 2796 1783 2833 non
1828 2788 1912 2834 est
1968 2780 2071 2834 illis

502 2896 699 2951 magna
734 2875 1039 2939 festivitas,
1076 2888 1198 2927 cum
1255 2873 1512 2928 laetantur
1546 2893 1564 2925 ι
1603 2876 1655 2927 in
1708 2873 1846 2928 ccelo
1905 2889 2071 2942 super

500 2988 609 3028 uno
674 2981 962 3043 peccatore
1016 2970 1386 3042 pmnitentiam
1442 2977 1637 3034 agente
1688 2968 1858 3036 magis
1908 2981 2067 3034 quam

498 3079 664 3135 super
709 3064 1004 3133 nonaginta
1056 3076 1249 3117 novem
1288 3061 1453 3128 justis
1507 3060 1598 3128 qui
1654 3073 1759 3112 non
1826 3059 2071 3129 indigent

2180 1862 2495 1917 fuissemus.
2528 1881 2549 1916 ι
2591 1863 2807 1933 Angelis
2840 1879 3056 1934 quoque
3096 1864 3210 1927 Del,
3250 1866 3394 1919 sicut
3426 1881 3589 1934 supra
3617 1865 3759 1919 dixi-

2181 1970 2321 2018 mus,
2351 1954 2411 2009 ﬁt
2444 1956 2697 2026 gaudium
2746 1957 2797 2010 iu
2837 1958 2975 2012 cmlo
3002 1974 3167 2026 super
3192 1973 3298 2012 uno
3325 1969 3612 2027 peccatore
3644 1972 3759 2026 pm-

2181 2045 2466 2101 nitentiam
2502 2057 2714 2119 agente.
2749 2048 2971 2103 Certum
3006 2060 3089 2103 est
3136 2050 3279 2119 quod
3328 2049 3417 2103 ubi
3460 2063 3558 2117 pro
3595 2049 3759 2103 bonis

2179 2139 2372 2207 gaudia
2425 2149 2683 2209 aguntur,
2722 2139 2792 2194 ibi
2831 2156 2928 2209 pro
2965 2142 3258 2195 contrariis
3297 2140 3630 2195 lamentetur
3669 2141 3756 2195 :si

2179 2240 2309 2298 ergo
2344 2231 2581 2301 gaudent
2619 2246 2716 2300 pro
2747 2246 3030 2299 converso,
3063 2246 3289 2287 necesse
3319 2242 3402 2286 est
3439 2241 3499 2285 ιιι
3531 2232 3760 2302 lugeant

2179 2335 2279 2390 pro
2327 2332 2609 2392 peccante.
2635 2323 2929 2394 Propterea
2977 2339 3108 2393 ergo
3145 2325 3286 2394 quod
3340 2323 3505 2395 358
3547 2322 3760 2395 grande

2184 2430 2205 2464 ι
2242 2424 2522 2483 peccatum
2570 2417 2817 2484 peccavit
2859 2416 3181 2477 Jerusalem,
3214 2434 3233 2466 ι
3265 2418 3563 2469 secundant
3606 2416 3758 2485 quod

2179 2504 2439 2573 scriptum
2460 2514 2544 2559 est
2567 2505 2620 2559 in
2642 2504 3070 2567 Lamentatione,
3088 2524 3108 2559 ι
3135 2509 3185 2561 in
3212 2507 3576 2562 commotione
3608 2509 3757 2563 facta

2178 2597 2360 2663 est“,
2400 2615 2415 2647 ι
2451 2607 2504 2651 et
2526 2598 2803 2667 perierunt
2828 2615 3018 2654 omnes
3063 2598 3383 2654 festivitates
3406 2600 3521 2668 ejus
3550 2609 3602 2654 et
3636 2602 3758 2656 dies

2178 2688 2451 2743 solemnes
2481 2688 2596 2758 ejus
2628 2732 2644 2756 ,
2693 2691 2951 2758 quoniam
3008 2706 3186 2745 meum
3234 2690 3419 2745 Jesum
3473 2692 3756 2747 Christum

2174 2781 2514 2836 occiderunt.
2551 2781 2617 2836 Et
2651 2793 2936 2852 propterea
2970 2782 3099 2838 dicit
3128 2778 3194 2837 a'd
3228 2799 3322 2838 eos
3346 2785 3391 2815 “
3432 2807 3443 2839 :
3476 2803 3493 2835 ι
3519 2784 3759 2840 Neome-

2179 2874 2296 2929 nias
2331 2885 2541 2929 vestras
2570 2885 2626 2931 et
2658 2875 2894 2930 Sabbata
2928 2885 2984 2931 et
3022 2878 3137 2931 dies
3182 2878 3351 2932 festos
3389 2888 3602 2931 vestros
3634 2878 3757 2932 odit

2176 2966 2355 3019 anima
2387 2981 2523 3020 mea.
2558 2985 2575 3017 ι
2619 2966 2715 3021 llic
2757 2966 3000 3036 quidem,
3034 2968 3122 3022 ubi
3152 2970 3218 3022 de
3247 2970 3564 3023 muneribus
3599 2985 3753 3022 mau-

2179 3057 2360 3123 datur,
2413 3058 2503 3111 ubi
2541 3058 2719 3112 adhuc
2765 3058 2909 3112 nulla
2945 3069 3165 3128 peccata
3218 3070 3373 3124 sunt,
3421 3061 3537 3116 dies
3580 3060 3753 3115 festos

498 3126 818 3229 poinitentia
848 3126 937 3208 ⁷ἶῖ
972 3173 990 3207 ι
1021 3154 1201 3223 Agunt
1233 3126 1366 3221 ergo
1415 3126 1578 3205 etiam
1610 3148 1786 3218 angeli
1816 3126 1963 3203 diem
1994 3147 2075 3202 fc-
2100 3126 2143 3183 (ἶ
2178 3165 2327 3204 meos
2349 3150 2517 3215 dicit;
2549 3150 2638 3205 ubi
2668 3160 2847 3205 autem
2871 3126 3148 3219 peccatum
3182 3162 3288 3216 est,
3320 3168 3427 3207 non
3456 3169 3627 3219 meus,
3655 3155 3752 3208 sed

492 3257 668 3311 stum,
707 3245 953 3300 laetantes
988 3258 1151 3313 super
1185 3243 1249 3297 iis
1309 3243 1401 3310 qui
1437 3240 1765 3311 refugientes
1803 3242 2072 3294 consortia

500 3342 829 3403 daemonum,
870 3351 969 3407 per
1002 3335 1263 3391 exercitia
1306 3335 1572 3388 virtutum
1608 3334 1871 3401 angelicis
1902 3349 1959 3388 se
1992 3334 2073 3390 fe-

497 3432 705 3488 stinant
732 3431 948 3484 sociare
980 3425 1296 3482 consortiis.
1321 3423 1517 3477 Mirum
1550 3421 1783 3477 fortasse
1808 3423 1902 3488 sit,
1931 3423 2073 3493 quod

498 3524 686 3580 dicere
721 3521 847 3578 volo
881 3539 894 3575 :
935 3533 1154 3582 causas,
1187 3525 1249 3572 ut
1274 3516 1508 3581 videtur,
1541 3514 1854 3570 festivitatis
1886 3527 1941 3571 et
1980 3515 2073 3569 Ia:-

500 3616 634 3672 titize
684 3630 786 3672 nos
841 3613 951 3669 Deo
984 3621 1039 3667 et
1070 3611 1280 3678 angelis
1330 3609 1522 3664 damus
1551 3624 1565 3661 :
1598 3621 1698 3661 nos
1729 3606 2072 3663 occasionem

497 3710 700 3766 latitia:
739 3717 793 3763 et
837 3703 1218 3761 exsultationis
1249 3702 1303 3756 in
1337 3699 1497 3755 terris
1549 3698 1712 3769 positi
1758 3697 1896 3751 coelo
1932 3711 2073 3768 prae-

497 3803 709 3866 bemus,
735 3799 862 3855 dum
895 3812 1059 3866 super
1085 3802 1260 3850 terras
1291 3791 1655 3857 ambulantes,
1693 3790 2070 3845 conversatio-

496 3909 621 3951 nem
651 3894 913 3948 habemus
944 3892 1001 3945 in
1031 3888 1211 3953 ctelis,
1246 3896 1301 3942 et
1327 3900 1425 3955 per
1459 3885 1563 3939 hoc
1592 3883 1708 3937 sine
1736 3881 1898 3937 dubio
1928 3883 2068 3937 diem

497 3988 698 4044 festum
733 3983 1047 4041 coelestibus
1086 3980 1379 4035 virtutibus
1404 3991 1747 4050 generamus.
1797 3976 1901 4030 Sed
1929 3976 2070 4032 sicut

496 4080 628 4137 boni
678 4086 835 4132 actus
867 4073 1041 4129 nostri
1096 4080 1152 4126 et
1182 4072 1449 4125 virtutum
1481 4067 1790 4139 profectus,
1827 4068 2067 4123 laetitiam

496 4170 959 4236 festivitatcmque
991 4164 1099 4219 Deo
1126 4171 1183 4218 et
1209 4162 1418 4233 angelis
1450 4162 1700 4231 gignunt,
1756 4160 1833 4214 ita
1876 4176 2070 4216 vereor

499 4281 567 4321 ne
594 4262 736 4319 mala
761 4257 1103 4315 conversatio
1128 4268 1310 4310 nostra
1345 4271 1450 4308 non
1480 4255 1652 4309 solum
1683 4255 1865 4319 terris,
1890 4254 1985 4309 sed
2013 4264 2069 4309 et

496 4356 636 4414 caelo
668 4351 1085 4409 lamentationes
1130 4347 1354 4402 inducat
1387 4357 1442 4402 et
1484 4346 1659 4402 luctus
1681 4388 1696 4411 ,
1734 4356 1788 4402 et
1821 4346 2067 4401 fortassis

493 4449 659 4504 etiam
692 4443 795 4514 ipsi
838 4442 948 4496 Deo
987 4440 1198 4494 luctum
1242 4438 1509 4492 incutiant
1546 4439 1783 4493 humana
1820 4447 2060 4507 peccata.

493 4539 603 4595 Aut
634 4551 738 4591 non
773 4530 1011 4601 lugentis
1038 4536 1121 4583 est
1152 4527 1239 4581 illa
1280 4542 1387 4582 vox
1416 4543 1536 4581 cum
1561 4529 1757 4584 dicitur
1781 4529 1825 4560 ⁷⁷
1852 4546 1864 4581 :
1895 4545 1915 4579 ι
1942 4527 2065 4582 Pce-

492 4629 633 4684 nitet
664 4640 770 4691 me,
797 4624 923 4694 quia
954 4622 1058 4677 feci
1089 4620 1360 4676 hominem
1392 4619 1833 4690 superterram?»
1873 4617 1979 4673 Sed
2009 4628 2065 4674 et

493 4721 584 4778 illa
619 4720 830 4775 Domini
864 4726 919 4771 et
947 4714 1247 4771 Salvatoris
1282 4712 1454 4766 nostri
1503 4710 1556 4765 in
1603 4711 1913 4779 Evangelio,
1968 4713 2057 4769 ubi

490 4815 627 4871 dicit
652 4813 699 4845 ⁷⁸
734 4826 749 4865 :
788 4829 807 4863 ι
838 4809 1163 4873 SeruSalem,
1186 4803 1511 4869 ‘Jerusalem,
1536 4818 1658 4874 quae
1690 4805 1900 4874 lapidas
1935 4820 2061 4875 pro-

489 4908 706 4979 phetas,
739 4913 794 4959 et
828 4902 1035 4957 occidis
1074 4913 1170 4955 eos
1215 4897 1412 4953 missos
1441 4898 1505 4953 ad
1538 4908 1587 4952 te
1609 4938 1623 4963 ,
1668 4898 1882 4967 quoties
1915 4897 2058 4952 volui

490 5012 825 5070 congregare
859 4995 1001 5051 filios
1024 5006 1164 5059 tuos,
1192 4989 1649 5061 quemadmodum
1694 4987 1889 5057 gallina
1929 5005 2062 5045 con-

495 5097 685 5162 gregat
715 5087 890 5158 pullos
920 5100 1051 5141 suos
1104 5082 1203 5138 sub
1257 5081 1359 5137 alis
1398 5080 1532 5144 suis,
1575 5086 1630 5135 et
1662 5078 1921 5134 noluisti?
1947 5098 1966 5131 ι
1991 5078 2063 5135 Ει

2094 4486 2142 4545 D

2176 3250 2387 3295 vestros
2424 3241 2539 3294 dies
2573 3240 2740 3294 festos
2763 3241 2897 3296 dicit
2928 3241 3209 3296 Dominus.
3246 3240 3370 3297 Haec
3406 3254 3586 3297 autem
3626 3259 3751 3298 om-

2176 3332 2262 3385 nia
2300 3332 2351 3384 iu
2399 3330 2595 3399 quibus
2644 3330 2726 3385 vel
2768 3330 2973 3401 lugere,
3012 3332 3098 3385 vel
3128 3332 3393 3401 gaudere,
3425 3335 3510 3389 vel
3542 3336 3747 3401 odisse,

2174 3424 2257 3478 vel
2296 3423 2465 3477 laetari
2507 3424 2709 3477 dicitur
2742 3423 2915 3488 Deus,
2962 3424 3172 3493 tropico
3224 3433 3278 3478 et
3314 3425 3552 3481 humano
3598 3443 3751 3482 inore

2176 3515 2488 3585 accipienda
2526 3524 2651 3570 sunt
2684 3514 2752 3568 ab
2778 3514 3058 3582 Scriptura
3093 3516 3222 3570 dici.
3257 3516 3450 3572 Aliena
3478 3534 3641 3589 porro
3665 3531 3751 3575 est

2173 3607 2353 3663 divina
2388 3616 2579 3661 natura
2616 3607 2686 3660 ab
2714 3607 2860 3661 oumi
2908 3609 3179 3676 passionis
3228 3618 3285 3664 et
3329 3612 3750 3679 permutationis

2172 3696 2388 3763 affectu,
2430 3699 2482 3751 in
2518 3697 2607 3751 illo
2646 3711 2864 3765 semper
2889 3696 3239 3752 beatitudinis
3268 3698 3422 3768 apice
3452 3698 3748 3754 immobilis

2171 3800 2224 3844 et
2263 3791 2580 3843 inconcussa
2617 3790 2940 3858 perduratus.

2241 3881 2295 3935 3.
2330 3879 2467 3947 Quia
2496 3896 2628 3951 ergo
2662 3879 2922 3936 festorqu
2971 3880 3118 3948 leges
3163 3880 3423 3937 habemus
3460 3884 3512 3936 in
3566 3884 3745 3938 mani-

2169 3972 2289 4035 bus,
2322 3983 2375 4027 et
2426 3974 2550 4028 inde
2596 3987 2741 4026 nunc
2786 3988 2968 4028 sermo
2998 3983 3105 4039 est,
3139 3974 3478 4043 requiramus
3517 3975 3745 4045 diligen-

2175 4071 2284 4120 tius
2311 4065 2406 4133 qui
2443 4065 2515 4119 sit
2542 4064 2677 4119 ordo
2707 4063 3087 4130 festivitatum,
3118 4075 3176 4119 ut
3202 4079 3269 4119 ex
3295 4065 3428 4134 ipsis
3457 4067 3743 4121 ordinibus

2169 4165 2224 4210 et
2275 4155 2666 4210 sacrificiorum
2716 4157 2824 4209 ritu
2888 4157 3142 4227 colligere
3188 4157 3457 4227 possimus
3509 4159 3745 4227 qualiter

2168 4252 2540 4320 unusquisque
2584 4266 2648 4305 ex
2704 4252 2818 4306 suis
2867 4251 3080 4305 actibus
3128 4260 3183 4305 et
3233 4255 3741 4308 conversationibus

2169 4345 2377 4400 sanctis
2414 4344 2522 4398 Deo
2562 4341 2916 4399 festivitatem
2954 4345 3125 4413 possit
3156 4359 3372 4414 parare.
3401 4343 3584 4399 Prima
3611 4361 3741 4416 ergo

2168 4445 2252 4492 est
2291 4435 2558 4491 festivitas
2602 4435 2731 4502 Dei,
2763 4450 2885 4505 quae
2924 4436 3230 4506 appellatur
3265 4437 3582 4493 indesinens
3605 4478 3621 4502 ,
3672 4441 3739 4493 de

2169 4530 2237 4584 iis
2280 4530 2424 4584 enim
2463 4530 2781 4595 mandatur,
2832 4546 2954 4598 quae
3006 4531 3377 4586 indesinenter
3406 4542 3460 4588 et
3483 4533 3602 4590 sine
3632 4535 3736 4589 ulla

2167 4637 2393 4693 prorsus
2427 4623 2826 4693 interruptione
2860 4624 3144 4676 matutinis
3182 4633 3236 4677 et
3282 4626 3611 4694 vespertinis
3653 4643 3738 4681 sa-

2166 4714 2393 4770 crificiis
2420 4715 2738 4769 offerantur.
2768 4713 3027 4768 Maudans
3055 4714 3219 4785 igitur
3256 4714 3614 4772 festivitatum
3663 4720 3739 4773 ri-

2166 4816 2277 4871 tus,
2310 4824 2415 4862 non
2449 4808 2625 4877 primo
2651 4808 2836 4862 statim
2858 4808 3005 4863 venit
3028 4811 3094 4863 ad
3119 4801 3461 4884 festivitatem
3490 4810 3734 4879 Pascha),

2164 4912 2341 4968 neque
2373 4899 2439 4953 ad
2468 4899 2828 4969 Azymorum,
2863 4914 3038 4969 neque
3071 4900 3140 4954 ad
3173 4898 3541 4972 Scenopegim,
3574 4904 3738 4961 alias-

2163 5007 2270 5063 que
2300 4993 2365 5047 de
2387 4991 2587 5062 quibus
2613 4994 2954 5062 praecipitur,
2986 4994 3080 5048 sed
3107 4994 3251 5049 hanc
3275 4996 3504 5064 primam
3534 4999 3731 5069 posuit,

2163 5086 2217 5140 in
2260 5100 2363 5154 qua
2411 5084 2737 5139 sacrificium
2773 5084 3089 5140 indesinens
3117 5087 3337 5140 mandat
3363 5085 3545 5142 offerri
3576 5104 3593 5144 :
3628 5105 3734 5160 quo

491 5199 562 5241 ne
590 5193 746 5254 putes
783 5180 909 5251 quia
952 5180 1019 5234 de
1049 5174 1295 5246 antiquis
1341 5173 1715 5227 tantummodo
1748 5169 1948 5225 dictum
1974 5181 2059 5226 est
2103 5221 2108 5229 .
2160 5176 2371 5232 scilicet
2396 5184 2657 5245 agnoscat
2694 5174 2785 5230 ille
2810 5177 2901 5245 qui
2931 5175 3046 5231 vult
3070 5191 3193 5231 esse
3231 5176 3507 5247 perfectus
3528 5189 3583 5235 et
3612 5195 3733 5235 sau-

489 5276 632 5347 quod
661 5270 1022 5343 lapidaverin-t
1060 5268 1355 5341 prophetas
1385 5284 1400 5320 :
1434 5274 1490 5319 et
1514 5278 1616 5334 ego
1650 5262 1811 5318 hodie
1848 5262 1894 5317 si
1933 5276 2059 5331 pro-

489 5367 666 5439 phetae
694 5366 858 5420 verba
902 5378 1009 5417 non
1046 5361 1288 5425 audiam,
1318 5360 1363 5415 si
1399 5358 1603 5413 monita
1634 5355 1755 5426 ejus
1777 5368 2052 5425 spernam,

488 5456 668 5526 lepido
720 5455 1057 5524 prophetam,
1095 5460 1153 5508 et
1184 5460 1448 5522 quantum
1486 5451 1537 5504 in
1571 5463 1657 5503 me
1692 5456 1806 5512 est,
1832 5447 2050 5512 occido,

560 5572 608 5605 "
647 5571 781 5628 Luc.
820 5589 910 5637 xv,
944 5572 996 5627 7.
1072 5572 1117 5604 ⁷⁷
1141 5570 1279 5627 Gen.
1307 5586 1379 5635 v1,
1406 5569 1461 5627 6.

488 5642 537 5677 ⁸¹
574 5643 678 5698 lsa.
716 5660 753 5702 ι.
788 5644 869 5698 14.

2159 5279 2303 5336 ctus,
2348 5268 2474 5338 quia
2518 5284 2626 5324 non
2671 5267 2967 5337 aliquando
2999 5268 3215 5337 quidem
3240 5270 3448 5339 agenda
3473 5280 3559 5326 est
3585 5272 3728 5336 Deo,

2162 5360 2448 5431 aliquando
2486 5375 2619 5415 vero
2650 5376 2757 5414 non
2797 5361 3009 5423 agenda
3045 5359 3350 5427 festivitas,
3381 5363 3476 5418 sed
3517 5378 3733 5434 seruper

2163 5461 2216 5504 et
2270 5450 2641 5507 indesinenter
2669 5449 2849 5520 justus
2894 5465 3060 5522 agere
3104 5450 3264 5507 debet
3309 5452 3452 5508 diem
3508 5452 3731 5509 festum.

1554 5569 1603 5601 ⁷⁸
1635 5568 1823 5623 Matth.
1850 5581 2008 5631 mn,
2040 5566 2070 5620 5

2208 5567 2566 5635 "Mich.vu,
2618 5549 2670 5635 t,
2714 5568 2770 5623 2.
2846 5568 2896 5601 ιο
2938 5568 3045 5627 lsa.
3100 5584 3139 5635 ι,
3164 5569 3221 5624 9.
3297 5569 3341 5602 ιι
3375 5569 3583 5629 Thren.
3608 5566 3732 5633 1.8.

560 5736 670 5810 (18)
698 5737 849 5805 Mss.,
883 5759 900 5792 ι
929 5752 1086 5808 quam
1111 5738 1153 5792 si
1180 5746 1347 5807 putet.
1372 5755 1388 5788 ι
1427 5736 1581 5791 Lihb.
1628 5734 1781 5800 editi,
1814 5751 1837 5784 ι
1864 5731 1965 5788 nisi
1999 5734 2042 5787 si
2066 5705 2236 5801 putet.
2274 5753 2291 5785 ι
