4074 6156
405 261 514 316 749

1565 273 1635 329 IN
1666 275 2003 333 NUMEROS
2035 275 2320 333 HOMILIA
2344 277 2535 336 XXIII.

3556 285 3667 345 750

406 381 756 438 Sacriﬁcium
794 398 1048 454 namque,
1080 389 1225 458 quod
1275 390 1648 451 indesinenter
1678 406 1732 452 et
1786 398 1838 452 in
1870 414 1988 452 ma-
2017 404 2063 461 Α
2093 398 2318 469 habeas,
2353 415 2459 454 non
2491 400 2754 469 respicias
2785 402 2851 456 ad
2880 405 3170 474 praesentia
3200 412 3257 460 et
3281 403 3539 471 visibilia,
3570 406 3663 461 sed

409 474 603 529 tutiuis
633 484 689 530 et
720 475 773 529 in
805 479 1132 548 vespertinis
1175 487 1470 540 mandatur
1511 486 1715 556 offerri,
1763 490 1867 547 hoc
1902 492 1987 546 in-

408 567 655 633 dicatur,
695 578 754 623 ut
779 569 830 623 in
869 570 988 642 lege
1040 589 1103 630 ac
1144 578 1451 647 prophetis.
1489 595 1610 650 quae
1660 585 1986 640 matutinum

407 671 624 732 tempus
662 664 986 731 ostendunt,
1013 675 1068 721 et
1092 667 1145 721 in
1178 670 1491 742 evangelica
1524 674 1797 741 doctrina,
1830 676 1880 731 id
1905 688 1987 732 est

403 754 556 809 enim
604 757 995 825 vespertinum,
1041 773 1161 828 qua:
1230 777 1455 832 vespera
1505 768 1693 821 mundi
1744 766 1989 824 Salvato-

408 845 487 899 ris
521 846 762 900 ostendit
799 848 1119 917 adventum,
1155 850 1483 908 indesinenti
1527 854 1824 911 intentione
1864 871 1987 926 per-

404 936 591 992 sistat.
648 937 758 994 llas
797 953 929 1010 ergo
969 939 1294 998 festivitates
1338 944 1597 1003 Dominus
1649 949 1783 1003 dicit
1816 966 1829 1002 :
1864 968 1883 1002 ι
1921 950 1986 1006 Et

403 1026 771 1084 observabitis
794 1029 913 1086 dies
945 1031 1116 1087 festos
1141 1049 1312 1089 meos.
1344 1053 1365 1087 υ
1394 1036 1520 1092 Dies
1545 1054 1675 1109 ergo
1708 1039 1878 1097 festus
1902 1052 1986 1097 est

407 1119 649 1184 Domini,
680 1121 727 1175 si
764 1131 820 1178 et
849 1124 1176 1180 sacrificium
1231 1127 1546 1185 indesinens
1588 1129 1904 1198 offeramus,
1937 1134 1982 1189 si

403 1211 532 1268 sine
580 1213 989 1273 intermissione
1036 1233 1255 1276 oremus
1282 1261 1297 1285 ,
1331 1221 1404 1276 ita
1433 1232 1492 1278 ut
1519 1227 1782 1281 ascendat
1805 1227 1985 1283 oratio

405 1315 595 1360 nostra
641 1307 785 1362 sicut
816 1307 1094 1365 incensum
1137 1314 1192 1367 in
1237 1324 1531 1383 conspectu
1562 1317 1678 1383 ejus
1712 1334 1891 1386 mane,
1930 1329 1984 1375 et

403 1397 641 1453 elevatio
693 1414 953 1455 manuum
1018 1416 1324 1461 nostrarum
1384 1408 1479 1462 ﬁat
1536 1410 1586 1464 ei
1649 1412 1982 1466 sacrificium

403 1488 780 1555 vespertinum
805 1489 897 1545 ⁸³⁸.
931 1492 1023 1548 Est
1054 1493 1219 1564 igitur
1248 1498 1421 1565 prima
1457 1498 1773 1554 solemnitas
1806 1502 1983 1556 sacri-

406 1580 515 1634 ficii
569 1580 929 1640 indesinentis
955 1627 972 1652 ,
1024 1602 1144 1656 qua:
1183 1604 1211 1643 a
1259 1590 1560 1646 cultoribus
1601 1593 1876 1665 Evangelii
1915 1610 1982 1651 eo

403 1672 570 1729 modo
612 1691 721 1745 quo
753 1691 915 1746 supra
949 1681 1300 1748 exposuimus
1326 1724 1341 1750 ,
1393 1683 1554 1739 debet
1604 1688 1830 1754 expleri.
1872 1689 1977 1743 Sed

400 1767 685 1837 quoniam,
728 1770 870 1825 sicut
901 1772 1253 1841 propheticus
1299 1791 1479 1832 sermo
1517 1780 1823 1847 perdocuit,
1859 1782 1977 1837 dies
2010 1760 2056 1819 Β

399 1858 535 1917 festi
577 1875 928 1932 peccatorum
969 1877 1370 1923 convertuntur
1419 1871 1474 1925 in
1511 1870 1737 1940 luctum,
1771 1882 1826 1928 et
1855 1890 1980 1930 can-

402 1954 512 2008 tica
539 1969 726 2009 eorum
773 1955 826 2010 in
866 1955 1172 2026 planctum,
1215 1971 1423 2017 certum
1460 1971 1545 2018 est
1570 1965 1695 2034 quia
1725 1968 1817 2036 qui
1860 1983 1979 2036 pec-

399 2055 499 2101 cat
556 2056 611 2101 et
659 2048 772 2117 agit
824 2048 964 2102 diem
1015 2051 1258 2119 peccati,
1294 2067 1456 2124 agere
1485 2070 1591 2110 non
1624 2067 1804 2127 potest
1835 2059 1976 2115 diem

401 2136 605 2193 festum
635 2159 647 2192 :
675 2149 729 2193 et
755 2139 876 2195 ideo
904 2141 1009 2196 illis
1039 2142 1233 2198 diebus
1267 2146 1464 2213 quibus
1508 2158 1734 2215 peccat,
1780 2148 1977 2206 offerre

400 2245 510 2284 non
540 2239 718 2300 potest
745 2231 1059 2287 indesinens
1092 2235 1421 2291 sacriﬁcium
1456 2237 1584 2294 Deo.
1621 2239 1729 2296 Sed
1772 2240 1860 2297 ille
1901 2243 1978 2298 of-

399 2320 550 2377 ferre
580 2332 782 2392 potest,
813 2325 904 2392 qui
931 2325 1304 2382 indesinenter
1336 2329 1578 2384 custodit
1602 2330 1892 2401 justitiam,
1923 2341 1977 2388 et

398 2425 696 2471 conservat
742 2417 1095 2486 semetipsum
1135 2433 1165 2473 a
1210 2428 1454 2490 peccato.
1501 2422 1614 2489 Qua
1661 2425 1751 2480 die
1794 2435 1974 2481 autem

402 2504 761 2574 interruperit
795 2516 851 2561 et
883 2511 1214 2577 peccaverit,
1247 2520 1458 2567 certum
1492 2523 1578 2569 est
1619 2517 1762 2584 quod
1792 2517 1845 2571 in
1884 2517 1974 2571 illa

399 2596 493 2652 die
542 2613 648 2652 non
691 2597 849 2654 offert
896 2601 1226 2657 sacrificium
1260 2603 1575 2661 indesinens
1605 2607 1733 2663 Deo.
1772 2608 1976 2664 Vereor

396 2690 609 2759 aliquid
639 2693 820 2749 dicere
862 2695 1006 2765 quod
1052 2711 1115 2751 ex
1164 2700 1511 2755 sermonibus
1551 2702 1862 2771 apostolicis
1895 2704 1973 2758 in-

401 2784 571 2856 telligi
629 2787 794 2842 datur
816 2828 832 2854 ,
866 2802 936 2843 ne
981 2787 1121 2845 forte
1148 2789 1334 2844 videar
1366 2791 1578 2863 aliquos
1617 2795 1970 2851 contristare.

394 2877 532 2932 Nam
565 2880 610 2935 si
636 2882 816 2937 oratio
837 2880 969 2950 justi
994 2882 1137 2937 sicut
1170 2884 1450 2939 incensum
1479 2884 1711 2941 offertur
1748 2887 1801 2941 in
1842 2903 1974 2943 con—

396 2982 588 3042 spectu
615 2973 851 3039 Domini,
876 2984 930 3029 et
949 2975 1183 3031 elevatio
1209 2991 1465 3031 manuum
1492 2976 1611 3046 ejus
1641 2979 1974 3035 sacriﬁcium

396 3075 486 3121 est
520 3068 919 3136 vespertinum,
962 3069 1099 3124 dicit
1133 3079 1314 3126 autem
1341 3071 1642 3140 Apostolus
1678 3073 1743 3129 iis
1783 3075 1875 3144 qui
1919 3075 1972 3129 in

394 3158 671 3231 conjugiis
705 3171 835 3215 sunt
858 3160 950 3215 ea:
990 3179 1010 3213 ι
1042 3160 1220 3216 Nolite
1269 3161 1525 3218 fraudare
1565 3165 1832 3233 invicem,
1872 3168 1976 3222 nisi

394 3253 542 3311 forte
572 3270 640 3310 ex
675 3270 944 3311 consensu
988 3257 1055 3312 ad
1092 3264 1335 3327 tempus,
1383 3266 1443 3311 ut
1474 3260 1674 3315 vacetis
1714 3261 1973 3327 orationi,

395 3355 457 3402 et
491 3346 686 3401 iterum
730 3347 782 3401 in
817 3345 1045 3417 idipsum
1079 3348 1231 3415 sitis;
1265 3367 1285 3401 ι
1321 3360 1530 3404 certum
1570 3361 1654 3406 est
1693 3352 1819 3421 quia
1872 3352 1976 3407 im-

396 3438 617 3508 peditur
660 3439 990 3494 sacriﬁcium
1023 3440 1339 3496 indesinens
1371 3441 1436 3496 iis
1470 3442 1559 3509 qui
1594 3442 1975 3513 conjugalibus

399 3530 821 3587 necessitatibus
866 3533 1139 3588 serviunt.
1190 3533 1343 3590 Unde
1384 3534 1601 3590 videtur
1658 3536 1791 3590 mihi
1826 3538 1974 3604 quod

399 3625 547 3680 illius
586 3635 670 3680 est
718 3627 889 3682 solius
923 3626 1124 3682 offerre
1154 3628 1483 3683 sacriﬁcium
1515 3629 1852 3694 indesinens,
1880 3632 1973 3701 qui

396 3717 727 3772 indesinenti
776 3728 833 3773 et
869 3729 1142 3790 perpetuae
1171 3733 1230 3773 se
1256 3719 1533 3774 devoverit
1561 3720 1821 3775 castitati.
1865 3720 1972 3776 Sed

394 3818 526 3864 sunt
549 3821 604 3864 et
628 3809 720 3863 alii
754 3811 870 3865 dies
896 3810 1015 3865 festi
1048 3811 1134 3876 iis,
1161 3811 1252 3880 qui
1285 3810 1428 3865 forte
1473 3826 1579 3864 non
1621 3820 1848 3880 possunt
1889 3812 1973 3865 in-

393 3902 714 3959 desinenter
750 3903 1035 3960 immolare
1074 3903 1343 3959 sacriﬁcia
1378 3905 1670 3961 castitatis.

466 3994 523 4049 4.
561 3994 809 4050 Secunda
860 4011 994 4065 ergo
1036 3995 1308 4051 festivitas
1338 4007 1464 4065 post
1498 3997 1856 4052 indesinentis
1884 4011 1972 4051 sa-

394 4089 592 4144 criﬁcii
637 4087 990 4143 festivitatem
1046 4089 1268 4158 ponitur
1324 4088 1587 4153 Sabbati,
1642 4098 1699 4143 et
1754 4099 1971 4158 oportet

391 4187 710 4235 sanctorum
739 4194 1010 4250 quemque
1037 4188 1092 4234 et
1116 4180 1326 4248 justum
1367 4195 1528 4251 agere
1551 4180 1715 4235 etiam
1742 4180 1969 4236 Sabbati

389 4269 767 4328 festivitatem.
803 4271 934 4338 Quae
968 4281 1054 4326 est
1082 4280 1267 4326 autem
1307 4269 1577 4327 festivitas
1609 4271 1832 4326 Sabbati
1864 4271 1967 4327 nisi

390 4365 507 4427 illa,
539 4367 606 4421 de
639 4380 744 4434 qua
790 4363 1084 4432 Apostolus
1129 4362 1264 4417 dicit
1293 4360 1371 4428 3",
1410 4362 1806 4432 «Relinquetur
1839 4376 1967 4432 ergo

2092 492 2158 544 ad
2190 491 2484 547 invisibilia
2512 501 2567 547 et
2594 492 2797 559 futura,
2831 494 2949 550 haec
2982 506 3067 550 est
3090 498 3402 553 observatio
3437 496 3660 552 Sabbati

2088 582 2408 638 Christiani.
2453 584 2562 640 Sed
2604 587 2719 641 haec
2757 596 2813 641 et
2848 587 3020 643 Judaei
3056 590 3347 645 observare
3378 590 3660 646 deberent.

2089 675 2335 745 Denique
2363 677 2526 732 etiam
2567 680 2711 748 apud
2740 680 2890 748 ipsos
2921 682 2964 736 si
2999 681 3173 747 faber,
3211 682 3258 739 si
3293 694 3533 738 structor
3557 721 3573 749 ,
3605 692 3663 738 et

2089 766 2133 821 si
2178 768 2303 834 quis
2349 767 2660 839 hujusmodi
2699 770 2954 840 opiﬁcum
3007 774 3192 838 fuerit,
3237 774 3440 829 otiatur
3486 774 3540 829 in
3577 775 3666 830 die

2087 856 2330 912 Sabbati.
2363 859 2558 914 Lector
2588 871 2768 916 autem
2811 863 2942 933 legis
2975 865 3192 928 divinae,
3223 866 3309 919 vel
3338 865 3526 921 doctor
3554 881 3663 921 non

2088 952 2288 1006 desinit
2316 954 2383 1008 ab
2407 969 2572 1023 opere
2603 970 2728 1019 suo,
2757 966 2812 1011 et
2847 969 3024 1013 tamen
3059 958 3353 1015 Sabbatum
3389 975 3495 1015 non
3529 974 3665 1015 con-

2087 1045 2319 1099 taminat
2353 1063 2366 1099 :
2404 1047 2482 1101 sic
2505 1047 2647 1101 enim
2673 1058 2728 1103 et
2754 1050 3011 1104 Dominus
3043 1066 3194 1107 meus
3215 1051 3346 1106 dicit
3372 1051 3438 1105 ad
3456 1067 3552 1106 eos
3577 1051 3660 1106 “z

2090 1155 2110 1189 ι
2138 1140 2247 1193 Aut
2281 1154 2389 1194 non
2430 1139 2640 1210 legistis
2665 1181 2681 1206 ,
2714 1142 2840 1211 quia
2895 1151 2950 1195 et
2999 1140 3310 1197 sacerdotes
3357 1141 3412 1197 in
3461 1142 3661 1213 templo

2086 1230 2385 1286 Sabbatum
2414 1233 2643 1297 violant,
2668 1243 2724 1287 et
2755 1235 2875 1287 sine
2901 1233 3129 1289 crimine
3161 1245 3289 1287 sunt
3309 1232 3468 1305 (.19)?
3502 1253 3521 1288 ι
3556 1235 3663 1302 Qui

2085 1343 2214 1398 ergo
2232 1337 2414 1382 cessat
2445 1327 2512 1383 ab
2542 1327 2798 1398 operibus
2826 1327 3008 1382 saeculi
3045 1337 3100 1382 et
3125 1327 3461 1398 spiritalibus
3480 1338 3663 1392 vacat,

2086 1419 2191 1474 iste
2222 1427 2305 1474 est
2344 1419 2435 1489 qui
2465 1417 2793 1474 sacriﬁcium
2825 1419 3047 1475 Sabbati
3091 1428 3144 1475 et
3169 1420 3313 1474 diem
3336 1418 3531 1475 festum
3551 1423 3665 1493 agit

2084 1512 2472 1569 Sabbatorum.
2494 1510 2678 1581 Neque
2702 1524 2871 1566 onera
2894 1520 3075 1581 portat
3103 1511 3156 1564 in
3191 1511 3298 1566 via.
3337 1509 3490 1568 Onus
3512 1512 3658 1567 enim

2081 1616 2166 1662 est
2215 1619 2376 1660 omne
2418 1614 2727 1673 peccatum,
2779 1604 3234 1674 quemadmodum
3269 1604 3402 1659 dicit
3441 1614 3495 1659 et
3530 1604 3661 1660 Pro-

2082 1704 2240 1771 pheta
2257 1703 2332 1754 8°:
2359 1720 2378 1754 ι
2403 1700 2557 1757 Sicut
2575 1715 2714 1755 onus
2740 1713 2905 1770 grave
2921 1708 3157 1768 gravatae
3180 1709 3308 1754 sunt
3330 1714 3495 1770 super
3512 1716 3617 1755 me.
3635 1719 3655 1753 ι

2085 1794 2273 1865 Neque
2302 1794 2483 1864 ignem
2515 1792 2786 1858 accendit,
2814 1792 2965 1848 illum
2997 1793 3206 1848 scilicet
3238 1793 3442 1862 ignem,
3466 1792 3533 1848 de
3552 1808 3658 1862 quo

2087 1888 2285 1944 dicitur
2312 1888 2357 1919 ⁸⁷
2389 1904 2402 1940 :
2435 1904 2454 1939 ι
2490 1886 2564 1941 Ite
2591 1887 2644 1940 in
2689 1885 2892 1940 lumine
2926 1885 3066 1956 ignis
3094 1885 3283 1950 vestri,
3309 1896 3364 1940 et
3405 1885 3458 1940 in
3502 1883 3660 1940 flam-

2086 1995 2174 2034 ma
2221 1995 2383 2050 quam
2435 1976 2784 2033 accendistis.
2818 1995 2838 2029 ι
2885 1976 2941 2031 ln
2996 1975 3234 2031 Sabbato
3286 1977 3659 2048 unusquisque

2085 2072 2243 2127 sedet
2272 2071 2390 2125 loco
2422 2084 2540 2134 suo,
2567 2079 2620 2123 et
2647 2084 2755 2123 non
2782 2069 3026 2138 procedit
3052 2084 3117 2124 ex
3150 2084 3235 2124 eo.
3266 2067 3399 2136 Quis
3427 2085 3555 2141 ergo
3573 2079 3659 2127 est

2085 2163 2237 2218 locus
2270 2161 2534 2231 spiritalis
2558 2160 2800 2215 animae?
2836 2158 3059 2215 Jusaitia
3099 2171 3183 2216 est
3215 2161 3365 2215 locus
3406 2161 3523 2230 ejus
3547 2204 3564 2231 ,
3603 2171 3661 2219 et

2083 2255 2248 2327 359
2269 2255 2495 2318 veritas,
2518 2253 2808 2324 sapientia,
2839 2254 3218 2319 sanctiﬁcatio,
3252 2264 3309 2309 et
3332 2255 3512 2309 omnia
3536 2270 3658 2325 quae

2083 2350 2331 2404 Christus
2351 2357 2453 2413 est,
2485 2347 2634 2401 locus
2656 2347 2849 2400 animae
2870 2354 2972 2400 est.
3002 2345 3079 2399 Ex
3111 2360 3218 2414 quo
3252 2344 3372 2401 loco
3393 2360 3512 2401 eam
3548 2361 3660 2401 non

2081 2450 2296 2511 oportet
2345 2441 2518 2504 exire,
2552 2450 2610 2494 ut
2657 2455 2783 2495 vera
2815 2438 3052 2494 Sahbata
3095 2438 3392 2505 custodiat,
3428 2447 3483 2494 et
3507 2438 3655 2494 diem

2083 2528 2282 2585 festum
2320 2530 2374 2585 in
2413 2530 2698 2585 sacrificiis
2753 2529 2939 2598 exigat
2984 2527 3342 2584 Sabbatorum
3372 2545 3389 2585 :
3425 2529 3566 2584 sicut
3601 2537 3660 2584 et

2082 2621 2346 2676 Dominus
2379 2621 2595 2676 dicebat
2624 2619 2670 2653 ⁸⁸
2701 2635 2716 2676 :
2747 2638 2765 2671 ι
2797 2618 2897 2686 Qui
2942 2618 2995 2673 in
3036 2633 3123 2674 me
3151 2626 3353 2685 manet,
3384 2628 3441 2674 et
3467 2632 3566 2689 ego
3597 2619 3654 2673 in

2082 2713 2195 2769 illo.
2231 2731 2251 2765 ι
2286 2712 2438 2781 Quod
2467 2722 2647 2766 autem
2687 2712 2924 2767 diximus
2952 2725 3082 2765 vera
3113 2710 3377 2777 Sabbata,
3412 2711 3458 2766 si
3492 2711 3657 2766 altius

2080 2811 2391 2873 repetamus
2416 2817 2537 2871 quae
2560 2803 2670 2857 sint
2702 2815 2830 2855 vera
2864 2799 3121 2867 Sabbata,
3154 2799 3292 2853 ultra
3323 2800 3465 2855 hunc
3495 2815 3656 2854 mun-

2083 2894 2208 2950 dum
2234 2903 2317 2950 est
2345 2894 2456 2950 veri
2505 2892 2732 2949 Sabbati
2778 2893 3109 2949 observatio.
3153 2890 3306 2959 Quod
3341 2891 3488 2946 enim
3513 2892 3651 2947 scri-

2081 2993 2232 3054 ptum
2258 2994 2345 3041 est
2370 2985 2428 3040 in
2467 2984 2667 3041 Genesi
2703 2984 2773 3050 ⁸⁸,
2802 2983 2929 3054 quia
2957 3002 2977 3036 ι
3011 2982 3278 3054 requievit
3307 2984 3449 3040 Deus
3475 2983 3534 3039 in
3566 2985 3654 3040 die

2086 3076 2310 3132 Sabbati
2340 3077 2408 3131 ab
2456 3077 2711 3146 operibus
2742 3076 2881 3141 suis,
2922 3094 2941 3127 ι
2973 3091 3080 3131 non
3113 3076 3360 3132 videmus
3408 3075 3494 3131 vel
3523 3084 3655 3132 tunc

2082 3169 2284 3225 factum
2337 3185 2458 3225 esse
2489 3172 2539 3223 in
2585 3170 2671 3224 die
2716 3170 2968 3238 septima,
3003 3171 3083 3222 vel
3119 3170 3283 3223 etiam
3335 3183 3478 3223 nunc
3510 3167 3651 3225 ﬁeri.

2083 3263 2315 3332 Semper
2363 3263 2506 3318 enim
2550 3263 2791 3317 videmus
2837 3262 3006 3316 Deum
3045 3262 3294 3330 operari,
3343 3271 3397 3316 et
3447 3260 3651 3316 nullum

2078 3354 2379 3411 Sabbatum
2405 3368 2487 3410 εει
2512 3357 2563 3408 in
2592 3370 2700 3424 quo
2724 3355 2866 3409 Deus
2890 3369 2997 3409 non
3021 3365 3297 3424 operetur,
3331 3354 3383 3410 in
3416 3369 3523 3423 quo
3544 3370 3652 3410 non

2077 3448 2344 3520 producat
2392 3448 2559 3501 solem
2606 3462 2763 3501 suum
2816 3460 2980 3515 super
3036 3444 3207 3501 bonos
3256 3454 3312 3500 et
3356 3446 3544 3514 malos,
3599 3457 3656 3503 et

2075 3538 2227 3607 pluat
2256 3537 2614 3607 superjustos
2643 3548 2697 3592 et
2728 3536 2976 3604 injustos,
3013 3536 3066 3590 in
3096 3552 3202 3608 quo
3230 3553 3335 3593 non
3384 3540 3653 3608 producat

2078 3630 2132 3684 in
2160 3628 2435 3682 montibus
2469 3628 2677 3694 fenum,
2719 3637 2774 3682 et
2803 3626 3027 3682 herbam
3070 3628 3316 3683 servituti
3342 3629 3649 3692 hominum.

2078 3721 2130 3776 in
2171 3737 2280 3791 quo
2315 3736 2419 3775 non
2450 3720 2720 3789 percutiat
2743 3731 2791 3775 et
2820 3728 2997 3784 sanet,
3020 3719 3253 3774 deducat
3290 3720 3342 3775 in
3378 3720 3652 3776 infernum

2074 3825 2129 3869 et
2157 3815 2397 3877 reducat,
2429 3814 2481 3867 in
2517 3828 2623 3883 quo
2650 3829 2751 3868 non
2770 3812 2991 3867 occidat
3013 3819 3068 3866 et
3100 3812 3281 3868 vivere
3307 3812 3474 3868 faciat
3503 3814 3648 3868 "'7'.

2075 3907 2236 3963 Unde
2271 3908 2622 3964 etDominus
2650 3908 2702 3960 in
2730 3905 3042 3976 Evangeliis
3063 3921 3185 3961 cum
3207 3905 3375 3962 Judazi
3400 3911 3652 3978 praescri-

2075 4001 2271 4055 berent
2298 3999 2400 4053 sibi
2432 3999 2498 4053 de
2523 3999 2842 4067 operatione
2871 4007 2928 4051 et
2966 3999 3250 4054 curatione
3279 3998 3527 4062 Sabbati.
3564 4017 3650 4056 re-

2075 4093 2291 4162 spondit
2317 4092 2397 4147 eis
2421 4092 2467 4124 '“
2503 4108 2516 4145 :
2556 4109 2575 4143 ι
2609 4091 2771 4146 Pater
2798 4106 2951 4145 meus
2972 4106 3142 4161 usque
3176 4092 3337 4148 modo
3366 4107 3645 4163 Operatur,

2075 4192 2131 4239 et
2157 4199 2258 4254 ego
2286 4199 2514 4253 operor;
2553 4203 2572 4235 ι
2605 4183 2896 4239 ostendens
2926 4199 3022 4252 per
3057 4184 3169 4238 haec
3199 4185 3250 4239 in
3281 4185 3427 4240 nullo
3457 4187 3646 4242 saeculi

2074 4274 2235 4344 hujus
2269 4275 2513 4331 Sabbato
2557 4275 2902 4344 requiescere
2949 4276 3116 4330 Deum
3159 4291 3188 4331 a
3224 4277 3647 4346 dispensationi-

2071 4368 2173 4422 bus
2198 4368 2382 4422 mundi
2411 4378 2464 4421 et
2490 4384 2519 4421 a
2551 4367 2950 4436 provisionibus
2981 4370 3196 4439 generis
3239 4370 3478 4424 humani.
3509 4369 3646 4425 Nam

388 4455 779 4521 sabbatismus,
809 4473 829 4507 ι
886 4454 990 4509 hoc
1020 4460 1137 4517 est,
1177 4450 1401 4506 Sabbali
1431 4452 1741 4507 observatio
1771 4452 1969 4521 ρορυιο
1997 4469 2050 4528 ι)
2077 4471 2386 4516 creaturam
2430 4461 2647 4529 quidem
2700 4461 2830 4516 fecit
2873 4476 2939 4515 ex
2976 4461 3134 4518 initio
3159 4503 3175 4527 ,
3223 4471 3277 4518 et
3312 4463 3648 4520 substantias

388 4548 526 4604 Dei?
561 4546 953 4619 Relinquentes
980 4560 1110 4616 ergo
1139 4543 1397 4600 Judaicas
1443 4544 1667 4599 Sabbati
1705 4545 1964 4599 observa-

390 4639 594 4706 tiones,
628 4640 807 4710 qualis
851 4639 1049 4694 debeat
1095 4652 1218 4695 esse
1266 4636 1581 4692 Christiano
1613 4635 1835 4691 Sabbati
1867 4635 1967 4690 ob-

386 4735 653 4799 servatio,
687 4733 990 4788 videamus.
1040 4730 1139 4787 Die
1188 4730 1413 4786 Sabbati
1450 4728 1587 4784 nihil
1616 4742 1685 4783 ex
1713 4728 1965 4785 omnibus

386 4825 578 4881 mundi
609 4824 821 4880 actibus
848 4833 1067 4894 oportet
1106 4823 1348 4894 operari.
1393 4821 1451 4878 Si
1489 4836 1625 4893 ergo
1647 4820 1868 4876 desinas
1898 4824 1967 4876 ab

384 4920 646 4975 omnibus
671 4918 1021 4974 saecularibus
1043 4918 1326 4988 operibus,
1362 4925 1419 4973 et
1456 4916 1590 4970 nihil
1627 4916 1964 4971 mundanum

382 5029 568 5085 geras,
598 5015 695 5069 sed
726 5012 1062 5084 spiritalibus
1084 5011 1344 5079 operibus
1369 5024 1553 5076 vaces,
1585 5010 1652 5065 ad
1676 5008 1965 5066 ecclesiam

379 5106 704 5169 convenias,
736 5104 1062 5161 lectionibus
1093 5105 1294 5160 divinis
1319 5112 1376 5156 et
1421 5102 1741 5157 tractatibus
1776 5115 1962 5154 aurem

380 5201 649 5271 prebeas,
684 5207 741 5254 et
783 5200 852 5254 de
897 5197 1221 5253 coelestibus
1250 5196 1464 5266 cogites
1487 5234 1504 5260 ,
1553 5192 1833 5250 defutura
1870 5205 1966 5260 spe

380 5293 808 5351 sollicitudinem
833 5306 1010 5363 geras,
1039 5300 1327 5348 venturum
1348 5288 1617 5357 judicium
1648 5302 1761 5358 pra:
1793 5286 1966 5342 oculis

442 5457 513 5492 ι’*
539 5457 683 5514 Psal.
711 5472 857 5525 cxu,
883 5454 939 5508 2.
986 5454 1060 5525 _“
1084 5454 1105 5509 Ι
1135 5454 1262 5511 Cor.
1293 5468 1390 5517 vn,
1438 5449 1493 5525 5.
1518 5446 1777 5525 __“__Hel_).
1806 5463 1879 5511 Iv,

2076 4553 2320 4622 protulit,
2367 4565 2599 4624 quantas
2625 4554 2832 4610 sciebat
2857 4562 3044 4624 utpote
3076 4570 3256 4609 rerum
3291 4558 3544 4612 conditor
3579 4558 3649 4613 ad

2074 4645 2462 4713 perfectionem
2498 4645 2687 4699 mundi
2716 4660 2877 4715 posse
2908 4644 3185 4713 sufﬁcere,
3222 4648 3315 4703 sed
3364 4664 3533 4719 usque
3576 4651 3647 4705 ad

2075 4735 2600 4790 consummationem
2648 4735 2828 4789 saeculi
2881 4736 2950 4790 ab
2983 4751 3171 4790 earum
3224 4740 3535 4808 provisione
3590 4750 3649 4797 et

2076 4825 2481 4894 dispensatione
2495 4842 2601 4882 non
2621 4834 2819 4881 cessat.
2835 4826 2953 4881 Erit
2972 4842 3102 4899 ergo
3118 4844 3301 4884 verum
3319 4831 3643 4901 Sabbatum,

2077 4918 2131 4972 in
2163 4921 2608 4989 quo-requiescet
2629 4920 2772 4975 Deus
2812 4920 2881 4974 ab
2911 4921 3166 4976 omnibus
3196 4925 3451 4993 operibus
3492 4928 3642 4992 suis,

2073 5010 2333 5066 saeculum
2364 5010 2631 5076 futurum,
2655 5021 2782 5067 tunc
2811 5027 2931 5067 eum
2956 5012 3200 5082 aufugiet
3230 5014 3402 5084 dolor,
3431 5027 3488 5073 et
3540 5020 3642 5073 tri-

2072 5102 2245 5167 stitia,
2270 5112 2323 5159 et
2354 5105 2606 5175 gemitus,
2625 5115 2679 5160 et
2708 5106 2813 5161 erit
2833 5104 3016 5160 omnia
3045 5114 3100 5161 et
3121 5107 3172 5160 in
3197 5109 3448 5165 omnibus
3478 5110 3643 5165 Deus.

2068 5194 2125 5249 ln
2166 5212 2273 5266 quo
2314 5196 2556 5252 Sabbato
2604 5199 2870 5254 concedat
2900 5198 3064 5253 etiam
3120 5202 3275 5256 nobis
3324 5200 3463 5256 Deus
3495 5203 3642 5257 diem

2074 5286 2276 5343 festum
2307 5303 2471 5355 agere
2522 5304 2706 5346 secum
2787 5299 2841 5346 et
2884 5305 3007 5345 eum
3049 5293 3253 5347 sanctis
3302 5292 3506 5362 angelis
3531 5293 3644 5349 suis

2038 5447 2084 5481 ⁸⁸
2119 5444 2279 5501 Joan.
2304 5462 2406 5514 vn,
2441 5447 2535 5500 22.
2612 5446 2659 5480 ⁸⁸
2687 5446 2829 5503 Psal.
2856 5462 3087 5515 xxxviii,
3129 5448 3184 5502 5.
3258 5448 3303 5480 ⁸⁷
3332 5446 3435 5504 lsa.
3465 5464 3517 5505 ι..
3550 5449 3639 5507 ll.

378 5530 430 5564 ⁸⁸
455 5528 614 5585 .loan.
646 5544 734 5593 xv,
760 5528 817 5582 5.
842 5515 855 5525 ’
891 5526 936 5558 ⁸⁸
969 5523 1168 5582 Genes.
1213 5541 1273 5591 ιι,
1311 5515 1383 5577 2(
1443 5520 1565 5554 ⁰⁰·’¹⁰
1603 5519 1792 5577 Matth.
1822 5534 1876 5584 v,
1904 5518 1976 5574 45

2080 5519 2181 5574 sal.
2203 5532 2385 5587 CXLVI,
2412 5517 2475 5584 8;
2501 5515 2621 5573 Job.
2643 5534 2694 5586 v,
2722 5518 2869 5582 18:1
2896 5516 3028 5588 Reg.
3058 5535 3121 5584 ιι,
3144 5519 3211 5584 6;
3239 5517 3304 5571 ιν
3329 5518 3464 5588 lteg.
3496 5518 3552 5584 5,
3584 5518 3640 5573 6.

378 5601 428 5635 "
451 5599 607 5658 Joau.
638 5599 803 5664 v,17.

453 5640 567 5766 (lg)
732 5711 832 5766 non
854 5692 1213 5766 legistisquia
1234 5699 1287 5766 et
1309 5687 1716 5766 Δειιιερνιίοιιεε-ἱη
1765 5684 1956 5755 templo
2067 5680 2425 5766 ex_memoria
2460 5680 2802 5766 cgitantuevab
2825 5678 3051 5751 Origine
3076 5694 3305 5754 sensus,
3342 5691 3449 5734 non
3475 5674 3647 5731 verba

382 5758 682 5822 Sabbatum
710 5758 926 5830 violant,
953 5773 1001 5820 et
1030 5758 1140 5819 sine
1169 5762 1385 5819 crimine
1422 5768 1567 5819 sunt.
1610 5758 1815 5816 Horum
1848 5767 1968 5829 quae

2075 5753 2351 5813 habentur
2373 5750 2532 5824 Joan,
2562 5765 2661 5823 vn,
2692 5748 2782 5805 22.

3695 5604 3710 5633 ιζ

3682 5839 3712 5858 Α.
