4074 6156
490 250 589 308 731

1916 247 2237 302 ΟΠΙΟΞΞΧΙΞ

3644 251 3745 308 752

488 371 631 427 festa
684 370 961 425 celebrare
983 407 998 432 ,
1051 365 1344 420 offerentes
1394 367 1726 423 sacrificium
1774 369 1973 436 laudis,
2017 377 2072 424 et
2101 375 2142 432 Α
2178 369 2399 425 Pascha:
2425 368 2761 433 solemnitas,
2796 367 2848 422 in
2879 383 2984 437 qua
3014 368 3310 425 festivitate
3336 386 3507 440 agnus
3534 373 3739 427 occidi-

489 462 781 519 reddentes
812 462 1090 514 Altissitno
1123 466 1249 511 vota
1287 469 1496 521 nostra,
1534 474 1655 528 qua!
1678 460 1768 515 hic
1808 460 2069 516 distinxe-

490 566 620 613 runt
651 557 789 611 labia
820 565 1026 609 nostra.
1057 554 1208 607 Tunc
1231 551 1481 605 fortassis
1521 562 1576 605 et
1605 553 1941 607 sacrificium
1980 555 2068 607 in-

489 648 765 709 desinens,
797 647 862 699 de
886 660 996 714 quo
1021 659 1181 713 supra
1218 641 1569 712 exposuimus
1590 684 1604 709 ,
1636 644 1831 699 melius
1868 644 2065 700 olTere-

490 752 600 794 tur.
624 739 777 793 Tune
820 739 964 791 enim
996 737 1191 790 melius
1241 739 1619 792 indesinenter
1647 740 1851 807 poterit.
1885 741 2065 795 anima

488 832 743 886 assistere
768 831 878 884 Deo
906 840 958 884 et
983 827 1179 884 offerre
1207 830 1538 884 sacrificium
1573 830 1748 886 laudis
1806 848 1903 902 per
1935 848 2070 901 pon-

488 924 686 979 tificem
723 938 1000 993 magnum,
1037 923 1127 991 qni
1169 932 1257 977 est
1302 924 1557 977 sacerdos
1603 923 1655 977 in
1684 935 1949 979 internum
1977 942 2066 981 se-

489 1017 724 1071 cundum
757 1013 999 1067 ordinem
1030 1013 1421 1068 Melchisedech
1447 1015 1515 1068 τ’.

559 1109 615 1163 5.
661 1106 847 1162 Tertia
896 1106 1167 1161 festivitas
1233 1106 1451 1174 ponitur
1499 1105 1807 1162 Neomenite
1853 1110 1972 1164 dies
2011 1110 2063 1164 in

488 1219 594 1274 qua
621 1201 848 1256 offertur
877 1212 930 1254 et
965 1199 1161 1253 hostia.
1189 1196 1482 1252 Nenmenia
1509 1210 1685 1254 autem
1710 1201 1907 1255 dicitur
1928 1218 2062 1257 nova

488 1296 635 1350 luna.
671 1295 766 1348 Est
796 1308 927 1363 ergo
956 1303 1012 1347 et
1048 1292 1146 1345 ista
1193 1290 1467 1345 festivitas
1510 1308 1630 1345 cunt
1673 1292 1799 1347 luna
1847 1294 2068 1348 innova-

494 1400 601 1442 tur.
634 1386 781 1440 Nova
820 1395 1000 1438 autem
1028 1383 1251 1447 dicitur,
1286 1398 1408 1436 cum
1452 1383 1552 1438 soli
1603 1386 1847 1452 proxima
1902 1386 2067 1441 fuerit

487 1479 698 1543 effecta,
740 1485 794 1532 et
824 1476 982 1529 valde
1027 1475 1077 1530 ei
1118 1472 1441 1543 cenjuncta,
1476 1474 1546 1528 ita
1588 1485 1639 1528 ut
1678 1474 1778 1530 sub
1818 1476 2068 1533 claritate

485 1573 603 1642 ejus
644 1572 831 1624 lateat.
868 1566 976 1622 Sed
1012 1567 1207 1621 mirum
1249 1567 1478 1621 fortasse
1510 1568 1793 1636 videatur,
1838 1569 1945 1624 imo
1975 1586 2066 1625 su-

480 1666 751 1736 perfluum
802 1664 886 1717 lex
918 1662 1099 1717 divina
1130 1663 1411 1717 mandare.
1460 1662 1600 1730 Quid
1638 1663 1784 1717 enim
1815 1664 2061 1734 religioni

474 1760 765 1822 conducit,
794 1757 932 1811 luna:
964 1770 1140 1821 nova‘,
1180 1755 1233 1810 id
1265 1765 1350 1810 est
1375 1772 1499 1811 eum
1540 1755 1896 1825 conjungitur
1938 1758 2061 1825 soli,

486 1864 542 1911 et
573 1853 815 1908 adhaeret
841 1851 914 1917 ei,
965 1852 1261 1904 observare
1291 1847 1681 1904 festivitatem?
1730 1849 1857 1905 Haec
1905 1851 1948 1905 si
1981 1866 2066 1905 se-

474 1948 724 2002 cundum
754 1946 992 1999 litteram
1033 1941 1474 2006 considerentur,
1507 1957 1615 1996 non
1666 1949 1774 1996 tam
1813 1943 2063 2013 religiosa

487 2054 650 2111 quam
684 2036 1065 2107 superstitiosa
1098 2033 1444 2098 videbuntur,
1477 2034 1570 2089 sed
1597 2035 1805 2090 Sciebat
1854 2046 2066 2104 aposto-

486 2129 577 2185 lus
613 2128 840 2191 Paulus,
869 2127 993 2196 quia
1032 2141 1138 2179 non
1165 2125 1230 2177 de
1261 2123 1328 2177 iis
1371 2124 1613 2195 loquitur
1643 2124 1748 2190 lex,
1790 2142 1888 2179 nec
1914 2125 2062 2179 illum

488 2224 653 2278 ritum
677 2220 768 2291 qui
798 2236 828 2274 a
851 2219 1053 2275 Judaais
1091 2220 1374 2275 observari
1400 2222 1632 2285 videtur,
1665 2220 1901 2291 Spiritus
1934 2237 2060 2275 san-

485 2327 607 2372 ctus
634 2313 932 2384 pracepit;
970 2323 1025 2367 et
1054 2314 1175 2367 ideo
1211 2314 1279 2369 ad
1309 2329 1405 2369 eos
1430 2315 1519 2383 qui
1557 2313 1717 2368 fidem
1748 2313 1840 2367 Dei
1878 2329 2061 2369 susceu

485 2415 691 2478 perunt
721 2404 935 2461 dicebat
955 2405 1003 2437 ⁷³
1044 2421 1057 2459 :
1092 2423 1109 2455 ι
1134 2403 1305 2461 Nemo
1344 2421 1472 2477 ergo
1492 2421 1588 2460 vos
1607 2406 1811 2475 jndicet
1841 2407 1891 2460 in
1912 2406 2058 2475 cibo,

485 2509 578 2553 aut
610 2508 762 2566 potu,
792 2508 885 2551 aut
912 2506 1067 2566 parte
1107 2497 1213 2551 diei
1245 2497 1398 2567 festi,
1433 2507 1527 2552 aut
1563 2497 1854 2553 Neomenia
1905 2498 2015 2569 (‘20)
2042 2540 2057 2566 ,

484 2601 578 2645 aut
609 2589 865 2654 Sahbato,
905 2604 1026 2658 qua:
1050 2599 1178 2643 sunt
1204 2591 1393 2645 umbra
1431 2590 1757 2645 futurorum.
1798 2610 1819 2644 ι
1849 2592 1905 2646 Si
1930 2608 2059 2664 ergo

486 2684 676 2738 umbra
718 2681 1021 2737 futurorum
1046 2693 1130 2736 est
1157 2682 1477 2745 Sabbatunt,
1511 2684 1576 2738 de
1598 2700 1706 2753 quo
1728 2700 1829 2753 pro
1855 2685 2060 2740 viribus

485 2792 649 2845 Supra
686 2775 1052 2841 exylicuitnus
1074 2814 1088 2837 ,
1118 2784 1168 2827 et
1202 2772 1494 2829 Neornenia
1530 2775 1717 2829 umbra
1748 2777 2055 2831 futurorum

483 2880 591 2933 est,
629 2879 837 2922 eertum
886 2876 967 2920 est
996 2869 1138 2936 quod
1162 2878 1213 2920 et
1235 2876 1446 2921 carterze
1471 2868 1788 2923 festivitates
1811 2871 2059 2923 similiter

482 2960 687 3015 umbra:
722 2969 847 3013 sunt
914 2958 1243 3012 futurorum.
1300 2956 1408 3012 Sed
1471 2975 1616 3013 nunc
1666 2962 1946 3017 videamus
1990 2962 2058 3017 de

2172 474 2280 519 tur.
2315 463 2421 520 Sed
2447 465 2568 517 vide
2596 472 2650 517 tu
2692 477 2891 530 agnum
2916 479 3129 526 verum,
3162 479 3361 533 agnum
3394 462 3513 524 Dei,
3548 479 3744 534 agnum

2172 559 2263 627 qui
2303 558 2441 612 tollit
2498 566 2718 627 peccata
2771 558 2953 611 mundi
2981 556 3049 621 ",
3078 566 3132 609 et
3154 556 3340 619 dicito,
3376 557 3502 624 quia
3541 557 3741 627 pascha

2172 662 2418 706 nostrum
2451 650 2769 706 immolatus
2806 659 2890 703 est
2925 648 3180 704 Christus
3213 649 3281 703 ⁷⁷.
3332 646 3502 701 Judaei
3534 647 3746 705 carnali

2169 759 2332 797 sensu
2376 746 2668 799 comedant
2717 754 2915 793 carnes
2960 741 3109 808 agni,
3147 755 3246 794 nus
3275 750 3458 793 autem
3489 737 3745 792 comeda-

2171 852 2292 890 mus
2326 852 2547 892 carnem
2578 834 2742 891 Verbi
2789 834 2904 889 Dei.
2952 833 3070 902 Ipse
3112 833 3256 885 enim
3288 831 3425 883 dixit
3452 830 3541 884 7°:
3575 848 3595 881 ι
3633 830 3741 884 Nisi

2169 930 2519 985 comederitis
2550 944 2745 985 carnes
2791 941 2941 979 meas
2963 968 2976 985 ,
3012 940 3115 978 non
3168 922 3437 977 habebitis
3484 922 3652 975 vitam
3686 922 3742 976 in

2173 1023 2329 1077 vobis
2351 1024 2502 1092 ipsis.
2529 1044 2548 1077 ι
2573 1024 2686 1078 Hoc
2711 1024 2854 1093 quod
2879 1020 3041 1074 modo
3062 1017 3359 1085 loquimur,
3397 1004 3594 1069 carnes
3617 1023 3745 1069 sunt

2170 1116 2333 1170 Verbi
2367 1119 2485 1183 Dei,
2536 1118 2579 1172 si
2620 1127 2799 1170 tanien
2834 1131 2936 1170 non
2989 1114 3144 1182 quasi
3182 1110 3412 1164 inﬁrmis
3439 1108 3613 1175 olera,
3648 1117 3743 1162 aut

2166 1210 2322 1277 quasi
2357 1212 2539 1278 pueris
2584 1209 2743 1264 lactis
2780 1207 3096 1263 alimoniam
3126 1203 3490 1275 proferamus.
3530 1200 3584 1253 Si
3624 1215 3745 1269 per-

2169 1299 2308 1354 fecta
2340 1300 2633 1372 loquimur,
2664 1299 2709 1353 si
2742 1300 2990 1360 robusta,
3016 1298 3060 1351 si
3091 1294 3340 1356 fortiora,
3365 1307 3565 1348 carnes
3593 1293 3744 1372 vobis

2170 1388 2328 1445 Verbi
2357 1370 2449 1447 Dei
2483 1392 2802 1460 apponimus
2824 1390 3207 1445 comedendas.
3247 1385 3346 1442 Uhi
3373 1386 3518 1439 enim
3549 1370 3742 1455 tnystio'

2166 1496 2264 1537 cus
2285 1497 2486 1547 sermo,
2518 1482 2607 1536 tibi
2631 1481 2970 1551 dogmaticus
3022 1489 3076 1535 et
3113 1475 3398 1532 Trinitatis
3427 1475 3533 1529 lide
3567 1474 3743 1545 reple-

2169 1582 2255 1628 lus
2285 1574 2560 1643 Profertur
2605 1588 2669 1626 ac
2710 1572 2945 1635 solidus,
2992 1571 3082 1625 ubi
3123 1569 3289 1624 futuri
3331 1569 3515 1620 surculi
3561 1578 3743 1620 amoto

2167 1666 2435 1720 velamine
2465 1666 2661 1719 littera:
2691 1664 2819 1733 legis
2845 1664 3111 1732 Spiritalis
3129 1676 3470 1718 sacramenta
3496 1660 3744 1730 pandun-

2168 1765 2276 1819 tur,
2328 1758 2418 1812 ubi
2477 1772 2606 1826 spes
2639 1756 2834 1808 anima:
2864 1755 3050 1808 avulsa
3095 1756 3161 1808 de
3206 1756 3367 1809 terris
3394 1754 3642 1823 jactatur
3684 1749 3740 1803 in

2165 1851 2357 1917 caelos,
2380 1861 2432 1905 et
2468 1851 2520 1904 in
2553 1850 2657 1904 illis
2688 1847 3005 1913 collocatur,
3045 1863 3166 1916 qua:
3197 1848 3386 1902 oculus
3442 1860 3552 1900 non
3581 1841 3738 1904 vidit,

2166 1961 2265 2000 nec
2292 1944 2439 1998 auris
2468 1943 2693 2007 audivit,
2714 1958 2812 1998 nec
2830 1944 2883 1998 itt
2910 1941 3255 1996 corhominis
3279 1937 3745 2004 ascenderunt",

2165 2039 2280 2092 haec
2308 2038 2490 2092 omnia
2523 2051 2716 2090 carnes
2751 2045 2880 2089 sunt
2919 2032 3080 2088 Verbi
3122 2033 3215 2086 Dei
3245 2050 3260 2086 :
3294 2032 3491 2100 quibus
3514 2029 3606 2099 qui
3643 2043 3742 2098 po-

2167 2139 2273 2184 test
2316 2128 2560 2199 perfccto
2608 2127 2878 2182 intellectu
2928 2126 3074 2181 vesci
3110 2134 3163 2181 et
3195 2126 3360 2180 corde
3412 2123 3734 2193 purificato,

2168 2222 2258 2277 ille
2289 2237 2415 2275 vere
2444 2220 2758 2275 festivitatis
2795 2218 3017 2273 Pasch-ae
3063 2218 3308 2272 immolat
3359 2216 3732 2281 sacrificium,

2161 2314 2327 2386 360
2357 2324 2412 2369 et
2436 2314 2578 2369 diem
2609 2312 2806 2367 festum
2852 2312 2963 2381 agit
2997 2326 3120 2365 cum
3148 2311 3255 2365 Deo
3277 2319 3329 2364 et
3356 2309 3563 2380 angelis
3592 2308 3735 2378 ejus.

2235 2407 2285 2461 7.
2320 2405 2451 2461 Post
2479 2406 2641 2473 hanc,
2676 2404 2785 2458 imo
2812 2404 3132 2458 continuata
3184 2403 3309 2457 huic
3346 2401 3616 2456 festivitas
3648 2414 3735 2452 se-

2159 2499 2347 2568 quitur
2368 2500 2719 2569 Azymorum,
2749 2511 2908 2563 quam
2936 2497 3132 2551 merito
3160 2492 3492 2557 celebrabis,
3544 2497 3590 2546 sl
3633 2508 3732 2546 ex-

2163 2593 2420 2649 termines
2441 2606 2604 2646 omne
2638 2591 2962 2644 fermentum
3014 2589 3233 2643 malitia:
3275 2599 3329 2642 et
3374 2587 3631 2657 nequitim
3666 2586 3734 2642 ab

2161 2683 2339 2737 anima
2370 2691 2481 2746 tua,
2509 2692 2770 2752 etazyma
2796 2679 3127 2734 sinceritatis
3174 2679 3524 2746 veritatisque
3550 2686 3736 2732 custo-

2157 2777 2300 2829 dias.
2356 2775 2543 2842 Neque
2596 2775 2741 2827 enim
2799 2773 3093 2840 putandum
3152 2781 3258 2837 est,
3310 2772 3732 2840 omnipotentem

2162 2869 2329 2922 Deum
2357 2868 2505 2936 leges
2540 2867 2743 2920 homini
2777 2881 2874 2935 pro
2923 2864 3189 2919 fermento
3219 2864 3465 2919 scribere
3514 2872 3568 2917 et
3603 2877 3734 2931 pro-

2160 2971 2347 3030 pterea
2373 2959 2564 3029 jubere
2588 2958 2939 3014 exterminari
2981 2958 3217 3011 animam
3250 2957 3320 3011 de
3358 2956 3558 3025 popqu
3608 2969 3732 3017 suo.

481 3052 797 3107 Nt-omenia.
835 3051 1080 3105 Diximus
1119 3048 1259 3121 quod
1293 3049 1596 3106 Neomeniae
1644 3052 1915 3109 festivitas
1955 3069 2051 3123 ap-
2081 3078 2123 3136 ο
2157 3056 2201 3107 si
2227 3068 2332 3121 qua
2362 3051 2502 3107 forte
2524 3067 2712 3122 parum
2749 3050 2950 3121 aliquid
2980 3048 3231 3104 fermenti
3268 3049 3430 3119 hujus
3456 3064 3525 3103 ex
3555 3047 3730 3101 farina

482 3146 735 3215 pellatur,
764 3159 886 3200 cum
917 3142 1039 3197 luna
1074 3143 1318 3197 innovari
1340 3144 1588 3213 cmperit,
1617 3145 1785 3199 etsoli
1805 3146 2050 3214 proxima

480 3239 651 3293 fuerit
709 3237 1032 3308 penitusque
1059 3236 1369 3305 conjuncta.
1406 3235 1497 3289 Sol
1544 3237 1767 3304 iustitiae
1806 3238 2053 3293 Christus

478 3341 604 3386 est:
637 3330 762 3384 huic
803 3329 846 3383 si
895 3328 1047 3391 luna,
1076 3327 1127 3381 id
1159 3338 1244 3381 est
1273 3328 1513 3381 Ecclesia
1551 3344 1671 3395 sua,
1702 3345 1821 3398 qua:
1851 3330 2053 3387 lumine

479 3422 655 3492 ipsius
679 3419 936 3490 repletur,
961 3419 1149 3487 juncta
1179 3418 1345 3473 fuerit
1381 3431 1434 3475 et
1466 3424 1678 3490 penitus
1726 3422 1772 3475 ei
1807 3422 2051 3478 adhaese-

480 3513 575 3576 rit,
629 3511 702 3565 ita
750 3520 809 3564 ut
859 3509 1156 3565 secundum
1209 3510 1433 3564 verbum
1476 3510 1717 3579 Apostoli
1748 3512 1816 3578 ⁷⁸,
1865 3515 1955 3582 qui
1991 3529 2051 3570 se

473 3602 652 3675 jungit
684 3600 912 3656 Domino
939 3616 1078 3657 unus
1105 3617 1226 3656 cum
1258 3615 1323 3656 eo
1349 3601 1573 3671 spiritus
1608 3603 1721 3667 fiat,
1753 3613 1878 3658 tunc
1900 3602 2052 3658 festi—

481 3698 707 3749 vitatem
754 3693 1065 3750 Neomenia:
1114 3695 1266 3765 agit:
1299 3702 1426 3747 tunc
1460 3694 1621 3749 enim
1655 3710 1790 3749 nova
1819 3694 2051 3751 ellicitur

482 3802 607 3841 eum
642 3785 898 3854 abjecerit
930 3795 1170 3841 veterem
1221 3783 1520 3849 hominem,
1557 3795 1613 3839 et
1644 3784 1833 3839 induta
1885 3785 2051 3842 fuerit

483 3894 708 3943 novum,
755 3881 845 3948 qui
898 3880 1195 3933 secundum
1229 3878 1397 3933 Deum
1441 3886 1657 3932 creatus
1684 3878 1858 3945 est";
1886 3888 2051 3949 atque

483 3973 557 4027 ita
583 3972 779 4027 merito
803 3972 1171 4026 innovationis
1204 3970 1632 4038 solemnitatem,
1662 3988 1781 4042 quae
1812 3972 2050 4028 estNeo—

478 4064 675 4120 meniae
712 4062 1018 4130 festivitas,
1052 4075 1225 4135 geret.
1257 4064 1413 4119 Tunc
1449 4064 1682 4134 denique
1710 4075 1793 4118 est
1833 4065 2049 4134 quando

480 4172 659 4227 neque
686 4156 879 4221 videri,
907 4173 1080 4226 neque
1107 4156 1496 4227 comprehendi
1531 4157 1782 4211 humanis
1814 4157 2049 4228 aspecti-

478 4248 579 4302 bus
607 4255 807 4318 potest.
844 4247 1039 4301 Anima
1070 4248 1214 4301 enim
1241 4262 1361 4301 cum
1399 4257 1509 4303 tota
1535 4262 1593 4302 se
1620 4247 1908 4302 sociaverit
1941 4248 2047 4304 00-

478 4341 650 4405 mino,
674 4348 730 4393 et
760 4338 1036 4408 splendori
1067 4338 1206 4394 lucis
1229 4340 1346 4409 ejus
1373 4349 1481 4393 tota
1504 4338 1859 4405 concesserit,
1884 4339 2049 4394 nihil-

2155 3145 2437 3213 conspersi
2465 3146 2518 3198 in
2539 3145 2700 3199 domo
2714 3158 2808 3197 sua
2830 3141 3085 3197 habuisse
3108 3142 3535 3212 deprehenditur
3554 3157 3569 3193 :
3588 3155 3731 3194 eam.

2153 3253 2261 3307 que
2294 3253 2479 3292 curam
2507 3249 2838 3306 magnOpere
2874 3232 3041 3288 fuisse
3074 3235 3271 3288 divinae
3305 3234 3731 3303 majestati,qus

2153 3331 2404 3386 fermenti
2426 3331 2585 3400 hujus
2597 3345 2760 3383 causa
2781 3329 2833 3382 in
2856 3337 3059 3381 tantum
3077 3326 3524 3394 sedicatoﬂendi,
3543 3338 3601 3380 ιιι
3617 3326 3733 3380 ani-

2154 3442 2322 3489 mam,
2350 3441 2509 3494 quam
2531 3426 2644 3493 ipse
2672 3422 2741 3476 ad
2762 3422 3554 3493 imaginemetsimilitudinem
3574 3436 3728 3475 suam

2154 3520 2306 3585 fecit,
2331 3518 2679 3573 exterminari
2707 3532 2805 3587 pro
2838 3518 2937 3571 hoe
2962 3514 3149 3584 jubeat
3174 3524 3228 3568 et
3250 3513 3442 3578 everti,
3471 3510 3730 3567 nonmihi

2151 3610 2500 3666 videtur-haec
2527 3609 2727 3664 divinis
2755 3608 2963 3677 legibus
2993 3609 3151 3677 digna
3182 3621 3301 3662 esse
3324 3606 3724 3676 intelligentia;

2153 3704 2245 3757 sed
2278 3702 2408 3755 illud
2442 3701 2616 3770 magis
2644 3708 2725 3753 est
2756 3701 2901 3767 quod
2932 3696 3219 3763 horrescit,
3250 3706 3307 3751 et
3356 3697 3555 3750 merito
3595 3696 3727 3749 hor-

2152 3794 2320 3848 rescit
2352 3794 2493 3847 Deus
2539 3792 2584 3846 si
2620 3790 2863 3855 malitiae,
2894 3790 2938 3844 si
2974 3791 3087 3853 irae,
3135 3788 3180 3843 si
3226 3788 3478 3857 nequitia:
3527 3787 3724 3855 spiritu

2152 3882 2566 3938 infermentetur
2587 3882 2766 3936 anima
2800 3890 2854 3934 et
2887 3883 3215 3935 intumescat
3238 3879 3306 3933 ad
3342 3879 3565 3949 ﬂagitia.
3600 3878 3725 3933 Haec

2152 3989 2257 4028 non
2289 3974 2402 4028 vult
2431 3973 2626 4029 essein
2652 3973 2833 4027 anima
2860 3971 3024 4039 Deus,
3044 3983 3098 4027 et
3125 3972 3232 4027 tale
3253 3971 3584 4026 fermentum
3618 3971 3721 4025 nisi

2151 4069 2520 4139 abjecerimus
2547 4070 2614 4123 de
2640 4069 2802 4121 domo
2837 4066 3031 4120 animae
3061 4073 3281 4129 nostra},
3317 4064 3514 4118 merito
3542 4073 3725 4118 exter-

2152 4160 2507 4215 niinabimur.
2560 4158 2667 4214 Sed
2698 4173 2768 4212 ne
2797 4166 3116 4213 contemnas
3145 4156 3363 4212 etiamsi
3393 4170 3617 4225 parvam
3641 4157 3725 4210 vi-

2151 4253 2297 4309 deris
2321 4251 2433 4321 (ει)
2467 4251 2605 4305 intra
2635 4261 2689 4304 te
2715 4250 3030 4306 fermentari
3072 4249 3352 4312 malitiam,
3380 4247 3509 4317 quia
3548 4248 3723 4303 modi-

2151 4361 2274 4400 cum
2310 4343 2565 4399 fermenti
2598 4351 2767 4397 totam
2824 4357 3057 4397 massam
3101 4340 3447 4411 corrumpit:
3490 4350 3547 4395 et
3598 4340 3718 4393 ideo

476 4446 584 4501 qua
637 4432 861 4486 omnino
918 4441 1193 4486 terrenum
1244 4432 1469 4499 cogitat,
1520 4432 1652 4485 nihil
1712 4433 2045 4487 mundamnu
2077 4416 2121 4472 Ῑ)
2151 4450 2324 4506 neque
2357 4435 2423 4489 de
2452 4448 2615 4504 parvo
2659 4442 2884 4504 peccato
2918 4434 3181 4503 negligas,
3211 4433 3469 4502 quoniam
3501 4447 3571 4486 ex
3613 4446 3721 4486 uno

476 4525 728 4592 requirit,
759 4538 858 4578 nec
897 4525 1208 4581 hominibus
1242 4525 1456 4596 placere
1487 4525 1704 4579 studet:
1734 4526 1828 4580 sed
1879 4535 2045 4580 totam

475 4631 536 4670 se
562 4616 864 4685 sapientiae,
896 4625 1063 4671 totam
1093 4618 1304 4680 lumini,
1332 4627 1496 4671 totam
1522 4616 1685 4672 calori
1719 4618 1894 4672 sancti
1924 4618 2047 4688 Spi.

477 4706 618 4761 ritus
647 4709 1057 4776 mancipaverit,
1090 4709 1301 4764 subtilis
1329 4719 1383 4763 et
1404 4708 1665 4778 spiritalis
1680 4707 1891 4777 effecta,
1913 4726 2048 4780 quo.

475 4799 639 4855 modo
686 4799 837 4854 cerni
862 4798 931 4853 ab
986 4798 1318 4864 hominibus,
1355 4810 1449 4853 aut
1478 4798 1545 4854 ab
1596 4800 1844 4855 humanis
1870 4810 2046 4871 potest

471 4891 859 4962 conspectibus
890 4892 1257 4962 apprehendi?
1301 4890 1566 4945 Animalia
1606 4906 1839 4961 namque
1881 4893 2042 4947 homo

471 4985 775 5055 intelligere
802 4994 856 5041 et
894 4987 1207 5043 discernere
1239 5000 1342 5040 non
1379 4993 1559 5053 potest
1610 4983 1928 5051 spiritalem.
1971 4985 2039 5039 Et

471 5075 593 5130 ideo
617 5076 931 5146 dignissime
963 5078 1104 5132 diem
1134 5078 1332 5132 festum
1363 5084 1505 5146 aget,
1538 5085 1594 5130 et
1631 5073 1863 5129 hostiam
1900 5073 2045 5130 Neo-

471 5170 664 5224 menim
679 5170 928 5235 Domino,
955 5180 1141 5240 utpote
1161 5187 1256 5242 per
1277 5171 1451 5239 ipsum
1468 5166 2036 5238 innovata,jugulabit.

540 5262 595 5317 6.
644 5262 851 5331 Quarto
889 5265 942 5318 in
978 5264 1095 5320 loco
1150 5264 1371 5337 ponitur
1416 5263 1558 5318 inter
1589 5261 1908 5317 festivitates
1941 5262 2039 5317 Dei

538 5396 583 5431 ⁷³
614 5398 757 5454 Psal.
791 5416 901 5461 (ιιι,
942 5400 992 5456 4.
1094 5401 1140 5433 ⁷³
1161 5400 1369 5457 Coloss.
1402 5417 1464 5463 ll,
1506 5401 1595 5464 16,
1628 5400 1717 5455 l‘l.

467 5482 522 5535 v,
555 5468 608 5522 7.
682 5471 726 5503 ⁷⁸
750 5469 906 5527 JOan.
940 5487 1014 5536 vi,
1050 5472 1142 5528 54.
1214 5473 1259 5505 ’⁸
1290 5470 1310 5525 l
1340 5475 1466 5527 Cor.
1490 5489 1553 5541 ιι,
1582 5472 1637 5528 9.

541 5605 654 5679 (20)
693 5607 894 5681 omnes
921 5608 1077 5681 codd.
1116 5611 1490 5681 manuscripti,
1519 5630 1538 5663 ι
1567 5622 1662 5666 aut
1682 5610 2026 5667 Neomenia.»

470 5678 803 5745 Libb.editi,
836 5699 852 5732 ι
888 5690 979 5734 aut
1009 5678 1338 5735 Neoutenize.
1369 5700 1389 5734 ι

1794 5400 1841 5432 ⁷⁸
1876 5400 1894 5454 Ι
1923 5402 2051 5458 Cor.
2084 5419 2162 5469 vr,
2194 5404 2283 5460 l7.

2148 4535 2375 4598 peccato
2419 4536 2712 4594 generatur
2740 4534 2796 4579 et
2823 4526 2990 4581 aliud.
3018 4525 3173 4580 Sicut
3199 4526 3344 4579 enim
3388 4539 3457 4580 ex
3506 4523 3719 4592 iustitia

2147 4628 2445 4689 generatur
2485 4616 2722 4687 justitia,
2756 4625 2811 4671 et
2837 4630 2901 4670 ex
2938 4616 3190 4670 castitate
3228 4616 3451 4670 castitas
3494 4612 3564 4686 (si
3594 4614 3721 4685 quis

2153 4712 2301 4768 enim
2326 4710 2501 4779 primo
2529 4711 2762 4763 tenuiter
2789 4722 2975 4765 castus
3008 4724 3130 4765 esse
3172 4709 3436 4778 coeperit,
3492 4720 3719 4779 accepto

2154 4803 2426 4861 castitatis
2454 4801 2725 4858 fermento
2750 4803 2992 4871 quotidie
3022 4803 3227 4857 castior
3250 4799 3526 4871 ellicitur),
3560 4803 3635 4855 ita
3663 4808 3719 4855 et

2148 4897 2238 4967 qui
2268 4897 2432 4951 semel
2469 4898 2607 4952 intra
2637 4911 2696 4952 se
2727 4895 2853 4951 licet
2897 4911 3123 4967 parvum
3153 4895 3376 4951 malitia:
3416 4894 3718 4965 reposuerit

2148 4991 2498 5054 fermentum,
2526 4990 2770 5060 quotidie
2797 4992 3091 5060 semetipso
3130 4989 3361 5057 nequior
3387 4988 3623 5044 efficitur
3653 5002 3715 5041 ac

2146 5082 2405 5139 deterior.
2434 5083 2498 5137 Et
2528 5083 2652 5138 ideo
2683 5082 2728 5139 si
2767 5084 2850 5139 vis
2879 5099 3039 5152 agere
3067 5083 3393 5152 Azymorum
3439 5080 3705 5136 festivita-

2146 5183 2255 5228 tem
2281 5186 2405 5227 cum
2453 5173 2584 5239 Deo,
2617 5192 2684 5230 ne
2729 5189 2956 5245 parvum
2980 5172 3193 5241 quidem
3224 5167 3447 5225 malitia:
3470 5168 3707 5223 fermen-

2145 5277 2258 5320 tum
2286 5264 2425 5320 intra
2459 5273 2513 5322 te
2533 5268 2770 5325 residere
2797 5266 3041 5337 patiaris.

2378 5404 2425 5437 ⁷⁸
2454 5402 2653 5475 Ephes.
2686 5418 2760 5469 Iv,
2787 5402 2881 5457 24.
2962 5401 3010 5434 ⁷⁸
3042 5400 3200 5457 Joan.
3229 5416 3268 5467 ι,
3291 5399 3383 5457 29.
3460 5401 3507 5431 ⁷⁷
3534 5400 3552 5454 l
3577 5398 3702 5460 Cur.

2211 5609 2322 5679 (21)
2357 5609 2537 5665 Codex
2585 5607 2767 5663 Sancti
2796 5608 3138 5675 Theoderici,
3173 5627 3190 5657 ι
3226 5606 3694 5676 exterminabitur,

2146 5686 2241 5738 sed
2272 5696 2337 5735 ne
2354 5693 2667 5735 contemnas
2682 5680 2893 5735 etiamsi
2928 5696 3115 5746 parum
3146 5680 3367 5735 videris.
3389 5696 3409 5730 ι
