4074 6156
329 5447 345 5512 l

376 165 488 226 755

1504 166 1573 221 ΙΝ
1605 165 1937 224 NUMEROS
1967 166 2254 224 HOMILIA
2292 169 2481 228 XXIII.

3511 171 3611 226 75%

445 288 502 344 8.
532 285 662 343 Post
697 288 838 343 hanc
865 284 1114 356 sequitur
1146 291 1302 340 sexta
1335 281 1637 347 festivitas,
1667 298 1788 353 quae
1810 283 1948 338 dici-
1976 288 2022 345 A
2052 286 2270 354 festum,
2291 288 2397 344 nisi
2416 285 2724 344 aﬂlictionis
2745 303 2938 360 panem
2961 286 3439 345 manducaveritet
3462 302 3619 343 man-

362 388 461 437 tnr
488 378 787 446 Novorum,
822 380 873 434 id
908 388 1013 444 est,
1047 393 1168 432 cum
1201 376 1457 450 primitias
1486 376 1553 431 de
1578 377 1730 432 novis
1759 375 1946 432 fructi-

364 473 469 528 bus
492 470 819 527 offeruntur.
849 469 953 527 Ubi
988 471 1134 527 enim
1183 470 1483 525 seminatus
1524 468 1689 524 fuerit
1728 484 1858 540 ager
1892 478 1947 525 et

365 561 660 633 diligenter
683 564 954 630 excultus,
977 574 1138 635 atque
1155 563 1223 618 ad
1254 562 1622 616 maturitatem
1643 562 1946 631 pervenerit

367 667 546 722 seges,
581 657 775 709 tuncin
793 654 1062 709 fructuum
1080 650 1415 724 perfectione
1439 649 1710 706 festivitas
1736 650 1944 705 Domini

367 744 604 813 geritur.
651 744 709 801 Si
729 754 928 815 ergoet
947 754 1002 799 tu
1017 746 1096 801 vis
1111 744 1381 800 Novorum
1404 743 1544 798 diem
1564 741 1757 797 festum
1787 756 1950 811 agere

369 850 495 891 cum
517 835 893 903 Domino,vide
910 837 1184 907 quomodo
1197 835 1450 901 semines,
1470 841 1562 887 aut
1582 831 1669 887 ubi
1688 832 1946 899 semines,

369 936 433 982 ut
449 929 622 997 possis
642 931 774 983 tales
795 938 996 983 metere
1015 925 1244 994 fructus,
1270 940 1335 980 ex
1357 924 1555 992 quibus
1575 923 1748 977 laetari
1780 921 1949 977 facias

372 1017 570 1083 Deum,
615 1027 670 1075 et
700 1034 863 1091 agere
910 1019 1052 1075 diem
1081 1018 1298 1080 festum.
1334 1017 1486 1085 Quod
1521 1017 1681 1070 aliter
1726 1013 1950 1084 implere

371 1124 481 1163 non
536 1111 761 1178 poteris,
815 1111 918 1165 nisi
967 1110 1160 1164 audias
1208 1108 1527 1179 Apostolum
1551 1108 1821 1162 dicentem
1850 1104 1946 1159 ⁸ος

379 1220 398 1251 ι
439 1200 544 1269 Qui
584 1203 819 1257 seminat
874 1203 925 1257 in
969 1203 1189 1273 spiritu,
1236 1202 1303 1257 de
1347 1201 1539 1271 spiritu
1570 1208 1738 1255 metet
1785 1198 1948 1251 vitam

366 1306 653 1349 aeternam.
691 1314 709 1347 ι
748 1295 804 1350 Si
834 1295 913 1351 sic
944 1295 1180 1350 semines
1217 1304 1271 1350 et
1323 1295 1404 1349 sic
1429 1303 1624 1355 metas,
1655 1305 1782 1346 vere
1808 1290 1948 1344 diem

365 1383 570 1439 festum
610 1400 738 1455 ages
776 1382 1069 1440 Novorum.
1111 1384 1404 1456 Propterea
1455 1384 1690 1452 denique
1727 1390 1780 1436 et
1821 1395 1949 1449 pro-

368 1476 531 1539 pheta
566 1477 843 1543 admonet,
872 1478 1059 1534 (licens
1083 1477 1128 1510 ⁸¹
1155 1494 1169 1531 :
1206 1497 1224 1528 ‹
1249 1478 1504 1532 lnnovate
1527 1474 1679 1529 vobis
1711 1470 1948 1533 novalia,

366 1573 424 1617 et
445 1564 612 1619 nolite
631 1565 901 1621 seminare
919 1579 1080 1635 super
1104 1566 1312 1634 spinas.
1338 1583 1357 1617 ι
1385 1564 1486 1631 Qui
1511 1578 1639 1632 ergo
1674 1576 1768 1616 cor
1795 1572 1950 1615 suum

2056 378 2337 435 ducaverit
2367 379 2568 450 pascha
2616 395 2739 435 cum
2786 381 3171 436 amaritudine.
3225 379 3618 436 Manducabitis

2049 469 2217 538 enim,
2254 472 2431 540 inquit
2459 470 2527 537 ⁸³,
2558 487 2747 543 azyma
2781 488 2903 527 cum
2938 471 3325 536 amaritudine,
3380 472 3496 527 sive
3544 472 3619 541 pi-

2048 560 2202 616 criis.
2232 561 2404 618 Audis
2436 577 2569 634 ergo
2607 563 2732 632 quid
2768 573 2952 618 essent
2984 562 3307 617 festivitates
3343 561 3434 617 Dei
3465 578 3478 613 :
3509 574 3615 615 non

2049 653 2320 721 recipiunt
2348 654 2688 710 dulcedinem
2718 655 3090 724 corporalem,
3121 654 3256 709 nihil
3285 654 3570 709 remissum
3598 691 3615 716 ,

2051 742 2188 797 nihil
2221 744 2742 814 voluptuosunnaut
2771 745 3103 799 luxuriosum
3128 744 3335 809 volunt,
3362 745 3453 799 sed
3483 740 3618 797 allii-

2050 832 2288 888 ctionem
2334 835 2527 889 animae
2576 844 2633 889 et
2688 820 3104 889 amaritudinem
3152 834 3618 904 humilitatemque

2049 927 2373 994 deposcunt,
2408 927 2535 996 quia
2570 928 2662 997 qui
2699 942 2758 982 se
2808 926 3079 990 humiliat,
3132 927 3247 994 ipse
3290 925 3617 980 exaltabitur

2049 1019 2190 1086 apud
2248 1019 2433 1073 Deum.
2469 1019 2584 1076 Hoc
2634 1034 2766 1090 ergo
2811 1019 3056 1089 deposcit
3108 1029 3164 1073 et
3218 1018 3618 1087 propitiationis

2049 1108 2189 1163 dies.
2217 1107 2354 1163 Cum
2385 1110 2529 1164 enim
2566 1110 2761 1164 alllicta
2808 1109 2973 1164 fuerit
3013 1109 3192 1163 anima
3254 1118 3308 1162 et
3337 1107 3616 1162 humiliata

2051 1200 2104 1254 in
2134 1211 2425 1270 conspectu
2469 1202 2703 1269 Domini,
2734 1211 2860 1258 tunc
2880 1201 2930 1258 ei
2968 1200 3351 1272 repropitiatur
3384 1200 3541 1265 Deus,
3564 1209 3619 1254 et

2050 1302 2181 1344 tunc
2215 1291 2283 1345 ad
2307 1306 2424 1346 eam
2458 1292 2606 1346 venit
2631 1292 2739 1357 ille,
2779 1311 2799 1344 ι
2833 1308 2991 1363 quem
3020 1291 3301 1362 proposuit
3326 1289 3466 1345 Deus
3492 1305 3618 1359 pro-

2051 1384 2361 1451 pitiatnrem
2398 1398 2495 1452 per
2519 1384 2676 1438 fidem
2711 1385 2763 1438 in
2799 1384 3062 1461 sanguine
3094 1396 3194 1439 suo
3222 1381 3289 1449 ⁸⁵,
3320 1400 3338 1435 ι
3373 1380 3620 1438 Christus

2051 1470 2211 1527 .lesus
2250 1472 2509 1528 Dominus
2532 1482 2586 1527 et
2614 1474 2924 1544 redemptor
2955 1475 3094 1544 ejus.

2124 1565 2208 1618 ll.
2229 1563 2346 1619 Jam
2373 1580 2501 1619 vero
2530 1566 2753 1621 ultimus
2784 1568 2899 1623 dies
2934 1566 3102 1624 festus
3131 1567 3223 1622 Dei
3262 1569 3386 1639 quis
3411 1567 3484 1626 sit
3514 1581 3621 1637 quo

367 1663 425 1708 ει
457 1655 773 1710 interiorem
799 1655 1075 1710 hominem
1102 1665 1329 1709 renovat
1357 1654 1424 1708 de
1458 1653 1545 1707 die
1580 1652 1632 1705 ill
1663 1650 1826 1715 diem,
1853 1646 1955 1700 iste
1985 1641 2027 1696 Β
2056 1655 2199 1712 Dens
2222 1658 2436 1712 ιεριθιιη-
2456 1659 2509 1712 in
2544 1659 2784 1726 homine,
2801 1660 3103 1715 videamus.
3154 1659 3621 1733 Scenopegia’in-

368 1748 476 1800 sibi
506 1747 726 1800 innovat
745 1746 1045 1812 novalia,et
1066 1761 1170 1801 non
1193 1747 1427 1801 seminat
1445 1760 1609 1814 super
1625 1743 1829 1813 spinas,
1845 1737 1941 1793 sed

365 1851 538 1906 super
555 1846 756 1891 terram
779 1836 997 1903 bonam,
1027 1851 1147 1906 quae
1178 1836 1368 1891 reddat
1389 1837 1436 1890 ei
1473 1835 1706 1890 fructum
1734 1831 1947 1886 tricesi-

372 1945 543 1996 mum,
569 1938 659 1982 aut
685 1929 1105 1997 sexagesimum,
1142 1937 1234 1983 aut
1266 1930 1645 1984 centesimum.
1684 1925 1791 1980 Iste
1818 1939 1947 1995 ergo

372 2031 482 2086 est,
507 2022 597 2090 qui
622 2021 674 2075 iu
709 2021 901 2090 spiritu
938 2023 1188 2083 seminat,
1223 2031 1279 2075 et
1318 2020 1527 2091 colligit
1559 2018 1796 2072 fructum
1837 2018 1947 2086 spi-

372 2127 535 2180 ritus.
565 2125 795 2180 Fructus
834 2133 1013 2179 autem
1047 2125 1291 2194 spiritus,
1320 2124 1551 2194 primum
1594 2123 1835 2178 omnium
1864 2130 1947 2176 est

373 2219 632 2289 gaudium
656 2216 722 2272 3'.
764 2217 831 2271 Et
876 2217 1073 2271 merito
1114 2218 1254 2272 diem
1301 2217 1499 2272 festum
1547 2230 1805 2270 novorum
1837 2213 1947 2267 fru-

373 2318 562 2364 ctuum
600 2310 730 2380 agit,
763 2308 853 2378 qui
894 2309 1149 2378 gaudium
1184 2309 1374 2373 metit;
1407 2307 1675 2377 praecipue
1709 2306 1753 2361 si
1788 2305 1948 2360 simul

373 2408 544 2455 metat
573 2409 630 2454 et
680 2415 888 2469 pacem,
920 2410 973 2454 et
1029 2400 1369 2470 patientiam,
1424 2410 1478 2456 et
1529 2400 1847 2462 bonitatem,
1895 2408 1950 2452 et

374 2493 871 2554 mansuetudinem,
934 2492 1176 2561 aliosque
1228 2493 1420 2545 horum
1472 2491 1681 2546 similes
1738 2489 1950 2544 fructus

369 2586 418 2641 si
455 2584 687 2654 colligat,
723 2582 1042 2654 dignissime
1074 2600 1340 2639 novorum
1375 2583 1649 2639 fructuum
1688 2583 1950 2638 festivita-

373 2687 482 2732 tem
516 2675 743 2733 Domino
774 2683 916 2746 aget.

446 2802 499 2859 9.
517 2801 668 2859 Tunc
680 2801 869 2858 deinde
880 2802 1120 2872 sequitur
1134 2801 1396 2858 festivitas
1411 2800 1952 2872 Septimorum.Sicut

371 2896 525 2950 enim
543 2896 683 2950 inter
700 2895 815 2951 dies
833 2895 1099 2965 septimus
1112 2896 1338 2964 quisque
1354 2893 1469 2948 dies
1482 2894 1801 2949 observatur
1817 2895 1946 2950 Sab-

373 2992 591 3056 batum,
609 2998 665 3044 et
688 2998 771 3043 est
800 2988 1085 3054 festivitas,

374 3083 612 3152 quisque
628 3081 830 3136 mensis
868 3079 1163 3135 Sabbatum
1193 3091 1277 3133 est
1301 3079 1800 3149 mensium.Agitur
1823 3093 1953 3149 ergo

377 3176 435 3231 in
452 3189 517 3229 eo
534 3174 820 3240 festivitas,
834 3190 953 3246 qua:
967 3173 1162 3229 dicitur
1180 3169 1415 3228 Sabbata
1438 3172 1810 3238 sabbatorum,
1827 3181 1881 3227 et
1897 3171 1956 3225 fit

379 3271 437 3326 in
456 3268 541 3322 die
553 3268 724 3335 prima
739 3269 937 3322 mensis
952 3266 1198 3321 tubarum
1219 3265 1611 3321 memoria.Sed
1628 3265 1748 3335 quis
1766 3273 1846 3318 est
1862 3263 1955 3333 qui

382 3370 730 3425 festivitatem
755 3358 1198 3435 geratmemoriaa
1222 3359 1494 3423 tubarum,
1528 3358 1630 3413 nisi
1662 3358 1752 3426 qui
1777 3363 1951 3426 potest

384 3461 698 3530 Scripturas
745 3455 1089 3528 pr0pheticas
1132 3463 1187 3511 et
1215 3453 1580 3524 evangelicas,
1633 3465 1752 3521 qua:
1783 3447 1949 3503 veluti

386 3561 633 3617 caelestis
690 3560 936 3629 quaedam
985 3565 1276 3628 personant
1325 3556 1450 3610 tuba
1488 3552 1638 3624 (22),
1697 3552 1956 3606 mandare

387 3654 666 3709 memoriae
699 3663 753 3708 et
797 3653 940 3705 intra
967 3652 1289 3705 thesaurum
1305 3649 1484 3703 cordis
1505 3647 1586 3701 sui
1625 3644 1956 3701 recondere?

387 3745 493 3813 Qui
522 3759 652 3815 ergo
681 3743 797 3797 haec
832 3742 1029 3796 facitet
1058 3742 1111 3795 in
1148 3740 1264 3811 lege
1310 3740 1401 3794 Dei
1437 3739 1728 3794 meditatur
1761 3737 1850 3793 die
1887 3753 1953 3793 ac

387 3846 567 3901 nocte,
620 3838 723 3893 iste
767 3836 1117 3891 festivitatem
1171 3834 1310 3905 gerit
1363 3833 1641 3888 memoriae.
1677 3833 1950 3889 tubarum.

387 3929 500 3986 Sed
531 3929 653 3984 etsi
685 3928 809 3997 quis
842 3936 1023 3997 potest
1070 3927 1276 3995 gratias
1323 3925 1447 3981 illas
1494 3926 1668 3981 sancti
1714 3922 1955 3994 Spiritus

389 4021 688 4091 promereri
726 4019 926 4089 quibus
964 4018 1212 4087 inspirati
1244 4027 1369 4073 sunt
1397 4020 1694 4089 prophetae,
1721 4028 1776 4073 et
1812 4017 1956 4087 psal-

388 4113 510 4169 lens
536 4113 724 4167 dicere
746 4104 773 4167 ἐ
802 4130 824 4163 ί
861 4112 1053 4168 Canite
1079 4110 1292 4164 initium
1319 4111 1522 4165 mensis
1568 4111 1716 4175 tuba,
1768 4111 1820 4164 in
1868 4111 1956 4166 die

387 4207 620 4276 insignis
647 4206 1009 4261 solemnitatis
1035 4207 1206 4273 ejusn
1226 4215 1282 4260 et
1305 4205 1394 4273 qui
1411 4202 1516 4258 scit
1538 4202 1593 4257 in
1617 4202 1843 4270 psalmis
1861 4202 1952 4272 ju-

385 4297 562 4354 bilare
587 4298 661 4362 ei,
696 4299 853 4369 digne
884 4297 994 4369 agit
1024 4297 1420 4352 solemnitatem
1446 4294 1739 4350 Tubarum.

463 4426 549 4481 l0.
582 4422 676 4481 Est
703 4427 879 4481 adhuc
903 4426 1074 4480 etalia
1111 4424 1397 4487 festivitas,
1420 4438 1540 4477 cum
1568 4419 1810 4492 afﬂigunt
1838 4422 1959 4475 ani-

388 4535 509 4573 mas
540 4534 663 4572 suas
689 4526 743 4573 et
768 4518 1055 4571 lmmiliant
1108 4532 1165 4571 se
1202 4517 1311 4571 Deo
1346 4514 1485 4569 festa
1516 4513 1879 4568 celebrantes.
1913 4515 1957 4569 0

389 4610 530 4664 mira
567 4607 857 4664 festivitas!
881 4609 995 4662 dies
1028 4607 1198 4661 festus
1236 4615 1460 4661 vocatur
1486 4605 1707 4660 amictio
1733 4604 1951 4660 animae.

394 4700 496 4757 llic
521 4700 688 4767 enim,
717 4699 909 4769 inquit,
936 4700 1050 4754 dies
1080 4708 1161 4754 est
1192 4701 1596 4769 propitiationis
1630 4700 1841 4755 decima
1869 4699 1957 4755 die

391 4793 597 4848 mensis
624 4791 864 4859 septimi.
893 4791 1028 4845 Vide
1062 4805 1214 4858 ergo,
1252 4791 1294 4843 si
1320 4792 1400 4845 vis
1424 4792 1562 4845 diem
1600 4791 1792 4845 festum
1822 4806 1951 4859 age-

391 4897 476 4946 re,
502 4883 546 4937 si
585 4882 667 4937 vis
697 4888 757 4935 ut
787 4879 1000 4935 lzetetur
1037 4879 1178 4935 Deus
1213 4896 1372 4951 super
1401 4891 1472 4945 te,
1510 4879 1682 4951 alliige
1714 4883 1952 4935 animam

395 4984 547 5030 tuam
594 4982 651 5029 et
694 4971 915 5027 humilia
956 4986 1096 5026 eam.
1139 4971 1251 5026 Non
1296 4973 1343 5027 ei
1404 4972 1687 5041 permittas
1734 4974 1954 5044 explere

391 5066 663 5122 desideria
692 5080 811 5129 sua,
836 5080 934 5119 nec
966 5065 1234 5119 concedas
1258 5064 1308 5118 ei
1345 5064 1578 5118 lasciviis
1600 5066 1842 5134 evagari,
1862 5064 1954 5119 sed

390 5158 713 5229 inquantum
750 5157 868 5213 ﬁeri
898 5165 1093 5227 potest,
1125 5156 1298 5226 alllge
1327 5167 1380 5209 et
1411 5156 1630 5209 humilia
1659 5171 1799 5210 eam.
1849 5158 1952 5211 De-

392 5251 563 5320 nique
587 5248 813 5304 Paschae
843 5248 1108 5303 festivitas
1134 5257 1188 5303 et
1217 5250 1540 5319 Azymorum
1559 5285 1574 5311 ,
1602 5262 1796 5316 panem
1822 5246 1955 5301 ami-

390 5340 594 5396 ctionis
630 5341 830 5395 habere
852 5339 1091 5395 dicitur:
1122 5355 1219 5394 nec
1253 5348 1430 5410 potest
1458 5340 1580 5408 quis
1609 5354 1769 5409 agere
1815 5340 1956 5395 diem

461 5462 506 5494 '°
531 5461 702 5517 Galat.
736 5477 810 5521 vr,
842 5459 895 5514 8.
967 5458 1013 5491 ⁸¹
1046 5456 1244 5512 Jerem.
1278 5473 1348 5521 tv,
1380 5457 1431 5511 '5.

392 5532 478 5587 l5.
554 5531 601 5563 ⁸⁸
635 5532 736 5587 Isa.
769 5547 893 5597 xxx,
921 5531 1008 5586 26.

1531 5456 1576 5489 ⁸⁸
1605 5454 1773 5511 Galat.
1828 5474 1881 5523 v,
1912 5457 2000 5513 22.

2047 1746 2442 1816 quit.Ltelatur
2454 1763 2584 1818 ergo
2600 1760 2766 1817 super
2782 1754 2988 1816 te,cum
3010 1760 3061 1805 te
3076 1751 3338 1806 videritin
3358 1752 3458 1807 hoc
3473 1768 3622 1805 mun-

2048 1844 2114 1896 do
2147 1841 2198 1894 in
2236 1839 2592 1896 tabernaculis
2613 1841 2768 1913 361
2808 1843 3167 1910 habitantem,
3193 1861 3314 1901 cum
3350 1854 3401 1900 te
3425 1843 3622 1898 viderit

2047 1949 2153 1986 non
2202 1932 2403 1987 habere
2449 1931 2612 1986 fixum
2649 1945 2703 1987 et
2733 1932 3013 1989 fundatum
3050 1936 3291 1990 animum
3322 1950 3389 1991 ac
3421 1950 3618 2006 propo-

2046 2026 2210 2080 situm
2242 2039 2401 2093 super
2433 2032 2641 2087 terras,
2668 2038 2769 2078 nec
2798 2024 3197 2081 desiderantem
3234 2040 3355 2096 quae
3400 2034 3618 2080 terrena

2048 2127 2205 2185 sunt,
2257 2134 2356 2172 nec
2382 2118 2627 2172 umbram
2658 2117 2781 2170 vitm
2829 2116 2988 2186 hujus
3032 2119 3183 2188 quasi
3218 2120 3618 2188 possessionem

2049 2213 2321 2282 propriam
2353 2220 2407 2264 et
2443 2220 2759 2280 perpetuam
2805 2212 3185 2282 deputantem,
3238 2214 3335 2267 sed
3383 2213 3529 2268 velut
3567 2214 3619 2267 in

2051 2305 2281 2359 transitu
2314 2305 2547 2375 positum
2579 2344 2594 2368 ,
2626 2315 2681 2360 et
2713 2303 2778 2358 ad
2809 2318 2991 2358 veram
3042 2305 3185 2358 illatn
3215 2305 3446 2376 patriam
3480 2305 3620 2359 unde

2049 2411 2300 2467 egressus
2327 2413 2387 2452 es
2411 2438 2426 2462 ,
2459 2397 2697 2468 paradisi
2753 2395 3093 2452 festinantem
3141 2412 3202 2452 ac
3230 2397 3500 2452 dicentem
3528 2398 3576 2430 ⁸⁸
3601 2416 3615 2450 :

2036 2496 2073 2545 ⁷(
2112 2492 2287 2548 lucola
2316 2506 2415 2561 ego
2445 2506 2563 2546 sum
2593 2500 2648 2544 et
2677 2492 3018 2561 peregrinus,
3047 2489 3188 2543 sicut
3217 2502 3405 2542 onmes
3436 2495 3621 2557 patres

2051 2587 2177 2641 mei.
2206 2604 2225 2638 ι
2263 2586 2316 2640 ln
2353 2583 2721 2640 tabernaculis
2752 2584 2895 2637 enim
2925 2581 3309 2636 habitaverunt
3333 2588 3387 2634 et
3416 2592 3618 2649 patres,

2050 2690 2104 2734 et
2130 2680 2403 2733 Abraham
2435 2680 2487 2733 in
2519 2676 2716 2734 cas‘ulis
2737 2719 2750 2741 ,
2783 2678 2834 2731 id
2879 2687 2998 2744 est,
3033 2680 3087 2731 in
3122 2673 3489 2730 tabernaculis
3521 2675 3621 2728 ha-

2051 2771 2248 2827 bitavit
2276 2787 2396 2826 cum
2430 2771 2581 2826 Isaac
2627 2781 2682 2826 et
2712 2768 2879 2827 Jacob
2916 2768 3287 2826 colimredibus
3327 2768 3622 2837 repromis-

2051 2864 2222 2919 sionis
2250 2863 2513 2933 ejusdem.
2543 2861 2676 2918 Cum
2711 2878 2841 2934 ergo
2875 2863 3048 2919 incola
3095 2861 3263 2917 fueris
3296 2868 3352 2915 et
3385 2858 3621 2937 peregri-

1101 2950 1174 3042 n'a
1191 2950 1412 3043 el'imer
1436 3001 1654 3042 menses
1689 2988 1950 3056 semimus
1977 2975 2018 3033 ο
2056 2973 2155 3011 nus
2185 2956 2238 3010 in
2275 2956 2433 3010 terris
2458 2996 2473 3021 ,
2505 2963 2560 3010 et
2589 2970 2696 3010 non
2727 2965 2810 3010 est
2858 2972 3010 3010 mens
3038 2965 3125 3009 tua
3158 2954 3262 3008 lixa
3289 2963 3344 3008 et
3381 2950 3620 3007 radicata

2056 3049 2109 3103 in
2148 3046 2433 3102 desideriis
2480 3056 2817 3100 Ierrenorum
2846 3085 2861 3111 ,
2893 3046 2986 3100 sed
3030 3054 3253 3115 paratus
3296 3058 3356 3098 es
3410 3052 3472 3097 ut
3512 3042 3623 3097 cito

2055 3152 2320 3205 transeas,
2349 3151 2402 3195 ct
2429 3149 2650 3209 paratus
2673 3153 2730 3192 es
2761 3140 3053 3194 extendere
3091 3145 3141 3190 te
3181 3149 3394 3204 semper
3422 3135 3491 3190 ad
3537 3133 3621 3186 in-

2056 3233 2284 3297 teriora,
2313 3244 2596 3300 usquequo
2626 3226 2909 3297 pervenias
2939 3224 3006 3278 ad
3039 3235 3236 3277 terram
3261 3220 3516 3276 ﬂuentem
3540 3218 3624 3272 lac

2055 3334 2110 3382 et
2143 3325 2281 3390 mel,
2335 3331 2388 3377 et
2434 3321 2805 3376 haereditatem
2851 3317 3033 3387 capias
3079 3314 3423 3369 futurorum:
3462 3311 3509 3367 si
3548 3319 3619 3376 te,

2054 3417 2272 3486 inquam
2299 3455 2313 3479 ,
2347 3414 2581 3483 positum
2611 3412 2664 3465 in
2710 3410 2794 3465 his
2825 3409 3000 3486 videat
3038 3405 3212 3470 Deus,
3242 3406 3455 3460 laetatur
3480 3404 3535 3458 in
3566 3411 3618 3458 te

2055 3516 2108 3562 et
2134 3484 2275 3563 diem
2305 3505 2499 3561 festum
2527 3503 2638 3575 agit
2678 3516 2839 3571 super
2886 3509 2958 3556 te.
2986 3484 3121 3554 'lizec
3146 3498 3361 3568 quidem
3403 3497 3458 3552 in
3488 3511 3625 3566 pnn-

2055 3601 2191 3656 scnti
2218 3641 2233 3665 ,
2267 3600 2319 3653 in
2353 3597 2535 3652 futuro
2568 3612 2695 3651 vero
2720 3636 2735 3660 ,
2768 3595 2812 3649 si
2849 3594 2930 3648 vis
2970 3592 3315 3647 considerare
3354 3590 3624 3661 quomodo

2057 3703 2289 3762 agantur
2324 3692 2437 3747 dies
2466 3689 2607 3754 festi,
2636 3690 2785 3759 erige
2815 3687 3109 3759 paululum,
3151 3684 3195 3741 si
3228 3694 3403 3755 potes,
3432 3698 3624 3739 sensus

2059 3796 2179 3839 tuos
2211 3801 2239 3838 a
2275 3792 2418 3838 terra
2440 3822 2456 3847 ,
2489 3789 2542 3836 et
2569 3780 2893 3834 obliviscere
2919 3778 3195 3849 paulisper
3222 3779 3339 3831 haec
3373 3791 3492 3845 qua:
3519 3775 3621 3829 ha-

2057 3879 2252 3932 bentur
2278 3876 2331 3929 in
2358 3873 2518 3929 facie.
2552 3871 2807 3927 Describe
2841 3886 2967 3926 vero
2996 3870 3092 3925 tibi
3124 3869 3396 3940 quomodo
3426 3867 3621 3922 cmlum

2056 3980 2113 4026 et
2167 3980 2309 4024 terra
2351 3975 2665 4034 transeant,
2710 3975 2764 4020 et
2813 3965 3006 4019 transit
3045 3965 3223 4019 omnis
3271 3963 3360 4019 hic
3404 3960 3623 4017 habitus

2058 4059 2481 4124 mundi,cmlum
2512 4074 2639 4114 vero
2669 4073 2884 4120 novum,
2915 4066 2971 4112 et
3003 4066 3143 4112 terra
3179 4072 3316 4112 nova
3346 4056 3617 4111 fundctur.

2057 4157 2262 4211 Amove
2284 4154 2348 4209 de
2373 4152 2751 4222 conspectibus
2781 4152 2884 4207 tuis
2904 4154 3063 4207 etiam
3090 4151 3217 4208 solis
3242 4150 3403 4221 hujus
3425 4149 3620 4212 lucem,

2058 4258 2114 4303 et
2140 4246 2205 4301 da
2239 4247 2309 4300 illi
2347 4243 2544 4299 mundo
2571 4245 2661 4313 qui
2697 4253 2956 4299 venturus
2985 4254 3068 4299 est
3094 4285 3108 4309 ,
3149 4245 3282 4300 solis
3319 4240 3623 4313 septuplum

1988 4328 2033 4383 Ῑ)
2064 4339 2239 4393 lumen
2270 4336 2336 4391 ⁸⁸.
2370 4334 2482 4390 lmo
2514 4335 2693 4404 potius
2719 4338 3012 4390 secundum
3053 4336 3350 4405 Scriptura:
3385 4334 3624 4388 auctori-

2061 4440 2226 4485 tatem
2272 4428 2446 4498 ipsum
2481 4425 2529 4481 ei
2566 4426 2631 4480 da
2665 4425 2948 4480 Dominum
2983 4425 3178 4480 lucem.
3208 4423 3355 4479 Pone
3382 4432 3624 4478 astantes

2061 4517 2280 4589 angelos
2304 4516 2511 4588 gloriae,
2539 4530 2676 4586 pone
2706 4503 2955 4580 virtutes,
2981 4521 3298 4586 potestates,
3324 4514 3500 4580 sedes,
3528 4512 3624 4570 do—

2062 4609 2415 4671 minationes,
2447 4617 2609 4676 atque
2637 4622 2795 4661 omne
2828 4623 3024 4662 nomen
3063 4606 3483 4662 clarissimarum
3511 4618 3623 4659 coe-

2058 4702 2382 4769 lestiumque
2413 4698 2705 4766 virtutum,
2761 4715 2865 4753 non
2910 4698 3081 4755 solum
3111 4698 3251 4767 quod
3287 4698 3340 4752 in
3371 4698 3621 4767 praesenti

2061 4794 2256 4852 saeculo
2292 4793 2620 4856 nominatur,
2651 4792 2743 4848 sed
2776 4792 2917 4861 quod
2945 4792 3107 4846 etiam
3148 4792 3201 4845 in
3242 4788 3449 4847 futuro.
3478 4788 3625 4844 Inter

2060 4890 2158 4943 hos
2203 4900 2391 4941 omnes
2431 4884 2715 4939 considera
2743 4895 2798 4938 et
2838 4882 3042 4952 conjice
3087 4882 3354 4953 quomodo
3382 4881 3466 4953 agi
3499 4895 3625 4951 pos-

2061 4980 2167 5035 sint
2192 4980 2307 5035 dies
2338 4977 2457 5034 festi
2485 4979 2731 5033 Domini:
2765 4993 2886 5048 quas
2914 4978 2985 5033 ibi
3016 4977 3314 5043 festivitas,
3345 4992 3465 5048 qua:
3492 4991 3624 5046 gau-

2060 5073 2169 5140 dia,
2208 5088 2326 5142 quae
2360 5071 2558 5127 laetitiis
2584 5070 2915 5142 magnitudo.
2943 5069 3076 5124 Nam
3107 5070 3171 5124 de
3198 5070 3264 5125 iis
3294 5084 3432 5139 quos
3459 5083 3623 5138 supra

2058 5163 2292 5217 diximus
2324 5162 2657 5231 spiritalibus
2704 5159 3121 5225 festivitatibus,
3151 5159 3368 5216 etiamsi
3414 5171 3624 5227 magna!

2060 5255 2169 5310 sint
2200 5263 2254 5309 et
2280 5270 2444 5320 verae,
2482 5254 2749 5324 prtecipue
2774 5270 2895 5310 cum
2926 5254 3241 5326 spiritaliter
3273 5258 3538 5324 geruntur
3567 5249 3621 5302 in

2064 5346 2265 5412 anima,
2295 5359 2486 5415 magna
2523 5354 2698 5400 tamen
2728 5360 2796 5401 ex
2823 5354 2976 5416 parte
2999 5355 3142 5413 sunt,
3164 5358 3270 5398 non
3293 5357 3359 5397 ex
3392 5340 3619 5408 integro.

2096 5459 2142 5491 ⁸³
2172 5460 2339 5515 Exod.
2372 5476 2467 5524 xu,
2498 5458 2550 5514 8.
2633 5461 2679 5494 ⁸³⁵
2705 5456 2859 5515 Rom.
2894 5474 2976 5513 ιιι.
3004 5458 3094 5514 25.
3161 5457 3207 5491 ⁸³
3237 5459 3376 5514 Psal.
3412 5476 3634 5526 xxxvttt,

466 5627 576 5698 (22)
610 5626 755 5681 Idem
788 5621 1205 5692 tnanuscriptus,
1242 5640 1259 5672 ι
1295 5632 1412 5688 qum
1445 5618 1591 5673 velut
1621 5617 1828 5673 caelesti
1858 5618 2087 5688 quadam
2122 5629 2416 5690 personant
2447 5618 2592 5673 tuba.
2634 5637 2651 5669 ι
