4074 6156
511 263 621 324 755

1943 254 2260 317 ORIGENIS

3652 233 3749 294 756

514 389 672 445 Sicut
694 386 840 445 enim
875 386 1010 442 dixit
1038 385 1326 456 Apostolus
1349 373 1435 455 π’,
1466 379 1597 457 quia
1634 404 1653 438 ι
1691 398 1755 439 ex
1801 392 1954 453 parte
1977 382 2086 437 sci-
2120 386 2163 442 Α
2197 388 2279 432 lel‘
2309 373 2543 430 Γδῐηυιυθ
2565 371 2661 426 θεῖ
2695 369 2749 422 ίη
2781 365 2997 457 eam?“
3022 352 3747 457 Edei_deSigT‘9ic?n§.::

516 495 657 547 mus,
694 489 747 536 et
797 495 863 534 ex
894 489 1050 548 parte
1095 480 1486 549 prophetamus
1523 496 1539 545 ;
1579 497 1598 531 ι
1640 478 1712 532 ita
1757 487 2098 542 consequens

514 581 620 639 est,
667 580 725 626 ut
769 585 834 624 ex
877 580 1031 640 parte
1059 571 1200 626 diem
1248 571 1444 626 festum
1491 584 1764 640 geramus.
1811 564 1884 622 Ut
1916 575 2096 620 autem

515 663 660 718 scias
686 662 802 717 haec
830 663 903 716 ita
929 677 1070 727 esse,
1095 662 1382 717 redeamus
1408 665 1474 716 ad
1511 660 1689 731 ipsius
1710 659 1863 713 Pauli
1890 672 2098 712 sermo-

517 770 641 810 nem
666 793 684 819 ,
715 769 875 823 quem
909 758 975 809 de
1026 754 1213 809 diebus
1244 754 1396 810 festis
1437 764 1492 808 et
1539 753 1842 810 neomeniis
1874 750 2094 820 posuit;

514 857 570 901 et
601 848 724 903 vide
757 849 1028 917 quomodo
1067 850 1426 903 observanter
1459 848 1636 902 dixit:
1680 865 1699 898 ι
1737 845 1909 900 Nemo
1947 859 2097 914 ergo,

518 939 595 992 ait
625 940 691 1004 ³⁸,
729 954 826 994 vos
848 940 1055 1008 judicet
1080 939 1135 994 in
1167 940 1309 1007 cibo,
1345 950 1439 994 aut
1472 941 1523 994 in
1551 950 1713 1009 potu,
1742 949 1832 992 aut
1862 937 1916 990 in
1948 946 2101 1005 parte

519 1033 626 1088 dici
663 1033 809 1088 festi.
848 1051 868 1083 ι
920 1034 1151 1088 Attende
1181 1047 1310 1104 ergo
1351 1033 1666 1103 diligentius
1690 1028 1963 1101 quomodo
1994 1044 2098 1081 non

520 1127 660 1181 dixit
697 1127 748 1181 in
788 1126 873 1179 die
905 1123 1044 1179 festo
1068 1167 1083 1191 ,
1116 1126 1208 1179 sed
1239 1126 1291 1179 in
1324 1136 1476 1195 parte
1509 1124 1615 1179 diei
1648 1122 1796 1177 festi.
1826 1122 1903 1175 Ex
1949 1131 2102 1190 parte

523 1220 667 1275 enim
699 1227 754 1272 et
801 1232 904 1271 non
936 1233 1003 1271 ex
1036 1217 1247 1287 integro
1279 1217 1419 1271 diem
1454 1216 1649 1271 festum
1684 1216 1735 1268 in
1772 1217 1874 1268 hoc
1902 1211 2102 1266 mundo

521 1311 682 1382 positi
713 1309 1073 1365 celebramus.
1107 1308 1518 1379 lnterpellamur
1555 1309 1705 1363 enim
1747 1305 1962 1361 etiamsi
2003 1319 2095 1358 no-

523 1404 703 1457 lumus
730 1403 797 1456 ab
820 1416 988 1456 onere
1020 1401 1237 1466 carnis,
1268 1400 1545 1471 pulsamur
1570 1414 1599 1452 a
1648 1395 2103 1466 concupiscentiis

523 1497 664 1563 ejus,
691 1494 942 1563 curisque
958 1501 1013 1547 et
1043 1492 1495 1549 sollicitudinibus
1517 1490 1882 1546 terebramur.
1922 1506 1940 1540 r
1969 1488 2106 1543 Cor-

522 1603 625 1659 pus
647 1589 792 1642 enim
818 1586 1182 1657 corruptibile,
1217 1605 1235 1637 ι
1267 1595 1325 1640 ιιι
1357 1586 1433 1638 ait
1464 1585 1554 1640 ille
1582 1584 2012 1653 sapientissimus
2033 1581 2101 1649 ⁸⁸,

529 1696 549 1729 ι
587 1687 848 1747 aggravat
882 1678 1140 1741 animam,
1184 1686 1240 1729 et
1270 1676 1526 1747 deprimit
1563 1690 1781 1732 sensum
1814 1674 1982 1729 multa
2012 1689 2105 1728 co-

525 1770 810 1840 gitantem.
845 1789 864 1822 ι
911 1770 989 1823 Ex
1045 1779 1200 1839 parte
1235 1784 1364 1839 ergo
1419 1770 1470 1824 in
1529 1769 1632 1826 hoc
1678 1770 1880 1825 mundo
1927 1769 2102 1824 sancti

526 1870 694 1929 agunt
721 1861 861 1917 diem
894 1860 1115 1927 festum,
1160 1861 1282 1930 quia
1315 1871 1369 1915 et
1406 1878 1470 1916 ex
1502 1870 1655 1932 parte
1693 1863 1906 1927 sciunt,
1955 1874 2009 1916 et
2036 1877 2104 1917 ex

526 1962 679 2022 parte
701 1952 1051 2023 prophetarit.
1079 1952 1211 2007 Cum
1244 1963 1422 2008 autem
1450 1953 1698 2008 venerint
1718 1969 1838 2024 quae
1864 1952 2104 2023 perfecta

527 2052 693 2110 sunt,
740 2046 1090 2099 destruentur
1132 2045 1235 2099 ista
1272 2059 1392 2114 quae
1435 2061 1501 2100 ex
1555 2054 1706 2115 parte
1754 2055 1901 2102 sunt.
1952 2046 2107 2100 Sicut

527 2135 677 2189 enim
708 2132 960 2203 perfectae
989 2135 1229 2189 scientiae
1263 2136 1407 2189 cedit
1449 2136 1545 2191 ista
1579 2152 1698 2205 quae
1723 2150 1787 2191 ex
1823 2145 1977 2204 parte
1999 2143 2102 2201 est,

530 2237 585 2281 et
616 2214 867 2296 perfecta:
902 2228 1197 2297 prophetiae
1224 2229 1369 2282 cedit
1413 2229 1512 2282 ista
1542 2243 1660 2297 quae
1691 2244 1755 2282 ex
1801 2237 1955 2298 parte
1983 2237 2103 2281 est:

531 2320 610 2374 ita
638 2329 690 2374 et
723 2318 975 2388 perfectae
1002 2319 1284 2375 festivitati
1311 2320 1453 2374 cedit
1482 2321 1584 2374 ista
1610 2335 1728 2389 quae
1758 2334 1822 2372 ex
1857 2329 2009 2389 parte
2026 2327 2108 2373 est

532 2410 827 2469 festivitas.
861 2410 1047 2482 Neque
1094 2413 1238 2467 enim
1273 2413 1418 2481 quod
1456 2412 1753 2482 perfectum
1778 2411 2108 2466 estmundus

531 2505 637 2560 iste
670 2520 867 2574 capere
894 2514 1087 2573 potest,
1122 2506 1244 2570 ubi,
1276 2514 1335 2559 ut
1366 2506 1625 2570 diximus,
1655 2504 1955 2559 necessitas
1984 2518 2109 2557 cor-

531 2599 679 2667 poris
705 2613 852 2653 nunc
881 2600 1083 2664 cibum,
1115 2614 1259 2654 nunc
1282 2610 1490 2669 potum,
1524 2612 1666 2653 nunc
1702 2612 1951 2652 somnum
1977 2611 2104 2666 sug-

532 2690 702 2759 gerit,
737 2706 880 2744 nunc
924 2690 1087 2744 etiam
1128 2701 1606 2761 quantamcunque
1650 2689 1959 2745 necessario
1985 2688 2110 2743 vita:

532 2782 820 2851 praesentis
869 2781 1286 2836 sollicitudinem
1337 2792 1535 2845 movet,
1569 2796 1690 2850 qua:
1714 2781 1899 2835 omnia
1938 2780 2109 2834 inter-

536 2882 794 2943 rumpunt
819 2873 938 2927 sine
966 2873 1128 2927 dubio
1159 2873 1624 2927 continuationem
1654 2871 1961 2927 festivitatis
1989 2870 2106 2928 Dei.

533 2965 668 3019 Cum
698 2975 878 3019 autem
903 2965 1116 3019 venerit
1142 2963 1268 3019 illud
1300 2965 1443 3034 quod
1477 2965 1681 3017 dictum
1711 2973 1793 3018 est
1826 2963 1893 3019 de
1921 2963 1987 3019 iis
2016 2962 2108 3032 qui

532 3059 899 3113 restituuntur
932 3057 986 3110 in
1021 3067 1209 3112 sancta
1231 3098 1245 3122 ,
1275 3058 1318 3112 si
1353 3067 1530 3112 tamen
1562 3067 1615 3112 et
1647 3072 1743 3112 nos
1773 3073 1840 3112 ex
1881 3057 1949 3112 iis
1991 3071 2111 3112 esse

535 3161 845 3209 mereamur
866 3147 957 3215 qui
995 3149 1315 3202 restituendi
1338 3159 1486 3215 sunt,
1515 3150 1608 3218 qui
1639 3163 1812 3218 neque
1845 3148 2109 3215 esurient,

535 3252 712 3308 neque
742 3235 962 3302 sitient,
1008 3252 1182 3307 neque
1228 3237 1632 3306 dormitabunt,
1673 3254 1846 3308 neque
1894 3239 2114 3292 labora-

534 3332 694 3396 bunt,
718 3328 811 3383 sed
835 3338 999 3383 erunt
1021 3330 1328 3399 pervigiles,
1356 3332 1496 3385 sicut
1516 3329 1832 3399 angelorum
1858 3330 1970 3383 vita
1992 3344 2115 3398 per-

535 3421 668 3492 vigil
701 3422 898 3477 dicitur
932 3440 947 3476 :
985 3436 1111 3476 cum
1146 3421 1197 3475 in
1229 3421 1382 3475 illum
1410 3421 1656 3476 ordinem
1693 3420 1902 3475 restitui
1940 3436 2114 3476 mere-

536 3516 759 3580 bimur,
812 3524 941 3570 tunc
989 3514 1094 3568 erit
1138 3529 1262 3569 vera
1324 3524 1378 3570 et
1438 3516 1749 3583 incorrupta
1810 3514 2113 3582 festivitas,

538 3604 694 3675 cujus
744 3607 1059 3661 festivitatis
1111 3605 1362 3676 princeps
1411 3613 1467 3660 et
1534 3620 1763 3675 sponsus
1821 3614 1876 3660 et
1931 3606 2113 3660 domi-

536 3714 642 3753 nus
697 3698 803 3753 erit
874 3698 991 3767 ipse
1060 3696 1217 3753 Jesus
1266 3697 1514 3753 Christus
1572 3697 1828 3752 Salvator
1882 3707 2110 3765 noster,

539 3790 627 3845 cui
667 3800 752 3846 est
790 3789 959 3861 gloria
1001 3798 1058 3846 et
1095 3790 1382 3862 imperium
1422 3789 1477 3844 in
1512 3789 1713 3847 saecula
1766 3791 2111 3846 saaculorum.

538 3886 732 3940 Amen.

1070 3997 1352 4055 HOMILIA
1391 3997 1587 4053 XXIV.

544 4091 939 4162 De_sacriﬁciis
1000 4107 1119 4160 qua:
1178 4108 1273 4158 per
1320 4107 1739 4162 unantquamque
1776 4091 2115 4161 festivitatem

602 4158 861 4233 jubentur
893 4158 1108 4230 offerri,
1136 4172 1183 4215 et
1211 4163 1275 4215 de
1307 4162 1438 4215 votis
1474 4158 1592 4230 qua:
1625 4158 1873 4215 uouentur
1899 4162 2009 4217 Deo
2044 4161 2113 4216 ’°.

616 4256 674 4310 1.
706 4253 909 4312 Omnes
934 4253 1026 4323 qui
1059 4253 1333 4309 imbuendi
1365 4264 1491 4309 sunt
1519 4253 1974 4308 eminentioribus
2000 4254 2114 4309 dis—

544 4347 806 4418 eiplinis,
858 4344 1045 4399 tandiu
1094 4344 1378 4398 molestum
1425 4345 1632 4398 ducunt
1681 4345 2112 4400 rudimentorum

547 4442 811 4505 laborem,
836 4442 1026 4501 donec,
1055 4437 1178 4508 quis
1205 4438 1275 4492 sit
1295 4447 1349 4492 et
1373 4439 1668 4508 disciplina:
1697 4438 1838 4492 illius
1861 4439 1927 4491 ad
1951 4452 2112 4507 quam
2150 4472 2194 4526 υ

547 4533 966 4591 introducuntur
998 4529 1120 4583 finis
1148 4538 1203 4583 et
1232 4529 1462 4593 fructus,
1510 4531 1779 4599 ignorant.
1822 4528 1956 4584 Cum
1982 4543 2115 4583 vero

548 4624 786 4681 imbutos
835 4637 931 4692 per
977 4622 1223 4675 ordinem
1290 4621 1554 4690 perfectio
1613 4635 1905 4677 consecuta
1952 4620 2120 4675 fuerit

545 4714 871 4783 disciplina},
902 4723 1029 4767 tunc
1053 4711 1341 4768 delectabit
1372 4714 1796 4768 rudimentorum
1829 4713 2121 4783 pertulisse

547 4808 846 4865 molestias.
876 4806 1016 4861 Sunt
1045 4820 1173 4876 ergo
1203 4815 1257 4861 et
1292 4807 1344 4860 in
1375 4807 1579 4861 sanctis
1610 4822 1675 4862 ac
1714 4808 1910 4862 divinis
1958 4807 2120 4863 rebus

549 4901 722 4973 prima
755 4900 1002 4971 quaedam
1047 4899 1352 4954 rudimenta
1378 4897 1574 4968 quibus
1598 4898 1925 4953 inducuntur
1956 4900 1992 4954 ii
2025 4900 2119 4969 qui

548 4995 617 5052 ad
644 4993 1036 5067 perfectionem
1063 4992 1418 5049 beatitudinis
1445 4991 1692 5048 tendunt.
1713 4990 1870 5058 Quod
1898 4992 2119 5048 eviden-

2210 486 2228 518 t
2264 466 2432 521 luduc
2478 472 2531 517 et
2562 460 2744 530 planta
2787 471 2881 511 eos
2912 454 2967 507 in
2998 457 3182 505 monte
3210 443 3543 502 haereditatis
3570 450 3683 506 ture,
3703 440 3751 494 in

2203 540 2503 630 praeparata
2538 550 2875 608 habitatione
2904 558 2992 600 tua
3021 586 3036 611 ,
3065 555 3226 613 quam
3272 533 3586 609 praeparasti
3610 573 3625 597 ,
3658 531 3752 585 Do-

2204 629 2367 704 mine.
2404 665 2424 699 ι
2462 644 2665 699 Paulus
2700 652 2915 709 quoque
2950 632 3224 704 apostolus
3269 629 3449 684 sciens
3481 638 3600 677 esse
3625 636 3757 691 qum-

2202 746 2324 799 dam
2354 742 2525 812 prima
2556 735 2832 793 imbuendi
2864 732 3045 794 initia,
3072 738 3199 782 tunc
3224 724 3419 778 deinde
3442 734 3536 791 per
3566 726 3755 783 tempus

2203 839 2368 891 etiam
2409 833 2475 887 ad
2510 829 2900 902 perfectionem
2935 822 3131 887 veniri,
3163 819 3410 874 scribens
3456 813 3756 884 quibusdam

2204 929 2523 986 dicebat":
2573 943 2593 976 ι
2628 923 2841 979 Etenim
2889 934 3012 974 cum
3056 912 3324 971 deberetis
3366 910 3483 980 jam
3534 903 3756 973 magistri

2203 1036 2321 1075 esse
2353 1027 2578 1089 propter
2605 1025 2841 1085 tempus,
2867 994 3081 1066 rursum
3114 1004 3369 1075 indigetis
3395 1010 3455 1055 ut
3478 995 3758 1089 doceamini

2204 1129 2325 1182 quae
2357 1087 2469 1166 sint
2494 1109 2761 1164 elementa
2788 1103 2995 1161 exordii
3039 1111 3348 1156 sermonum
3378 1092 3513 1155 Dei,
3559 1099 3612 1144 et
3647 1087 3758 1141 facti

2203 1207 2334 1261 estis
2364 1204 2560 1276 quibus
2610 1203 2751 1255 lacte
2797 1214 2930 1270 opus
2974 1197 3088 1259 sit,
3119 1207 3224 1246 non
3251 1192 3373 1246 cibo
3402 1185 3553 1241 forti.
3590 1182 3759 1237 Omnis

2204 1301 2345 1356 enim
2377 1299 2469 1368 qui
2501 1298 2639 1351 lacte
2668 1295 2831 1348 alitur
2865 1305 3062 1360 expers
3097 1297 3179 1342 est
3212 1280 3487 1340 sermonis
3529 1277 3758 1368 justitize,

2204 1367 2460 1461 parvulus
2487 1388 2628 1442 enim
2662 1393 2765 1439 est.
2810 1381 3183 1437 Perfectorum
3231 1388 3362 1429 vero
3396 1370 3553 1427 cibus
3580 1367 3762 1423 solidus

2205 1494 2310 1548 est,
2342 1481 2435 1552 qui
2482 1495 2580 1550 pro
2630 1475 2985 1548 possibilitate
3028 1469 3271 1526 sumendi
3319 1463 3644 1521 exercitatos
3681 1461 3764 1513 ha-

2204 1577 2333 1632 bent
2359 1588 2552 1630 sensus
2583 1572 2651 1627 ad
2677 1568 3058 1626 discretionem
3094 1563 3218 1618 boni
3245 1561 3330 1617 vel
3357 1559 3516 1614 mali.
3541 1576 3559 1608 »
3589 1554 3652 1609 Et
3678 1555 3765 1607 ite.

2204 1683 2325 1722 rum
2359 1666 2414 1721 in
2442 1665 2563 1720 aliis
2589 1704 2605 1729 ,
2640 1663 2875 1717 litteram
2903 1658 3035 1728 legis
3058 1696 3072 1719 ,
3102 1666 3432 1722 omnemque
3481 1643 3763 1714 huiusmodi

2207 1759 2532 1828 scripturam
2579 1756 2847 1810 elementa
2897 1747 3084 1804 mundi
3121 1759 3245 1800 esse
3289 1747 3683 1798 commemorat
3704 1734 3761 1786 ’³.

2208 1854 2274 1908 Et
2307 1866 2449 1906 nunc
2474 1864 2606 1920 ergo
2632 1863 2695 1903 ea
2725 1860 2847 1916 qua:
2876 1842 3255 1914 pertinuerunt
3282 1838 3349 1892 ad
3384 1836 3530 1899 illos,
3549 1832 3640 1903 qui
3670 1832 3766 1901 pri-

2209 1945 2312 1998 mis
2340 1943 2719 1997 imbuebantur
2764 1934 3088 1999 elementis,
3142 1928 3371 1985 molesta
3409 1926 3567 1981 nobis
3609 1923 3767 1993 primo

2208 2038 2459 2091 videntur
2485 2035 2692 2099 auditu,
2727 2029 2931 2085 volenti
2972 2027 3118 2082 enim
3149 2021 3447 2089 unicuique
3477 2017 3764 2073 auditorum

2207 2132 2368 2204 362
2396 2132 2608 2184 discere
2637 2130 2704 2182 de
2732 2127 2796 2181 iis
2827 2140 2947 2195 qua:
2974 2123 3040 2178 ad
3071 2121 3299 2177 salutem
3328 2117 3628 2187 pertinent,
3656 2124 3766 2165 cum

2210 2228 2276 2281 de
2327 2222 2613 2279 sacrificiis
2666 2220 2897 2275 arietum
2946 2227 3001 2271 et
3051 2216 3326 2270 hircorum
3383 2209 3766 2275 vitulorumque

2211 2316 2504 2376 recitatur,
2557 2311 2691 2366 nihil
2741 2310 2844 2365 sibi
2896 2307 3153 2363 utilitatis
3193 2303 3449 2360 conferre
3478 2296 3767 2368 huiusmodi

2212 2409 2416 2462 litteras
2441 2404 2688 2474 judicant
2714 2440 2730 2467 ,
2760 2410 3029 2473 quantum
3059 2399 3127 2452 ad
3167 2398 3343 2467 ipsum
3393 2401 3607 2464 Spectat
3632 2387 3770 2443 audi-

2213 2511 2345 2555 tum.
2396 2497 2455 2553 Si
2490 2512 2616 2552 vero
2668 2494 2792 2566 quis
2834 2491 3143 2546 inveniatur
3186 2487 3276 2557 qui
3319 2486 3496 2556 possit
3541 2483 3769 2537 velamen

2210 2593 2354 2663 quod
2386 2600 2469 2647 est
2503 2590 2811 2660 impositum
2844 2586 2897 2639 in
2922 2583 3156 2638 lectione
3188 2580 3403 2635 Veteris
3428 2571 3769 2639 Testamenti,

2213 2699 2514 2750 removere,
2546 2693 2710 2751 atque
2753 2678 2876 2733 inde
2913 2676 3230 2749 perquirere
3251 2687 3372 2743 quae
3403 2671 3517 2726 sint
3547 2683 3666 2722 vera
3692 2681 3772 2720 sa-

2211 2778 2436 2842 crificia,
2462 2791 2582 2845 quae
2607 2771 2895 2844 purificent
2937 2767 3194 2839 populum
3246 2765 3298 2818 iu
3349 2763 3545 2817 diebus
3592 2758 3771 2813 festis:

2216 2883 2341 2926 tunc
2373 2869 2573 2924 videbit
2598 2880 2760 2936 quam
2793 2864 2929 2917 mira
2965 2872 3021 2916 et
3053 2856 3335 2931 magnifica
3372 2867 3504 2910 sunt
3547 2867 3662 2924 qua:
3687 2864 3772 2920 per

2214 2964 2330 3018 haec
2361 2960 2704 3021 indicantur,
2739 2970 2857 3026 quae
2893 2951 3158 3019 superflua
3190 2949 3574 3018 ignorantibus
3602 2960 3665 2998 ac
3691 2958 3773 2997 suo

2215 3053 2523 3125 perstitiosa
2554 3052 2844 3105 ducuntur.
2875 3046 2980 3100 Sed
3015 3046 3129 3099 haec
3163 3042 3381 3112 quidem
3429 3037 3625 3093 Paulus
3646 3045 3699 3088 et
3729 3034 3768 3087 si

2217 3148 2307 3215 qui
2358 3147 2406 3200 ei
2457 3142 2664 3199 similes
2706 3149 2868 3205 sunt,
2911 3138 3123 3207 plenius
3160 3135 3228 3188 ab
3268 3134 3384 3203 ipsa
3435 3129 3694 3200 sapientia
3725 3136 3773 3179 et

2221 3240 2398 3294 Verbo
2446 3236 2537 3291 Dei
2572 3233 2975 3305 perfectiusque
3011 3227 3363 3298 cognoverint
3403 3243 3420 3280 :
3467 3238 3568 3279 nos
3612 3230 3771 3274 autem

2218 3339 2480 3400 quantum
2510 3343 2579 3381 ex
2611 3327 2850 3394 ipsorum
2880 3321 3077 3376 litteris
3100 3318 3354 3388 colligere
3384 3330 3689 3386 possumus,
3723 3311 3770 3363 in

2215 3422 2413 3493 quibus
2435 3420 2590 3475 nobis
2616 3417 2761 3472 velut
2788 3430 2882 3483 per
2906 3414 3153 3469 umbram
3180 3420 3234 3465 et
3268 3410 3561 3479 imaginem
3591 3402 3772 3460 indicia

2217 3515 2461 3583 quanlam
2506 3510 2815 3568 dederunt,
2864 3505 2930 3560 ad
2980 3502 3394 3558 aedificationem
3448 3507 3770 3555 communem

2218 3608 2491 3661 discutere
2539 3601 2854 3657 summatim
2902 3600 2968 3654 de
3019 3594 3411 3651 sacrificiorum
3465 3593 3571 3646 ritu
3614 3590 3771 3654 aliqua

2221 3699 2564 3755 tentabimus.
2593 3695 2648 3749 In
2694 3693 2915 3748 Paschae
2962 3689 3258 3745 festivitate
3308 3700 3485 3755 agnus
3533 3683 3773 3738 scribitur

2217 3809 2338 3847 esse
2380 3790 2471 3860 qui
2507 3787 2756 3859 purificat
2781 3783 3058 3853 populum,
3087 3779 3144 3833 in
3190 3779 3313 3832 aliis
3341 3777 3564 3843 vitulus,
3595 3775 3643 3829 in
3667 3772 3773 3824 aliis

2219 3885 2400 3937 hircus
2432 3888 2524 3932 aut
2551 3877 2717 3941 aries,
2752 3876 2831 3930 vel
2865 3889 3024 3943 capra
3046 3912 3060 3937 ,
3094 3871 3181 3925 vel
3211 3869 3400 3935 vitula,
3447 3870 3588 3924 sicut
3614 3879 3679 3921 ex
3717 3864 3773 3916 iis

2217 3989 2336 4043 quze
2367 3970 2592 4025 recitata
2627 3977 2752 4023 sunt
2789 3964 3073 4021 didicistis.
3117 3963 3264 4018 Unus
3307 3976 3442 4032 ergo
3481 3975 3549 4014 ex
3579 3959 3642 4012 iis
3669 3954 3773 4007 aui-

2218 4066 2471 4130 malibus,
2508 4078 2628 4133 qua:
2658 4061 2723 4114 ad
2759 4057 3153 4129 purificandutn
3194 4054 3453 4125 populum
3487 4060 3772 4112 sumuntur,

2218 4175 2336 4215 esse
2382 4159 2581 4213 dicitur
2629 4155 2890 4210 Dominus
2919 4161 2970 4207 et
3003 4150 3254 4205 Salvator
3291 4156 3496 4202 noster.
3534 4145 3621 4201 Sic
3646 4140 3772 4197 enim

2221 4252 2487 4308 intellexit
2516 4249 2754 4305 Joannes
2781 4248 2873 4316 qui
2900 4257 2984 4303 est
3015 4242 3186 4312 major
3215 4242 3458 4298 omnium
3503 4236 3774 4308 propheta-

2220 4361 2363 4413 rum,
2407 4353 2461 4397 et
2507 4341 2743 4412 signavit
2790 4342 2858 4394 de
2893 4340 3009 4409 ipso
3046 4338 3234 4393 dicens
3256 4335 3343 4390 ἐς
3381 4352 3403 4386 ‹
3442 4333 3582 4388 Ecce
3606 4333 3774 4398 Agnus

2222 4438 2482 4501 Dei,ecce
2515 4434 2607 4503 qui
2640 4432 2777 4487 tollit
2810 4439 3031 4500 peccata
3065 4427 3270 4483 mundi.
3309 4445 3329 4479 ι
3358 4423 3514 4492 Quod
3545 4425 3591 4478 si
3622 4428 3774 4487 agnus

2223 4531 2314 4599 qui
2341 4530 2406 4583 ad
2431 4524 2820 4598 purificandum
2845 4521 3098 4592 populum
3120 4522 3280 4574 datus
3298 4528 3400 4584 est,
3419 4517 3487 4572 ad
3514 4520 3774 4586 personam

2225 4622 2438 4678 Domini
2482 4630 2538 4674 et
2584 4618 2884 4673 Salvatoris
2930 4615 3099 4669 nostri
3142 4613 3416 4678 refertur,
3457 4612 3775 4674 consequens

2226 4716 2441 4769 videtur
2484 4712 2627 4782 quod
2670 4709 2836 4764 etiam
2870 4716 3066 4762 caetera
3117 4703 3370 4759 animalia
3397 4743 3412 4768 ,
3446 4716 3566 4772 qua:
3591 4695 3774 4752 eisdem

2231 4806 2589 4879 purificativis
2615 4803 2727 4875 (23)
2760 4801 2950 4857 usibus
2976 4803 3228 4869 deputata
3276 4806 3438 4860 sunt,
3486 4791 3667 4848 referri
3694 4788 3776 4839 de-

2228 4904 2393 4957 beant
2421 4898 2669 4954 similiter
2694 4896 2761 4951 ad
2790 4894 3003 4965 aliquas
3036 4904 3296 4961 personas
3315 4929 3331 4955 ,
3362 4903 3482 4959 qua:
3514 4900 3609 4957 per
3633 4879 3777 4936 meri-

2233 5006 2347 5050 tum
2373 4992 2654 5063 sanguinis
2680 4989 2884 5047 Christi
2906 4985 3020 5060 (Ἡ)
3049 4983 3445 5057 purificationis
3471 4977 3668 5050 aliquid
3691 4975 3776 5030 htt-

617 5190 664 5222 θ’
696 5191 863 5248 lCor.
895 5198 1015 5255 xm,
1048 5188 1106 5243 9.
1165 5186 1211 5220 ⁸⁸
1239 5183 1445 5239 Coloss.
1475 5199 1534 5249 tt,
1566 5182 1652 5255 l6.
1727 5182 1773 5214 "
1803 5180 1929 5255 Sap.
1963 5197 2055 5255 rx“,
2086 5183 2175 5255 15.
2250 5185 2295 5216 ⁹⁰
2329 5183 2487 5255 Num.
2518 5191 2712 5241 xxvtn,
2738 5175 2829 5240 29,
2861 5175 2952 5233 30.
3027 5174 3071 5206 ⁹¹
3092 5172 3258 5228 Exod.
3283 5185 3373 5237 xv,
3401 5169 3487 5224 Π.
3562 5166 3606 5197 ’³
3629 5161 3772 5218 llcbr.

548 5277 601 5328 ν,
641 5261 729 5330 12,
769 5264 858 5327 15,
903 5261 992 5314 14.

481 5389 487 5411 ;
575 5355 732 5430 ν-(ἓὸ)
760 5357 942 5430 Codex
975 5354 1160 5430 Sancti
1184 5350 1528 5430 Theudorici,
1558 5369 1583 5430 ι.
1606 5347 2066 5419 purificationum,
2094 5367 2115 5401 ι

549 5423 894 5485 Ebroicensis
929 5426 1132 5481 habet:
1171 5442 1189 5475 ι
1225 5423 1634 5490 pttriﬁt‘aliqnis,
1675 5443 1693 5490 η

554 5484 557 5485 ν
622 5496 736 5568 (24)
779 5494 879 5550 Per
909 5493 1153 5568 meritum
1182 5484 1477 5568 sanguinis.
1501 5484 1720 5568 Ehrist‘i.
1755 5488 2119 5568 ῌξιξ-ρ-(ἰεείἀθ-

478 5558 495 5596 ³
547 5558 741 5624 rantur
759 5567 810 5621 in
836 5567 1023 5620 codice
1042 5558 1479 5617 abbatiie’Saucti
1504 5558 1821 5615 Theoderici
1847 5559 2117 5616 Rhemen-

2215 5556 2305 5631 τῷ
2345 5562 2509 5632 τιμίῳ
2551 5559 2744 5630 αἵματι
2807 5556 2915 5608 τῶν

1071 5256 1326 5313 “~Galat.
1355 5270 1429 5320 tv,
1452 5254 1486 5309 5
1521 5254 1770 5322 ;Coloss.
1797 5267 1856 5318 n,
1876 5253 1932 5307 8.
2008 5253 2054 5284 9‘
2082 5251 2241 5311 Joan.
2283 5272 2319 5321 ι,
2344 5254 2435 5309 29.

2222 5351 2379 5404 tionis
2403 5349 2471 5403 ad
2497 5346 2811 5416 martyrium
2839 5355 3063 5416 numero
3088 5338 3279 5416 ul_tir_r_to
3302 5335 3387 5415 his
3403 5332 3584 5416 verbis
3601 5346 3625 5416 Ξ
3644 5326 3775 5416 Td}?

2217 5399 2287 5474 δέ
2302 5399 2618 5489 Statiliam?
2639 5399 3047 5489 stpitpuaipa'rr
3062 5408 3157 5489 τρῦ
3174 5480 3185 5489 _
3202 5406 3372 5489 Ἰησρῦ
3395 5399 3773 5489 -Ξλγοροὶσθῇιξγ2

2231 5492 2404 5563 Ἰησοῦ
2439 5476 2792 5563 λαὸόῦμτοξτὸ
2810 5476 2978 5563 evolsa
3004 5482 3063 5536 τὸ
3093 5480 3234 5563 ὑςπὲρ
3264 5476 3372 5563 ira?
3397 5476 3599 5563 ὅνδεξῇ

3017 5532 3265 5623 ἇρτύρών
3312 5532 3775 5623 Δἀγορσὶσθήσυντέξε

549 5606 1406 5702 ’ῖῖιυέἧξῶἶὺτοὶοθηεῇ
1456 5629 1719 5702 Caeterum
1751 5606 2114 5686 conferendas
2212 5606 2884 5697 ctvsg.rl.ocusrtttertltte
2943 5606 3080 5679 alter
3140 5606 3208 5676 ex
3275 5606 3456 5675 altero'
3496 5625 3576 5670 est
3618 5606 3769 5680 expli-

550 5701 642 5765 hié
670 5709 822 5766 locus
846 5721 970 5764 cum
1002 5706 1178 5762 altero
1203 5701 1294 5775 qui
1323 5709 1503 5760 exstat
1531 5701 1631 5760 sub
1661 5701 1821 5761 finem
1850 5701 2113 5759 Exhorta-

2209 5704 2432 5758 candus.
