4074 6156
404 210 514 265 757

1525 200 1594 256 IN
1628 196 1961 256 NUMEROS
1992 196 2275 254 HOMILIA
2306 195 2496 255 XXIV.

3539 192 3647 248 758

403 334 570 376 mano
615 317 799 389 generi
848 317 1147 371 conferant.
1185 314 1319 370 Vide
1362 328 1493 383 ergo
1538 330 1606 369 ne
1655 313 1794 369 forte
1837 313 1977 368 sicut
2006 319 2051 375 Α
2081 316 2243 370 silum
2268 311 2527 384 iugulari,
2552 311 2643 367 sed
2673 308 2959 363 mansisset
2987 307 3092 362 hoc
3123 306 3267 377 quod
3300 305 3351 360 in
3385 304 3648 375 principio

408 409 673 466 Dominus
702 417 753 463 ct
799 408 1049 463 Salvator
1085 414 1288 470 uoster,
1337 405 1493 475 quasi
1530 422 1699 475 agnus
1733 406 1800 458 ad
1837 405 1977 461 occi-

405 504 616 558 sionem
647 502 841 555 ductus
865 540 881 564 ,
912 509 969 554 et
1005 501 1055 553 in
1093 498 1421 555 sacrificium
1463 498 1651 552 altaris
1680 498 1794 568 (25)
1830 498 1978 553 obla-

408 605 534 659 tus,
582 602 928 662 peccatorum
982 593 1355 646 remissionem
1410 591 1660 644 universo
1727 590 1979 658 priestitit

409 682 645 737 mundo:
685 682 759 735 ita
789 679 1033 734 fortassis
1062 689 1113 734 et
1147 679 1978 747 cauet-orumsanctorumacju-

408 784 616 828 storum
668 775 926 843 sanguis,
958 775 1049 844 qui
1091 773 1291 829 effusus
1340 782 1423 828 est
1473 788 1502 827 a
1554 774 1817 844 sanguine
1844 771 1979 826 Abel

406 867 560 935 justi,
598 881 768 935 usque
794 869 860 919 ad
887 867 1200 935 sanguinem
1231 865 1508 918 Zachariae
1532 864 1807 933 prophetae
1839 862 1972 935 (26),

408 960 499 1029 qui
535 957 850 1013 interfectus
896 968 979 1013 est
1013 958 1153 1012 inter
1179 959 1347 1011 aedem
1398 966 1455 1010 et
1497 956 1704 1010 altare:
1758 955 1979 1012 alterius

409 1051 629 1115 quidem
661 1050 885 1118 sanguis
933 1048 1072 1103 sicut
1105 1047 1287 1101 vitula:
1312 1088 1325 1107 ,
1358 1046 1580 1101 alterius
1630 1046 1771 1101 sicut
1816 1046 1975 1112 hirci,

409 1149 505 1193 aut
534 1154 711 1207 caprae
752 1148 843 1192 aut
873 1137 1100 1206 alicujus
1130 1139 1322 1193 horum
1354 1135 1506 1191 fusus
1547 1145 1632 1192 est
1658 1137 1725 1191 ad
1753 1137 1977 1204 expian-

406 1230 534 1283 dum
563 1245 661 1300 pro
693 1242 844 1300 parte
871 1230 1050 1298 aliqua
1082 1228 1360 1298 populum.
1398 1229 1525 1283 Sive
1570 1229 1684 1282 lucc
1715 1228 1781 1281 ad
1807 1228 1983 1296 justo-

408 1339 528 1377 rum
565 1324 1058 1392 prophetarumque
1098 1322 1496 1389 personas,‘qui
1548 1322 1599 1373 iu
1643 1321 1747 1375 hoc
1776 1322 1980 1373 mundo

400 1414 630 1485 jugulati
662 1422 827 1478 sunt,
857 1414 940 1469 vel
973 1427 1158 1468 eorum
1190 1411 1280 1481 qui
1326 1411 1511 1465 dicunt
1532 1410 1617 1463 πε
1660 1430 1678 1462 ε
1713 1410 1978 1476 Quoniam

404 1515 630 1575 propter
662 1516 712 1559 te
742 1516 916 1561 morte
948 1504 1212 1558 aﬂicimur
1238 1512 1346 1557 tota
1379 1503 1485 1569 die,
1515 1502 1768 1557 aestimati
1791 1517 1980 1556 sumus

406 1596 550 1649 sicut
582 1608 712 1650 oves
754 1594 1082 1656 occisionis,
1124 1611 1143 1644 ι
1181 1590 1459 1646 referenda
1496 1591 1822 1646 videantur:
1868 1591 1979 1645 sive

404 1687 573 1742 etiam
607 1687 674 1741 ad
703 1687 1015 1756 superiores
1043 1686 1292 1748 virtutes,
1322 1685 1520 1753 quibus
1543 1683 1855 1753 procuratio
1884 1683 1981 1736 bu-

410 1780 555 1833 mani
581 1781 796 1849 generis
824 1779 947 1833 data
976 1786 1081 1843 est,
1105 1778 1229 1846 quis
1263 1776 1421 1831 facile
1453 1777 1648 1829 audeat
1671 1775 1982 1830 affirmare?

407 1870 593 1942 Neque
617 1872 759 1926 enim
803 1871 920 1925 haec
951 1867 1210 1923 animalia
1251 1883 1348 1939 per
1373 1867 1605 1937 speciem
1632 1909 1647 1934 ,
1678 1868 1770 1922 sed
1800 1883 1894 1936 per
1920 1867 1982 1921 ﬁ-

406 1978 597 2032 guram
649 1960 839 2018 referri
882 1962 947 2015 ad
1001 1960 1147 2015 illam
1214 1960 1298 2014 vel
1364 1959 1507 2014 illam
1554 1959 1790 2029 putanda
1835 1967 1977 2014 sunt.

409 2051 542 2106 Nam
569 2061 623 2107 et
650 2053 762 2122 ipse
791 2052 1050 2107 Dominus
1079 2049 1236 2106 Jesus
1252 2051 1521 2115 Christus,
1544 2065 1649 2104 non
1677 2050 1794 2104 ideo
1811 2065 1981 2120 agnus

407 2146 609 2200 dicitur
634 2147 785 2213 quasi
810 2147 898 2215 qui
928 2155 1169 2200 mutatus
1197 2145 1265 2199 sit
1292 2153 1345 2199 et
1367 2158 1659 2198 conversus
1676 2144 1726 2196 in
1745 2144 1979 2212 speciem

407 2239 554 2308 agni.
594 2239 803 2293 Dicitur
832 2249 1009 2292 tamen
1038 2253 1228 2308 agnus,
1259 2238 1383 2305 quia
1408 2235 1656 2290 voluntas
1681 2245 1735 2291 et
1766 2235 1980 2290 bonitas

407 2333 526 2401 ejus
550 2348 655 2401 qua
692 2332 859 2387 Deum
889 2331 1264 2402 reprOpitiavit
1286 2330 1614 2394 hominibus,
1643 2339 1697 2383 et
1726 2339 1979 2396 peccato-

408 2435 529 2473 rum
563 2420 948 2488 indulgentiam
1001 2421 1182 2487 dedit,
1221 2418 1343 2474 talis
1377 2419 1585 2474 exstitit
1617 2418 1854 2473 humano
1888 2434 1982 2488 ge-

412 2513 528 2564 neri
556 2512 711 2581 quasi
739 2514 865 2581 agni
900 2514 1077 2568 hostia
1112 2511 1455 2566 immaculata
1486 2523 1542 2566 et
1572 2512 1851 2575 innocens,
1876 2526 1979 2580 qua

409 2600 611 2670 placari
648 2603 956 2658 homimbus
987 2604 1170 2659 divina
1198 2603 1515 2672 creduntur.
1570 2602 1660 2657 Sic
1705 2619 1831 2674 ergo
1872 2602 1982 2657 for-

408 2696 574 2749 tassis
599 2704 654 2750 et
681 2696 726 2749 si
757 2698 878 2764 quis
910 2705 992 2750 est
1023 2695 1359 2766 angelorum,
1414 2697 1825 2765 cmlestiumque
1874 2696 1984 2748 vir-

406 2796 580 2841 tutum
603 2825 618 2853 ,
655 2796 749 2841 aut
789 2788 831 2842 si
865 2787 987 2855 quis
1026 2788 1300 2854 justorum
1332 2787 1609 2841 hominum
1637 2827 1653 2851 ,
1686 2788 1769 2840 vel
1815 2788 1979 2842 etiam

407 2888 721 2932 sanctorum
768 2879 1153 2946 prophetarum
1211 2885 1375 2947 atque
1433 2878 1843 2947 apostolorum,
1889 2879 1979 2947 qui

2079 421 2195 467 erat
2221 412 2360 466 Deus
2386 408 2621 464 Verbum
2649 424 2663 460 :
2693 419 2880 458 verum
2908 402 3164 472 quoniam
3206 400 3410 455 introiit
3449 414 3647 469 pecca-

2081 513 2191 557 tum
2242 503 2294 556 in
2342 503 2485 557 hunc
2530 498 2819 561 mundum,
2866 496 3072 565 peccati
3122 503 3301 549 autem
3353 492 3649 548 necessitas

2079 594 2512 664 propitiatiouem
2548 590 2813 658 requirit,
2846 596 2901 640 ct
2943 586 3256 657 propitiatio
3287 602 3392 640 non
3439 586 3499 640 fit
3542 586 3647 640 nisi

2078 703 2175 757 per
2204 685 2454 748 hostiam,
2483 682 2847 737 necessarium
2875 678 2974 733 fuit
2997 679 3268 749 provideri
3295 680 3525 733 hostiam
3551 693 3649 749 pro

2079 786 2318 847 peccato.
2349 774 2685 842 thuoniam
2717 771 2922 841 peccati
2959 772 3129 840 ipsius
3159 770 3386 825 diversae
3409 778 3458 826 et
3487 770 3650 824 variat

2079 863 2365 934 qualitates
2402 861 2641 925 fuerunt,
2665 861 3004 915 diversorum
3033 860 3351 915 animalium
3382 861 3650 914 mandan-

2080 966 2169 1009 tur
2190 953 2398 1016 hostiae,
2434 951 2618 1020 procul
2642 951 2802 1005 dubio
2833 966 2953 1018 quae
2983 951 3340 1007 convenirent.
3364 952 3647 1007 varietati-

2079 1046 2181 1099 bus
2226 1053 2594 1113 peecatorum.
2647 1043 2738 1098 Sic
2787 1058 2917 1114 ergo
2960 1041 3191 1098 efﬁcitur
3237 1045 3375 1099 alius
3433 1055 3649 1101 sancto-

2080 1151 2198 1189 rum
2224 1135 2337 1204 (28)
2362 1174 2376 1199 ,
2421 1133 2535 1188 sive
2557 1135 2869 1201 angelorum
2895 1175 2909 1198 ,
2944 1143 3003 1188 ut
3033 1134 3271 1190 diximus
3297 1176 3312 1200 ,
3339 1136 3452 1191 sive
3480 1138 3653 1193 homi-

2081 1243 2207 1281 num
2245 1226 2462 1290 vitulus,
2495 1224 2584 1294 qui
2625 1225 2679 1279 in
2721 1224 2809 1279 illa
2842 1224 3138 1281 festivitate
3181 1228 3504 1282 interveniat
3554 1244 3653 1299 pro

2080 1316 2258 1386 populi
2301 1318 2509 1372 delictis
2546 1335 2561 1372 :
2612 1317 2750 1371 alius
2800 1325 2977 1370 autem
3021 1316 3163 1370 aries
3209 1317 3263 1370 in
3303 1317 3407 1371 alia
3445 1317 3652 1374 festivi-

2083 1419 2193 1466 tate
2224 1425 2486 1480 :quorum
2519 1408 2904 1466 intercessione
2953 1408 3044 1462 ﬁat
3074 1408 3378 1479 puriﬁcatio
3404 1424 3501 1480 pro
3532 1425 3656 1481 pee-

2082 1502 2235 1556 catis.
2304 1501 2455 1568 Quod
2522 1502 2569 1556 si
2638 1499 2915 1570 puriﬁcari
2981 1499 3258 1569 potuerint
3312 1501 3560 1556 homines
3619 1516 3654 1557 a

2081 1595 2348 1663 peccatis,
2378 1603 2436 1649 ct
2482 1607 2604 1649 esse
2644 1592 2892 1661 puriores
2916 1633 2933 1658 ,
2981 1591 3297 1647 minuuntur
3336 1603 3393 1648 et
3436 1592 3650 1651 hostiae.

2085 1686 2142 1740 Si
2172 1689 2314 1741 enim
2351 1700 2448 1756 pro
2484 1685 2724 1755 peccatis
2766 1690 2897 1738 sunt
2927 1682 3154 1749 hostiae,
3200 1692 3256 1740 et
3282 1700 3379 1755 pro
3413 1687 3652 1742 multitu-

2082 1779 2207 1832 dine
2259 1786 2605 1849 peccatorum
2664 1774 3033 1844 multiplicatae
3092 1786 3221 1831 sunt
3275 1777 3395 1832 sine
3450 1778 3651 1848 dubio‘,

2082 1880 2136 1927 et
2170 1886 2269 1941 pro
2308 1869 2605 1940 exiguitate
2644 1869 2983 1923 minuuntur.
3036 1865 3209 1938 Hujus
3255 1884 3438 1928 autem
3479 1873 3557 1926 rei
3597 1873 3654 1928 in

2084 1962 2438 2032 praesentibus
2490 1960 2623 2015 locis
2662 1959 2958 2029 Scriptura:
3000 1961 3259 2018 habemus
3316 1963 3518 2019 indicia
3544 2004 3560 2032 ,
3602 1964 3654 2020 id

2081 2051 2242 2122 363
2283 2060 2366 2105 est
2412 2051 2464 2105 in
2513 2049 2697 2104 ultima
2753 2048 3048 2105 festivitate
3094 2050 3462 2123 Scenopegire,
3531 2069 3654 2109 cum

2081 2160 2179 2215 per
2210 2155 2332 2200 octo
2382 2143 2498 2197 dies
2556 2139 3039 2208 bostiaejubentur
3096 2142 3298 2198 offerri.
3356 2144 3423 2198 Et
3483 2146 3654 2215 prima

2082 2236 2297 2304 quidem
2327 2235 2414 2289 die
2440 2234 2593 2304 quasi
2619 2234 2795 2290 adhuc
2830 2236 2882 2289 in
2903 2235 3234 2289 abundantia
3279 2247 3653 2306 peccatorum,

2082 2326 2491 2396 quatuordecim
2527 2325 2681 2379 vituli
2715 2325 2974 2393 jubentur
3005 2321 3210 2380 oﬁ‘erri.
3261 2324 3508 2380 Secunda
3558 2341 3654 2380 au-

2085 2428 2191 2472 tem
2242 2418 2331 2471 die
2378 2417 2678 2472 imminutis
2736 2426 2920 2487 utpote
2955 2416 3193 2486 peccatis
3243 2416 3562 2471 minuuntur
3600 2425 3657 2473 et

2085 2509 2297 2576 hostiae,
2337 2517 2392 2562 et
2454 2509 2709 2563 tredecim
2762 2507 2919 2563 vituli
2968 2505 3289 2563 offeruntur.
3341 2505 3524 2563 Tertia
3567 2507 3656 2563 die

2083 2601 2387 2667 duodecim,
2428 2610 2481 2656 et
2509 2611 2631 2671 post
2653 2603 2769 2656 [nec
2797 2603 3047 2659 undecim
3084 2620 3097 2657 :
3128 2610 3183 2657 et
3215 2600 3289 2656 ita
3319 2600 3478 2672 quasi
3505 2601 3658 2670 puri-

2083 2693 2427 2749 ﬁcationibus
2475 2693 2611 2763 (29),
2667 2694 2956 2751 deﬁciente
3001 2711 3097 2766 per
3143 2694 3258 2749 dies
3308 2693 3653 2750 multitudine

2084 2793 2456 2854 peccatorum,
2486 2785 2750 2840 minuitur
2777 2797 3175 2857 consequenter
3200 2786 3362 2840 etiam
3392 2802 3652 2843 numerus

2087 2876 2407 2931 hostiarum.
2448 2876 2539 2933 Sic
2566 2879 2730 2933 etiam
2760 2895 2855 2949 pro
2887 2880 3294 2949 dispensatione
3326 2879 3439 2951 (30)
3487 2881 3652 2937 totius

406 2968 621 3025 enixius
677 2970 1004 3024 interveniat
1053 2986 1151 3039 pro
1212 2971 1448 3039 peccatis
1514 2970 1790 3024 hominum
1834 2983 1850 3023 :
1892 2971 2051 3044 hicc
2087 2968 2272 3022 mundi
2326 2969 2592 3024 rationem
2638 2970 3038 3040 puriﬁcationis
3067 2971 3366 3041 intelligis.
3410 2969 3656 3042 lndigent

408 3075 507 3130 pro
529 3060 971 3130 reprOpitiatione
1003 3059 1208 3122 divina,
1244 3059 1388 3113 velut
1415 3060 1592 3120 aries,
1630 3068 1726 3111 aut
1759 3058 1979 3122 vitulus,

409 3160 502 3204 aut
535 3150 739 3214 hircus,
770 3148 984 3204 oblatus
1010 3163 1130 3203 esse
1170 3149 1222 3201 in
1267 3149 1596 3202 sacrificium
1631 3150 1699 3201 ob
1730 3148 1983 3217 purifica-

408 3241 615 3294 tionem
658 3238 855 3309 populo
908 3239 1306 3306 impetrandam
1351 3239 1520 3308 accipi
1560 3249 1754 3307 potest.
1785 3240 1982 3294 Annon

407 3332 623 3386 videtur
652 3341 710 3386 ut
741 3332 886 3385 aries
908 3371 924 3395 ,
955 3342 1048 3385 aut
1095 3331 1279 3384 hircus
1329 3330 1701 3386 holocaustum
1733 3346 1792 3386 se
1823 3333 1981 3385 obtu-

409 3423 539 3479 lisse
595 3423 793 3478 Paulus
839 3439 938 3492 pro
978 3424 1176 3494 populo
1225 3422 1427 3489 Israel,
1475 3440 1598 3478 cum
1644 3425 1858 3479 diccbat
1895 3425 1980 3479 ":

416 3533 436 3566 α
471 3514 728 3584 Optabam
753 3525 929 3569 autem
960 3530 1063 3585 ego
1086 3516 1203 3584 ipse
1234 3520 1523 3573 anathema
1557 3532 1679 3573 esse
1709 3533 1740 3572 a
1767 3519 1984 3573 Christo

412 3622 513 3677 pro
544 3606 800 3662 fratribus
834 3608 998 3673 meis,
1030 3608 1123 3677 qui
1155 3618 1282 3663 sunt
1313 3610 1525 3679 cognati
1557 3611 1658 3663 mei
1687 3610 1982 3664 secundum

408 3699 671 3753 carnem?
701 3718 720 3749 ι
756 3699 847 3753 Vis
875 3710 1052 3754 autem
1081 3701 1240 3768 scire,
1266 3701 1389 3769 quia
1422 3716 1481 3754 se
1506 3701 1739 3755 hostiam
1773 3701 1978 3756 Paulus

409 3787 598 3844 offerat
620 3788 970 3859 jugulandum
995 3790 1018 3844 ?
1044 3791 1180 3844 Audi
1209 3806 1334 3844 eum
1366 3791 1418 3844 in
1452 3791 1574 3845 aliis
1603 3792 1869 3847 dicentem
1892 3792 1938 3824 ³⁷
1968 3810 1981 3845 :

415 3902 436 3935 ι
472 3882 589 3938 Jam
629 3884 772 3938 enim
814 3899 913 3954 ego
961 3883 1213 3940 immolor
1240 3893 1295 3939 et
1323 3894 1533 3954 tempus
1560 3885 1930 3953 resolutionis,
1960 3905 1979 3938 ι

409 3975 518 4042 vel,
538 3985 595 4029 ut
624 3975 675 4028 in
706 3973 911 4030 Graecis
935 3976 1161 4031 codibus
1188 3975 1416 4046 legimus
1442 3977 1576 4049 (27),
1601 3997 1620 4029 ‹
1654 3979 1983 4033 reversionis

410 4077 548 4117 mete
595 4063 779 4122 instat.
818 4084 838 4117 ι
891 4065 984 4120 Sic
1026 4081 1157 4136 ergo
1209 4066 1511 4136 ﬁguraliter
1561 4077 1737 4136 potest
1788 4069 1983 4132 videri,

412 4155 556 4224 quod
591 4156 729 4210 alius
757 4172 856 4226 pro
889 4158 1180 4212 festivitate
1211 4156 1502 4221 Novorum,
1532 4159 1671 4213 alius
1699 4174 1797 4228 pro
1830 4158 1984 4223 festi-

410 4249 577 4303 vitate
598 4248 774 4304 Sabba
785 4249 842 4314 ti,
866 4249 1005 4305 alius
1025 4265 1122 4320 pro
1145 4248 1443 4306 festivitate
1463 4250 1982 4316 Tabernaculorum,

2084 3061 2228 3114 enim
2262 3060 2662 3129 puriﬁcatione,
2713 3076 2820 3117 non
2857 3063 3029 3118 solum
3063 3076 3185 3132 qua:
3231 3063 3284 3117 in
3324 3072 3469 3118 terra
3506 3071 3656 3128 sunt,

2085 3151 2180 3206 sed
2205 3166 2323 3221 qua:
2347 3151 2400 3205 in
2429 3152 2601 3207 ctelis.
2642 3152 2892 3209 Imminet
2938 3164 3173 3225 namque
3200 3163 3258 3209 et
3284 3154 3435 3210 caelis
3479 3155 3658 3224 perdi-

2088 3241 2181 3307 tio,
2210 3242 2289 3296 sic
2316 3242 2462 3296 enini
2493 3242 2626 3298 dicit
2663 3242 2931 3314 Propheta
2953 3243 3002 3277 θ’
3034 3262 3048 3298 :
3088 3263 3108 3296 ι
3135 3243 3271 3300 Coeli
3299 3245 3570 3314 peribunt,
3601 3250 3658 3299 et

2085 3348 2275 3390 omnes
2313 3342 2372 3388 ut
2397 3335 2782 3391 vestimentum
2835 3346 3175 3394 veterascent
3198 3376 3213 3403 ,
3246 3346 3302 3393 et
3341 3338 3482 3393 sicut
3515 3338 3654 3390 ami-

2085 3433 2229 3479 ctum
2262 3424 2502 3480 involves
2528 3440 2643 3492 eos,
2675 3434 2730 3482 et
2767 3428 3139 3484 mutabuntur.
3181 3448 3201 3482 ι
3236 3427 3451 3483 Intuere
3490 3428 3658 3498 igitur

2090 3516 2254 3571 totius
2283 3517 2486 3584 mundi,
2526 3517 2579 3572 id
2616 3527 2700 3573 est
2746 3517 3046 3574 caelestium
3090 3534 3157 3575 ac
3200 3521 3539 3575 terrestrium
3593 3529 3650 3573 et

2086 3607 2423 3664 infernorum
2449 3609 2882 3679 purificationem
2917 3628 2931 3665 :
2964 3611 3087 3667 vide
3129 3612 3351 3681 quantis
3376 3612 3655 3682 indigeant

2087 3700 2191 3753 ista
2222 3700 2402 3754 omnia
2428 3700 2640 3765 hostiis,
2671 3710 2904 3771 quantos
2931 3701 3213 3772 requirant
3240 3703 3458 3767 vitulos,
3483 3718 3657 3773 quan-

2093 3803 2177 3848 tos
2209 3794 2429 3860 arietes,
2459 3802 2691 3863 quantos
2715 3793 2915 3849 hircos.
2962 3792 3069 3850 Sed
3115 3804 3171 3850 et
3200 3795 3252 3850 in
3291 3796 3375 3852 his
3404 3795 3659 3851 omnibus

2089 3901 2231 3939 unus
2263 3898 2349 3940 est
2394 3901 2586 3955 agnus,
2623 3886 2715 3956 qui
2762 3885 2927 3941 totius
2975 3888 3160 3943 mundi
3210 3889 3384 3958 potuit
3438 3887 3656 3944 auferre

2088 3988 2392 4047 peccatum,
2415 3988 2471 4033 et
2497 3980 2615 4034 ideo
2644 3990 2995 4036 cessaverunt
3020 3991 3228 4037 casteria
3259 3981 3446 4037 hostia:
3483 3997 3500 4036 :
3529 3982 3654 4052 quia

2087 4070 2212 4125 talis
2255 4070 2370 4126 haec
2421 4071 2524 4126 fuit
2576 4073 2773 4139 hostia,
2829 4085 2889 4131 ut
2948 4091 3055 4130 una
3088 4075 3202 4130 sola
3242 4073 3515 4130 sufficeret
3557 4087 3656 4144 pro

2089 4164 2253 4218 totius
2285 4162 2469 4217 mundi
2497 4163 2687 4219 salute.
2719 4163 2910 4220 Caneri
2959 4165 3105 4220 enim
3135 4166 3384 4235 precibus
3410 4174 3662 4234 peccata,

2088 4258 2174 4313 hic
2202 4258 2351 4313 solus
2378 4266 2643 4328 potestate
2674 4258 2897 4314 dimisit.
2934 4258 3158 4315 Dicebat
3184 4259 3328 4314 enim
3357 4259 3402 4292 ”
3433 4274 3448 4313 :
3477 4276 3497 4310 ι
3525 4257 3652 4322 Fili,

411 4343 566 4413 quasi
600 4344 805 4410 hircus,
836 4353 930 4397 aut
962 4344 1184 4410 vitulus,
1218 4355 1311 4399 aut
1335 4348 1478 4402 aries
1508 4344 1768 4401 oﬂeratur
1796 4344 1863 4399 ad
1898 4361 1983 4399 re-
2014 4343 2059 4398 D
2089 4349 2310 4403 remissa
2338 4357 2467 4403 sunt
2498 4349 2595 4405 tibi
2631 4361 2850 4421 peccata
2884 4358 2999 4405 tua.
3035 4369 3057 4404 ι
3095 4351 3186 4407 Sic
3230 4365 3358 4423 ergo
3390 4349 3652 4406 imbuitur

410 4434 808 4489 conciliandum
861 4435 1168 4492 hominibus
1212 4437 1401 4492 Deum.
1453 4438 1633 4491 Donec
1677 4436 1819 4490 enim
1851 4446 1980 4492 sunt

414 4537 654 4595 peccata,
680 4543 905 4583 necesse
933 4538 1015 4583 est
1041 4526 1243 4598 requiri
1271 4539 1325 4583 et
1354 4528 1561 4583 hostias
1589 4543 1686 4597 pro
1716 4529 1977 4598 peccatis.

411 4617 546 4671 Nam
584 4634 743 4688 pone,
779 4619 927 4675 verbi
956 4621 1125 4690 gratia
1152 4661 1167 4685 ,
1202 4636 1305 4676 non
1360 4620 1526 4675 fuisse
1561 4628 1839 4688 peccatum
1882 4636 1897 4672 τ
1936 4619 1982 4675 si
2015 4687 2026 4698 _

412 4727 518 4765 non
554 4711 747 4768 fuisset
776 4725 1080 4783 peccatum,
1129 4731 1234 4769 non
1286 4728 1514 4769 necesse
1570 4713 1750 4768 fuerat
1783 4712 1979 4768 Filium

412 4802 507 4857 Dei
532 4819 732 4873 agnum
760 4805 900 4870 ﬁeri,
929 4821 1030 4861 nec
1057 4822 1192 4875 opus
1223 4805 1401 4861 fuerat
1445 4820 1569 4861 eum
1602 4805 1653 4861 in
1681 4820 1845 4861 carne
1881 4821 1976 4874 po-

482 4919 530 4954 "
566 4919 708 4975 Psal.
747 4935 907 4988 xuv,
941 4921 1032 4975 32.
1107 4921 1153 4954 ⁹⁶
1192 4922 1348 4978 Rom.
1384 4937 1433 4976 ix
1460 4961 1476 4985 ,
1516 4921 1571 4976 5.

410 5078 597 5204 1³1(ἓὲ
624 5080 807 5137 Codex
839 5080 1024 5138 Sancti
1054 5081 1378 5137 Theudorici
1403 5125 1417 5151 ,
1470 5101 1490 5135 ι
1550 5083 1604 5137 in
1649 5082 1980 5138 sacriﬁcium

545 5168 555 5202 Ι
595 5192 609 5204 .
652 5170 670 5203 ο

433 5164 609 5206 ³11018.
652 5170 670 5203 ο

484 5220 597 5289 (26)
625 5219 902 5277 Zacharias
941 5223 1226 5292 prophetae.
1260 5223 1395 5278 Vide
1438 5231 1550 5279 not.
1603 5225 1657 5277 in
1700 5221 1870 5290 Epist.
1915 5224 1984 5278 ad

411 5290 746 5359 Africanum.

483 5361 592 5431 (27)
626 5360 692 5416 Ut
721 5364 775 5414 in
802 5358 998 5416 Grecis
1027 5363 1294 5415 codicibus
1333 5361 1570 5429 legimus.
1608 5361 1982 5419 Parenthesim

411 5431 554 5485 hanc
589 5433 654 5484 de
687 5447 786 5484 suo
814 5433 1019 5485 addidit
1046 5433 1317 5500 interpres
1346 5431 1594 5487 Rufinus.

488 5500 601 5570 (28)
649 5503 826 5555 Codex
873 5500 1056 5555 Sancti
1107 5501 1474 5568 Theoderici,
1519 5521 1538 5555 ε
1597 5502 1796 5557 dicitur
1841 5501 1981 5557 alius

414 5570 633 5640 quidem
675 5583 1010 5625 sanctorum.
1046 5590 1066 5623 ›

485 5640 598 5711 (29)
640 5640 1135 5709 Puriﬁcationibus.
1177 5641 1335 5699 Deest
1360 5641 1415 5698 in
1442 5641 1594 5699 libris
1620 5645 1780 5697 antea
1803 5642 1979 5710 editis,

2087 4441 2325 4496 mundus
2346 4482 2362 4509 ,
2403 4441 2576 4511 primo
2610 4457 2708 4512 per
2740 4444 2984 4498 diversas
3016 4442 3223 4498 hostias
3275 4443 3653 4500 remissionem

2087 4547 2331 4601 quaerere
2357 4544 2725 4604 peccatorum,
2756 4534 2926 4590 donec
2952 4533 3138 4589 veniat
3165 4534 3235 4588 ad
3267 4534 3499 4589 hostiam
3525 4550 3651 4605 per-

2086 4620 2307 4690 fectam,
2333 4624 2399 4679 ad
2426 4625 2655 4681 hostiam
2697 4635 3128 4681 consummatam
3150 4669 3164 4694 ,
3199 4642 3394 4697 agnum
3423 4628 3653 4682 annicu-

2085 4715 2219 4781 lum,
2279 4718 2598 4787 perfectum,
2636 4720 2726 4788 qui
2758 4720 2904 4774 tollat
2949 4730 3174 4790 peccata
3211 4721 3377 4776 totius
3414 4720 3595 4775 mundi
3633 4739 3648 4778 :

2087 4822 2181 4877 per
2213 4824 2370 4879 quem
2397 4810 2722 4868 festivitates
2756 4824 2882 4883 agat
2904 4813 3199 4885 spiritales,
3233 4828 3341 4869 non
3381 4813 3449 4870 ad
3482 4814 3651 4870 satie-

1652 4922 1696 4954 ⁸⁷
1725 4921 1766 4976 ll
1801 4922 1939 4977 Tim.
1972 4939 2044 4989 tv,
2076 4923 2131 4979 6.
2182 4927 2228 4960 ⁸⁸
2264 4925 2408 4984 Psal.
2448 4930 2663 4998 (211,37,
2691 4930 2779 4986 28.
2854 4933 2899 4965 9°
2928 4930 3114 4986 Matth.
3142 4945 3221 4996 Ix,
3244 4928 3300 4984 2.

2091 5086 2184 5141 sed
2211 5084 2490 5154 suppletur
2520 5101 2583 5139 ex
2616 5086 2868 5140 omnibus
2896 5102 3024 5142 mss.

2164 5154 2276 5227 (50)
2307 5155 2397 5227 ξίσ
2429 5157 2587 5210 etiam
2617 5172 2711 5224 pro
2740 5157 3127 5227 dispensatione
3150 5198 3165 5221 ,
3196 5166 3303 5213 etc.
3343 5156 3419 5211 Ita
3456 5157 3653 5214 habent

2094 5224 2251 5298 codd.
2313 5225 2647 5298 Turonensis
2699 5236 2752 5298 et
2794 5224 3161 5298 Ebroicensis,
3210 5244 3240 5281 a
3291 5228 3490 5298 quibus
3545 5245 3650 5283 non

2095 5296 2322 5350 multum
2371 5297 2577 5350 recedit
2633 5297 2803 5350 codex
2863 5296 3046 5351 Sancti
3106 5296 3466 5361 Theoderici,
3526 5300 3654 5354 «sic

2092 5368 2256 5420 etiam
2306 5381 2404 5435 per
2456 5366 2911 5434 dispensationem
2967 5367 3129 5422 totius
3162 5367 3345 5421 mundi
3389 5369 3649 5422 rationein

2129 5436 2483 5490 urilicatiouis
2503 5436 2761 5505 intellige.
2793 5455 2812 5487 ι
2866 5437 2918 5488 In
2969 5436 3124 5490 libris
3152 5452 3279 5490 vero
3309 5447 3464 5489 antea
3492 5439 3652 5492 editis

2109 5507 2288 5574 egitttr
2341 5523 2355 5559 :
2415 5523 2434 5557 ε
2486 5506 2565 5559 sic
2622 5508 2783 5559 etiam
2834 5520 2930 5573 per
2980 5506 3434 5575 dispensationem
3490 5509 3652 5562 totius

2090 5576 2274 5631 mundi
2310 5576 2451 5632 ratio
2484 5590 2567 5632 est
2611 5575 3002 5647 puriﬁcatiouis
3034 5589 3087 5629 ei
3119 5576 3506 5633 intellectuum.
3554 5596 3574 5628 ι
