4074 6156
461 198 565 255 759
1870 191 2193 251 ORIGENIS
3572 192 3670 250 700

458 324 627 370 tatem
663 317 869 385 carnis,
906 317 1000 374 sed
1047 317 1115 373 ad
1153 316 1453 388 profectum
1485 315 1708 385 spiritus
1738 312 2023 369 sacriﬁciis
2051 318 2098 372 Α
2127 311 2194 364 ah
2220 324 2285 364 eo
2312 309 2729 366 anferatomnes
2758 309 3127 365 immunditias
3149 350 3165 377 ,
3199 309 3356 365 citius
3376 320 3524 367 eruat
3554 325 3672 366 eum

454 407 797 475 spiritalibus
866 409 1240 479 puriﬁcatione
1312 409 1508 464 mentis
1564 407 1779 462 oblatis.
1860 404 2024 459 Decet

455 495 602 550 enim
649 496 761 552 Deo
792 498 1057 553 immolari
1108 500 1381 554 victimam
1434 498 1633 564 cordis,
1691 505 1747 551 et
1791 495 2021 549 hostiam

456 587 807 643 contribulati
843 591 1086 660 spiritus,
1121 607 1226 647 non
1281 592 1460 646 carnis
1481 603 1532 645 et
1566 589 1840 661 sanguinis
1863 587 2023 657 jugu-

458 676 555 731 lari
588 694 600 727 :
634 681 758 748 quia
829 699 847 733 ι
874 691 924 737 et
960 684 1005 738 si
1059 683 1378 752 agnovimus
1427 684 1700 738 Christum
1728 683 2023 754 aliquando

456 771 753 825 secundum
782 786 1037 839 carnem;
1079 774 1171 829 sed
1212 789 1353 829 nunc
1378 774 1491 844 jam
1520 791 1623 828 non
1651 776 1899 833 novimus
1929 777 1946 808 ί
1976 791 2022 841 ;›

457 870 512 917 et
532 861 651 916 ideo
673 866 725 918 in
760 863 953 933 spiritu
980 865 1119 921 diem
1164 865 1356 921 festum
1389 882 1631 937 agamus,
1665 877 1721 922 et
1756 870 2020 938 spiritalia

455 953 724 1009 sacrificia
765 957 1094 1027 jugulemus.
1150 958 1274 1014 Haec
1305 975 1401 1030 pro
1448 960 1654 1015 viribus
1705 963 1906 1019 nostris
1954 966 2021 1018 de

455 1046 772 1104 diversitate
805 1050 1197 1106 sacrificiorum
1229 1052 1477 1108 discussa
1509 1055 1618 1108 sint
1640 1095 1655 1118 ,
1692 1070 1923 1124 quorum
1951 1056 2019 1111 ad

454 1139 717 1210 liquidum
748 1140 1159 1212 intelligentiam
1188 1144 1290 1197 scit
1322 1143 1431 1209 ille,
1470 1144 1556 1198 cui
1588 1147 1728 1199 nuda
1768 1158 1823 1200 et
1868 1164 2022 1203 reve-

454 1230 560 1286 lata
586 1239 710 1286 sunt
738 1233 941 1298 omnia,
972 1247 1075 1288 nec
1103 1243 1185 1288 est
1211 1233 1315 1288 ulla
1342 1243 1589 1289 creatura
1636 1235 1689 1288 in
1725 1248 2019 1307 conspectu

453 1322 571 1393 ejus
610 1322 917 1378 invisibilis.

523 1412 579 1469 2.
623 1413 751 1468 Post
782 1415 893 1469 haec
924 1423 1171 1470 votorum
1208 1415 1293 1469 lex
1340 1416 1581 1486 ponitur,
1608 1425 1661 1471 et
1693 1432 1831 1473 novo
1872 1419 2021 1487 prin-

453 1500 597 1569 cipio
626 1504 799 1557 utitur
830 1506 883 1559 in
912 1506 1012 1560 bac
1043 1505 1384 1575 legislatione
1414 1505 1609 1561 Moses.
1639 1507 1727 1561 Ait
1775 1507 1917 1561 enim
1948 1509 1968 1539 '
2001 1524 2016 1562 :

456 1613 477 1647 ‹
503 1593 695 1659 ΙΙοιιιο,
729 1597 892 1652 homo
920 1598 1231 1667 quicunque
1261 1597 1469 1653 voverit
1497 1607 1679 1651 votum
1716 1598 1963 1653 Domino.
1994 1619 2012 1652 ι

451 1686 581 1752 Qum
607 1698 692 1742 est
718 1689 816 1742 ista
860 1689 1136 1758 repetendi
1177 1690 1412 1745 nominis
1452 1689 1657 1743 causa?
1702 1672 1863 1756 Quasi
1912 1704 2016 1743 non

452 1777 723 1833 sulliceret
753 1780 972 1846 dixisse,
1011 1780 1172 1835 homo
1199 1782 1289 1851 qui
1322 1781 1530 1836 voverit
1560 1790 1739 1835 votum
1771 1781 2016 1836 Domino.

451 1869 590 1937 Quid
620 1879 702 1925 est
753 1886 882 1940 ergo
933 1873 1076 1942 quod
1109 1874 1204 1939 ait,
1241 1873 1400 1928 homo
1432 1874 1615 1939 homo,
1675 1881 1731 1928 et
1760 1875 1889 1942 quid
1916 1874 2019 1928 sibi

456 1961 586 2016 velit
638 1961 967 2032 ingeminata
1025 1965 1257 2020 hominis
1313 1965 1646 2034 appellatio,
1722 1981 1829 2020 non
1888 1967 2017 2020 mihi

451 2051 666 2106 silentio
726 2057 1156 2121 praetereundum
1221 2057 1448 2111 videtur.
1517 2055 1808 2125 Apostolus
1864 2057 2019 2111 docet

451 2143 613 2196 alium
643 2158 764 2198 esse
795 2145 1115 2201 interiorem
1159 2147 1428 2205 hominem
1451 2189 1465 2214 ,
1508 2156 1561 2202 et
1592 2147 1753 2201 alium
1785 2148 2018 2203 exterio-

451 2250 566 2290 rem
608 2254 620 2289 :
662 2247 717 2292 et
746 2237 892 2293 illum
943 2253 1066 2295 esse
1107 2242 1197 2311 qui
1256 2252 1548 2295 renovatur
1574 2243 1638 2295 de
1671 2241 1756 2296 die
1790 2242 1840 2295 in
1873 2242 2014 2295 diem

449 2328 745 2382 secundum
797 2329 1084 2399 imaginem
1121 2331 1237 2399 ejus
1277 2333 1367 2401 qui
1410 2334 1612 2387 creavit
1660 2348 1818 2399 eum;
1872 2334 2017 2388 hunc

449 2434 580 2474 vero
608 2434 730 2475 esse
764 2421 1058 2487 visibilem,
1100 2424 1189 2492 qui
1223 2426 1594 2493 corrumpitur
1624 2423 1666 2480 ³.
1716 2424 1849 2479 Cum
1888 2440 2017 2493 ergo

447 2511 663 2565 venitur
693 2510 759 2564 ad
793 2513 949 2566 istum
974 2513 1082 2581 jam
1114 2514 1415 2582 profectum
1441 2555 1454 2579 ,
1502 2525 1556 2568 ut
1597 2514 1677 2568 lex
1716 2515 1808 2569 Dei
1841 2517 2016 2569 susci-

447 2605 649 2672 piatur,
682 2612 737 2658 et
767 2613 888 2661 vota
917 2607 1141 2660 Domino
1165 2606 1502 2673 oﬂ'erantur;
1537 2617 1657 2663 vota
1691 2618 1873 2662 autem
1908 2609 2015 2663 Do-

446 2696 597 2750 mino
640 2697 836 2753 olferre
877 2713 1033 2753 nemo
1072 2708 1271 2769 potest,
1302 2700 1405 2754 nisi
1435 2701 1522 2769 qui
1554 2700 1712 2755 habet
1736 2700 1936 2769 aliquid
1962 2702 2013 2755 in

445 2788 739 2858 semetipso
775 2797 830 2843 et
889 2790 942 2843 in
975 2790 1272 2846 substantia
1314 2808 1409 2847 sua
1454 2795 1596 2865 quod
1634 2792 1827 2848 oli'erat
1865 2794 2010 2851 Deo:

445 2892 554 2934 non
586 2880 783 2935 suﬂicit
813 2882 917 2937 iste
938 2884 1176 2937 exterior
1206 2885 1366 2940 homo
1389 2886 1559 2956 legem
1588 2886 1681 2942 Dei
1714 2887 2009 2957 suscipere,

2125 406 2191 459 ab
2223 407 2368 459 omni
2403 407 2810 474 inquinamento
2836 407 3013 463 carnis
3041 417 3095 462 et
3127 408 3423 478 sanguinis,
3454 423 3673 465 conver-

2129 504 2271 550 tatur
2301 496 2589 564 aliquando
2610 499 2675 551 ad
2698 499 3092 567 paenitentiam,
3127 509 3344 554 revocet
3383 500 3449 554 ad
3479 516 3537 555 se
3570 515 3674 556 me-

2124 590 2349 642 moriam
2383 590 2498 653 Dei,
2527 599 2744 646 revocet
2773 605 2919 660 spem
2944 590 3150 645 salutis.
3177 589 3292 644 Non
3320 591 3460 646 enim
3490 593 3674 647 extrin-

2122 694 2280 735 secus
2329 681 2544 736 aliunde
2591 684 2878 751 quazrenda
2936 691 3094 748 sunt,
3150 683 3243 736 sed
3294 683 3435 737 intra
3473 698 3568 738 nos
3600 693 3676 739 est

2122 771 2312 826 salutis
2358 774 2596 837 occasio,
2650 773 2794 827 sicut
2836 783 2891 828 et
2947 772 3206 827 Dominus
3245 772 3517 830 dixit‘u
3545 773 3678 829 Ecce

2121 863 2262 917 enim
2292 877 2511 933 regnum
2541 863 2633 917 Dei
2659 867 2798 918 intra
2829 879 2924 919 vos
2954 873 3056 919 est.
3094 884 3112 916 ι
3147 863 3292 919 lntra
3325 880 3423 920 nos
3454 880 3681 934 namque

2121 967 2204 1012 est
2263 959 2636 1014 conversionis
2707 958 2951 1015 facultas.
3003 959 3137 1016 Cum
3194 962 3337 1014 enim
3385 973 3680 1015 conversus

2122 1050 2467 1120 ingemueris,
2493 1050 2671 1106 salvus
2694 1052 2823 1114 eris,
2844 1063 2898 1107 et
2932 1064 3058 1108 tunc
3089 1054 3293 1122 poteris
3326 1053 3486 1121 digne
3515 1052 3676 1108 Altis;

2111 1140 2248 1195 simo
2272 1140 2498 1195 reddere
2524 1148 2644 1195 vota
2669 1150 2780 1201 tua,
2811 1148 2865 1194 et
2888 1140 3052 1193 homo
3084 1138 3245 1192 homo
3269 1137 3546 1208 appellari.
3571 1138 3675 1192 Vo-

2112 1240 2224 1285 tum
2250 1240 2427 1283 autem
2450 1239 2551 1294 est,
2578 1245 2699 1283 eum
2726 1229 2922 1298 aliquid
2947 1229 3014 1281 de
3034 1228 3234 1282 nostris
3251 1228 3532 1283 offerimus
3550 1229 3673 1283 Deo.

2113 1326 2239 1381 Vult
2269 1341 2395 1397 ergo
2418 1342 2449 1379 a
2479 1325 2632 1379 nobis
2668 1326 2819 1395 prius
2851 1324 3051 1394 aliquid
3085 1324 3332 1394 accipere
3365 1324 3511 1378 Deus
3547 1324 3675 1395 (35),

2114 1427 2170 1471 et
2220 1417 2291 1470 ita
2341 1416 2498 1471 nobis
2534 1416 2734 1485 aliquid
2781 1416 2896 1486 ipse
2938 1415 3151 1486 largiri,
3199 1423 3260 1469 ut
3298 1415 3439 1469 dona
3488 1430 3587 1469 sua
3630 1423 3684 1470 et

2122 1516 2345 1556 munera
2377 1504 2713 1556 merentibus
2742 1513 2796 1556 et
2825 1518 2929 1555 non
2964 1502 3252 1555 immeritis
3287 1501 3475 1571 largiri
3503 1500 3685 1554 videa-

2122 1599 2227 1645 tur.
2266 1591 2404 1658 Quid
2467 1602 2645 1646 autem
2679 1602 2761 1648 est
2813 1594 2953 1662 quod
3001 1594 3113 1645 vult
3162 1593 3410 1662 accipere
3455 1608 3485 1646 a
3534 1591 3687 1647 nobis

2123 1685 2304 1740 Deus?
2328 1686 2462 1739 Audi
2501 1685 2793 1754 Scriptura:
2827 1685 3154 1740 sententiam
3185 1685 3241 1739 ἐ
3272 1705 3290 1737 ι
3314 1684 3378 1739 Ει
3430 1701 3573 1739 nunc
3618 1684 3686 1740 ls-

2123 1774 2252 1841 rael,
2287 1775 2416 1845 quid
2440 1774 2701 1829 Dominus
2731 1774 2868 1829 Deus
2908 1785 3032 1828 tuus
3062 1776 3233 1842 poscit
3274 1791 3303 1828 a
3354 1786 3405 1828 te
3429 1815 3444 1837 ,
3499 1775 3605 1828 nisi
3632 1783 3685 1827 ut

2121 1866 2312 1919 timeas
2350 1863 2631 1918 Dominum
2684 1863 2849 1919 Deum
2895 1874 3042 1919 tuum
3084 1873 3135 1917 et
3165 1864 3328 1937 364
3356 1865 3606 1919 ambules
3633 1865 3688 1918 in

2119 1958 2371 2012 omnibus
2393 1956 2497 2010 viis
2520 1955 2655 2023 ejus,
2693 1964 2748 2009 et
2780 1956 2970 2028 diligas
3003 1971 3122 2010 eum
3147 1972 3212 2011 ex
3240 1968 3350 2012 toto
3377 1960 3543 2011 corde
3572 1969 3684 2024 tuo,

2120 2058 2170 2102 et
2208 2063 2275 2103 ex
2319 2057 2428 2102 tota
2483 2048 2661 2103 anima
2697 2056 2822 2112 tua,
2867 2060 2922 2102 et
2965 2064 3031 2102 ex
3063 2050 3189 2104 totis
3240 2050 3443 2104 viribus
3483 2051 3683 2105 tuis?»

2121 2140 2245 2194 Hanc
2267 2149 2393 2194 sunt
2423 2154 2551 2210 ergo
2577 2156 2696 2209 qua:
2725 2141 2864 2195 Deus
2890 2142 3063 2209 poscit
3086 2156 3115 2194 a
3152 2141 3326 2202 nobis.
3354 2142 3484 2208 Quae
3502 2143 3545 2197 si
3578 2158 3685 2198 non

2120 2235 2269 2303 prius
2299 2232 2609 2299 oll'eramus,
2635 2236 2698 2288 ab
2727 2236 2841 2303 ipso
2874 2235 3203 2304 accipiemus
3244 2236 3398 2290 nihil.
3436 2236 3687 2305 Legimus

2118 2336 2170 2378 et
2205 2326 2255 2378 in
2298 2325 2402 2380 alio
2432 2325 2550 2380 loco
2580 2326 2600 2358 ⁸
2629 2341 2642 2376 :
2679 2341 2701 2378 σ
2729 2325 2860 2397 Date
2912 2326 3141 2396 gloriam
3187 2327 3316 2388 Deo,
3339 2346 3357 2379 ι
3407 2334 3521 2383 ctu
3548 2326 3687 2383 Date

2120 2416 2571 2486 magniﬁcentiam
2607 2417 2736 2470 Deo.
2765 2436 2783 2469 ι
2807 2416 2864 2470 Si
2894 2417 3153 2472 dederitis
3185 2417 3432 2486 gloriam,
3458 2418 3689 2485 recipie-

2119 2509 2189 2561 tis
2214 2507 2464 2576 gloriam.
2502 2508 2594 2563 Sic
2636 2509 2782 2565 enim
2815 2508 2946 2563 dicit
2992 2510 3108 2577 ipse
3158 2509 3295 2563 Deus
3321 2511 3340 2540 τ
3380 2530 3393 2563 :
3429 2509 3687 2563 «Gloriti-

2117 2616 2303 2656 cantes
2334 2618 2419 2657 me
2441 2602 2774 2672 gloriﬁeabo.
2811 2621 2830 2655 ι
2874 2602 2986 2672 Ego
3018 2618 3145 2657 vero
3184 2602 3327 2669 dico,
3368 2605 3512 2672 quod
3550 2612 3604 2658 et
3638 2603 3683 2657 si

2115 2693 2405 2748 olferamus
2440 2695 2488 2748 ei
2514 2692 2782 2762 justitiam
2821 2704 3085 2761 nostram,
3117 2694 3446 2763 accipiemus
3472 2696 3541 2749 ab
3566 2696 3686 2765 ipso

2111 2784 2378 2855 justitiam
2412 2785 2528 2842 Dei.
2562 2785 2630 2839 Et
2667 2785 2713 2839 si
2745 2784 3037 2840 offeramus
3076 2785 3127 2840 ei
3167 2796 3453 2849 nostram.
3513 2785 3566 2842 id
3604 2795 3686 2843 est

2114 2880 2358 2947 corporis
2420 2880 2748 2944 castitatem,
2806 2881 3138 2948 accipiemus
3199 2881 3267 2933 ab
3336 2880 3452 2950 ipso
3527 2880 3687 2950 spiri-

447 2984 552 3024 nec
601 2981 721 3026 vota
774 2972 919 3028 solus
976 2972 1192 3039 oll'erre,
1249 2992 1353 3031 non
1408 2979 1553 3031 enim
1587 2988 1761 3048 potest
1808 2979 2011 3049 aliquid

2120 2981 2202 3025 tus
2247 2971 2556 3025 castitatem
2609 2969 2743 3041 (54).
2804 2970 2868 3024 Ει
2924 2972 2967 3024 si
3024 2968 3316 3026 oll‘eramus
3370 2972 3417 3024 ei
3467 2986 3680 3026 ausum

448 3060 667 3130 dignunt
720 3062 831 3118 Deo
874 3064 1073 3120 habere
1108 3084 1121 3121 :
1157 3068 1249 3121 sed
1303 3068 1393 3123 ille
1447 3068 1674 3124 interior
1712 3080 1792 3125 est
1829 3072 2010 3135 homo,

446 3152 541 3223 qui
573 3154 748 3225 magis
794 3155 958 3211 habet
996 3156 1050 3211 in
1097 3173 1156 3213 se
1208 3160 1353 3228 quod
1401 3158 1590 3214 (Μαι-ιιι
1639 3159 1767 3214 Deo.
1830 3159 1885 3214 In
1922 3160 2014 3216 illo

448 3258 684 3313 namque
736 3255 820 3302 est
878 3248 1240 3304 habitaculum
1269 3250 1526 3305 virtutum
1550 3293 1564 3317 ,
1602 3252 1652 3305 in
1707 3252 1798 3305 illo
1837 3254 2012 3308 omnis

448 3335 753 3392 intellectus
806 3339 1069 3404 scientiae,
1136 3343 1189 3395 in
1241 3342 1334 3397 illo
1379 3353 1457 3396 est
1512 3343 1708 3397 divinae
1761 3345 2012 3414 imaginis

448 3430 745 3485 innevatio.
774 3430 874 3499 Qui
902 3446 1024 3486 cum
1056 3434 1290 3503 speciem
1328 3450 1479 3489 suam
1502 3476 1516 3500 ,
1563 3451 1667 3504 qua
1704 3451 1769 3489 ex
1798 3436 1955 3490 initio
1982 3453 2010 3491 a

449 3519 558 3577 Deo
581 3521 754 3580 factus
776 3533 859 3581 est
882 3523 994 3595 (51)
1020 3529 1439 3596 recuperaverit,
1460 3537 1514 3583 et
1541 3531 1797 3583 virtutum
1835 3532 2013 3584 redin-

449 3616 750 3686 tegratione
781 3618 1235 3687 pulchritudinem
1265 3618 1464 3690 prioris
1498 3620 1685 3676 fornae
1716 3624 2007 3690 receperit,

449 3719 578 3765 tunc
600 3709 711 3777 jam
751 3721 930 3781 potest
970 3720 1095 3767 vota
1129 3711 1322 3768 oll'erre
1355 3713 1492 3781 Deo,
1525 3721 1577 3767 et
1614 3724 1738 3769 tunc
1763 3713 1875 3783 jam
1906 3730 2010 3769 non

449 3799 614 3855 homo
647 3801 856 3871 solum,
901 3803 994 3858 sed
1042 3803 1204 3859 homo
1238 3804 1400 3858 homo
1454 3805 1679 3860 dicetur.
1735 3806 1866 3859 Nam
1918 3806 2009 3875 qui

448 3892 765 3947 interiorem
792 3894 1060 3949 hominem
1092 3910 1199 3949 non
1242 3894 1460 3962 excolit,
1506 3897 1598 3966 qui
1642 3895 1784 3952 illius
1823 3912 2008 3952 curam

450 3998 557 4036 non
594 3983 754 4054 gerit,
778 3984 867 4052 qui
903 3985 1191 4040 virtutibus
1217 4001 1338 4042 eum
1368 4003 1473 4043 non
1504 3988 1743 4054 instruit,
1773 3991 2011 4045 moribus

449 4092 556 4133 non
607 4080 859 4145 adornat,
904 4082 1101 4137 divinis
1136 4085 1564 4141 institutionibus
1609 4104 1715 4142 non
1773 4100 2008 4154 exercet,

448 4172 768 4241 sapientiam
800 4173 893 4228 Dei
925 4189 1032 4227 non
1061 4178 1274 4244 quaerit,
1330 4179 1571 4234 scientiae
1601 4179 2009 4250 Scripturarum

448 4276 668 4331 operam
696 4281 801 4319 non
837 4267 1118 4336 impendit,
1151 4271 1239 4324 hic
1281 4287 1389 4325 non
1425 4283 1598 4341 potest
1645 4273 1805 4329 homo
1848 4275 2009 4331 homo

446 4356 575 4420 dici,
614 4360 705 4414 sed
744 4360 906 4414 homo
935 4369 1165 4427 tantum,
1217 4373 1272 4418 et
1322 4365 1483 4420 homo
1534 4367 1782 4423 animalis
1822 4385 1836 4422 :
1878 4370 2002 4435 quia

446 4446 538 4499 ille
563 4447 805 4515 interior,
833 4452 920 4506 cui
948 4451 1129 4506 verius
1147 4464 1201 4507 et
1235 4454 1463 4511 nobilius
1493 4456 1652 4514 homo
1684 4475 1874 4514 nomen
1902 4469 2004 4525 est,

447 4538 658 4605 sopitus
681 4540 734 4592 in
769 4554 833 4594 eo
865 4549 948 4595 est
972 4543 1280 4598 carnalibus
1313 4545 1452 4601 vitiis
1478 4586 1494 4613 ,
1548 4556 1602 4602 et
1629 4551 1811 4605 mundi
1848 4552 2005 4620 hujus

445 4630 594 4683 curis
620 4643 683 4682 ac
710 4629 1165 4688 sollicitudinibus
1218 4637 1479 4699 obrutus,
1530 4639 1603 4692 ita
1638 4651 1696 4693 ut
1732 4643 1781 4696 in
1813 4658 1878 4696 eo
1906 4660 2006 4698 nec

443 4720 681 4775 nominis
725 4721 841 4791 ejus
888 4722 1073 4778 haberi
1117 4725 1289 4794 possit
1331 4726 1616 4795 appellatio
1661 4729 1794 4803 (52).
1859 4731 2011 4790 Unde

446 4814 580 4868 satis
620 4815 885 4886 agendum
919 4825 1002 4872 est
1038 4819 1327 4888 unicuique
1356 4830 1619 4887 nostrum,
1683 4834 1739 4877 ut
1775 4826 1818 4880 si
1865 4825 2009 4885 forte

443 4907 591 4961 videt
625 4907 676 4960 in
706 4922 764 4960 se
795 4908 1104 4962 interiorem
1153 4909 1424 4964 hominem
1460 4923 1801 4979 peccatorum
1828 4920 2008 4972 sordi-

443 4999 546 5053 bus
585 5007 638 5052 et
658 4998 911 5053 vitiorum
946 5000 1230 5056 ruderibus
1258 5016 1573 5072 oppressum
1596 5003 1783 5073 jacere
1803 5045 1817 5070 ,
1846 5009 2006 5063 citius

2119 3073 2384 3127 nostrum,
2417 3065 2745 3132 accipiemus
2784 3065 2851 3119 ab
2894 3065 3009 3132 ipso
3058 3078 3276 3118 sensum
3308 3065 3515 3133 ipsius;
3547 3065 3685 3119 sicut

2115 3167 2168 3210 et
2198 3156 2486 3225 Apostolus
2519 3158 2734 3212 dicebat
2764 3158 2786 3189 ⁸
2817 3176 2869 3212 ει
2896 3157 3005 3213 Nos
3029 3169 3206 3211 autem
3242 3157 3453 3211 Domini
3482 3158 3681 3214 Christi

2115 3264 2330 3304 sensum
2388 3251 2666 3304 habemus.
2710 3269 2728 3303 ι
2772 3250 2906 3305 Cum
2960 3263 3138 3305 autem
3191 3266 3290 3306 nos
3329 3253 3684 3309 obtulerimus

2119 3344 2226 3398 Deo
2253 3358 2373 3412 quae
2403 3343 2457 3398 in
2487 3342 2640 3399 nobis
2668 3358 2814 3409 sunt,
2845 3355 2899 3399 et
2924 3345 3013 3400 ille
3035 3346 3325 3400 contulerit
3355 3348 3408 3400 in
3439 3363 3541 3402 nos
3567 3363 3681 3417 qua:

2115 3454 2208 3491 sua
2241 3447 2387 3503 sunt,
2422 3444 2547 3491 tunc
2575 3440 2830 3508 verejatn
2857 3454 2957 3492 non
2989 3439 3151 3493 homo
3183 3440 3377 3503 solum,
3407 3442 3500 3495 sed
3526 3442 3684 3494 homo

2115 3531 2280 3584 homo
2308 3531 2573 3586 dicemur.
2637 3528 2877 3599 Uterque
2928 3531 3071 3584 enim
3117 3531 3278 3585 homo
3329 3532 3573 3585 vocabuli
3601 3533 3678 3586 sui

2114 3621 2442 3691 perfectione
2499 3623 2751 3676 decenter
2802 3630 3026 3677 ornatus
3062 3631 3163 3676 est.
3222 3620 3328 3675 lsta
3374 3633 3505 3677 sunt
3551 3638 3678 3693 ergo

2114 3729 2259 3779 vom,
2285 3728 2404 3783 quae
2437 3713 2596 3768 debet
2620 3713 2899 3767 exsolvere
2918 3714 2982 3778 is,
3004 3715 3095 3783 qui
3117 3713 3279 3769 homo
3310 3715 3474 3769 homo
3498 3715 3676 3785 appel-

2115 3804 2278 3858 latur.
2309 3804 2434 3859 Scio
2458 3805 2667 3858 diversa
2700 3813 2819 3859 vota
2849 3802 2900 3858 in
2930 3803 3226 3873 Scripturis
3265 3803 3479 3859 referri.
3518 3808 3676 3861 Anna

2113 3897 2330 3966 quidem
2361 3896 2504 3950 vovit
2535 3894 2645 3949 Deo
2669 3893 2903 3948 fructum
2927 3896 3134 3950 ventris
3156 3896 3264 3959 sui,
3289 3904 3343 3948 et
3373 3896 3676 3951 Samuelem

2113 3991 2452 4045 consecravit
2506 3990 2557 4043 in
2605 3987 2804 4056 templo
2838 3988 2880 4043 ’.
2924 3987 3119 4052 Alius,
3173 3989 3532 4057 quodcunque
3578 3988 3677 4042 sibi

2095 4093 2234 4152 post
2297 4082 2574 4136 victoriam
2640 4082 2884 4136 redeunti
2944 4080 3275 4135 occurrisset
3322 4081 3470 4134 vovit
3531 4082 3670 4143 Deo,

2112 4184 2432 4229 occurrente
2467 4171 2608 4235 tilia,
2662 4184 2787 4225 vota
2832 4162 3174 4242 lacrymanda
3232 4170 3675 4241 persolvit".Alii

2116 4267 2329 4327 vitulos,
2362 4275 2454 4320 aut
2480 4266 2701 4331 arietes,
2735 4276 2824 4318 aut
2852 4264 3041 4318 domos
3065 4306 3079 4329 ,
3110 4274 3204 4317 aut
3232 4264 3333 4317 alia
3366 4264 3673 4334 hujusmodi

2118 4350 2328 4415 ratione
2374 4358 2634 4422 carentia,
2671 4368 2794 4411 vota
2828 4356 3059 4411 oderunt
3118 4358 3246 4414 Deo.
3297 4357 3388 4412 Ille
3429 4374 3558 4412 vero
3587 4355 3677 4426 qui

2113 4453 2413 4521 appellatur
2440 4451 2747 4516 Nazarmus,
2785 4453 3132 4519 semetipsum
3169 4451 3384 4505 devovit
3408 4449 3538 4504 Deo.
3570 4449 3679 4504 lloc

2112 4559 2194 4602 cst
2241 4548 2387 4602 enim
2439 4560 2621 4600 v0tum
2676 4545 2914 4598 Nazarzei
2961 4545 3100 4612 quod
3159 4549 3245 4596 est
3301 4557 3463 4610 super
3522 4555 3680 4596 omne

2110 4649 2316 4692 votum.
2346 4637 2478 4693 Nam
2509 4638 2675 4692 tilium
2710 4636 2926 4703 olIerre,
2979 4635 3062 4689 vel
3096 4634 3262 4688 tiliam
3287 4674 3304 4701 ,
3354 4644 3447 4689 aut
3491 4648 3674 4703 pecus,

2108 4738 2200 4783 aut
2236 4732 2517 4799 praedium,
2552 4733 2654 4785 hoc
2684 4739 2851 4785 totum
2880 4739 3035 4783 extra
3060 4743 3158 4782 nos
3178 4737 3281 4783 est.
3311 4728 3671 4797 Semetipsum

2109 4821 2220 4876 Deo
2244 4819 2460 4886 oﬂerre,
2491 4832 2541 4876 et
2580 4838 2685 4876 non
2732 4823 2908 4877 alieno
2938 4820 3139 4882 labore,
3165 4821 3260 4874 sed
3300 4820 3521 4889 proprio
3556 4820 3672 4886 pla-

2106 4928 2252 4978 cere,
2302 4915 2403 4967 hoc
2455 4923 2537 4968 est
2576 4913 2868 4981 perfectius
2923 4922 2978 4967 et
3024 4913 3361 4971 eminentius
3425 4912 3676 4965 omnibus

2111 5008 2247 5062 votis
2279 5025 2291 5060 :
2322 5008 2467 5077 quod
2520 5009 2609 5075 qui
2662 5004 2825 5072 facit,
2894 5005 3133 5060 imitator
3187 5014 3269 5059 est
3314 5002 3537 5058 Christi.
3588 5002 3677 5057 llle

517 5157 595 5233 ‘ll
627 5157 940 5233 Cor.v,_1f5.
996 5159 1437 5233 A'_Nnm.xxx,2.
1512 5162 1533 5193 ³
1565 5160 1603 5215 ll
1634 5161 1757 5216 Cor.
1801 5180 1872 5229 IV,
1908 5168 1991 5221 16.
2062 5182 2081 5214 ι
2125 5168 2407 5233 Luc.xvu,
2436 5166 2528 5221 21.
2603 5166 2626 5198 ⁵
2666 5166 2820 5221 Deut.
2862 5181 2926 5231 x,
2967 5165 3054 5219 12.
3128 5164 3149 5193 °
3181 5162 3382 5219 Jerem.
3423 5179 3545 5230 χιιι,
3585 5162 3672 5218 16.

442 5224 464 5261 "
503 5229 518 5282 Ι
559 5228 691 5298 Reg.
735 5245 794 5290 ιι.
828 5229 916 5284 30.
991 5230 1013 5261 ⁸
1045 5231 1063 5284 l
1092 5229 1215 5286 Cor.
1253 5248 1314 5296 ιι,
1353 5224 1460 5287 ⁷16.
1537 5235 1558 5266 ⁸
1598 5234 1615 5286 l
1659 5234 1786 5301 lleg.
1819 5224 2075 5294 t.”'.lud.
2105 5256 2181 5293 tu.

510 5316 625 5389 (3|)
670 5320 851 5373 Codex
892 5320 1079 5391 Sancti
1105 5320 1448 5389 Theudorici,
1494 5339 1511 5372 ι
1553 5337 1673 5391 qua:
1700 5338 1765 5375 ex
1794 5322 1945 5376 initio
1973 5341 2003 5379 a

441 5389 553 5443 Deo
606 5391 743 5441 facta
782 5401 885 5443 est.
916 5410 934 5441 ι
998 5389 1162 5443 Paulo
1207 5405 1324 5458 post
1361 5409 1548 5446 omnes
1573 5389 1723 5445 'mss.
1768 5393 2004 5459 habent,

454 5476 476 5511 ι
514 5460 964 5532 pulchritudinem
1027 5462 1222 5529 prioris
1286 5464 1488 5516 formae.
1530 5481 1546 5513 ι
1622 5463 1776 5516 Libh.
1851 5465 2005 5532 editi,

455 5545 476 5580 ι
518 5529 967 5599 pulchritmlinem
996 5533 1228 5599 priorem
1258 5532 1460 5587 fornae.
1493 5553 1510 5583 ι

520 5596 632 5667 (32)
673 5601 839 5654 Codd.
887 5596 1233 5656 Ebruicensis
1288 5613 1342 5656 et
1393 5602 1574 5658 Sancti
1637 5601 1957 5657 Theoderici
1989 5646 2005 5670 ,

450 5688 471 5722 ο
501 5675 574 5725 ita
609 5680 666 5726 ut
695 5684 793 5725 nec
851 5674 1084 5729 nominis
1135 5673 1249 5744 ejus
1290 5673 1489 5731 habere
1545 5673 1714 5745 possit
1770 5673 2007 5744 appella-

2110 5327 2327 5381 tionem.
2360 5339 2379 5373 ι

2180 5392 2291 5466 (55)
2326 5393 2452 5466 Vult
2470 5408 2591 5462 ergo
2615 5409 2645 5445 τι
2664 5392 2821 5466 nobis
2853 5394 2999 5461 prius
3024 5390 3225 5466 aliquid
3251 5390 3486 5458 accipere
3514 5389 3672 5466 Doug,

2108 5459 2212 5519 etc.
2246 5459 2377 5518 Vide
2411 5459 2588 5518 llueiii
2646 5459 3086 5531 Origeuiauorum
3112 5459 3233 5517 'hb.
3263 5478 3324 5527 ιι,
3367 5472 3562 5531 quaest.
3615 5459 3667 5526 7,

2110 5550 2386 5589 numerum
2422 5534 2595 5598 12,15
2615 5546 2670 5589 et
2701 5533 2787 5585 14.

2179 5606 2289 5675 (5-1)
2321 5604 2501 5675 Codex
2535 5604 2721 5659 Sancti
2753 5602 3103 5666 Theudorici,
3138 5625 3156 5656 ι
3184 5600 3407 5668 spiritus
3446 5601 3669 5659 castita-

2110 5673 2239 5734 tem.
2270 5673 2293 5743 ξ
2336 5673 2490 5730 Libb.
2523 5675 2678 5743 editi,
2722 5692 2740 5725 ι
2768 5675 2935 5746 ipsius
2956 5676 3276 5731 castitatem.
3313 5688 3339 5724 ι
