4074 6156
297 234 404 294 76!

1443 234 1512 292 IN
1544 233 1881 292 NUMEROS
1920 231 2207 290 HOMILIA
2240 229 2433 289 XXIV.

3460 228 3567 285 762

291 355 444 411 enim
471 351 620 410 dedit
644 351 867 409 bomini‘
897 359 1121 416 terram,
1153 341 1338 416 mare,
1369 364 1424 409 et
1458 355 1641 410 omnia
1677 371 1797 425 quae
1822 354 1877 409 in
1912 353 1952 410 Δ
1980 349 2121 404 Etsi
2177 348 2395 419 quidem
2429 347 2650 418 parvula
2668 334 2773 402 est
2815 328 3006 400 anima
3039 353 3094 400 et
3122 342 3272 399 initia
3304 326 3473 400 habet
3510 345 3564 401 in

292 451 377 506 eis
412 456 562 514 sunt,
591 448 659 503 ad
694 448 1017 518 obsequium
1048 448 1196 503 dedit
1218 459 1270 505 et
1293 448 1516 514 caelum,
1547 450 1715 504 solem
1739 466 1877 519 quo-

289 559 403 613 que
441 554 496 598 et
526 544 731 608 lunam,
757 558 823 598 ac
846 543 1033 599 stellas
1053 584 1069 610 ,
1104 543 1380 599 hominum
1411 544 1715 599 ministerio
1749 560 1877 598 con-

291 636 749 707 cessit:pluvias,
782 646 998 701 ventos,
1031 646 1087 693 et
1118 652 1280 692 omne
1304 636 1563 707 quidquid
1594 637 1649 692 in
1678 637 1878 691 mundo

290 738 382 782 est
416 728 736 784 hominibus
766 727 995 799 largitus
1035 739 1141 784 est.
1186 728 1293 784 Sed
1345 735 1467 796 post
1509 726 1623 783 haec
1671 727 1873 793 omnia,

292 822 646 891 semetipsum
671 821 835 877 dedit.
869 839 889 873 ι
920 818 1010 877 Sic
1040 821 1185 875 enim
1210 821 1395 874 dilexit
1418 820 1558 875 Deus
1593 823 1873 886 mundum,

292 924 357 966 ut
381 912 581 968 Filium
606 928 763 968 suum
792 913 1131 982 unigenitum
1155 913 1310 967 daret
1341 932 1359 966 ι
1383 927 1479 982 pro
1504 915 1685 968 mundi
1718 914 1876 984 hujus

292 1006 410 1060 vita
446 1006 511 1060 ⁸⁸.
543 1005 684 1074 Quid
715 1020 846 1078 ergo
871 1020 1124 1077 magnum
1151 1007 1313 1063 faciet
1340 1010 1524 1071 homo,
1553 1008 1597 1063 si
1619 1008 1878 1076 semetip-

291 1114 418 1155 sum
448 1097 642 1155 offerat
690 1099 822 1165 Deo,
854 1100 943 1155 cui
995 1100 1112 1172 ipse
1153 1116 1212 1157 se
1256 1100 1408 1170 prior
1457 1100 1652 1155 obtulit
1697 1100 1876 1155 Deus?

292 1189 355 1246 Si
390 1207 525 1262 ergo
558 1191 717 1247 tollas
751 1207 971 1248 crucem
999 1202 1169 1261 tuam,
1217 1202 1274 1248 et
1295 1193 1543 1263 sequaris
1568 1191 1871 1259 Christum,

289 1285 340 1339 si
365 1285 519 1340 dicas
551 1303 565 1341 :
603 1304 620 1337 ι
645 1283 779 1343 Vivo
802 1295 1006 1354 autem,
1033 1286 1143 1355 jam
1173 1302 1277 1342 non
1319 1302 1441 1357 ego,
1502 1287 1634 1340 vivit
1659 1302 1788 1343 vero
1818 1287 1872 1341 in

291 1391 381 1432 me
407 1377 655 1433 Christus
680 1379 745 1443 “,
770 1397 789 1430 ι
829 1379 876 1434 si
904 1379 1177 1435 desideret
1212 1391 1268 1436 et
1295 1383 1447 1435 sitiat
1479 1380 1658 1435 anima
1685 1390 1871 1436 nostra

285 1470 475 1525 redire
531 1478 585 1525 et
628 1485 752 1526 esse
799 1486 924 1525 cum
977 1471 1228 1539 Christo,
1277 1475 1417 1529 sicut
1467 1483 1524 1529 et
1576 1475 1872 1544 Apostolus

287 1559 535 1623 dicebat,
584 1570 637 1614 et
687 1563 976 1631 praesentis
1008 1564 1190 1618 saeculi
1222 1580 1326 1618 nou
1356 1564 1660 1620 delectatur
1689 1566 1870 1621 illece-

284 1650 429 1715 hris,
463 1663 519 1706 et
551 1653 596 1707 si
629 1667 843 1707 onmem
868 1653 1042 1725 legem
1071 1671 1190 1727 qua:
1215 1658 1283 1711 de
1306 1655 1582 1712 Nazaraeis
1614 1659 1736 1712 data
1763 1669 1867 1723 εει,

1979 443 2380 499 eruditionibus
2432 442 2653 506 divinis,
2703 440 2821 496 haec
2863 439 2963 492 sub
3016 449 3174 508 patre
3227 452 3387 508 agere
3443 454 3568 494 cre-

1978 539 2152 593 denda
2192 545 2298 593 est.
2331 535 2386 591 Si
2419 550 2549 590 vero
2593 535 2706 604 jam
2741 532 2974 588 adultior
3028 530 3167 586 facta
3208 538 3335 595 est,
3380 531 3452 586 ita
3506 542 3565 586 ut

1977 631 2273 700 viripotens
2318 629 2388 683 sit
2418 627 2486 682 ad
2529 624 2951 695 concipiendum
2998 638 3186 678 semen
3232 621 3387 677 verbi
3441 620 3562 689 Dei,

1979 734 2034 779 et
2062 723 2321 778 doctrinae
2351 719 2614 790 spiritalis
2649 731 2848 788 capere
2880 726 3116 782 secreta,
3155 715 3271 770 haec
3310 713 3414 770 sub
3442 713 3562 769 viro

1977 811 2151 880 posita
2175 810 2397 865 dicitur.
2465 806 2558 862 Sic
2587 808 2731 862 enim
2762 817 2818 862 et
2868 804 3068 860 Paulus
3111 805 3326 860 dicebat
3358 806 3425 860 de
3453 803 3562 860 Co.

1980 899 2197 955 rinthiis
2220 900 2264 932 η
2294 917 2307 952 :
2350 897 2521 955 «Volo.
2556 907 2734 950 autem
2767 910 2959 951 omnes
2993 910 3091 949 vos
3124 895 3217 949 uni
3250 894 3369 949 viro
3394 894 3565 963 virgi-

1977 1009 2099 1048 nem
2127 1001 2336 1047 castam
2359 992 2618 1046 exhibere
2649 990 2890 1044 Christo.
2923 1007 2942 1041 ι
2982 988 3082 1056 Qui
3110 1002 3244 1043 vero
3270 987 3566 1058 perfectio-

1977 1089 2065 1139 res
2089 1094 2215 1138 sunt
2249 1092 2298 1137 et
2325 1082 2718 1137 eminentiores
2751 1082 2970 1145 horum,
3000 1082 3066 1134 de
3100 1079 3208 1134 illis
3240 1096 3345 1134 non
3365 1080 3564 1134 dicitur

1976 1181 2120 1248 quod
2161 1179 2261 1233 sub
2292 1180 2409 1232 viro
2462 1177 2594 1236 sint,
2631 1175 2726 1230 sed
2764 1173 2888 1229 audi
2947 1172 3219 1242 quomodo
3269 1172 3336 1226 de
3362 1181 3566 1226 semet-

1976 1271 2092 1341 ipso
2122 1270 2316 1338 suique
2359 1268 2633 1323 similibus
2667 1267 2986 1336 pronuntiet
3028 1266 3231 1321 Paulus
3276 1264 3367 1319 “’z
3406 1282 3427 1316 ι
3453 1263 3562 1319 Do-

1976 1378 2075 1417 nec
2101 1376 2476 1425 occurramus,
2507 1359 2704 1428 inquit,
2738 1374 2930 1413 omnes
2953 1359 3006 1413 in
3040 1359 3216 1413 virum
3237 1356 3563 1427 perlectum,

1975 1454 2030 1508 in
2066 1468 2377 1508 mensuram
2431 1452 2611 1506 aetatis
2657 1450 3016 1521 plenitudinis
3070 1451 3299 1507 Christi.
3334 1470 3356 1504 ι
3425 1448 3564 1505 Huic

1974 1560 2103 1615 ergo
2131 1546 2346 1609 animm,
2368 1558 2489 1611 quae
2515 1543 2569 1595 in
2591 1543 2766 1596 virum
2794 1540 3090 1609 perfectum
3117 1540 3381 1606 occurrit,
3399 1554 3562 1594 nemo

1973 1637 2289 1691 dominatur
2329 1636 2381 1689 in
2422 1635 2585 1700 votis,
2630 1634 2721 1688 sed
2766 1634 2933 1687 habet
2976 1642 3300 1702 potestatem
3338 1647 3561 1687 suorum

283 1742 611 1813 spiritaliter
634 1746 874 1815 impleat,
896 1706 1024 1804 tt‘inc
1049 1706 1421 1821 semetipsum,
1449 1752 1500 1807 id
1526 1762 1607 1807 est
1630 1753 1865 1806 animam
1901 1706 1943 1760 Β
1974 1727 2390 1821 ΙῘδθΓίΨθξηψξθ
2438 1734 2727 1821 ν9ί⁰⁹¹¹¹¹¹ἶ
2768 1724 2837 1821 δί,
2883 1732 3065 1821 ante"?
3118 1721 3336 1821 feminei
3384 1722 3561 1821 mihi":

283 1850 469 1902 suam,
517 1838 718 1895 obtulit
756 1840 886 1895 Deo.
942 1842 1043 1910 Qui
1085 1844 1138 1897 in
1175 1845 1429 1899 castitate
1476 1846 1640 1912 vivit,
1674 1862 1872 1916 corpus

282 1944 446 1984 suum
486 1932 630 1985 vovit
659 1932 768 1989 Deo
790 1937 1090 1990 secumlum
1118 1952 1241 1991 eum
1267 1940 1361 2007 qui
1394 1939 1530 1995 dixit
1563 1942 1605 1972 ¹²
1638 1960 1648 1994 :
1675 1941 1873 2010 «Virgo

282 2033 468 2077 autem
499 2027 701 2095 cogitat
755 2030 1031 2099 quomodo
1065 2032 1138 2087 sit
1190 2044 1379 2089 sancta
1420 2050 1651 2105 corpore
1680 2045 1734 2090 et
1762 2036 1871 2103 spi-

285 2116 423 2172 ritu.
447 2136 467 2169 ι
515 2116 648 2173 Nam
674 2129 725 2176 et
764 2121 869 2176 hoc
897 2123 1070 2193 ipsum
1109 2126 1250 2193 quod
1277 2126 1416 2180 dixit
1450 2145 1469 2178 ι
1499 2138 1707 2189 sancta,
1738 2145 1756 2177 ι
1804 2128 1870 2182 ad

282 2206 391 2262 hoc
421 2211 640 2279 respicit
671 2226 687 2263 :
724 2215 898 2269 sancti
921 2216 1068 2269 enim
1097 2216 1356 2272 dicuntur
1380 2218 1452 2272 illi
1484 2219 1574 2287 qui
1627 2233 1684 2273 se
1710 2235 1872 2273 vove-

286 2315 420 2359 runt
445 2308 577 2362 Deo.
610 2307 761 2365 Unde
797 2320 852 2365 et
894 2314 1070 2381 aries,
1134 2317 1286 2372 verbi
1330 2332 1494 2373 causa
1551 2321 1596 2372 si
1641 2326 1872 2372 vovetur

285 2396 427 2465 Deo,
454 2411 678 2457 sanctus
709 2404 1034 2473 appellatur,
1065 2423 1227 2478 quem
1270 2412 1482 2466 tonderi
1516 2412 1583 2465 ad
1620 2427 1869 2467 commu-

284 2506 387 2545 nes
418 2507 551 2547 usus
582 2509 686 2550 non
712 2494 861 2551 licet.
904 2496 1010 2552 Sed
1050 2507 1105 2552 et
1146 2500 1347 2555 vitulus
1371 2505 1414 2556 si
1441 2503 1669 2558 devotus
1704 2504 1870 2556 fuerit

286 2586 424 2653 Deo,
450 2596 670 2643 sanctus
701 2589 1057 2645 nihilominus
1084 2594 1408 2661 appellatur,
1450 2611 1551 2649 nec
1591 2597 1717 2650 licet
1742 2612 1867 2651 eum

275 2678 437 2748 juugi
465 2679 518 2733 in
540 2695 676 2748 opus
708 2696 1017 2738 commune.
1048 2684 1125 2738 Ex
1155 2686 1218 2738 iis
1241 2702 1371 2754 ergo
1396 2687 1712 2758 colligamus
1740 2689 1867 2756 quid

280 2781 369 2823 est
402 2771 678 2831 hominem
712 2775 951 2842 seipsum
994 2792 1196 2847 vovere
1246 2777 1378 2835 Deo.
1445 2778 1501 2834 Si
1556 2788 1606 2833 te
1655 2781 1869 2835 voveris

283 2861 421 2929 Deo,
452 2862 750 2919 imitandus
794 2865 887 2921 tibi
910 2878 990 2921 est
1025 2869 1224 2921 vitulus
1248 2911 1262 2933 ,
1293 2886 1451 2937 quem
1482 2852 1593 2923 non
1617 2870 1742 2925 licet
1770 2871 1871 2925 ltu-

284 2956 465 3011 tnanis
516 2958 773 3027 operibus
825 2961 1123 3027 deservire,
1178 2963 1310 3016 nihil
1365 2963 1548 3019 facere
1594 2965 1737 3033 quod
1795 2967 1862 3019 ad

282 3049 539 3105 homines
595 3061 652 3105 et
697 3054 765 3108 ad
817 3066 1140 3124 praesentem
1187 3060 1457 3127 pertineat
1509 3061 1700 3115 vitam.
1757 3059 1936 3119 SedC

280 3141 549 3211 quidquid
565 3144 632 3199 ad
649 3147 885 3200 animam
904 3150 1138 3218 pertinet
1156 3160 1207 3205 et
1224 3151 1289 3204 ad
1305 3152 1471 3205 divini
1488 3153 1667 3208 cultus
1685 3155 1868 3210 obser-

280 3235 549 3304 vantiam,
577 3239 680 3293 hoc
707 3249 765 3295 et
795 3242 1064 3311 agendum
1093 3255 1146 3299 et
1171 3245 1522 3315 cogitandum
1559 3248 1652 3302 tibi
1684 3260 1788 3304 est.

312 3384 326 3401 ι
351 3341 410 3397 3.
457 3343 564 3400 Sed
612 3346 833 3402 interim
879 3365 1121 3418 praasens
1151 3353 1310 3408 lectio
1348 3355 1598 3411 continet
1630 3357 1865 3413 diversi-

280 3445 428 3493 tates
467 3442 731 3508 quasdam
776 3452 1051 3500 votorum.
1108 3445 1318 3500 Etenim
1365 3450 1409 3503 si
1448 3450 1532 3504 vir
1578 3448 1744 3505 fuerit
1772 3453 1865 3521 qui

278 3530 451 3595 vovit,
483 3532 620 3587 liber
647 3548 769 3590 esse
794 3535 995 3589 dicitur
1026 3537 1079 3590 in
1105 3538 1246 3593 votis
1272 3540 1421 3605 suis,
1459 3540 1701 3608 nullique
1735 3543 1865 3597 sub-

270 3623 475 3690 jectus.
508 3624 700 3681 Mulier
726 3639 908 3683 autem
938 3629 983 3685 si
1010 3643 1225 3696 voveat,
1260 3633 1305 3687 si
1336 3633 1555 3703 quidem
1593 3633 1649 3687 iu
1700 3635 1864 3689 domo

279 3716 459 3786 patris
480 3718 565 3772 sui
597 3718 689 3785 sit,
720 3731 903 3776 votum
932 3724 1050 3794 ejus
1083 3725 1136 3777 in
1165 3725 1334 3794 patris
1366 3727 1562 3795 pendet
1586 3726 1815 3781 arbitrio
1846 3744 1860 3781 :

276 3818 337 3861 et
377 3810 424 3864 si
463 3813 681 3881 quidem
727 3814 816 3870 ille
843 3821 1214 3884 recusaverit,
1254 3820 1595 3876 liberabitur.
1636 3821 1693 3876 Si
1730 3837 1863 3878 vero

280 3921 393 3960 non
441 3912 798 3978 recusaverit,
837 3922 893 3968 et
931 3916 1044 3983 ipse
1089 3925 1144 3969 et
1184 3916 1290 3969 lilia
1329 3927 1584 3973 tenentur
1615 3919 1860 3973 obnoxii.

279 3999 439 4066 Quod
476 4003 522 4057 si
578 4014 934 4076 posteaquam
969 4024 1074 4063 non
1128 4013 1469 4065 recusaverit
1522 4023 1694 4082 pater,
1750 4030 1860 4067 non

278 4094 583 4150 reddiderit
612 4106 795 4153 votum
844 4099 976 4168 lilia,
1012 4110 1294 4170 peccatum
1325 4102 1424 4171 ipsi
1454 4112 1662 4160 manet.
1699 4103 1865 4158 Simi-

275 4186 406 4242 liter
438 4199 619 4245 autem
669 4201 727 4246 et
780 4208 907 4263 erga
946 4195 1200 4248 maritum
1231 4196 1569 4261 decernitur,
1621 4207 1682 4250 ut
1714 4196 1759 4251 si
1807 4197 1860 4250 in

277 4279 447 4334 domo
474 4280 653 4335 mariti
686 4297 820 4336 uxor
843 4284 1046 4353 aliquid
1077 4288 1317 4351 voverit,
1349 4296 1404 4339 et
1433 4289 1663 4344 audiens
1692 4291 1862 4343 mari-

1973 1818 2188 1887 geueris
2213 1817 2377 1872 fuerit
2410 1817 2613 1881 anima,
2645 1816 2728 1869 cui
2756 1814 2840 1869 vel
2880 1815 2961 1868 vir
2986 1814 3068 1868 vel
3108 1824 3263 1884 pater
3305 1814 3559 1869 domine-

1975 1921 2062 1963 tur
2112 1912 2166 1964 in
2220 1911 2382 1977 votis,
2437 1927 2544 1964 nou
2588 1924 2804 1978 semper
2841 1912 2894 1962 in
2947 1909 3059 1976 ipsa
3111 1917 3195 1961 est
3241 1906 3419 1975 culpa,
3463 1907 3556 1962 sed

1974 2002 2245 2056 interdum
2283 2003 2421 2056 redit
2455 2002 2520 2055 ad
2561 2003 2709 2055 viros
2764 1999 2848 2053 vel
2902 2009 3185 2067 parentes.
3240 1999 3315 2053 De
3359 1999 3559 2067 quibus

1975 2092 2246 2160 applicare
2274 2090 2490 2146 diiIicile
2513 2091 2603 2155 sit,
2633 2100 2812 2144 tamen
2858 2106 2974 2159 quae
3028 2090 3254 2144 Domino
3290 2088 3560 2159 largiente

1972 2183 2133 2255 365
2168 2185 2465 2254 potuerint,
2519 2183 2844 2238 inferentes.
2879 2182 3034 2251 Saepe
3070 2182 3307 2236 diximus
3350 2182 3562 2237 anima-

1974 2290 2092 2327 rum
2122 2288 2242 2343 quae
2283 2274 2335 2327 in
2392 2273 2636 2327 Ecclesia
2678 2273 2771 2325 Dei
2803 2279 2951 2334 sunt,
2985 2287 3172 2325 curam
3209 2272 3555 2338 procuratio-
3588 2302 3591 2303 ν

1973 2381 2205 2435 nemque
2229 2367 2417 2421 haberi
2452 2382 2549 2435 per
2567 2365 2809 2434 angelos,
2843 2380 3087 2434 quosque
3114 2365 3278 2418 etiam
3309 2363 3375 2415 ad
3411 2362 3556 2429 judi-

1973 2458 2117 2510 cium
2180 2456 2367 2511 venire
2413 2472 2534 2509 cum
2583 2455 2895 2509 hominibus
2931 2454 3270 2513 ostendimus
3315 2451 3454 2524 (56),
3494 2463 3555 2507 ut

1973 2550 2065 2603 illo
2086 2549 2268 2603 divino
2294 2558 2503 2602 constet
2534 2547 2804 2609 examine,
2839 2556 3020 2599 utrum
3047 2561 3145 2599 sua
3180 2546 3384 2599 desidia
3421 2560 3553 2614 pec-

1972 2640 2218 2696 caverint
2240 2640 2506 2707 homines,
2536 2654 2603 2691 au
2642 2640 2968 2693 monitorum
3015 2638 3407 2706 custodemque
3459 2655 3556 2692 ue-

1975 2732 2251 2803 gligeutia.
2290 2732 2517 2787 Videtur
2574 2731 2706 2785 mihi
2760 2732 2924 2786 etiam
2980 2729 3032 2785 in
3071 2730 3171 2783 hoc
3220 2729 3358 2794 loco,
3386 2732 3552 2784 etiam

1972 2825 2073 2878 sub
2107 2824 2369 2895 mysterio
2429 2824 2700 2893 designari
2733 2832 2787 2876 et
2833 2823 3072 2886 ostendi,
3109 2822 3250 2892 quod
3279 2821 3397 2876 alia:
3427 2823 3550 2889 qui-

1975 2916 2099 2971 dem
2154 2926 2212 2971 ut
2258 2916 2381 2970 ﬁliae
2416 2917 2514 2971 sub
2565 2917 2645 2972 eis
2684 2916 2797 2988 (57)
2842 2918 3039 2970 animae
3085 2918 3306 2985 degunt,
3342 2918 3461 2972 alite
3493 2927 3550 2973 ut

1976 3025 2175 3064 uxores
2242 3011 2537 3063 secundum
2592 3024 2655 3063 ea
2716 3024 2838 3077 quae
2883 3009 3132 3078 superius
3178 3010 3548 3067 distinximus.

1973 3099 2029 3154 Si
2058 3116 2161 3170 qua
2196 3115 2325 3172 ergo
2356 3100 2547 3155 harum
2600 3098 2796 3155 oﬂ'erre
2840 3098 3044 3169 aliquid
3069 3109 3125 3154 et
3152 3116 3348 3155 vovere
3369 3100 3553 3170 cupiat
3640 3116 3643 3119 ·

1971 3192 2101 3257 Deo,
2129 3193 2396 3261 siquidem
2435 3207 2835 3262 praeproperqu
2881 3202 2936 3245 et
2966 3192 3146 3246 minus
3184 3201 3365 3263 aptum
3405 3193 3552 3263 quod

1969 3285 2136 3347 vovit,
2175 3293 2280 3349 est,
2315 3284 2462 3339 illius
2516 3294 2624 3349 est,
2681 3292 2867 3348 utpote
2901 3284 3146 3338 custodis
3172 3295 3227 3339 et
3265 3284 3552 3341 monitoris

1967 3378 2167 3449 angeli,
2200 3378 2478 3433 retrudere
2518 3386 2572 3432 et
2616 3377 2914 3442 reprimere
2960 3376 3212 3430 voventis
3239 3375 3548 3431 audaciam.

1970 3471 2027 3527 Si
2069 3486 2197 3526 vero
2273 3471 2501 3525 audiens
2552 3485 2657 3523 non
2718 3468 3062 3538 represserit,
3111 3483 3218 3521 nou
3255 3470 3551 3532 monuerit,

1968 3565 2146 3617 anima
2183 3563 2401 3632 quidem
2442 3560 2767 3616 liberabitur
2824 3576 2851 3614 a
2913 3559 3091 3628 culpa,
3133 3558 3244 3629 ipse
3271 3575 3409 3615 vero
3440 3560 3549 3615 voti

1968 3654 2212 3708 manebit
2263 3652 2553 3708 obnoxius.
2631 3651 2745 3706 Hoc
2792 3651 3008 3720 quidem
3065 3666 3194 3719 erga
3253 3650 3550 3706 inferiores

1967 3761 2213 3815 quasque
2256 3746 2371 3799 lieri
2426 3743 2805 3814 accipiendum
2859 3751 2961 3807 est,
2992 3743 3408 3812 perfecﬁoribus
3436 3744 3552 3812 ipse

1965 3838 2121 3891 adest
2162 3836 2326 3901 Deus,
2382 3835 2522 3889 sicut
2569 3834 2831 3903 scriptum
2878 3834 3055 3889 estde
3106 3835 3302 3904 p0pulo
3336 3834 3547 3891 Israel:

1969 3946 1988 3979 ‹
2017 3929 2275 3982 Dominus
2326 3928 2438 3996 ipse
2476 3924 2708 3980 ducebat
2755 3939 2870 3979 eos.
2907 3944 2928 3976 ι
2966 3924 3157 3980 Postea
3204 3942 3332 3980 vero
3387 3942 3548 3997 quam

1966 4022 2311 4091 deliquerunt
2374 4030 2433 4085 et
2491 4020 2777 4073 inferiores
2831 4021 3142 4089 semetipsis
3210 4020 3340 4075 laeti
3390 4030 3540 4081 sunt,

1964 4114 2156 4183 angelo
2190 4114 2494 4166 traduntur.
2525 4112 2681 4168 Unde
2712 4121 2766 4165 et
2790 4111 3000 4171 Movses
3029 4114 3245 4169 dicebat
3273 4114 3316 4146 ¹⁸
3336 4130 3353 4170 :
3377 4132 3399 4166 ι
3432 4113 3547 4168 Nisi

1967 4217 2021 4260 tu
2050 4208 2165 4275 ipse
2194 4205 2412 4259 veneris
2462 4204 2774 4270 nobiscum,
2821 4222 2928 4260 non
2966 4221 3053 4261 me
3094 4208 3296 4261 educas
3344 4205 3492 4259 hinc.
3521 4222 3542 4257 ι

1965 4301 2071 4355 Sed
2106 4308 2161 4354 et
2193 4300 2258 4353 de
2281 4298 2431 4367 justo
2464 4299 2595 4353 dicit
2640 4298 2781 4353 Deus
2811 4299 2890 4354 ηε
2922 4320 2940 4351 ι
2970 4300 3102 4355 Cum
3151 4301 3270 4370 ipso
3339 4315 3461 4353 sum
3489 4288 3542 4353 iu

277 4378 370 4425 tus
418 4385 525 4426 non
581 4374 936 4438 recusaverit,
993 4392 1118 4431 reus
1171 4377 1244 4432 sit
1280 4379 1389 4431 voti
1462 4380 1666 4446 pariter
1733 4397 1856 4435 cum

1971 4392 2338 4450 tribulatione.
2379 4411 2398 4444 ι
2432 4401 2487 4446 ει
2529 4391 2656 4446 alibi
2705 4393 2837 4447 dicit
2860 4395 2945 4449 "z
2995 4413 3012 4444 ι
3060 4392 3172 4448 Νοιι
3218 4394 3413 4448 timeas
3453 4393 3563 4449 de-

278 4478 471 4519 uxore.
537 4465 596 4520 Si
638 4480 769 4521 vero
813 4470 1175 4535 recusaverit,
1228 4479 1334 4525 tam
1382 4487 1522 4525 uxor
1559 4473 1632 4526 sit
1666 4474 1853 4539 libera,

277 4573 444 4629 quam
482 4559 730 4613 maritus.
766 4558 823 4615 Si
860 4577 987 4615 vero
1017 4566 1265 4629 tacuerit,
1307 4575 1568 4635 uterque,
1623 4578 1681 4621 ut
1719 4569 1859 4622 dixi-

276 4671 424 4720 mus,
463 4670 588 4710 reus
615 4656 900 4712 habeatur.
949 4658 1075 4713 llaec
1101 4669 1229 4713 sttnt
1257 4661 1474 4729 quidem
1504 4678 1623 4729 qua;
1654 4665 1859 4734 scripta

275 4756 409 4801 Sunt
452 4769 464 4803 :
500 4748 594 4802 sed
621 4748 865 4803 orandus
889 4760 973 4803 est
1017 4752 1173 4806 nobis
1206 4752 1380 4817 Deus,
1426 4763 1484 4805 ιιι
1525 4756 1857 4809 intellecmm

273 4833 407 4886 dare
429 4834 683 4905 dignetur
706 4851 765 4890 se
787 4836 1033 4907 dignum,
1069 4852 1176 4906 quo
1215 4837 1351 4903 htec,
1377 4847 1436 4893 ut
1460 4839 1635 4903 decet,
1663 4840 1730 4895 de
1756 4841 1851 4897 Dei

272 4926 460 4979 verbis
485 4926 782 4998 intelligere
809 4928 1079 4998 possimus
1106 4938 1160 4983 et
1188 4930 1489 4985 advertere.
1520 4930 1722 4986 Omnes
1761 4932 1850 5000 qni

273 5018 381 5073 sub
409 5020 525 5090 lege
557 5019 654 5074 Dei
683 5019 916 5074 vivimus
936 5061 949 5084 ,
984 5028 1038 5073 et
1067 5019 1121 5072 in
1152 5019 1388 5074 Ecclesia
1419 5021 1536 5090 ejus
1565 5022 1848 5076 habemur.

273 5110 441 5178 aliqui
487 5111 589 5165 sub
637 5111 915 5181 patribus,
973 5110 1135 5179 aliqui
1193 5111 1298 5164 sub
1353 5111 1483 5166 viris
1531 5112 1576 5143 ³⁸
1623 5112 1850 5182 agimus.

344 5216 393 5247 ³⁸
427 5211 587 5267 Joau.
622 5228 708 5269 nt.
738 5215 823 5267 ιι).
908 5214 947 5245 ³³
988 5213 1167 5268 Gatat.
1207 5231 1266 5276 ιι,
1295 5216 1384 5270 ΞΟ.

270 5300 472 5347 xxxttt,
501 5284 585 5338 15.
664 5284 709 5315 ¹⁶
738 5282 881 5337 Psal.
920 5299 1029 5348 χει,
1054 5288 1138 5339 ιδ.
1218 5287 1258 5317 ¹⁷
1283 5278 1480 5342 Cenes.
1515 5304 1665 5355 XLVI,
1703 5290 1757 5344 5.

268 5446 283 5456 _
347 5376 462 5450 (55)
489 5377 680 5456 _Cod_ex
711 5376 895 5456 Sancti
929 5377 1281 5456 Theoderici,
1317 5400 1336 5434 ι
1365 5383 1530 5456 aliqui
1563 5386 1665 5439 sub
1687 5386 1857 5453 patri-

270 5449 396 5527 bus,
444 5449 620 5527 aliqui
654 5451 936 5527 sulrvir‘is.
974 5470 993 5501 ι
1015 5450 1183 5527 ιλιιξι),
1216 5465 1373 5508 antea
1400 5449 1553 5518 editi,
1605 5473 1623 5506 ι
1649 5449 1856 5527 aliquid

268 5523 372 5572 sub
400 5519 671 5587 patribus,
710 5519 913 5588 aliquid
941 5525 1044 5576 sub
1080 5523 1230 5581 viris.
1268 5544 1284 5575 ι

342 5589 461 5660 (56)
503 5589 753 5659 Quosque
816 5592 971 5645 etiam
1010 5594 1079 5645 ad
1099 5594 1366 5662 judicium
1410 5597 1579 5649 venire
1609 5613 1725 5651 cum
1753 5597 1851 5652 Ito-

267 5661 530 5740 nimbus”
561 5662 909 5740 ostendimus,
958 5674 1072 5740 αις.Δ
1104 5661 1261 5723 Ἣάε
1315 5664 1625 5737 Origenian.
1670 5668 1760 5724 lib.
1793 5686 1851 5738 ιι,

269 5740 468 5802 quaest.
498 5731 553 5798 5,
598 5747 812 5788 numer.
844 5733 908 5788 i9
932 5744 985 5788 et
1011 5733 1100 5790 20.

1466 5221 1507 5250 "
1538 5217 1553 5270 I
1589 5219 1716 5272 Cor.
1750 5235 1844 5283 vn,
1880 5223 1969 5276 5i.

1960 4489 2223 4544 scendere
2254 4487 2306 4540 in
2331 4485 2924 4555 Egyptum,quoniam
2954 4496 3132 4542 tecum
3162 4501 3280 4542 ero.
3322 4505 3341 4538 ι
3375 4484 3547 4544 Iustis

1958 4594 2089 4649 ergo
2132 4588 2188 4634 et
2245 4578 2434 4633 electis
2481 4579 2595 4646 ipse
2646 4580 2804 4633 adest
2847 4578 3104 4633 Dominus
3143 4597 3157 4634 :
3194 4577 3546 4634 inferioribus

1960 4686 2091 4726 vero
2125 4670 2324 4725 adsunt
2364 4669 2566 4740 angeli,
2605 4670 2901 4724 secundum
2934 4685 2995 4723 ea
3030 4685 3153 4739 quae
3169 4669 3420 4740 superius
3459 4670 3545 4723 di-

1959 4763 2158 4828 ximus,
2213 4760 2577 4831 gubernanles
2623 4776 2718 4815 eos
2767 4769 2822 4817 et
2871 4770 3251 4830 procurantes,
3309 4771 3544 4825 votaque

1961 4865 2149 4903 eorum
2173 4848 2466 4920 aliquando
2498 4851 2564 4903 ad
2614 4851 2939 4920 semetipsos
2991 4850 3404 4916 transferentes,
3444 4853 3545 4905 ali-

1959 4942 2176 5009 quando
2203 4957 2331 4996 vero
2355 4957 2515 5011 super
2539 4943 2683 5011 ipsos
2710 4943 3076 5012 relinquentes
3101 4942 3236 5016 (58).
3274 4943 3379 4997 Sed
3412 4959 3544 4998 eou-

1962 5032 2181 5088 temlere
2204 5033 2465 5089 debemus
2490 5045 2548 5087 ιιι
2564 5049 2920 5090 occurramus
2945 5036 2998 5089 in
3024 5035 3201 5089 virum
3219 5035 3541 5105 perfectum,

1964 5130 2014 5180 in
2076 5142 2388 5183 mensuram
2422 5130 2601 5184 aetatis
2647 5129 3001 5200 plenitudinis
3033 5129 3279 5196 Christi;
3323 5139 3385 5184 ut
3419 5139 3538 5184 uta-

2048 5225 2090 5256 ”
2128 5224 2171 5279 ll
2208 5225 2336 5283 Cor.
2379 5240 2460 5293 xt,
2493 5225 2550 5287 2,
2652 5225 2700 5259 ιι
2735 5226 2939 5297 Ephes.
2983 5241 3057 5294 tv,
3105 5228 3194 5283 15.
3272 5225 3317 5258 ¹⁵
3366 5225 3537 5282 Exod.

2032 5389 2141 5461 ('57)
2172 5390 2351 5446 Codex
2405 5391 2464 5446 S.
2516 5391 2864 5458 Theoderici,
2925 5411 2944 5444 ι
3000 5396 3101 5448 sub
3147 5393 3246 5449 eis.
3301 5410 3323 5446 ι
3373 5389 3536 5449 Libb.

1958 5461 2112 5519 editi,
2145 5481 2162 5512 ι
2198 5462 2429 5527 superis.
2474 5481 2491 5513 ι

2028 5530 2141 5601 (58)
2175 5530 2538 5587 Gubernantes
2569 5550 2656 5587 eos
2688 5543 2737 5587 et
2777 5543 3138 5599 procurantes,
3183 5543 3400 5602 votaque
3444 5548 3528 5587 c0-

1958 5617 2075 5654 rum
2107 5602 2395 5670 aliquando
2417 5606 2485 5656 ad
2499 5605 2802 5668 semetipsos
2825 5603 3224 5673 transferentes,
3244 5602 3530 5673 aliquando

1954 5686 2074 5724 vero
2126 5688 2282 5740 super
2336 5674 2476 5738 ipsos
2513 5673 2885 5741 relinquentes.
2947 5671 3069 5727 Ilaec
3112 5671 3339 5729 inlibris
3370 5681 3529 5726 antea

1956 5742 2116 5815 editis
2150 5741 2349 5799 omissa
2378 5743 2696 5815 supplentur
2720 5758 2785 5801 ex
2810 5741 3066 5801 omnibus
3102 5760 3232 5802 mss.
