4050 6148
538 190 649 247 763

2031 182 2187 239 ORIG
2198 182 2350 239 EL‘IIS

3685 187 3785 242 764

538 328 667 369 mur
713 313 966 369 libertate
1017 322 1290 377 votorum,
1332 323 1388 367 et
1444 313 1517 367 ita
1568 313 1847 367 adhaerere
1890 310 2118 364 Domino
2146 315 2193 367 Α
2221 307 2384 362 Mosei
2428 308 2600 376 libris,
2630 325 2765 380 quos
2799 312 3084 380 recipiunt,
3120 319 3176 366 et
3211 325 3441 380 quorum
3490 309 3786 365 auctorita-

540 406 886 469 festinemus,
912 414 972 459 ut
993 421 1115 460 cum
1141 406 1259 475 ipso
1284 420 1423 461 unus
1447 406 1667 475 spiritus
1692 407 1885 467 simus,
1915 412 1971 457 et
2004 403 2120 470 ipse

540 496 595 550 in
630 495 786 550 nobis
809 505 1043 559 maneat,
1095 505 1150 550 et
1181 511 1277 549 nos
1322 496 1374 549 in
1414 496 1530 564 ipso
1561 512 1576 561 ;
1625 504 1679 551 et
1714 495 1847 550 nihil
1879 496 1930 549 in
1962 494 2119 548 nobis

538 585 854 651 femineum,
882 586 1017 640 nihil
1036 587 1271 656 parvula:
1291 588 1463 642 mtatis
1480 588 1764 651 habeatur,
1801 604 1868 643 ne
1898 601 2119 641 necesse

539 679 611 731 sit
640 678 797 734 nobis
816 680 917 733 sub
952 680 1223 733 tutoribus
1254 688 1310 733 et
1333 681 1783 749 procuratoribus
1808 678 2113 747 derelinqui

538 786 566 824 a
602 781 756 838 patre
786 790 800 826 :
833 772 925 825 sed
982 770 1303 827 festinemus
1354 773 1545 826 audire
1582 773 1725 826 illam
1752 789 1780 826 a
1808 773 2035 827 Domino
2063 780 2117 825 et

540 861 827 916 Salvatore
861 872 1044 916 nostro
1068 878 1271 928 vocem,
1289 877 1393 932 qua
1424 864 1519 926 ait,
1545 863 1587 894 ¹⁸
1620 883 1639 915 ι
1676 865 1790 933 ipse
1813 863 1973 918 Pater
1995 864 2116 917 dili-

537 955 612 1023 git
645 969 760 1020 vos,
800 973 818 1006 ι
874 956 973 1022 ipsi
1003 954 1170 1024 gloria
1218 955 1268 1008 in
1312 956 1510 1010 saecula
1543 956 1882 1012 saeculorum.
1914 958 2111 1012 Amen.

1078 1045 1357 1102 IIOMILIA
1402 1048 1567 1104 XXV.

730 1138 806 1192 De
836 1139 1036 1193 ultione
1062 1157 1177 1209 qua:
1211 1140 1268 1193 in
1301 1138 1617 1193 Madianilis
1646 1140 1790 1209 facta
1818 1149 1916 1194 est.

610 1232 664 1287 1.
691 1231 749 1286 In
776 1234 1149 1302 superioribus
1195 1232 1449 1288 fornicati
1482 1244 1608 1288 sunt
1636 1234 1733 1288 lilii
1784 1234 1951 1288 Israel
1986 1249 2110 1289 cum

538 1326 857 1381 mulieribus
906 1326 1359 1391 Madianitarum,
1403 1338 1457 1382 et
1493 1330 1595 1382 hoc
1630 1326 1733 1382 fuit
1796 1327 2109 1382 scandalum

539 1418 667 1473 filiis
692 1417 858 1473 Israel
887 1418 939 1472 in
968 1434 1076 1488 quo
1098 1417 1445 1473 ollenderunt
1491 1419 1654 1472 Deum
1687 1427 1741 1473 et
1769 1419 1837 1472 ad
1894 1418 2112 1472 iracun-

538 1511 683 1564 diam
730 1520 1165 1580 provocaverunt
1210 1522 1465 1565 sanctum
1509 1509 1697 1566 Israel.
1745 1508 1897 1564 Nunc
1927 1520 2106 1563 autem

537 1610 888 1668 posteaquam
920 1599 1139 1669 pertulit
1181 1600 1343 1655 Israel
1390 1615 1511 1670 quae
1557 1600 1780 1669 pertulit
1807 1600 1937 1670 (59),
1975 1620 1992 1650 ι
2030 1600 2108 1654 lo-

537 1701 696 1747 Cutus
730 1703 833 1760 est,
881 1694 1055 1761 inquit
1087 1692 1149 1757 ",
1185 1692 1440 1748 Dominus
1488 1694 1555 1747 ad
1592 1692 1830 1764 Moysem
1869 1693 2103 1769 dicens;

544 1781 816 1837 Ulciscere
876 1784 1135 1837 ultionem
1175 1783 1406 1838 filiormn
1460 1784 1629 1840 Israel
1664 1788 1730 1838 de
1776 1784 2103 1847 Madianitis,

536 1880 593 1925 et
617 1872 683 1925 ad
706 1872 952 1926 ultimum
993 1875 1282 1941 apponeris
1329 1874 1395 1927 ad
1427 1874 1681 1943 populum
1723 1886 1896 1927 tuum.
1939 1892 1957 1924 ι
1999 1871 2106 1941 Igi-

536 1964 681 2032 gitur
721 1964 971 2019 scandala
1010 1978 1130 2033 qua:
1177 1965 1489 2019 acciderant
1531 1966 1808 2032 lsraelitis,
1848 1967 2107 2035 quoniam

542 2059 989 2127 tergiversatione
1014 2058 1430 2115 Madianitarum
1450 2062 1761 2115 acciderant
1789 2081 1802 2116 :
1829 2063 1929 2131 ipsi
1959 2062 2105 2116 enim

536 2154 974 2209 subornaverunt
1044 2157 1297 2211 mulieres
1356 2173 1477 2226 qua!
1525 2173 1619 2212 eos
1667 2160 1982 2227 deciperent
2048 2170 2107 2215 ut

537 2253 825 2310 peccareut
857 2260 1039 2300 coram
1092 2246 1353 2313 Domino;
1388 2249 1462 2301 illi
1515 2249 1729 2317 quidem
1756 2265 1855 2318 pro
1883 2260 2106 2320 peccato

537 2349 636 2389 suo
687 2336 1027 2405 pertulerunt
1071 2339 1390 2404 vindictam,
1444 2343 1772 2396 mediocrius
1828 2352 2007 2397 tamen
2052 2353 2108 2399 et

535 2428 787 2495 parcius;
842 2429 895 2484 hi
926 2445 1075 2493 vero,
1125 2433 1215 2501 qui
1261 2433 1339 2486 eis
1368 2431 1591 2486 fuerunt
1625 2449 1788 2489 causa
1821 2435 2101 2504 peccandi,

536 2517 708 2572 multo
737 2518 1124 2575 vehementiori
1152 2521 1436 2589 subiacent
1473 2523 1684 2576 ultioni.
1720 2523 1875 2579 Unde
1910 2526 2105 2579 edoce-

532 2623 677 2672 mur,
706 2611 833 2680 quia
894 2611 1052 2683 longe
1079 2613 1149 2668 sit
1189 2616 1410 2683 gravius
1448 2615 1570 2668 aliis
1601 2630 1822 2671 causam
1856 2619 2104 2686 praebere

535 2703 768 2771 peccati,
798 2718 960 2773 quam
986 2705 1157 2774 ipsum
1195 2721 1634 2776 unumquemque
1668 2722 1925 2776 peccare;
1960 2710 2102 2763 sicut

532 2804 592 2848 et
612 2794 872 2850 Dominus
922 2796 1171 2865 designat
1231 2810 1352 2849 cum
1405 2797 1538 2851 dicit
1567 2798 1634 2861 ”,
1690 2800 1813 2867 quia
1857 2818 1875 2849 ‹
1913 2799 2103 2855 melius

532 2886 713 2941 fuerat
748 2886 953 2944 homini
990 2888 1062 2941 illi
1096 2902 1200 2942 non
1249 2889 1419 2953 nasci,
1453 2900 1547 2942 aut
1580 2892 1775 2944 molam
1805 2892 2098 2946 asinariam

2224 411 2331 455 tem
2382 401 2644 470 fatentur,
2700 405 3059 459 convincendi
3100 414 3306 458 suntet
3348 402 3599 466 curandi,
3633 404 3676 457 si
3706 413 3787 455 ta-

2220 512 2342 550 men
2373 507 2588 567 oportet
2619 496 2965 568 Babyloniam
2990 500 3194 553 curari.
3227 499 3317 551 Est
3340 510 3471 567 ergo
3520 494 3671 549 locus
3700 495 3787 551 hic

2220 588 2670 643 resurrectionem
2720 601 3059 642 mortuormn
3130 590 3413 644 evidenter
3470 588 3786 642 ostendens.

2220 680 2473 749 Designat
2493 682 2636 733 enim
2667 692 2791 735 esse
2820 682 3098 750 populum,
3126 682 3210 735 cui
3244 690 3363 750 post
3388 680 3597 734 obitum
3630 692 3785 730 suum

2218 765 2429 837 Moyses
2449 767 2819 838 adjungendus
2848 770 2941 834 sit,
2973 781 3027 825 et
3056 771 3121 824 ad
3148 786 3284 841 quos
3314 785 3414 840 pro
3429 769 3543 825 suis
3577 767 3788 822 meritis

2219 860 2648 919 transferendus.

2283 955 2340 1009 2.
2382 974 2400 1006 ε
2427 954 2557 1009 Post
2583 957 2696 1010 haec
2730 955 2945 1011 loeutus
2978 967 3062 1011 est
3094 955 3306 1026 Moyses
3337 959 3402 1011 ad
3426 958 3683 1029 populum
3707 958 3793 1016 di-

2215 1057 2345 1098 cens
2368 1060 2383 1098 :
2407 1047 2630 1102 Armate
2644 1064 2710 1102 ex
2734 1048 2887 1101 vobis
2908 1047 3077 1110 viros,
3102 1060 3157 1102 et
3173 1048 3482 1120 belligerate
3500 1050 3787 1106 adversum

2215 1136 2446 1204 Madian,
2466 1140 2688 1194 reddere
2701 1142 2995 1195 vindictam
3016 1143 3067 1195 in
3083 1142 3290 1196 Madian
3310 1158 3338 1194 a
3361 1142 3622 1197 Domino:
3644 1143 3789 1198 mille

2212 1247 2279 1287 ex
2312 1232 2474 1295 tribu,
2505 1242 2559 1285 et
2587 1232 2731 1287 mille
2757 1248 2821 1287 ex
2857 1234 3022 1298 tribu,
3051 1249 3116 1288 ex
3146 1234 3398 1289 omnibus
3428 1235 3678 1288 tribubus
3710 1234 3789 1288 ls-

2214 1325 2321 1379 rael
2340 1325 2535 1379 mittite
2554 1325 2616 1377 ad
2641 1325 3066 1394 belligerandum
3097 1326 3166 1379 ”.
3202 1345 3222 1378 ι
3250 1326 3523 1381 Attendite
3538 1326 3783 1385 lectioni.

2211 1418 2326 1474 Non
2363 1418 2536 1473 solum
2564 1420 2708 1473 enim
2748 1420 2814 1472 ad
2839 1420 3080 1474 auditum
3098 1434 3430 1482 sermonum,
3461 1421 3558 1475 sed
3590 1419 3658 1474 ad
3692 1435 3788 1475 re-

2211 1526 2327 1565 rum
2349 1508 2839 1565 considerationem
2857 1509 3213 1565 intendendus
3233 1519 3314 1563 est
3328 1509 3560 1564 animus.
3584 1510 3789 1565 Recor-

2215 1602 2343 1656 dare
2365 1601 2529 1673 366
2552 1602 2762 1670 prmteri
2773 1612 2843 1667 ta,
2866 1603 2990 1657 audi
3007 1601 3319 1672 praesentia,
3341 1616 3462 1670 qua:
3480 1608 3790 1670 sequuntur

2214 1698 2456 1750 adverte.
2488 1695 2692 1748 Confer
2714 1694 2892 1764 priora
2932 1696 3347 1765 posterioribus,
3381 1706 3436 1748 et
3474 1694 3787 1747 divinarum

2209 1786 2467 1839 virtutum
2500 1786 2959 1855 magnificentiam
3012 1785 3402 1854 contemplare.
3451 1784 3572 1837 Filii
3618 1782 3791 1837 Israel

2208 1878 2407 1931 dudum
2467 1886 2722 1931 sexcenta
2772 1877 2937 1931 millia
2996 1875 3214 1931 fuerant
3272 1886 3649 1939 armatorum,
3686 1875 3789 1944 qui

2208 1976 2584 2038 processerant
2632 1970 2920 2022 adversum
2969 1966 3207 2027 Madian.
3250 1976 3305 2021 et
3352 1967 3405 2020 hi
3437 1982 3628 2020 omnes
3653 1963 3792 2020 victi

2207 2071 2353 2122 Sunt,
2388 2061 2645 2130 quoniam
2680 2071 2961 2130 peccatum
2994 2070 3113 2115 erat
3158 2061 3211 2114 in
3261 2060 3415 2128 ipsis.
3455 2057 3612 2113 Nunc
3651 2074 3792 2114 vero

2207 2155 2442 2208 victores
2469 2155 2797 2213 Madianitze,
2825 2154 2916 2223 qui
2948 2164 3205 2208 sexcenta
3242 2152 3410 2206 millia
3434 2151 3790 2222 fugaverant,

2205 2248 2497 2300 vincuntur
2527 2261 2553 2298 a
2590 2246 2877 2299 duodecim
2926 2245 3185 2308 millibus,
3225 2254 3283 2297 ut
3317 2245 3459 2299 scias
3503 2244 3636 2313 quia
3670 2258 3788 2298 non

2206 2337 2257 2391 in
2285 2336 2644 2399 multitudine,
2670 2350 2768 2389 nec
2802 2335 2852 2387 in
2871 2348 3095 2387 numero
3124 2333 3354 2386 militum
3384 2332 3553 2385 vincit
3580 2329 3789 2393 Israel,

2206 2428 2299 2483 sed
2328 2427 2537 2494 justitia
2562 2438 2616 2480 et
2638 2427 2809 2495 pietas
2837 2434 2918 2478 est
2950 2424 3001 2477 in
3032 2425 3113 2478 eis
3142 2439 3261 2490 qua:
3281 2422 3463 2477 vincit.
3486 2420 3790 2491 Proptere-

2203 2520 2437 2590 denique
2467 2529 2521 2574 et
2568 2521 2620 2573 in
2657 2517 3127 2574 benedictionibus
3156 2531 3346 2571 eorum
3398 2516 3597 2569 dicitur
3645 2513 3785 2583 quia

2202 2614 2246 2667 si
2281 2612 2616 2668 servaverint
2653 2612 2825 2681 legem
2876 2610 3113 2677 Domini,
3157 2626 3298 2665 unus
3323 2624 3391 2664 ex
3429 2609 3563 2676 ipsis
3586 2621 3790 2677 perse-

2201 2715 2402 2774 quatur
2429 2705 2597 2769 mille,
2623 2714 2676 2758 et
2707 2705 2812 2759 duo
2848 2714 3063 2758 vertant
3093 2707 3281 2759 decem
3314 2702 3483 2756 millia
3508 2702 3578 2757 ".
3610 2698 3789 2756 Vides

2201 2814 2333 2865 ergo
2379 2800 2506 2867 quia
2560 2798 2733 2852 multo
2770 2799 2890 2868 plus
2927 2798 3072 2853 valet
3106 2813 3248 2853 unus
3293 2806 3512 2851 sanctus
3541 2792 3786 2859 orando,

2201 2906 2362 2961 quam
2398 2901 2712 2961 peccatores
2744 2892 3010 2947 innumeri
3048 2891 3361 2959 prwliaudo.
3388 2887 3577 2943 Oratio
3598 2887 3783 2940 sancti

533 2979 744 3049 alligari
799 2982 944 3037 circa
1007 2983 1204 3038 collum
1231 2984 1367 3051 ejus,
1409 2990 1462 3035 et
1517 2984 1841 3052 prmcipitari
1881 2985 1932 3038 iu
1974 3000 2099 3053 pro-
2128 2996 2170 3057 ο
2204 2993 2453 3053 penetrat
2510 2977 3045 3049 cmlum.‘Quomodo
3085 2997 3190 3036 non
3243 2990 3297 3035 et
3336 2980 3549 3033 hostem
3584 2978 3781 3030 vincat

531 3068 758 3125 fundum
790 3075 974 3137 maris,
1037 3090 1200 3143 quam
1244 3083 1301 3128 ttt
1349 3074 1682 3129 scandalizet
1714 3093 1878 3129 unum
1917 3080 1981 3129 de
2009 3092 2100 3144 pu-

532 3162 666 3216 sillis
697 3164 833 3220 istis.
871 3184 889 3217 ι
932 3166 1209 3235 Simulque
1257 3169 1643 3222 advertendum
1697 3180 1802 3234 est,
1847 3170 2098 3237 quoniam

531 3256 747 3323 quidem
780 3270 971 3309 nomen
1016 3259 1253 3312 scandali
1288 3274 1318 3312 a
1359 3260 1629 3313 nonnullis
1666 3261 2100 3329 incompetenter

530 3349 904 3416 praesumitur.
967 3349 1097 3404 Illud
1151 3352 1315 3421 igitur
1365 3353 1681 3407 scandalum
1728 3355 1952 3415 dicitur,
2007 3355 2097 3410 ubi

532 3448 683 3493 recto
741 3439 938 3496 itinere
986 3444 1280 3498 ambulanti
1324 3447 1570 3517 deceptio
1596 3449 1777 3519 aliqua
1817 3450 2100 3503 instruitur

531 3532 597 3584 ad
646 3535 1001 3599 peccandum,
1052 3546 1107 3588 et
1153 3537 1437 3605 subjicitur
1468 3556 1630 3595 causa
1678 3542 1918 3611 peccati;
1957 3541 2100 3595 sicut

530 3635 581 3677 et
618 3623 937 3694 Madianitae,
977 3629 1378 3685 ambulantibus
1418 3632 1470 3686 in
1496 3634 1614 3704 lege
1648 3634 1858 3688 Domini
1887 3635 2099 3691 Israeli-

532 3717 623 3782 tis,
673 3727 728 3772 et
777 3722 1204 3778 custodientibus
1266 3728 1613 3792 castitatem,
1666 3729 2100 3785 subornaverunt

529 3810 811 3876 mulieres,
844 3829 964 3883 qua:
1006 3830 1101 3870 eos
1128 3816 1439 3885 deciperent
1474 3819 1539 3871 ad
1566 3821 1923 3888 peccandum.
1953 3822 2097 3876 Cau-

528 3916 647 3958 sam
682 3918 812 3973 ergo
868 3908 1106 3975 praebere
1159 3911 1389 3978 peccati,
1431 3912 1529 3966 hoc
1582 3921 1664 3967 est
1696 3914 2093 3971 scandalizare.

530 3996 919 4053 Verumtamen
971 4000 1132 4055 datur
1161 4004 1423 4072 vindicta,
1452 4005 1546 4059 sed
1593 4006 1763 4060 multo
1793 4009 2013 4075 gravior
2042 4010 2094 4061 in

528 4103 624 4144 eos
650 4089 739 4158 qui
808 4091 1330 4159 scandalizaveruut,
1387 4106 1441 4150 et
1480 4098 1571 4166 qui
1619 4112 1838 4153 causam
1889 4102 2097 4170 peccati

528 4183 896 4251 praebuerunt,
936 4199 1097 4253 quam
1151 4185 1203 4239 in
1244 4200 1339 4243 eos
1371 4191 1463 4257 qui
1501 4201 1879 4258 peccaverunt.
1925 4191 2096 4247 Simul

529 4282 713 4327 autem
749 4285 806 4329 et
857 4274 986 4329 illud
1044 4276 1299 4341 observa,
1345 4282 1487 4348 quod
1530 4282 1599 4336 iis
1627 4283 1893 4351 subjecit:
1933 4304 1951 4335 ‹
1991 4286 2096 4339 Νο-

529 4365 752 4421 vissime
767 4377 971 4433 autem,
998 4368 1173 4437 inquit
1200 4370 1265 4437 “,
1295 4384 1348 4426 et
1369 4385 1422 4426 tu
1437 4375 1721 4443 apponeris
1748 4376 1812 4428 ad
1844 4378 2093 4445 populum

529 4466 702 4511 tuum.
743 4479 763 4511 ι
801 4459 857 4514 Si
888 4462 1105 4530 quando
1136 4462 1291 4518 nobis
1314 4479 1434 4518 cum
1476 4466 1765 4521 Samaritis
1787 4483 1963 4522 sermo
1991 4479 2093 4534 est,

529 4553 782 4620 quoniam
809 4554 1024 4621 quidem
1058 4558 1507 4612 resurrectionem
1526 4569 1855 4614 mortuorum
1881 4571 2093 4631 negant,

532 4659 631 4697 nec
657 4648 920 4717 recipiunt
942 4648 1107 4702 futuri
1138 4650 1321 4704 surculi
1361 4650 1543 4718 fidem,
1580 4666 1967 4723 perurgeamus
2000 4669 2094 4709 eos

528 4751 598 4789 ex
647 4736 713 4789 iis
763 4740 962 4803 verbis,
1019 4741 1217 4809 quibus
1263 4740 1520 4797 Dominus
1555 4743 1686 4797 dicit
1718 4745 1783 4797 ad
1830 4745 2091 4816 Moysem,

526 4828 650 4897 quia
688 4842 990 4898 apponatur
1022 4835 1087 4887 ad
1112 4834 1361 4903 pOpulum
1396 4850 1575 4889 suum.
1623 4834 1790 4892 Nemo
1826 4841 1967 4892 enim
1998 4855 2094 4908 ap-

525 4918 744 4985 ponitur
796 4922 862 4974 ad
911 4937 1025 4987 eos,
1078 4925 1170 4992 qui
1205 4940 1308 4977 non
1356 4934 1500 4979 sunt.
1530 4923 1682 4981 Unde
1715 4938 1930 4983 constat
1974 4945 2093 4985 esse

528 5011 762 5079 aliquem
797 5017 1080 5083 populum,
1112 5018 1197 5071 cui
1225 5017 1436 5089 Moyses
1488 5030 1610 5089 post
1639 5020 1765 5075 vita:
1794 5022 1950 5091 hujus
1971 5025 2092 5077 exi-

529 5114 644 5157 tum
680 5104 874 5159 dicitur
896 5107 1268 5176 applicandus.
1314 5111 1450 5177 Quia
1498 5127 1629 5181 ergo
1682 5112 1958 5183 prOphetis
1984 5131 2087 5169 non

525 5196 757 5249 credunt
796 5195 1103 5265 Samaritae,
1129 5215 1192 5253 ex
1227 5204 1423 5268 quibus
1455 5210 1638 5270 posset
1674 5205 2092 5258 resurrectionis

525 5297 863 5343 mortuorum
924 5289 1088 5344 latius
1134 5292 1267 5348 fides
1323 5294 1641 5363 approbari,
1694 5310 1758 5349 ex
1797 5296 1862 5348 iis
1895 5294 2087 5350 saltem

2202 3074 2256 3128 in
2294 3072 2499 3127 terris?
2536 3073 2600 3127 Et
2632 3073 2751 3127 ideo
2789 3073 3097 3127 omnimode
3130 3071 3451 3127 studendum
3494 3078 3580 3124 est
3628 3082 3781 3136 qua:-

2201 3181 2324 3220 rere
2378 3167 2555 3235 primo
2603 3175 2661 3220 et
2699 3164 2973 3220 custodire
3019 3165 3284 3233 justitiam
3348 3163 3465 3217 Dei.
3523 3160 3697 3228 Quam
3728 3160 3777 3213 si

2198 3258 2502 3311 obtinueris
2551 3264 2607 3311 et
2675 3257 3004 3322 servaveris,
3055 3271 3244 3311 onmes
3296 3256 3391 3309 tibi
3439 3255 3626 3308 hostes
3657 3251 3774 3319 ipsa

2201 3349 2453 3417 subjiciet
2485 3366 2499 3403 :
2529 3351 2574 3405 si
2618 3348 2790 3404 fueris
2842 3348 3084 3415 indutus,
3120 3350 3263 3403 sicut
3289 3347 3583 3417 Apostolus
3613 3344 3770 3403 dicit,

2199 3441 2425 3496 loricam
2454 3443 2698 3512 justitia},
2738 3452 2792 3497 et
2817 3443 3099 3499 accinctus
3130 3444 3436 3504 veritatem,
3468 3441 3513 3492 si
3554 3437 3771 3504 galeam

2200 3535 2392 3590 salutis
2410 3538 2706 3605 acceperis,
2731 3548 2785 3590 et
2815 3537 3050 3607 gladium
3075 3537 3319 3606 spiritus,
3350 3542 3404 3588 et
3436 3541 3565 3585 ante
3591 3529 3772 3584 omnia

2200 3642 2410 3684 scutum
2473 3629 2617 3695 fidei,
2663 3632 2852 3701 inquo
2886 3633 3062 3702 possis
3108 3630 3288 3685 omnia
3320 3625 3500 3695 jacula
3550 3623 3770 3689 maligni

2201 3723 2365 3793 ignita
2394 3724 2738 3795 exstinguere
2764 3725 2829 3780 ".
2860 3726 3082 3780 Talibus
3099 3723 3243 3778 enim
3277 3721 3578 3775 instructus
3602 3715 3773 3769 armis

2200 3817 2447 3871 universa
2480 3817 2746 3872 diabolica
2793 3828 2991 3882 castra,
3042 3829 3366 3883 omnemque
3399 3811 3519 3881 ejus
3551 3811 3769 3881 fugabis

2198 3912 2523 3976 exercitum,
2568 3921 2619 3965 et
2669 3927 2792 3964 cum
2847 3911 3045 3965 fiducia
3087 3907 3332 3963 cantabis
3363 3906 3408 3937 ⁸⁸
3440 3925 3454 3960 :
3490 3920 3514 3957 ι
3548 3904 3608 3958 Si
3641 3918 3772 3957 eoi:-

2199 4005 2399 4059 sistant
2425 4002 2711 4059 adversum
2739 4018 2824 4057 me
2849 4014 3055 4067 castra,
3080 4017 3184 4055 non
3200 3999 3410 4054 timebit
3434 4013 3530 4052 cor
3554 4009 3770 4058 meum;

2199 4099 2243 4151 si
2291 4101 2533 4165 insurgat
2562 4099 2617 4151 in
2643 4112 2727 4150 me
2761 4095 3023 4165 praelium,
3059 4096 3111 4150 in
3169 4096 3275 4149 hoc
3313 4108 3420 4162 ego
3449 4092 3703 4162 sperabo.
3745 4111 3767 4146 ι

2201 4194 2635 4261 Congrediuntur
2662 4205 2791 4261 ergo
2826 4190 3106 4244 duodecim
3146 4189 3310 4244 millia
3339 4189 3628 4242 adversum
3652 4186 3757 4241 Ma-

2203 4286 2460 4349 dianitas,
2497 4304 2516 4336 ‹
2553 4294 2606 4339 et
2635 4283 2990 4349 interficiunt,
3049 4283 3225 4347 inquit
3274 4282 3340 4347 ³⁸,
3370 4295 3531 4334 omne
3556 4293 3772 4333 mascuo

2201 4379 2365 4431 linum
2416 4392 2602 4431 eorum
2663 4386 2718 4432 et
2769 4392 2924 4447 reges
2970 4391 3185 4440 eorum,
3234 4384 3289 4429 et
3342 4371 3561 4425 Balaam
3597 4370 3767 4425 lilium

2198 4468 2336 4522 Beor
2398 4470 2790 4523 interfecerunt
2838 4467 3016 4539 gladio
3059 4480 3180 4521 cum
3217 4465 3443 4531 reliquis
3466 4464 3766 4520 vulneratis

2196 4575 2407 4613 eorum.
2444 4578 2463 4611 ι
2498 4559 2649 4625 Quod
2697 4560 2749 4613 in
2785 4557 3155 4628 superioribus
3196 4559 3596 4624 quzerebamus,
3628 4571 3765 4625 quo-

2197 4650 2357 4704 modo
2387 4649 2452 4703 de
2479 4649 2780 4717 Scripturis
2813 4648 3033 4717 probari
3079 4646 3255 4715 possit
3286 4644 3506 4699 Balaam
3538 4645 3767 4700 consilio

2198 4743 2518 4798 subornatas
2550 4755 2669 4795 esse
2695 4741 2948 4795 mulieres
2989 4738 3429 4802 Madianitarum,
3464 4752 3586 4806 qua:
3621 4740 3769 4793 deci-

2198 4843 2389 4905 perent
2447 4832 2586 4887 filios
2628 4832 2790 4886 Israel
2837 4832 2902 4885 ad
2955 4831 3354 4896 fornicandum,
3394 4845 3634 4898 przesens
3682 4832 3769 4884 hic

2201 4928 2495 4996 Scriptura:
2525 4929 2670 4980 locus
2695 4924 2974 4979 evidenter
3005 4925 3263 4990 ostendit,
3284 4924 3468 4978 dicens
3495 4938 3618 4977 eum
3644 4937 3766 4993 per-

2199 5031 2439 5088 emptum
2499 5033 2619 5071 esse
2686 5018 2900 5087 gladio,
2964 5017 3113 5071 velut
3162 5026 3433 5070 auctorem
3494 5015 3761 5082 scandali,

2198 5113 2338 5183 quod
2365 5113 2662 5165 immissum
2697 5118 2781 5164 est
2848 5110 2976 5164 liliis
3030 5108 3217 5163 Israel.
3253 5108 3462 5163 Dicitur
3488 5118 3672 5164 autem
3699 5109 3765 5163 de

2197 5219 2282 5269 eo,
2318 5214 2371 5256 et
2400 5203 2450 5255 in
2475 5202 2823 5271 sequentibus
2840 5201 3017 5255 adhuc
3038 5200 3341 5255 evidentius
3368 5200 3470 5255 hoc
3492 5203 3652 5257 modo
3678 5202 3762 5259 ’ἰ

2204 5313 2223 5347 ι
2257 5296 2323 5349 Ει
2357 5298 2435 5349 ait
2461 5297 2526 5350 ad
2549 5310 2640 5349 eos
2662 5294 2875 5367 Moyses
2903 5312 2917 5350 :
2946 5296 3057 5351 Cur
3086 5297 3263 5349 Vivam
3296 5297 3620 5351 reservastis
3644 5312 3765 5351 orn-

593 5467 637 5538 '_'
660 5464 817 5538 Joan.
841 5477 952 5527 xvr,
974 5461 1065 5538 27.
1096 5460 1193 5538 _"_
1211 5458 1379 5513 Num.
1407 5416 1637 5538 χρη-1.
1665 5457 1733 5538 ᾗ.
1796 5456 2035 5538 "’__M_arc_.
2064 5472 2172 5522 le,
2196 5458 2286 5538 21,
2317 5460 2533 5538 etuLuc.
2565 5477 2695 5526 xvii,
2728 5462 2775 5516 1.
2815 5461 3079 5538 β’ᾼΝιιιῃ.
3098 5481 3251 5538 xxxi,
3281 5467 3336 5522 2.
3411 5468 3455 5498 ²¹
3483 5467 3614 5524 ibid.
3637 5471 3690 5538 5,
3716 5472 3772 5533 4.

517 5533 569 5570 ⁸⁸
593 5535 768 5592 Levit.
806 5550 952 5588 xxvr.
1028 5532 1073 5564 ³⁸
1096 5531 1296 5602 Ephcs.
1329 5546 1402 5598 Vl,
1434 5531 1520 5593 14,
1553 5529 1638 5592 16,
1669 5530 1755 5583 17.

1833 5529 1876 5560 ’⁸
1907 5527 2047 5582 Psal.
2080 5545 2203 5594 xxv,
2237 5532 2288 5584 '5.

2366 5534 2410 5564 ³⁸
2439 5532 2599 5586 Num.
2635 5549 2778 5598 xxxi,
2815 5533 2865 5599 7,
2897 5534 2951 5589 8.
3028 5535 3071 5566 ⁸⁷
3096 5536 3256 5593 Num.
3279 5554 3422 5603 xm,
3459 5539 3545 5603 15,
3582 5541 3669 5602 16.

592 5627 701 5702 (59)
730 5626 857 5693 Quw
890 5624 1120 5696 pertulit.
1157 5623 1333 5680 Codex
1370 5622 1541 5680 sancti
1571 5621 1912 5685 Theodorici,
1950 5642 1966 5671 ι
1999 5637 2119 5692 qua:
2148 5638 2248 5704 pro
2273 5623 2413 5678 facto
2443 5641 2541 5680 suo
2576 5625 2770 5680 meruit
2801 5627 3031 5697 perpeti.
3066 5647 3084 5679 ι
