4050 6148
355 272 464 327 ’765

1509 266 1577 320 ΙΝ
1615 261 1946 321 NUMEROS
1977 261 2261 316 IIOMILIA
2292 258 2458 316 XXV.

3512 251 3614 306 766

353 406 481 448 nem
523 389 818 445 feminam?
867 388 1000 459 Ipsze
1056 389 1199 443 enim
1241 397 1389 450 sunt,
1434 403 1554 457 quae
1598 366 1734 441 ﬁlios
1778 385 1938 441 Israel
1969 389 2012 444 Α
2044 400 2173 454 ergo
2199 385 2323 451 quia
2387 393 2491 434 tam
2528 378 2974 439 Israeliticorum,
3011 388 3168 444 quam
3218 373 3382 426 etiam
3415 371 3615 424 barba-

357 482 664 538 secundum
708 483 934 536 verbum
994 481 1212 534 Balaam
1267 488 1542 548 apostatas
1595 479 1861 534 fecerunt.
1906 497 1922 528 ι

357 573 767 627 interficiuntur
827 583 1006 627 autem
1033 581 1086 626 et
1120 587 1276 640 reges
1305 571 1747 634 Madiauitarum,
1773 578 1937 638 alque

357 666 431 719 illi
463 666 554 732 qui
580 665 770 734 priusa
801 665 1119 718 mulieribus
1137 666 1264 717 victi
1291 674 1436 729 sunt,
1459 679 1602 718 nunc
1630 663 1938 732 expiatione

361 754 574 817 habita,
598 763 652 807 et
693 763 842 824 gesta
865 755 1206 824 pmuilentia,
1230 752 1392 808 etiarn
1415 769 1566 822 reges
1586 754 1828 810 vincunt.
1861 753 1936 806 Ex

358 841 460 896 hoc
482 844 865 914 intelligamus,
885 855 1150 915 quantum
1173 847 1345 900 valeat
1362 847 1644 899 conversio
1660 848 1724 898 ad
1746 845 1936 911 Deum,

358 944 626 1001 quantum
665 937 837 1004 prosit
868 938 1177 991 emendatio
1207 948 1570 1005 peccatorum.
1599 937 1768 992 Omtte
1796 953 1939 991 mase

361 1027 630 1092 culinum,
657 1043 848 1082 eiunes
899 1044 1052 1097 reges
1089 1029 1504 1083 Madiauitarum
1543 1029 1835 1082 vincuntur
1884 1036 1941 1082 et

365 1124 708 1181 perimuntur
729 1120 796 1174 ab
840 1119 908 1173 iis
967 1120 1060 1189 qui
1124 1135 1220 1189 per
1267 1121 1669 1190 correptiouem
1707 1123 1938 1190 Domini,

366 1218 422 1262 et
487 1224 586 1277 per
641 1218 917 1279 gestorum
980 1212 1353 1281 pmnitentiam
1409 1213 1642 1282 correpti
1704 1224 1831 1269 sunt
1889 1225 1942 1269 et

362 1300 660 1354 emendati.
699 1300 951 1370 Quinque
1011 1316 1141 1370 ergo
1169 1317 1328 1371 reges
1383 1303 1806 1360 Madianitarum
1855 1321 1941 1360 re-

365 1391 621 1444 feruntur
650 1392 716 1446 ab
741 1393 1048 1448 Israeliticis
1083 1396 1343 1450 militibus
1367 1398 1633 1464 superari.

433 1515 488 1568 5.
530 1517 634 1570 Sed
695 1526 750 1572 et
807 1534 1026 1574 nomina
1076 1538 1264 1576 eorum
1323 1538 1466 1577 curae
1502 1524 1602 1577 fuit
1643 1522 1936 1592 Scripturze

353 1605 556 1661 divina:
589 1623 894 1664 memorare
919 1611 1054 1683 (40).
1086 1632 1104 1664 ι
1147 1615 1298 1674 Evin,
1335 1615 1511 1682 inquit
1547 1616 1616 1680 ³⁸,
1640 1627 1693 1669 et
1726 1615 1930 1682 Rocon,

351 1708 411 1750 et
447 1699 574 1765 Sur,
601 1711 654 1754 et
683 1699 780 1766 Ur,
818 1712 872 1756 et
926 1701 1134 1760 Roboc.
1174 1724 1192 1756 ι
1238 1706 1328 1760 Isti
1385 1716 1511 1760 sunt
1559 1708 1653 1777 qui
1705 1722 1934 1780 regnant

352 1795 503 1860 apud
539 1791 881 1860 Madianitas,
914 1812 1051 1865 quos
1105 1813 1368 1866 superare
1397 1808 1452 1853 et
1489 1801 1706 1868 penitus
1736 1804 1933 1858 debent

350 1883 704 1951 exstinguere
734 1900 924 1940 omnes
949 1887 1038 1953 qui
1073 1887 1309 1940 militant
1340 1887 1469 1942 Deo.
1506 1889 1640 1941 Evin
1703 1904 1932 1958 namque

350 1976 618 2031 bal/uinus
648 1979 727 2032 vel
785 1979 990 2048 ferinus
1046 1981 1438 2050 interpretatur
1489 1983 1624 2055 (41).
1663 1984 1732 2038 Ει
1797 2001 1932 2054 quo-

353 2069 516 2122 modo
547 2070 751 2137 poteris
771 2071 988 2140 placere
1009 2073 1058 2126 ei
1093 2074 1184 2142 qui
1217 2085 1268 2128 te
1305 2076 1576 2143 probavit,
1598 2078 1640 2130 si
1665 2092 1768 2130 non
1807 2082 1932 2131 abs-

357 2160 562 2214 rideris
593 2177 621 2214 a
649 2173 698 2215 te
735 2172 788 2215 et
822 2165 1040 2233 penitus
1077 2169 1376 2233 peremeris
1408 2166 1676 2223 bclluinos
1704 2178 1758 2222 et
1786 2167 1930 2223 feros

352 2255 578 2307 mores?
603 2255 884 2320 Quomodo
909 2258 1111 2325 poteris
1144 2259 1208 2310 ad
1244 2270 1651 2313 mansuetorum
1695 2261 1932 2315 beatitu-

348 2351 533 2406 dinem
568 2356 868 2422 pervenire,
889 2356 987 2409 nisi
1021 2357 1170 2425 prius
1189 2357 1488 2412 interﬁcias
1513 2358 1673 2424 Evin,
1697 2370 1751 2413 et
1771 2362 1928 2414 morti

351 2442 539 2494 tradas
570 2445 720 2510 prius
774 2445 1074 2499 iracundiae
1124 2446 1435 2502 feritatem?
1473 2449 1585 2519 Ego
1615 2461 1746 2519 puto
1788 2451 1929 2518 quod

347 2535 572 2589 nomina
605 2537 717 2590 haec
755 2536 1034 2606 Scriptura
1069 2539 1252 2594 divina
1284 2557 1388 2594 non
1422 2557 1520 2610 pro
1555 2542 1780 2596 historia
1807 2558 1926 2596 nar-

351 2632 558 2681 raverit
591 2625 723 2698 (44),
745 2632 838 2682 sed
864 2644 964 2698 pro
990 2631 1170 2685 causis
1198 2641 1249 2684 et
1279 2631 1441 2687 rebus
1471 2638 1761 2702 aptaverit.
1794 2634 1929 2688 Nam

350 2735 515 2794 putas
540 2725 707 2781 fuerit
736 2729 934 2795 aliquis
966 2730 1036 2780 ita
1063 2729 1283 2795 Stultus,
1315 2734 1403 2799 qui
1441 2731 1553 2788 lilio
1595 2749 1693 2788 suo
1733 2749 1928 2789 nomen

345 2814 633 2870 Belluinus
669 2819 972 2887 imponeret
991 2821 1011 2872 i
1030 2820 1135 2875 Sed
1162 2825 1262 2874 hoc
1289 2826 1528 2877 arbitror
1557 2827 1752 2895 magis,
1785 2828 1928 2895 quod

353 2910 700 2964 instructioni
733 2913 1036 2966 animarum
1091 2918 1433 2983 prospexerit
1465 2935 1644 2973 sermo
1689 2920 1926 2988 divinus,

349 3002 544 3058 volens
568 3005 722 3060 nobis
760 3008 1050 3060 ostendere
1101 3009 1246 3075 quod
1283 3005 1572 3062 adversum
1625 3010 1928 3077 bujusmodi

349 3095 486 3148 vitia
526 3095 759 3150 militare
785 3098 1103 3164 debeamus,

351 3198 554 3246 nostrae
578 3190 870 3258 depellere,
911 3193 1044 3246 istos
1075 3208 1230 3264 reges
1277 3193 1470 3262 fugare
1515 3195 1579 3248 de
1612 3211 1777 3266 regno
1806 3212 1930 3250 cor-

351 3291 502 3359 poris
549 3292 762 3345 nostri:
804 3293 949 3361 quod
992 3293 1286 3362 Apostolus
1327 3294 1630 3349 evidentius
1660 3297 1928 3366 designat,

352 3381 545 3437 dicens
577 3384 620 3414 ²⁹
652 3401 664 3436 :
699 3402 715 3435 ι
752 3383 866 3438 Non
921 3400 1051 3453 ergo
1101 3397 1288 3456 regnet
1324 3396 1604 3454 peccatum
1662 3387 1716 3441 in
1749 3400 1932 3443 vestro

353 3476 577 3530 mortali
633 3491 882 3546 corpore.
923 3495 942 3527 ι
979 3475 1073 3531 Vis
1105 3487 1283 3531 autem
1321 3477 1504 3532 videre
1532 3480 1787 3548 quoniam
1823 3496 1930 3534 non

352 3568 535 3623 solum
577 3570 716 3637 apud
777 3577 995 3622 sanctos
1049 3569 1265 3622 nomina
1308 3585 1403 3636 pro
1445 3571 1607 3625 rebus
1652 3581 1929 3640 aptantur,

353 3659 454 3714 sed
484 3660 642 3714 etiam
687 3661 828 3729 apud
890 3659 1120 3729 gentiles
1141 3669 1197 3714 et
1249 3660 1551 3715 barbaros?
1603 3662 1677 3717 De
1728 3665 1932 3720 sanctis

351 3750 574 3822 quidem
603 3761 786 3806 notum
836 3761 922 3806 est
977 3766 1078 3805 cur
1107 3751 1312 3806 Abram
1344 3752 1621 3806 Abraham
1665 3754 1932 3809 vocitatus

351 3842 449 3908 sit,
485 3851 538 3896 et
571 3841 723 3896 Sarai
750 3843 982 3907 Sara,et
1005 3842 1173 3896 Jacob
1204 3841 1394 3897 Israel.
1431 3844 1734 3897 Doceamus
1749 3856 1928 3898 autem

350 3931 500 4003 quod
565 3948 681 3986 mos
751 3933 852 3987 iste
907 3932 1173 3986 habeatur
1232 3933 1400 3987 etiam
1456 3934 1596 4003 apud
1639 3934 1928 3988 barbaros.

352 4025 548 4081 Nonne
579 4042 718 4080 unus
743 4042 808 4080 ex
840 4025 966 4080 liliis
991 4023 1159 4080 Israel
1189 4040 1217 4079 a
1241 4027 1558 4095 parentibus
1584 4026 1696 4081 suis
1731 4025 1928 4095 Joseph

350 4132 551 4172 nomen
596 4118 917 4186 acceperat?
967 4117 1103 4172 Cum
1171 4126 1356 4172 autem
1413 4118 1630 4172 transiit
1665 4118 1720 4172 in
1766 4117 1933 4188 Egy-

351 4215 501 4275 ptum
556 4217 613 4262 et
667 4208 820 4261 stetit
872 4217 998 4261 ante
1038 4207 1404 4271 Pharaonem,
1445 4208 1801 4262 commutavit
1832 4223 1930 4262 no-

350 4314 476 4352 men
529 4299 664 4367 ejus,
691 4310 747 4353 et
787 4300 854 4353 de
895 4297 1094 4366 Joseph
1148 4300 1551 4368 cognominavit
1584 4315 1708 4354 eum
1744 4299 1926 4354 Psom-

352 4391 760 4460 pbtompbanec
803 4389 870 4454 ³ο,
895 4390 1036 4458 quod
1067 4390 1247 4458 lingua
1277 4405 1374 4443 sua
1406 4379 1620 4444 Pharao
1655 4391 1720 4445 de
1745 4406 1926 4445 secre-

2044 492 2224 528 rorum
2259 473 2535 528 hominum
2589 471 2830 532 nomina,
2882 484 2988 522 non
3045 467 3315 527 fortuitu,
3375 465 3468 518 sed
3514 477 3614 531 pro

2045 569 2206 621 rebus
2235 577 2288 621 et
2317 565 2500 621 causis
2555 572 2809 633 aptantur
2839 562 2893 615 in
2930 560 3065 629 lege.
3094 556 3263 627 Igitur
3291 555 3615 609 Madianita-

2045 675 2161 712 rum
2199 673 2374 727 regem
2433 655 2641 725 Moyses
2690 653 2983 724 appellavit
3015 693 3029 716 ,
3071 660 3230 722 prout
3263 649 3381 718 ipse
3402 649 3617 702 censuit

2043 745 2440 814 appellandum.
2489 742 2753 808 Belluina,
2815 742 3026 810 inquit,
3082 741 3272 794 feritas
3322 748 3427 803 est,
3495 752 3615 807 quae

2043 848 2232 905 regnat
2253 839 2302 891 in
2344 836 2672 899 Madianitis,
2704 843 2758 889 et
2785 851 2888 889 non
2915 836 3030 903 ipsa
3059 833 3256 897 solum,
3279 830 3370 886 sed
3395 841 3447 886 et
3477 831 3616 884 alius

2042 931 2179 998 apud
2209 932 2352 998 ipsos
2375 945 2468 983 rex
2522 930 2743 984 nomine
2778 928 2962 982 Rocon
2992 944 3006 980 :
3039 925 3180 995 quod
3221 935 3303 978 est
3341 925 3392 976 iu
3431 932 3614 977 nostra

2042 1018 2246 1088 lingua,
2278 1020 2504 1072 inanitas
2527 1019 2658 1090 (4⁸5).
2689 1019 2900 1088 Regnat
2943 1033 3074 1087 ergo
3092 1016 3399 1072 etinanitas
3421 1016 3470 1068 in
3500 1013 3614 1069 Ma-

2042 1112 2369 1164 dianitarum
2391 1123 2562 1180 gente.
2592 1112 2688 1165 Est
2708 1111 2850 1165 enim
2877 1125 3066 1164 revera
3099 1110 3261 1163 multa
3286 1111 3521 1164 inanitas
3559 1117 3616 1162 et

2041 1203 2254 1255 vanitas
2275 1203 2324 1254 in
2353 1203 2454 1254 hoc
2482 1207 2704 1263 mundo,
2733 1201 2844 1255 imo
2861 1210 2917 1255 et
2937 1219 2955 1252 ι
2985 1201 3532 1262 vanitasvanitatum,
3560 1206 3615 1252 et

2040 1293 2217 1345 omnia
2260 1292 2550 1354 vanitas",
2577 1313 2594 1343 ι
2623 1308 2785 1362 quam
2804 1293 2894 1347 Dei
2919 1292 3074 1346 miles
3101 1307 3360 1360 superare
3379 1291 3538 1345 debet
3558 1302 3616 1345 et

2039 1385 2200 1455 367
2243 1385 2479 1438 vincere.
2518 1383 2698 1439 Vincit
2745 1395 2921 1439 autem
2978 1385 3317 1451 inanitatem,
3351 1384 3442 1454 qui
3477 1383 3613 1437 nihil

2041 1478 2294 1539 inaniter,
2333 1475 2464 1528 nihil
2496 1474 2786 1545 superﬂue,
2821 1486 2877 1530 et
2919 1479 3059 1546 quod
3101 1478 3167 1529 ad
3209 1492 3321 1529 rem
3353 1491 3456 1529 non
3487 1490 3613 1544 per-

2041 1569 2194 1627 tinet,
2235 1567 2376 1638 gerit
2410 1586 2422 1621 :
2452 1567 2544 1637 qui
2594 1569 2840 1622 meminit
2871 1569 3124 1638 pnecepti
3177 1569 3320 1622 illius
3348 1567 3613 1622 Dominici

2039 1679 2145 1731 quo
2174 1662 2249 1715 ait
2279 1659 2346 1728 ³³,
2384 1663 2506 1728 quia
2537 1683 2554 1712 ι
2585 1663 2746 1717 etiam
2779 1664 2844 1716 de
2873 1663 3040 1716 verbo
3065 1661 3242 1716 otioso
3265 1662 3487 1716 reddent
3515 1663 3613 1715 ho-

1964 1765 2006 1818 B
2038 1755 2211 1810 mines
2251 1755 2517 1833 rationem
2543 1755 2594 1809 in
2628 1756 2714 1809 die
2751 1752 2961 1821 iudicii.
3001 1771 3020 1804 ι
3056 1753 3108 1807 ln
3141 1753 3241 1806 hac
3269 1763 3447 1805 autem
3477 1752 3607 1814 vita,

2041 1848 2286 1900 homines
2331 1858 2496 1903 totum
2549 1862 2685 1917 pene
2728 1847 2984 1912 otiosum,
3018 1853 3072 1899 et
3117 1853 3282 1897 totum
3317 1843 3475 1897 inane
3509 1851 3614 1908 est,

2039 1939 2180 2006 quod
2205 1939 2514 2007 loquuntur,
2537 1939 2678 2008 quod
2703 1946 2883 2007 agunt.
2908 1935 3086 1990 Inanis
3112 1936 3257 1990 enim
3284 1936 3480 1989 dicitur
3498 1950 3613 1989 om-

2040 2031 2123 2083 nis
2150 2040 2301 2084 actus
2335 2041 2389 2086 et
2427 2032 2606 2086 omnis
2633 2045 2832 2095 sermo,
2868 2029 2921 2083 in
2951 2044 3058 2099 quo
3099 2045 3202 2082 non
3243 2037 3326 2083 est
3356 2028 3615 2082 intrinse-

2038 2137 2134 2176 cus
2187 2123 2387 2192 aliquid
2421 2139 2516 2190 pro
2552 2122 2684 2184 Deo,
2719 2122 2802 2176 vel
2843 2137 2942 2191 pro
2990 2123 3245 2176 mandato
3287 2121 3400 2176 Dei.
3438 2121 3528 2174 Est
3561 2129 3617 2174 et

2040 2212 2177 2266 alius
2232 2228 2325 2266 rex
2380 2211 2608 2266 Madiam
2640 2211 2737 2279 Ur,
2779 2224 2833 2266 et
2881 2212 2968 2266 hic
3011 2212 3396 2281 interpretatur
3426 2212 3611 2264 irrita-

2038 2306 2109 2358 tio
2141 2305 2274 2374 (44).
2313 2304 2472 2358 Vides
2494 2304 2682 2373 quales
2711 2305 2965 2374 sunt,qui
2993 2314 3221 2374 regnent
3249 2305 3386 2371 apud
3411 2302 3610 2355 Matlia-

2040 2398 2203 2462 nitas,
2222 2396 2416 2464 quibus
2439 2397 2748 2450 hominibus
2773 2397 3050 2451 adversari
3077 2405 3314 2464 oportet,
3338 2395 3445 2448 imo
3477 2410 3614 2463 quos

2039 2487 2230 2555 perimi
2263 2487 2517 2540 convenit
2563 2486 2630 2540 ab
2671 2487 2736 2540 iis
2774 2487 2862 2556 qui
2897 2487 3059 2540 Deum
3095 2495 3416 2555 sequuntur,
3455 2495 3510 2540 et
3540 2485 3618 2539 in-

2040 2579 2232 2634 terlici.
2269 2577 2382 2631 Non
2419 2579 2562 2633 enim
2597 2589 2704 2632 tam
2739 2593 2924 2648 reges,
2961 2593 3122 2647 quam
3151 2579 3403 2632 vitiorum
3435 2579 3613 2631 nomi-

2041 2688 2127 2738 na,
2157 2687 2276 2740 qua:
2317 2681 2543 2743 regnant
2575 2672 2628 2726 in
2658 2673 2995 2736 hominibus,
3033 2671 3345 2727 referuntur
3375 2673 3427 2726 in
3456 2673 3612 2742 lege:

2036 2773 2214 2820 etnon
2257 2774 2364 2818 tam
2392 2766 2628 2833 gentium
2671 2764 2834 2832 bella,
2861 2779 3020 2832 quam
3054 2765 3613 2833 concupiscentiarum

2038 2857 2356 2918 carnalium,
2382 2869 2501 2924 qua:
2544 2853 2776 2907 militant
2818 2853 3076 2908 adversus
3118 2855 3373 2919 animam,
3406 2856 3614 2908 descri-

2038 2948 2254 3002 buntur.
2303 2947 2540 3016 Denique
2582 2946 2637 3000 hi
2675 2946 2766 3016 qui
2813 2947 2866 3000 in
2905 2947 3056 3000 vitiis
3087 2957 3337 3016 regnant,
3377 2947 3616 3016 quinque

2039 3056 2194 3110 reges
2230 3057 2350 3096 esse
2394 3042 2650 3096 dicuntur
2683 3058 2697 3094 :
2729 3050 2787 3094 ut
2837 3039 3241 3094 evidentissime
3297 3039 3611 3102 doceamur,

1138 3111 1191 3152 ει
1215 3101 1631 3203 denhabilacf‘ns
1654 3117 1716 3156 ⁸³
1751 3105 1929 3158 camis
1957 3126 1998 3182 C
2033 3101 2158 3203 quia
2188 3149 2346 3187 omne
2374 3134 2561 3187 vitium
2593 3132 2736 3200 quod
2765 3139 2956 3198 regnat
2989 3131 3040 3184 in
3074 3143 3332 3197 corpore,
3361 3144 3426 3182 ex
3457 3129 3614 3197 quin-

2034 3241 2137 3293 que
2185 3225 2432 3278 sensibus
2475 3224 2690 3291 pendet.
2723 3219 2815 3275 Isti
2839 3235 2967 3290 ergo
2989 3221 3228 3288 quinque
3249 3234 3444 3274 sensus
3468 3219 3613 3286 peri-

2035 3314 2213 3368 meudi
2263 3323 2387 3368 sunt
2433 3313 2498 3367 de
2547 3327 2713 3380 regno
2754 3310 3195 3375 Madianitarum,
3223 3319 3279 3361 ut
3314 3308 3452 3362 ultra
3484 3308 3612 3362 vitia

2034 3423 2138 3462 non
2170 3415 2395 3474 regnent
2416 3420 2581 3474 super
2606 3419 2725 3468 eos,
2745 3403 2837 3456 sed
2861 3401 3095 3472 justitia,
3116 3416 3181 3455 ne
3209 3401 3275 3454 ad
3299 3399 3612 3454 scandalum

2035 3498 2253 3552 videant
2299 3511 2420 3567 qua:
2467 3497 2678 3560 vident,
2727 3498 2819 3550 sed
2856 3498 2920 3548 ad
2967 3493 3402 3548 mdiﬁcationem.
3459 3491 3614 3560 Apud

2033 3587 2356 3643 Madianitas
2373 3588 2514 3641 enim
2531 3602 2724 3642 sensus
2744 3586 2830 3640 isti
2845 3586 2910 3639 ad
2929 3584 3398 3639 scandalizaudum
3415 3599 3612 3652 regna-

2035 3680 2185 3747 bant,
2223 3681 2736 3735 utscandalizarent
2769 3689 2824 3731 et
2853 3678 3190 3745 deciperent.
3221 3675 3284 3728 Et
3323 3675 3445 3730 ideo
3475 3689 3614 3744 pra:-

2031 3778 2173 3846 cepit
2202 3775 2478 3834 Dominus,
2514 3782 2571 3826 ut
2599 3774 2644 3826 si
2682 3783 2732 3825 te
2772 3769 3221 3826 scandalizaverit
3253 3769 3443 3822 oculus
3470 3777 3611 3830 tuus.

2031 3883 2191 3923 eruas
2214 3882 2360 3931 eum,
2381 3867 2424 3920 si
2459 3882 2649 3920 manus
2677 3873 2769 3918 aut
2801 3879 2919 3931 pes,
2953 3860 3242 3916 abscindas
3265 3876 3388 3914 eum
3419 3861 3485 3914 “.
3523 3859 3616 3915 Vi-

2033 3959 2126 4012 des
2154 3972 2302 4026 ergo,
2333 3957 2458 4024 quia
2493 3965 2547 4009 et
2594 3956 2708 4025 ipse
2751 3954 2906 4021 jubet
2937 3951 3178 4006 abscindi
3212 3962 3266 4005 et
3298 3951 3486 4019 perimi
3525 3968 3613 4005 re-

2033 4065 2129 4120 ges
2169 4048 2676 4103 seandalizantium.
2711 4046 2904 4101 Melius
2943 4056 3044 4110 est,
3082 4045 3280 4114 inquit,
3321 4053 3372 4098 te
3399 4044 3610 4098 luscum

2032 4144 2258 4198 introire
2283 4144 2334 4196 in
2361 4158 2582 4212 regnum
2612 4140 2726 4203 Dei,
2756 4155 3028 4204 mancum,
3049 4148 3141 4192 aut
3163 4139 3609 4204 claudum,quam

2031 4247 2153 4286 cum
2193 4234 2260 4287 iis
2293 4233 2433 4286 mitti
2482 4232 2533 4284 in
2589 4231 2911 4300 gehennam.
2949 4228 3002 4281 In
3042 4228 3238 4298 quibus
3271 4242 3376 4280 non
3423 4225 3611 4293 utique

2031 4324 2390 4378 ell'odiendum
2445 4323 2688 4393 praecipit
2743 4321 2956 4375 oculum
3002 4319 3249 4390 corporis
3295 4319 3483 4381 nostri,
3510 4333 3610 4373 nec

2033 4431 2274 4478 manum,
2299 4425 2391 4467 aut
2420 4416 2607 4484 pedem
2632 4413 3052 4468 abscindendum
3083 4414 3207 4465 :sed
3241 4425 3458 4464 sensum
3487 4425 3612 4463 car-

351 4493 526 4537 torum
578 4484 660 4537 νθΙ
718 4482 1053 4536 ⁵⁰¹¹¹¹¹ί⁰Γ⁰¹¹¹
1111 4481 1446 4573 τθνθ¹ῗ¹ίί⁰¹¹θ
1497 4485 1818 4549 θθηψθδυίί·
1863 4483 1930 4537 El
1960 4471 2005 4526 Β
2035 4506 2176 4561 nalia
2229 4471 2553 4562 sentientem
2597 4513 2652 4560 et
2697 4504 3147 4573 concupiscentiis
3189 4501 3502 4557 carnalibus
3531 4501 3612 4554 la-

348 4589 460 4629 non
492 4573 664 4630 solum
697 4573 895 4643 Joseph
934 4575 1059 4628 huic
1090 4574 1226 4642 apud
1253 4572 1595 4627 Pharaonem
1630 4588 1697 4626 ex
1734 4589 1790 4628 re
1832 4590 1930 4629 no-

347 4682 473 4721 men
505 4675 746 4736 aptatur,
788 4667 883 4720 sed
927 4676 982 4720 et
1015 4666 1207 4719 Daniel
1244 4666 1294 4718 in
1330 4663 1625 4736 Babylonia
1657 4663 1930 4720 Baltassar

348 4771 664 4825 nominatur
694 4789 706 4824 :
735 4780 789 4825 et
818 4772 1082 4837 Anauias,
1121 4784 1284 4842 atque
1316 4773 1564 4837 Azarias,
1622 4781 1677 4829 et
1717 4772 1926 4848 Misael,

349 4872 604 4938 Sidrach,
660 4873 884 4938 Misacb,
949 4875 1242 4945 Abdenago
1298 4875 1610 4928 vocitantur
1651 4874 1714 4926 ³¹.
1766 4875 1924 4930 Vides

421 4970 466 5001 ’⁸
489 4968 649 5023 Num.
676 4986 828 5034 XXXI,
857 4971 910 5024 8.
989 4972 1031 5003 ¹⁹
1066 4970 1221 5026 Rom.
1259 4987 1334 5037 vi,
1363 4971 1449 5024 1‘2.

348 5039 396 5076 ³⁸
426 5041 616 5093 Matth.
650 5056 703 5106 v,
721 5041 815 5095 ἓξ).

423 5130 534 5214 (τω)
568 5130 722 5199 Mss.,
775 5151 794 5184 ι
846 5146 1174 5187 memorare.
1227 5149 1246 5182 ι
1278 5131 1434 5187 Libb.
1475 5132 1629 5198 editi,
1668 5150 1686 5183 ι
1718 5147 1924 5187 memo-

346 5219 484 5260 rari.
523 5222 542 5254 ›

423 5273 535 5344 (41)
564 5273 702 5326 Evin
725 5283 1256 5344 nantqtteinﬁtLUINUS
1270 5273 1583 5328 velFEntNus
1610 5271 1922 5344 interpreta-

349 5341 456 5399 tur.
479 5342 639 5396 Num.
665 5357 779 5406 XXI,
803 5342 856 5394 8.
875 5341 1007 5394 Evin
1028 5343 1292 5394 llebraice
1325 5343 1582 5396 scribitur
1612 5348 1696 5399 71x
1728 5360 1745 5390 ι
1772 5342 1919 5393 Ενί.»

350 5415 508 5479 Quod
528 5427 724 5468 nomen
757 5411 947 5465 melius
971 5419 1273 5465 verteretur
1297 5428 1317 5462 ι
1342 5412 1666 5465 desiderium
1685 5426 1915 5464 meum.»

350 5485 462 5539 Sed
488 5484 579 5551 qui
612 5484 819 5551 primus
852 5484 1066 5534 nomina
1105 5481 1368 5535 Ilebraica
1410 5485 1793 5550 interpretatus
1817 5490 1922 5545 est,

351 5558 611 5620 quoniam
659 5555 958 5620 gutturales
1012 5551 1169 5606 facile
1221 5552 1362 5606 inter
1399 5568 1460 5607 se
1493 5560 1919 5618 c0mmntantur,

350 5623 494 5678 forte
521 5639 714 5676 nomen
750 5629 833 5680 71R
861 5625 1081 5679 deduxit
1102 5624 1168 5676 ab
1196 5628 1296 5683 mn
1318 5641 1335 5674 ι
1371 5624 1473 5677 vita
1498 5663 1513 5689 ,
1565 5621 1773 5688 vivens,
1806 5623 1921 5676 ani-

357 5693 486 5758 mal,
523 5693 714 5758 bestia,
748 5691 881 5747 fera.
898 5716 914 5744 ›

1528 4970 1573 5001 ³⁰
1608 4970 1805 5026 Cenes.
1833 4988 1941 5036 xu,
1982 4973 2071 5028 45.

2033 4601 2355 4654 scivientem
2405 4601 2624 4653 mandat
2653 4599 2897 4654 abscindi
2929 4615 2945 4654 :
2981 4607 3039 4651 ut
3068 4597 3212 4651 oculi
3258 4595 3426 4650 nostri
3459 4604 3608 4648 recta

2032 4695 2267 4756 videant,
2301 4703 2355 4747 et
2401 4707 2564 4748 aures
2616 4703 2811 4747 nostrae
2853 4700 3001 4745 recta
3035 4690 3280 4755 audiant,
3315 4699 3370 4743 et
3421 4695 3611 4756 gustus

2034 4796 2222 4840 noster
2278 4788 2500 4841 verbum
2546 4786 2638 4839 Dei
2675 4794 2874 4854 gustet,
2913 4799 3213 4851 manusque
3258 4791 3458 4836 nostra:
3491 4779 3608 4849 pal~

2031 4888 2160 4945 petit
2198 4885 2252 4930 et
2281 4877 2597 4947 contingant
2630 4878 2694 4931 de
2725 4875 2903 4931 Verbo
2937 4876 3050 4929 Dei.
3085 4874 3150 4929 Et
3172 4877 3273 4929 hoc
3304 4883 3389 4928 est
3422 4874 3473 4926 in
3501 4887 3610 4943 quo

2150 4974 2193 5006 ³³
2225 4974 2360 5029 Dan.
2391 4991 2426 5040 ι,
2453 4975 2505 5028 7.
2584 4972 2627 5004 ⁸³
2658 4973 2824 5027 Eecli.
2851 4989 2888 5036 ι,
2918 4974 2970 5026 Ξ.
3065 4971 3111 5003 ³³
3147 4969 3339 5026 Matth.
3371 4985 3468 5036 xu,
3503 4969 3595 5025 56.

2105 5130 2218 5202 (42)
2251 5129 2363 5200 Ego
2395 5140 2522 5197 puto
2541 5129 2680 5199 quod
2703 5129 2913 5182 nomina
2957 5125 3391 5202 Itwc__Scrip£ura
3425 5125 3607 5202 divina

2034 5194 2139 5254 non
2177 5194 2272 5267 p'ro
2300 5194 2875 5260 historia'narraverit,
2916 5215 3021 5254 etc.
3071 5196 3204 5251 Vide
3251 5194 3602 5266 Origeniano-

2040 5289 2156 5324 rum
2197 5273 2290 5326 lib.
2330 5288 2390 5334 Il,
2433 5281 2626 5340 qumst.
2669 5271 2754 5331 15,
2796 5287 2943 5322 ιιιιιιι.
2970 5271 3079 5322 2et
3113 5269 3198 5321 14.

2105 5343 2215 5411 (45)
2251 5341 2451 5404 Rocon,
2500 5341 2638 5410 quod
2696 5349 2770 5392 est
2813 5342 2866 5392 in
2915 5341 3096 5407 lingua
3134 5347 3602 5393 nostratmmns.

2032 5411 2205 5466 Radix
2244 5422 2457 5474 estw-1
2488 5431 2504 5461 ι
2536 5412 2833 5462 evarnavit.
2862 5411 3128 5461 exhausit.
3157 5426 3175 5458 ι

2101 5483 2214 5554 (41)
2256 5479 2299 5534 U
2307 5469 2448 5543 νξῖςὶΙι
2462 5491 2508 5533 te
2523 5481 3215 5554 interpretaturinmune.
3233 5475 3310 5527 Ab
3335 5482 3438 5534 Ἶτι
3460 5477 3604 5553 quod

2029 5547 2133 5618 est,
2166 5547 2206 5604 ι’
2235 5554 2530 5617 albescere,
2563 5549 2933 5616 expallescere
2971 5567 2990 5599 ι
3022 5547 3237 5616 proprie
3272 5563 3289 5596 ι
3340 5558 3448 5610 prae
3485 5547 3606 5600 ira-

2028 5624 2244 5678 cundia.
2287 5640 2308 5674 ι
