4050 6148
502 223 605 279 767

1974 225 2293 283 ORIGENIS

3651 231 3757 288 768

499 339 796 410 peremptis
827 339 1042 410 regibus
1085 339 1525 403 Madianitarum,
1572 352 1627 395 et
1676 343 1911 397 scaudali
1955 343 2077 397 :IfTe-
2107 352 2150 403 Α
2183 343 2331 397 Beati
2369 353 2497 397 sunt
2522 344 2632 408 isti,
2669 345 2761 416 qui
2792 360 2889 416 pro
2919 344 3065 401 omni
3108 344 3305 415 populo
3332 361 3573 416 pugnare
3625 364 3753 416 pos-

499 431 675 486 ctibus
722 433 1038 501 amputatis,
1072 445 1262 504 regnat
1295 436 1347 490 in
1384 437 1539 491 nobis
1563 435 1773 505 justitia
1822 436 1939 505 ipse
1968 437 2076 490 Do-

501 525 679 578 minus
720 533 907 579 noster
951 522 1107 579 Jesus
1140 527 1388 583 Christus
1410 571 1425 594 ,
1454 530 1546 599 qui
1598 527 1774 583 factus
1806 539 1887 582 est
1918 531 2076 584 nobis

492 617 699 685 justitia
732 632 761 671 a
795 619 924 683 Deo,
955 631 1009 673 et
1038 634 1140 686 pax
1198 633 1253 675 ct
1281 622 1598 694 redemptio.
1634 622 1801 693 Igitur
1840 639 1907 679 ex
1940 641 2077 693 prae-

495 720 651 779 eepto
702 710 915 764 Domini
950 727 980 765 a
1029 711 1155 767 filiis
1203 713 1371 769 Israel
1413 719 1699 775 adversum
1748 717 2076 773 Madianitas

497 800 633 855 bella
665 802 911 857 confecta
944 815 1091 868 sunt,
1117 807 1287 876 spolia
1318 824 1383 863 ex
1411 810 1541 879 ipsis
1571 813 1786 876 copiosa
1821 811 2074 866 referun-

497 901 604 960 tur,
637 896 755 948 auri
814 906 979 964 atque
1026 899 1258 969 argenti,
1303 911 1737 973 cteterorumque
1792 904 2074 958 mobilium

496 985 707 1054 pondus
764 987 1123 1057 immensum,
1172 992 1574 1062 jumentorum,
1630 996 2076 1067 captivorumque

497 1092 754 1133 numerus
813 1078 1096 1147 plurimus.
1154 1081 1350 1138 Verum
1404 1089 1661 1155 quoniam
1715 1098 1911 1143 cuncta
1956 1090 2074 1143 baac

494 1171 634 1241 apud
665 1172 933 1227 Israelitas
972 1173 1245 1229 immunda
1295 1178 1588 1243 ducuntur,
1621 1180 1927 1248 purificatio
1960 1183 2075 1237 sin-

494 1262 634 1330 gulis
669 1262 974 1332 quibusque
1029 1276 1341 1334 competens
1396 1269 1687 1324 adhibetur
1718 1287 1732 1322 :
1769 1283 1822 1326 et
1856 1289 1916 1327 ea
1950 1276 2072 1344 qui-

492 1355 638 1417 dem,
671 1369 790 1420 qum
824 1370 891 1408 ex
921 1356 1150 1411 metallis
1180 1368 1454 1422 constant,
1477 1362 1611 1431 ignis
1644 1362 1928 1430 purificat;
1950 1381 2073 1434 quas

496 1459 624 1500 vero
674 1445 951 1516 fragiliora
1011 1458 1138 1504 sunt
1196 1462 1248 1504 et
1300 1451 1479 1518 ignem
1534 1470 1639 1507 non
1684 1452 1887 1522 ferunt,
1928 1473 2069 1525 aqua

493 1538 769 1606 purificari
798 1541 1077 1610 jubentur.
1106 1544 1271 1599 Fiunt
1309 1560 1439 1614 ergo
1474 1562 1541 1601 ex
1576 1548 1828 1603 omnibus
1881 1551 2072 1619 spoliis

492 1633 727 1700 aequales
748 1635 1093 1703 durepartes,
1121 1647 1177 1691 ut
1204 1654 1308 1691 uua
1331 1640 1400 1693 sit
1430 1654 1615 1692 eorum
1659 1641 1747 1707 qui
1773 1639 1837 1692 ad
1871 1640 2066 1694 bellum

496 1737 898 1792 processerant,
932 1737 985 1781 et
1014 1729 1120 1780 alia
1162 1743 1349 1782 eorum
1391 1730 1481 1796 qtti
1522 1730 1575 1782 in
1619 1731 1818 1784 castris
1858 1733 2073 1784 resede-

497 1822 639 1865 rant.
669 1812 939 1869 Jubentur
967 1818 1130 1869 etiam
1158 1833 1221 1870 ex
1260 1818 1326 1871 iis
1350 1818 1549 1873 offerre
1584 1817 1635 1871 iu
1677 1819 1813 1873 dona
1840 1822 1929 1876 Dei
1955 1838 1970 1876 :
1996 1822 2072 1878 illi

494 1904 710 1972 quidem
740 1908 828 1974 qui
856 1916 1236 1974 processerant
1258 1910 1322 1962 ad
1358 1910 1577 1978 belium,
1609 1930 1772 1967 unum
1803 1924 1964 1982 caput
2003 1931 2072 1969 ex

494 1997 802 2066 quingentis
833 2017 846 2051 :
875 1999 946 2052 illi
972 2015 1101 2053 vero
1126 2001 1217 2069 qui
1249 2003 1299 2055 in
1333 2004 1530 2058 castris
1555 2014 1885 2068 manserant,
1906 2020 2069 2058 unum

493 2102 560 2140 ex
612 2089 998 2159 quinquaginta
1035 2108 1049 2145 :
1083 2104 1248 2161 atque
1294 2094 1537 2147 omnium
1586 2095 1748 2148 simul
1798 2096 1848 2148 in
1902 2111 2069 2148 unum

492 2176 748 2236 collectus
788 2197 1045 2239 numerus
1087 2184 1341 2239 refertur.
1384 2185 1510 2240 llaec
1539 2196 1619 2241 est
1656 2186 1900 2242 historia:
1942 2204 2071 2243 con-

494 2272 739 2330 liuentia.

559 2359 614 2413 4.
649 2359 755 2416 Sed
790 2363 1068 2420 videamus
1092 2367 1217 2436 quid
1253 2368 1304 2422 in
1342 2368 1408 2423 iis
1435 2384 1627 2426 sensus
1662 2370 1868 2427 indicet
1908 2371 2071 2442 spiri-

493 2450 635 2507 talis.
670 2453 725 2508 ln
773 2456 968 2524 populo
1000 2458 1090 2513 Dei
1134 2470 1265 2513 sunt
1309 2460 1549 2529 quidam,
1592 2463 1736 2518 sicut
1783 2466 2070 2532 Apostolus

490 2546 622 2601 dicit
650 2548 715 2612 ³⁵,
746 2551 836 2619 qui
871 2550 1104 2607 militant
1133 2552 1277 2608 Deo:
1306 2553 1381 2607 illi
1404 2554 1520 2609 sine
1548 2556 1730 2623 dubio,
1755 2558 1846 2628 qui
1876 2573 1934 2612 se
1963 2574 2066 2612 non

490 2641 732 2712 obligant
759 2646 992 2714 negotiis
1017 2646 1371 2704 saecularibus
1399 2666 1412 2702 :
1449 2659 1504 2703 et
1537 2650 1625 2704 isti
1655 2661 1780 2705 sunt
1816 2653 1908 2721 qui
1940 2666 2067 2721 pro-

486 2734 687 2790 cedunt
710 2737 776 2790 ad
813 2737 1036 2802 bellum,
1070 2751 1125 2796 et
1159 2751 1399 2811 pugnant
1434 2742 1698 2797 adversus
1736 2753 1923 2815 sentes
1966 2743 2070 2796 ini-

493 2825 680 2891 micas,
714 2838 771 2883 et
804 2831 1089 2886 adversum
1133 2832 1404 2900 spiritales
1432 2833 1704 2902 nequitias
1735 2848 1832 2902 pro
1856 2832 2067 2902 reliquo

489 2919 703 2989 populo,
725 2929 780 2975 et
803 2937 899 2989 pro
931 2923 995 2978 iis
1023 2924 1116 2994 qui
1140 2927 1470 2984 infirmiores
1496 2935 1644 2991 sunt,
1675 2930 1790 2984 sive
1819 2943 1914 2996 per
1942 2938 2064 2982 teta-

492 3022 618 3078 tem,
647 3014 762 3067 sive
795 3030 889 3082 per
920 3031 1130 3085 sexum,
1161 3020 1273 3074 sive
1302 3037 1396 3090 per
1430 3022 1784 3089 propositmn.
1812 3021 2066 3091 Pugnant
2095 3050 2136 3106 ρ

491 3113 671 3160 autem
706 3105 793 3159 isti
826 3109 1164 3166 orationibus
1190 3113 1729 3182 etjejuniis,justitia
1756 3123 1810 3169 et
1841 3116 2062 3183 pietate,

496 3198 911 3253 mansuetudine
961 3210 1017 3254 et
1053 3205 1325 3270 castitate,
1357 3209 1673 3274 cunctisque
1719 3208 2067 3263 continentia:

494 3286 806 3352 virtutibus,
844 3302 1100 3360 tanquam
1146 3294 1313 3347 armis
1369 3295 1575 3349 bellicis
1619 3297 1938 3350 communiti
1974 3307 2067 3352 :et

492 3393 617 3432 eum
651 3383 880 3449 regressi
906 3382 1191 3438 fuerintad
1221 3395 1399 3439 castra
1431 3389 1686 3450 victores,
1712 3388 1964 3442 fruuntur
1990 3390 2067 3443 la-

494 3468 717 3526 boribus
750 3486 933 3526 eorum
963 3475 1123 3528 etiam
1157 3476 1420 3539 imbelles,
1445 3487 1497 3531 et
1533 3478 1567 3531 ii
1594 3480 1682 3548 qui
1717 3481 1783 3533 ad
1832 3496 2062 3551 pugnam

496 3558 581 3613 vel
621 3576 725 3614 nou
760 3574 1040 3630 vocantur,
1066 3566 1148 3620 vel
1179 3567 1329 3620 exire
1362 3583 1467 3620 non
1501 3578 1740 3633 possunt.
1770 3571 2061 3626 Sciendum

495 3663 675 3706 tamen
706 3662 812 3714 est,
846 3657 988 3722 quod
1021 3657 1200 3712 omnia
1230 3673 1348 3727 quae
1376 3670 1659 3711 sumuntur
1689 3675 1752 3715 ex
1789 3661 1906 3713 istis
1932 3677 2064 3731 gen-

496 3745 657 3810 tibus,
684 3744 958 3801 immuuda
991 3758 1151 3813 sunt;
1185 3758 1241 3803 et
1268 3765 1429 3803 omne
1456 3749 1687 3804 fortasse
1714 3752 1971 3819 quidquid
1996 3767 2064 3807 ex

495 3841 596 3893 hoc
642 3839 838 3894 saeculo
869 3843 1183 3907 assumitur,
1218 3842 1299 3896 vel
1334 3844 1519 3910 prmlio
1559 3847 1793 3914 capitur,
1827 3849 2065 3901 immun-

493 3932 620 3985 dum
670 3939 774 3997 est,
809 3942 862 3987 et
899 3932 1275 4000 purificatione
1311 3935 1546 4003 indiget;
1591 3946 1645 3990 et
1698 3941 1944 4003 qutedam
1994 3952 2059 3992 ex

494 4026 631 4093 ipsis
653 4040 748 4095 per
775 4027 949 4095 ignem
981 4037 1272 4081 transitura
1304 4040 1450 4093 sunt,
1477 4030 1597 4084 aliis
1628 4039 1806 4085 autem
1835 4031 2064 4086 sufficiet

493 4134 648 4187 aqua:
664 4118 991 4187 purificatio.
1016 4120 1376 4174 Assumuutur
1396 4131 1575 4175 autem
1601 4138 1666 4175 ex
1690 4124 1875 4191 praelio
1898 4125 2061 4177 etiam

497 4210 741 4264 homines
764 4219 819 4265 et
852 4210 1121 4278 jumeuta,
1146 4226 1267 4264 eum
1297 4214 1637 4282 captivautur
1677 4230 1866 4269 omnes
1907 4217 2064 4269 intel-

494 4303 663 4358 lectus
691 4301 758 4356 ad
780 4301 1135 4356 obedieudum
1159 4302 1394 4357 Christo.
1418 4305 1493 4358 Ex
1523 4306 1586 4360 iis
1609 4308 1750 4360 enim
1774 4308 1902 4376 ipsis
1924 4324 2060 4377 quos

2180 444 2323 501 sunt,
2350 447 2402 490 et
2429 435 2720 491 defendere
2751 436 2844 492 Dei
2877 438 3111 506 plebem,
3138 449 3193 494 et
3229 439 3447 508 copiosa
3478 436 3544 493 de
3577 440 3752 494 hosti-

2178 530 2279 583 bus
2298 529 2466 597 spolia
2500 539 2799 600 reporlarc.
2836 528 3041 585 Tamen
3073 541 3129 586 et
3157 531 3364 601 reliqua
3392 546 3519 601 pars
3546 532 3752 611 populi,

2181 635 2303 688 quae
2337 620 2550 674 videtur
2574 620 2826 685 imbellis,
2856 622 2898 674 si
2929 636 3053 675 cum
3084 621 3265 689 quiete
3303 622 3537 676 resideat
3569 622 3622 675 in
3660 636 3753 675 εισ-

2179 713 2328 777 stris,
2370 714 2414 766 si
2452 715 2504 766 in
2535 713 2749 767 silentio
2804 720 2947 781 agat,
2980 720 3034 765 et
3065 728 3169 766 non
3222 713 3441 768 recedat
3482 729 3512 766 a
3547 711 3755 783 Moyse,

2178 807 2272 861 sed
2303 819 2614 875 permaneat
2647 808 2699 860 in
2727 806 2845 874 lege
2870 807 2986 871 Dei,
3018 815 3230 874 partem
3258 806 3555 874 spoliorum
3586 807 3756 859 etiam

2178 897 2293 967 ipsa
2332 899 2614 967 percipiet.
2647 897 2767 952 Fiet
2800 896 2944 951 enim
2978 911 3133 963 aequa
3174 897 3372 966 portio,
3401 912 3507 949 non
3532 911 3629 967 per
3654 912 3761 950 nu-

2174 1005 2384 1044 merum
2440 990 2803 1058 quidem,sed
2866 1000 3123 1057 quantum
3171 990 3329 1041 datur
3371 985 3520 1041 omni
3544 984 3758 1054 popqu

2176 1068 2409 1151 reliquo,
2442 1091 2649 1135 tantum
2694 1090 2749 1135 et
2782 1079 2891 1133 illis
2931 1078 3213 1133 duodecim
3250 1076 3505 1139 millibus,
3551 1076 3757 1144 quibus

2174 1174 2517 1229 vincentibus
2538 1183 2694 1242 capta
2719 1181 2845 1227 sunt
2866 1171 3057 1241 spolia.
3080 1169 3212 1236 Quis
3237 1169 3351 1223 haec
3377 1166 3623 1229 audiens,
3644 1181 3754 1219 non

2173 1268 2436 1324 invitetur
2474 1269 2538 1323 ad
2586 1269 2830 1322 militiam
2869 1269 2960 1322 Dei
2994 1268 3017 1321 ?
3057 1266 3193 1334 Quis
3225 1282 3329 1321 non
3358 1266 3629 1320 animetur
3651 1278 3757 1333 puo

2173 1378 2341 1431 guare
2385 1378 2479 1433 pro
2529 1362 2695 1433 368
2745 1361 2989 1415 Ecclesia
3042 1368 3098 1413 et
3154 1359 3410 1413 resistere
3463 1358 3751 1411 adversum

2172 1457 2419 1511 veritatis
2474 1457 2745 1519 inimicos,
2805 1469 2900 1508 eos
2957 1451 3166 1507 scilicet
3213 1451 3303 1520 qui
3357 1448 3444 1505 vel
3497 1450 3755 1519 dogmata

2171 1547 2431 1604 Ecclesia:
2479 1562 2816 1618 oppugnare.
2865 1544 2949 1598 vel
2990 1543 3254 1614 voluptati
3290 1552 3344 1599 et
3369 1543 3595 1597 luxuriae
3632 1556 3757 1611 ope-

2176 1659 2291 1697 ram
2319 1645 2450 1699 dare
2478 1644 2728 1698 homines
2761 1641 2958 1694 docent
2985 1638 3008 1692 τ
3038 1637 3140 1704 Qui
3166 1652 3296 1707 ergo
3315 1637 3415 1692 hos
3451 1643 3752 1707 expugnat,

2177 1746 2230 1792 et
2261 1737 2345 1790 vel
2381 1739 2434 1791 in
2464 1751 2540 1798 se.
2573 1736 2654 1789 vel
2691 1736 2742 1787 in
2770 1733 3033 1801 proximis
3071 1732 3183 1787 suis
3214 1732 3345 1785 vitia
3376 1729 3621 1800 perimit,
3663 1728 3754 1781 hic

2178 1830 2407 1898 accipiet
2427 1828 2599 1897 spolia
2618 1825 2808 1892 multa,
2832 1824 3191 1894 quinquagies
3218 1820 3568 1889 multiplicata
3587 1830 3751 1887 quam

2178 1922 2379 1976 cmteri.
2422 1919 2690 1973 lntantnm
2730 1930 2964 1987 namque
2990 1916 3196 1969 numeri
3229 1912 3507 1983 quantitas
3536 1909 3755 1963 videtur

2177 2015 2385 2084 augeri,
2405 2028 2524 2067 cum
2555 2013 2823 2067 sexcentis
2856 2010 3094 2065 millibus
3122 2006 3401 2062 duodecim
3428 2003 3594 2057 millia
3621 2016 3755 2055 con-

2180 2108 2443 2161 feruntur.
2480 2105 2688 2161 Otferre
2718 2116 2897 2157 tamen
2938 2115 3061 2171 pars
3101 2110 3333 2170 utraque
3362 2097 3584 2165 iubetur
3616 2095 3749 2148 Deo.

2177 2198 2242 2252 Et
2269 2198 2339 2250 illi
2368 2200 2584 2267 quidem
2636 2198 2724 2267 qui
2779 2198 3051 2258 vicerunt,
3095 2208 3259 2246 unum
3292 2205 3356 2245 cx
3387 2187 3701 2258 quingentis
3729 2200 3748 2239 :

2176 2290 2264 2357 qui
2286 2301 2460 2343 autem
2493 2289 2634 2342 domi
2670 2286 3004 2348 resederunt,
3040 2299 3203 2337 unum
3229 2296 3293 2335 ex
3325 2278 3745 2348 quinquaginta.

2175 2383 2603 2451 Quiugentorum
2664 2391 2843 2439 autem
2896 2386 2949 2431 et
3004 2374 3395 2445 quiuQuagiuta
3456 2384 3743 2424 numerum

2175 2452 2421 2527 sanctum
2453 2488 2571 2527 esse
2605 2471 2880 2538 Scriptura
2930 2479 3183 2523 testatur.
3230 2466 3382 2522 Unde
3411 2476 3463 2520 et
3493 2465 3751 2520 Salvator

2176 2563 2389 2619 dicebat
2426 2564 2477 2616 in
2508 2562 2810 2631 Evangeliis
2837 2562 2880 2592 ³⁸
2913 2578 2926 2613 :
2963 2579 2981 2611 ‹
3017 2558 3231 2613 llomini
3263 2557 3477 2610 cuidam
3508 2558 3751 2609 [tenera-

2177 2655 2282 2709 tori
2335 2666 2491 2709 erant
2528 2655 2635 2707 duo
2694 2654 3013 2707 debitores:
3042 2666 3183 2705 unus
3223 2665 3289 2703 ex
3337 2648 3469 2717 ipsis
3514 2646 3750 2700 debebat

2177 2746 2431 2800 denarios
2484 2745 2827 2814 quingentos,
2879 2754 2933 2797 et
2982 2742 3120 2796 alius
3163 2739 3578 2809 quinquaginta.
3628 2735 3747 2790 Non

2176 2835 2504 2890 habentibus
2533 2834 2638 2889 illis
2673 2834 2815 2888 unde
2847 2832 3158 2895 redderent,
3192 2829 3410 2884 donavit
3432 2829 3701 2897 utrisque.
3724 2845 3745 2880 ι

2176 2930 2282 2984 Sed
2323 2938 2377 2984 et
2421 2938 2627 2998 septem
2674 2928 2991 2994 septimame
3032 2926 3287 2989 monada,
3321 2924 3373 2977 id
3405 2932 3489 2978 est
3521 2935 3631 2976 uno
3650 2922 3751 2975 ad-

2175 3021 2307 3081 dito,
2330 3019 2806 3088 Quiuquagesimaa
2834 3018 2973 3071 diem
3010 3016 3233 3079 faciunt,
3259 3030 3376 3084 quae
3399 3014 3749 3071 Pentecoste:

2175 3110 2443 3165 festivitas
2470 3111 2790 3180 appellatur.
2832 3107 3097 3162 Similiter
3124 3118 3177 3159 et
3203 3110 3549 3177 septuaginta
3576 3107 3745 3175 septi.

2176 3220 2366 3265 mante,
2398 3204 2578 3257 addita
2608 3203 2764 3255 unius
2785 3200 3001 3254 decadis
3029 3199 3383 3267 perfectione,
3415 3199 3747 3267 quingentae

2176 3311 2291 3347 rum
2320 3310 2602 3349 numerum
2630 3295 2878 3346 reddunt.
2917 3290 3020 3345 Sed
3050 3301 3257 3358 quanto
3298 3289 3484 3358 plures
3511 3301 3639 3343 sunt
3663 3305 3748 3344 se.

2174 3388 2449 3455 ptuagiuta
2468 3385 2778 3454 septimana:
2800 3399 2959 3452 quant
2982 3392 3209 3449 septem,
3236 3389 3384 3435 tanto
3403 3383 3749 3446 praestantior

2172 3491 2225 3533 et
2253 3479 2548 3547 perfectior
2573 3476 3267 3543 numerusquingentorum
3295 3488 3455 3539 quam
3478 3474 3749 3543 quinqua-

2172 3573 2341 3642 ginta.
2365 3570 2493 3624 lnde
2529 3570 2759 3637 denique
2781 3577 2838 3621 et
2879 3569 2930 3621 in
2961 3567 3217 3636 parabola
3248 3565 3556 3633 Evangelii,
3583 3581 3743 3634 quam

2173 3676 2333 3729 supra
2383 3660 2803 3728 proposuimus,
2855 3656 3111 3711 Salvator
3162 3666 3345 3710 noster
3390 3656 3742 3724 pronuntiat,

2172 3755 2313 3823 quod
2358 3753 2475 3822 plus
2517 3752 2705 3819 diligat
2758 3750 2976 3811 ille,cui
3022 3749 3300 3818 quingenti
3341 3763 3479 3817 quos
3515 3748 3745 3802 debebat

2171 3846 2375 3899 denarii
2404 3844 2582 3899 donati
2607 3853 2749 3906 sunt,
2777 3858 2938 3910 quam
2979 3842 3069 3894 ille
3092 3843 3178 3895 cui
3202 3840 3615 3909 quinquaginta.

2241 3938 2293 3994 5.
2339 3938 2577 4004 Denique
2625 3936 2676 3989 in
2725 3934 2976 4005 pnesenti
3009 3936 3259 3999 lectione,
3291 3934 3511 3987 Eleazar
3554 3947 3742 3987 sacer-

2171 4032 2267 4085 dos
2292 4046 2395 4082 non
2444 4028 2704 4082 scribitur
2751 4028 2817 4080 ad
2847 4042 3063 4082 omnem
3093 4027 3345 4095 populum
3387 4027 3621 4090 locutus,
3650 4027 3740 4081 sed

2171 4122 2235 4175 ad
2284 4137 2378 4175 eos
2433 4128 2641 4174 tantum
2690 4117 2825 4189 (46),
2855 4118 2947 4187 qui
2995 4119 3063 4173 de
3114 4117 3300 4188 praelio
3351 4119 3609 4172 redeunt.
3655 4118 3741 4173 Ait

2169 4214 2313 4269 enim
2341 4214 2383 4245 ³⁷
2418 4232 2429 4265 :
2463 4232 2481 4263 ι
2520 4213 2583 4265 Ει
2607 4212 2744 4265 dixit
2768 4211 2994 4264 Eleazar
3015 4210 3264 4264 sacerdos
3305 4209 3370 4262 ad
3410 4210 3555 4263 viros
3579 4211 3742 4264 virtu-

2172 4307 2274 4371 tis,
2300 4306 2389 4375 qui
2420 4307 2830 4359 revertebantur
2853 4306 2916 4358 de
2943 4305 3146 4373 pra-lio.
3183 4324 3202 4355 ι
3238 4304 3401 4360 Vides
3438 4318 3571 4375 ergo
3610 4321 3742 4375 quo-

494 4392 1117 4462 ceperimus,oﬂ'erimus
1162 4395 1290 4448 Deo.
1329 4394 1441 4449 Nisi
1476 4399 1618 4450 enim
1644 4401 2065 4467 pugnaverimus
2103 4413 2143 4467 ι)
2170 4402 2326 4454 modo
2349 4400 2414 4454 ad
2441 4400 2588 4454 viros
2613 4399 2834 4453 virtutis
2852 4398 3096 4468 loquitur
3117 4413 3296 4452 sermo
3325 4398 3437 4452 Dei.
3459 4399 3571 4454 Viri
3598 4400 3737 4453 enim

495 4485 548 4538 in
580 4486 747 4541 verbo
779 4486 893 4552 Dei,
936 4502 1040 4539 non
1080 4487 1378 4555 poterimus
1418 4489 1690 4556 captivare
1731 4490 2062 4546 intellectum

492 4593 681 4633 eorum
723 4578 812 4646 qui
857 4579 1067 4634 diversa
1094 4596 1122 4633 a
1153 4580 1371 4634 Christo
1411 4580 1737 4640 sentiunl,et
1768 4584 2065 4652 perducere

491 4686 583 4725 eos
608 4671 675 4725 ad
706 4672 1067 4727 obedientiam
1119 4673 1343 4730 Christi.
1380 4673 1547 4727 Pauci
1592 4684 1716 4727 sunt
1746 4685 1924 4730 tamen
1970 4680 2063 4747 qui

495 4779 733 4834 pugnare
780 4767 1012 4833 possint,
1042 4778 1097 4822 et
1139 4767 1320 4837 praelia
1364 4768 1462 4821 ista
1512 4769 1776 4822 conficere
1804 4785 1818 4823 :
1849 4772 1916 4824 de
1941 4787 2065 4825 sex-

495 4856 665 4910 centis
688 4857 924 4911 millibus
955 4866 1009 4912 et
1048 4858 1278 4928 amplius
1317 4868 1664 4919 armatorum,
1691 4860 1780 4928 qni
1810 4863 2065 4915 videban-

497 4959 584 5003 tur
608 4948 843 5003 militare
872 4949 1012 5013 Deo,
1056 4952 1169 5005 sola
1216 4951 1499 5006 duodecim
1540 4950 1706 5003 millia
1755 4952 2060 5022 eliguntur;

492 5044 673 5097 cmteri
696 5043 1071 5113 relinquuntur
1098 5045 1148 5098 in
1172 5044 1386 5099 castris.
1417 5042 1630 5098 Intuere
1654 5044 1782 5098 mihi
1804 5062 1945 5101 nunc
1969 5063 2063 5116 po-

496 5137 675 5207 pulum
703 5137 792 5192 Dei
820 5138 952 5208 (45),
977 5141 1068 5209 qui
1097 5149 1180 5193 est
1208 5140 1260 5192 in
1287 5139 1551 5204 Ecclesia,
1586 5142 1775 5208 quanti
1818 5149 1945 5195 sunt
1995 5156 2062 5195 ex

498 5230 559 5281 iis
576 5228 666 5297 qui
693 5227 901 5299 possint
926 5245 1024 5296 pro
1048 5231 1276 5283 veritate
1294 5244 1553 5299 pugnare,
1569 5231 1776 5299 possint
1809 5230 2064 5284 resistere

495 5322 559 5375 iis
587 5323 676 5385 qui
704 5322 1101 5387 contradicunt,
1126 5322 1215 5390 qui
1245 5322 1421 5376 sciant
1453 5323 1600 5376 verbi
1626 5321 1767 5377 bella
1802 5330 2063 5377 tractare.

561 5462 609 5495 ³⁵
632 5461 653 5516 1
677 5462 816 5517 Tim.
844 5478 904 5527 ιι,
937 5463 991 5517 4.
1069 5461 1115 5494 ³⁸
1137 5461 1291 5527 Luc.,
1346 5476 1449 5527 vn,
1499 5462 1585 5530 4|,
1614 5462 1705 5517 42.

562 5581 674 5652 (45)
712 5582 892 5637 Codex
931 5582 1112 5637 Sancti
1156 5583 1496 5649 Theoderici,
1542 5602 1561 5635 Ι
1600 5583 1793 5637 intueri
1830 5600 1971 5639 nunc
2005 5584 2061 5636 li-

489 5650 579 5705 bet
618 5650 742 5705 uiihi
773 5653 1048 5720 populum.
1082 5673 1102 5705 ι

567 5723 677 5796 (46)
718 5725 898 5780 Codex
954 5725 1137 5781 Sancti
1167 5722 1511 5792 Theoderici,
1537 5744 1553 5777 ι
1581 5724 1797 5782 Eleazar
1817 5725 2071 5783 sacerdos

1782 5460 1828 5494 ³⁷
1861 5461 2017 5516 Num.
2059 5480 2211 5528 xxxx,
2251 5463 2342 5518 21.

2169 4494 2388 4547 virtutis
2412 4503 2560 4557 sunt,
2587 4492 2677 4560 qui
2704 4491 2769 4544 ad
2797 4491 2998 4545 bellum
3031 4493 3348 4559 procedunt.
3377 4491 3432 4545 Si
3462 4491 3585 4559 quis
3614 4506 3739 4545 vero

2167 4598 2404 4654 pugnare
2429 4600 2531 4638 non
2560 4584 2694 4648 vult,
2719 4599 2818 4637 nec
2844 4583 3096 4645 militare,
3123 4582 3167 4636 si
3196 4584 3315 4650 quis
3348 4598 3452 4636 non
3492 4582 3606 4636 vult
3644 4585 3736 4636 ba-

2167 4679 2294 4731 bere
2321 4687 2594 4731 certamen
2624 4678 2929 4730 studiorum
2955 4676 3271 4730 divinorum
3296 4685 3351 4728 et
3377 4676 3735 4737 abstinentiae,

2167 4768 2254 4822 hic
2280 4783 2385 4821 non
2416 4767 2529 4820 vult
2556 4768 2781 4836 implere
2810 4767 2941 4820 illud
2991 4768 3131 4836 quod
3177 4766 3466 4835 Apostolus
3497 4766 3626 4821 dicit
3652 4766 3733 4818 '3:

2171 4879 2189 4911 ι
2232 4861 2333 4926 Qui
2359 4869 2534 4914 autem
2568 4860 2618 4913 in
2648 4875 2819 4929 agone
2857 4861 3156 4921 contendit,
3182 4859 3249 4913 ab
3295 4860 3546 4915 omnibus
3568 4860 3740 4914 conti-

2167 4969 2300 5006 nens
2327 4962 2427 5006 est.
2460 4972 2478 5003 ι
2524 4952 2626 5018 Qui
2670 4968 2799 5020 ergo
2824 4967 2928 5006 nou
2954 4952 3231 5005 contendit
3276 4952 3328 5004 in
3371 4967 3566 5021 agone,
3594 4961 3649 5005 et
3672 4952 3737 5004 ab

2166 5046 2423 5102 omnibus
2454 5061 2559 5098 non
2606 5054 2689 5100 est
2725 5046 3034 5110 continens,
3059 5060 3233 5111 neque
3274 5048 3519 5100 exerceri
3547 5046 3663 5099 vult
3686 5047 3735 5099 in

2168 5142 2333 5191 verbo
2362 5137 2477 5202 Dei,
2502 5145 2556 5189 et
2586 5136 2637 5189 in
2667 5136 2781 5205 lege
2808 5136 3015 5189 Domini
3060 5138 3307 5191 meditari
3333 5138 3419 5191 die
3455 5151 3522 5190 ac
3561 5147 3734 5199 nocte,

2169 5231 2256 5284 hic
2275 5228 2488 5284 etiamsi
2512 5228 2593 5279 vir
2625 5226 2957 5290 dieatur,vir
2983 5237 3161 5281 tamen
3187 5228 3404 5283 virtutis
3431 5243 3537 5283 non
3560 5236 3735 5296 potest

2168 5323 2455 5391 appellari.
2487 5320 2557 5373 At
2582 5334 2708 5373 vero
2740 5319 2846 5384 hic,
2874 5320 2939 5373 de
2967 5333 3073 5385 quo
3106 5333 3248 5373 nunc
3271 5333 3452 5374 sermo
3480 5329 3559 5371 est
3591 5316 3738 5372 Scri-

2419 5463 2463 5495 ³⁸
2486 5463 2506 5517 ι
2529 5462 2654 5518 Cor.
2696 5479 2773 5528 ις,
2801 5461 2891 5517 25.

2168 5602 2272 5638 non
2296 5588 2361 5639 ad
2391 5599 2577 5637 omnes
2603 5584 2745 5637 viros
2769 5582 2982 5638 virtutis
3005 5585 3095 5652 qui
3117 5578 3531 5637 revertebantur
3559 5581 3626 5637 ad
3647 5594 3736 5652 po-

2156 5657 2347 5723 pulum
2380 5655 2585 5710 locutus
2611 5666 2718 5723 est,
2752 5655 2845 5711 sed
2883 5654 2952 5709 ad
2987 5669 3078 5710 eos
3107 5661 3337 5717 tantum,
3381 5670 3401 5705 ι
3437 5662 3543 5707 etc.
