4050 6148
303 247 407 304 7G9
1442 260 1510 315 ΙΝ
1542 261 1877 321 NUMEROS
1911 266 2195 327 liOlliiLlA
2232 275 2399 331 XXV.
3462 292 3568 349 770

303 380 470 439 plura:
497 368 718 435 divina»,
762 373 856 444 qui
883 373 1053 443 spolia
1075 375 1144 432 de
1168 376 1416 434 hostibus
1443 380 1634 448 refert,
1660 384 1748 437 vir
1770 387 1881 439 vir-
1910 391 1957 446 Α
1986 399 2072 443 cet
2103 392 2346 449 historiae
2390 404 2588 451 textus.
2619 397 2882 455 Exierunt
2916 402 3005 458 isti
3049 419 3287 474 pugnare
3317 422 3413 476 pro
3442 409 3566 464 ﬁliis

305 462 435 516 tutis
467 463 811 530 appellatur:
845 467 951 521 hoe
976 477 1059 522 est
1108 470 1253 524 enim
1307 471 1484 528 laudis
1509 473 1624 543 ejus
1648 476 1878 546 insigne,
1986 479 2174 548 Israel,
2209 483 2603 541 interfecerunt
2633 486 2954 547 Madianitas
2984 510 2998 560 ;
3035 462 3422 554 interﬁcientes
3467 515 3566 556 au—

299 552 443 622 quod
471 552 752 624 Scriptura
784 558 939 625 dicit,
959 561 1086 630 quia
1116 561 1328 618 locutus
1349 574 1429 619 est
1453 566 1677 621 Eleazar
1699 584 1882 625 sacer-
1987 577 2092 623 lem
2150 589 2278 640 eos.
2339 591 2598 647 quantum
2647 582 2713 636 uti
2764 582 3006 646 historia:
3059 588 3304 644 ordinem
3357 601 3564 661 ερθειθι

297 645 397 701 dos
438 647 503 700 ad
548 647 694 704 viros
737 650 979 718 virtutis,
1022 656 1112 722 qni
1155 658 1570 713 revertebantur
1602 676 1629 713 a
1673 664 1879 730 pra-lio.
1983 675 2036 719 et
2070 666 2301 722 litteram
2337 672 2491 741 legis,
2522 674 2842 742 placuerunt
2875 679 3007 745 Deo,
3038 680 3366 736 voluntatem
3410 700 3562 740 nam-

295 734 430 804 Quis
451 749 695 794 nostrum
718 741 791 795 ita
816 752 1039 811 paratus
1065 755 1168 812 est,
1200 762 1257 802 nt
1280 757 1538 819 procedat
1587 755 1652 807 ad
1678 753 1876 808 bellum
1981 769 2087 823 que
2122 757 2212 812 Dei
2246 760 2629 829 impleverunt;
2677 773 2856 822 tamen
2902 771 3004 825 hoc
3041 771 3181 839 ipso,
3216 775 3357 843 quod
3392 776 3561 831 inter-

290 836 350 882 et
377 838 566 884 contra
593 832 935 890 adversarios
964 838 1207 906 dimicet,
1236 853 1296 899 ut
1333 854 1387 899 et
1429 846 1542 915 ipse
1589 848 1672 900 vir
1709 848 1879 915 possit
1981 845 2229 904 fecerunt
2273 853 2637 919 adversarios,
2675 856 2939 915 immundi
2992 863 3244 918 dicuntur
3278 864 3477 931 elIecti,
3507 878 3562 922 et

291 925 550 999 appellari
600 927 820 983 virtutis
860 928 1068 985 ?Sicut
1115 944 1294 988 autem
1337 939 1446 992 vita
1487 940 1794 1004 continens,
1824 949 1877 995 et
1980 949 2265 1009 propterea
2313 944 2512 998 dicitur
2541 948 2608 1000 ad
2658 962 2754 1004 eos
2784 949 2828 982 ’⁸³
2860 968 2874 1005 :
2911 969 2930 1002 «
2982 952 3047 1006 Ει
3088 954 3336 1010 lavabitis
3388 958 3560 1011 vesti-

292 1015 640 1072 abstinentiae
665 1018 835 1086 labor,
868 1030 1034 1090 atque
1057 1038 1288 1092 agonum
1322 1033 1643 1093 certamina,
1673 1029 1879 1087 faciunt
1980 1043 2160 1085 menta
2192 1044 2371 1089 vestra
2417 1037 2504 1091 die
2544 1042 2797 1107 septima,
2828 1052 2883 1098 et
2914 1045 3098 1098 mundi
3131 1046 3304 1111 eritis,
3336 1055 3391 1101 et
3438 1058 3560 1114 post

291 1123 741 1179 unumquemque
771 1111 948 1166 virum
994 1115 1212 1170 virtutis
1256 1119 1518 1187 appellari
1547 1135 1563 1175 :
1599 1123 1667 1175 ita
1713 1137 1876 1176 econ-
1981 1124 2093 1177 lucc
2113 1125 2401 1182 introibitis
2421 1129 2471 1182 in
2497 1135 2891 1205 eaStra.rErgo
2911 1135 2963 1188 hi
2985 1136 3073 1204 qui
3099 1145 3359 1207 pugnant,
3380 1152 3476 1205 pro
3492 1154 3559 1193 eu

290 1202 469 1257 trario
518 1205 746 1258 remissa
771 1206 903 1271 vita,
938 1224 1001 1261 ac
1057 1211 1358 1281 negligens,
1388 1223 1438 1266 et
1501 1214 1716 1282 ignava,
1743 1214 1876 1271 facit
1977 1217 2142 1288 369
2198 1221 2313 1289 ipso
2364 1225 2505 1291 quod
2535 1228 2876 1297 contigerunt
2909 1230 3095 1284 hostes
3124 1229 3452 1295 immundos,
3494 1241 3552 1287 et

288 1291 473 1347 virum
519 1295 750 1360 ignavi-.e
799 1299 1081 1367 appellari.
1113 1303 1170 1355 Si
1218 1319 1352 1373 ergo
1394 1306 1477 1360 vis
1507 1308 1763 1375 appellari
1793 1310 1875 1363 vir
1977 1309 2123 1375 qnud
2152 1310 2383 1380 ingressi
2430 1324 2557 1367 sunt
2597 1329 2788 1371 contra
2822 1332 2936 1382 eos,
2986 1329 3042 1374 et
3083 1320 3374 1375 habuerint
3430 1338 3550 1377 eum

284 1386 532 1452 virtutis,
582 1389 747 1445 indue
789 1400 839 1446 te
884 1394 1160 1448 Christum
1197 1398 1505 1464 Dominum,
1540 1402 1630 1471 qni
1659 1411 1738 1456 est
1777 1401 1870 1456 Dei
1976 1403 2057 1456 eis
2107 1414 2408 1470 certamen,
2466 1409 2656 1477 polluti
2710 1421 2856 1466 sunt.
2899 1412 2967 1466 Et
3003 1427 3105 1484 ego
3154 1429 3287 1484 ergo
3336 1416 3551 1469 etiamsi

284 1478 492 1543 virtus,
517 1490 569 1534 et
612 1480 704 1535 Dei
738 1484 1104 1553 sapientia,et
1154 1490 1206 1542 in
1259 1493 1514 1547 omnibus
1558 1494 1793 1564 adjunge
1823 1506 1874 1549 te
1977 1494 2198 1551 vincere
2257 1508 2487 1566 potuero
2547 1501 2858 1570 diabolum,
2925 1506 3139 1559 etiamsi
3192 1506 3554 1575 cogitationes

284 1570 538 1638 Domino,
578 1573 651 1630 ita
689 1585 747 1630 ut
785 1593 923 1632 unus
966 1595 1086 1634 cum
1130 1597 1194 1636 eo
1230 1584 1457 1652 spiritus
1489 1586 1607 1651 tias,
1638 1597 1689 1641 et
1742 1597 1872 1644 tunc
1975 1587 2283 1642 immundas
2314 1600 2370 1643 et
2403 1590 2597 1657 malas,
2649 1609 2783 1664 quas
2815 1596 2966 1650 cordi
3002 1611 3124 1650 meo
3167 1600 3433 1669 suggerit,
3470 1599 3552 1652 vel

280 1663 372 1719 vir
391 1665 603 1722 virtutis
643 1669 910 1726 elﬁcieris.
933 1672 1166 1743 Tempus
1218 1678 1380 1746 igitur
1422 1679 1547 1734 belli
1592 1682 1746 1738 nobis
1789 1692 1872 1736 est
1901 1737 1943 1759 ἢ
1976 1680 2239 1749 repellere
2280 1684 2583 1749 venientes,
2610 1687 2696 1740 vel
2748 1687 3022 1759 ingressas
3052 1705 3253 1745 necare
3286 1689 3425 1746 intra
3446 1707 3553 1757 me,

1068 1737 1079 1743 -
1237 1737 1263 1746 υ
2040 1737 2055 1749 .
2654 1737 2695 1740 --
2749 1737 3020 1759 μιν---ν-
3052 1737 3252 1745 un---

279 1756 338 1811 in
383 1757 484 1813 hoc
528 1763 729 1817 mundo
765 1802 781 1826 ,
819 1779 994 1835 pugna
1044 1769 1309 1825 adversus
1364 1771 1690 1829 Madianitas
1738 1784 1820 1829 est
1847 1816 1862 1838 ,
1900 1737 1944 1792 Β
1972 1790 2042 1828 ne
2073 1775 2139 1828 ad
2172 1774 2422 1831 eﬁ‘ecturn
2465 1782 2807 1848 perveniant,
2862 1784 3110 1853 quivere,
3158 1793 3212 1837 et
3259 1784 3304 1838 si
3342 1784 3560 1838 calcare

276 1851 402 1906 sive
448 1852 735 1910 adversum
792 1858 922 1914 vitia
973 1863 1160 1916 carnis
1219 1874 1439 1931 nostrae,
1499 1868 1616 1923 sive
1665 1868 1864 1923 adver-
1966 1880 2197 1935 patuero
2241 1880 2405 1940 caput
2442 1873 2714 1937 draconis,
2749 1873 2849 1928 hoc
2891 1874 3009 1946 ipso
3037 1884 3218 1929 tamen
3247 1875 3410 1945 pollui
3464 1889 3551 1928 me

275 1961 404 1998 sum
463 1949 767 2004 contrarias
834 1962 1149 2021 potestates.
1202 1956 1424 2027 Spectat
1485 1976 1583 2016 nos
1641 1963 1861 2032 angelo-
1964 1970 2020 2013 et
2052 1958 2328 2030 induinari
2363 1980 2589 2019 necesse
2624 1976 2730 2032 eSI,
2761 1970 2903 2037 quod
2934 1984 3056 2023 eum
3085 1970 3176 2040 qni
3211 1970 3448 2039 pollutus
3497 1978 3554 2022 ct

273 2049 403 2088 rum
445 2037 666 2107 chorus,
696 2042 956 2097 virtutum
988 2047 1287 2103 caelestium
1329 2052 1416 2120 pia
1444 2067 1572 2122 erga
1603 2071 1703 2110 nos
1727 2071 1862 2125 pcn-

1965 2051 2282 2121 inquinatus
2311 2063 2414 2121 est,
2447 2058 2684 2128 conligi;
2717 2068 2772 2112 et
2799 2075 2896 2114 ero
2922 2061 3140 2129 quidem
3170 2065 3547 2131 oeatus,quod

272 2128 373 2181 det
401 2133 757 2200 exspectatio,
789 2138 1008 2205 quando
1034 2139 1116 2193 vel
1143 2145 1415 2209 quomodo
1448 2145 1515 2199 de
1541 2147 1643 2201 hoc
1671 2149 1862 2216 prmlio
1963 2158 2089 2197 eum
2126 2160 2384 2213 superare
2407 2149 2578 2215 potui,
2607 2150 2919 2205 immundus
2942 2128 3140 2208 tamen
3184 2169 3300 2209 sum
3341 2165 3396 2211 et
3429 2157 3549 2226 pol-

275 2231 638 2289 revertamur,
660 2226 789 2295 quid
815 2231 1185 2302 unusquisque
1209 2245 1454 2291 nostrum
1479 2241 1858 2297 manubiarum

1961 2233 2128 2302 lutus,
2165 2236 2255 2305 qui
2289 2236 2552 2305 pollutum
2589 2242 2815 2310 conligi,
2846 2252 2901 2298 et
2942 2243 3011 2298 ob
3042 2245 3146 2299 hoc
3170 2247 3547 2315 puriﬁcatione

272 2320 518 2379 reportet
556 2324 655 2369 :et
683 2316 963 2373 intuentur
991 2323 1283 2389 curiosius,
1314 2342 1375 2381 ac
1409 2327 1698 2385 sollicitius
1743 2348 1860 2401 per-
1961 2341 2116 2395 egeo.
2167 2328 2373 2384 idcirco
2400 2329 2657 2384 nimirum
2693 2342 2747 2386 cl
2797 2332 3079 2403 Scriptura
3128 2338 3259 2392 dicit
3290 2357 3306 2394 ε
3350 2338 3397 2372 ⁸³
3418 2340 3546 2409 quia

269 2414 613 2473 scrutantur,
649 2409 771 2478 quis
811 2421 1055 2468 nostrum
1089 2418 1208 2470 auri
1254 2420 1381 2474 hinc
1424 2421 1654 2491 amplius
1695 2423 1855 2491 ferat,

1965 2436 1982 2468 ι
2017 2434 2175 2472 nemo
2207 2421 2438 2497 mundus
2477 2437 2506 2475 a
2556 2424 2739 2478 sorde.
2777 2442 2797 2476 ι
2841 2427 3045 2482 Omnes
3101 2444 3234 2498 ergo
3284 2435 3540 2500 puriﬁca-

267 2494 396 2562 quis
440 2497 606 2550 etiam
652 2503 862 2570 argenti
909 2505 1040 2559 illud
1087 2511 1296 2575 pondus
1344 2512 1621 2579 exhibeat,
1668 2518 1857 2584 quisve
1961 2510 2107 2561 tione
2141 2494 2466 2580 indigemus,
2509 2513 2616 2567 into
2655 2514 3150 2584 puriﬁcationibus.
3187 2521 3365 2579 Multa:
3397 2530 3542 2583 enim

265 2582 480 2657 lapides
529 2589 739 2646 deferat
764 2596 1059 2662 pretiosos.
1102 2598 1405 2669 nequir-unt
1451 2607 1615 2658 etiam
1643 2582 1696 2660 sil
1732 2611 1856 2677 quis
1957 2611 2013 2655 et
2049 2601 2276 2657 diversae
2307 2618 2407 2659 nos
2446 2616 2667 2660 manent
2715 2610 3147 2677 puriﬁcationes.
3178 2616 3286 2672 Sed
3313 2623 3542 2691 mystica

263 2692 345 2734 as
374 2678 580 2736 deferat
613 2695 709 2738 aut
736 2686 962 2755 ferrum,
990 2699 1084 2745 aut
1119 2693 1417 2762 plumbum,
1445 2698 1538 2751 sed
1584 2709 1638 2753 el
1670 2715 1764 2754 vas
1797 2700 1857 2754 ti.
1956 2691 2072 2747 hace
2101 2703 2229 2748 sunt
2257 2703 2314 2749 et
2340 2694 2663 2755 inelTabilia.
2700 2699 2834 2766 Quis
2871 2703 3020 2759 enim
3074 2709 3233 2764 nobis
3282 2725 3544 2770 enarrare

263 2786 464 2842 gneum
489 2775 533 2829 si
564 2773 706 2832 forte
731 2778 953 2849 aliquis,
999 2796 1095 2837 aut
1140 2785 1326 2849 ﬁctile,
1353 2797 1447 2842 aut
1477 2791 1622 2845 aliud
1671 2791 1857 2860 hujus.

1954 2787 2196 2855 poterit,
2255 2803 2375 2859 qua:
2432 2790 2543 2845 sint
2594 2792 3046 2864 purilicationes,
3111 2815 3230 2870 qua:
3280 2816 3542 2874 parentur

261 2865 413 2920 modi
441 2882 650 2938 magna:
691 2870 880 2926 domus
925 2873 1113 2929 usibus
1150 2881 1538 2935 necessarium.
1572 2900 1590 2934 ι
1632 2882 1690 2937 In
1739 2901 1854 2938 ma-

1953 2876 2145 2946 Paulo,
2191 2882 2277 2936 vel
2324 2882 2487 2940 Petro
2536 2887 2673 2956 (i9),
2734 2890 2818 2944 vel
2849 2893 2973 2947 aliis
3015 2865 3208 2950 horum
3245 2865 3539 2968 similibus,

264 2971 376 3027 gna
418 2961 567 3013 enim
608 2963 766 3019 domo
798 2982 902 3019 non
944 2978 1069 3022 sunt
1103 2974 1475 3028 tantummodo
1518 2989 1646 3029 vasa
1684 2992 1848 3030 aurea

1953 2973 2042 3039 qui
2075 2982 2280 3025 tantum
2308 2989 2705 3046 pugnaverunt,
2752 2991 2829 3036 tot
2854 2993 3044 3052 gentes
3095 2987 3358 3045 barbaras
3390 2991 3540 3046 dele-

257 3061 315 3105 et
360 3062 635 3123 argentea,
666 3057 758 3110 sed
782 3067 837 3112 et
878 3058 1053 3126 lignea
1081 3072 1135 3115 et
1164 3062 1347 3118 ﬁctilia
1381 3064 1448 3119 ³³.
1488 3084 1508 3117 ι
1538 3067 1852 3137 chniritnr

1955 3074 2170 3128 verunt,
2204 3073 2281 3119 tot
2316 3068 2501 3123 hostes
2549 3081 2986 3141 prostraverunt,
3031 3088 3180 3132 tanta
3213 3082 3408 3148 spolia,
3455 3094 3531 3139 tot

258 3158 396 3214 ergo
422 3143 710 3213 diligenter
739 3163 861 3202 cum
888 3149 1185 3206 abieritnus
1212 3152 1356 3220 illuc,
1393 3156 1520 3224 quid
1555 3160 1852 3226 unusquis-
1962 3154 2264 3224 triumphos
2295 3168 2575 3227 ceperunt.
2603 3163 2693 3230 qui
2733 3167 2978 3220 t‘rlleltlis
3004 3170 3257 3226 "mnibus
3287 3173 3353 3226 de
3384 3176 3536 3230 caule

256 3248 368 3304 que
401 3245 643 3291 nostrum
668 3238 891 3305 deferat,
917 3249 970 3294 et
1003 3243 1299 3298 secundum
1332 3261 1396 3299 ea
1424 3260 1544 3315 quae
1578 3248 1850 3317 detulerit,
1959 3248 2193 3301 hostium
2229 3251 2480 3315 redeunt,
2519 3268 2750 3322 quorum
2809 3274 2905 3326 pes
2939 3260 3138 3316 tinctus
3183 3272 3266 3318 est
3298 3264 3351 3319 in
3402 3282 3535 3321 san—

259 3328 564 3382 secundnm
619 3332 762 3399 quod
802 3329 958 3386 labor
986 3335 1105 3403 ejus
1137 3349 1236 3403 pro
1259 3337 1720 3408 contemplatione
1753 3355 1851 3394 ex-
1954 3339 2137 3407 guilte.
2169 3349 2224 3393 el
2273 3358 2469 3397 litantis
2500 3360 2628 3400 suas
2656 3347 2913 3403 laverunt
2956 3351 3008 3405 in
3038 3356 3306 3423 Sanguine
3338 3372 3538 3426 pecca-

256 3419 510 3473 uviaruin
536 3421 812 3491 probatur,
849 3426 1015 3479 etiam
1047 3428 1343 3483 mansionis
1370 3430 1482 3503 (47)
1517 3431 1566 3485 ei
1599 3432 1850 3487 meritum
1957 3439 2131 3485 terunt
2161 3432 2185 3486 ?
2241 3432 2640 3491 interfecerunt
2671 3440 2870 3510 quippe
2915 3443 2968 3496 in
3018 3447 3299 3501 matutinis
3342 3462 3536 3504 omnes

255 3514 630 3583 deputabitur.
665 3516 1180 3584 Probantucta‘men
1222 3523 1402 3576 omnia
1429 3523 1543 3578 hmc
1572 3541 1587 3577 :
1613 3539 1731 3594 quae
1754 3539 1851 3594 per
1954 3534 2266 3592 peccatores
2308 3536 2486 3596 terrae,
2526 3536 2584 3583 et
2624 3531 2914 3602 imaginem
2946 3549 3135 3590 eorum
3192 3541 3532 3595 extermina-

256 3608 484 3677 ignem,
520 3625 641 3679 qua:
687 3627 786 3681 per
837 3626 1029 3683 aquam
1074 3629 1088 3665 :
1137 3632 1156 3665 ι
1202 3611 1642 3686 Uniuscujusqne
1703 3620 1848 3672 eiiim
1952 3615 2239 3669 veruntde
2260 3616 2480 3672 civitate
2523 3618 2755 3690 Domini.
2787 3623 3047 3679 Yicerunt
3071 3628 3269 3698 quippe
3298 3638 3534 3702 etpere-

253 3716 397 3773 opus
435 3702 594 3771 quale
621 3705 713 3771 sit,
742 3705 884 3776 ignis
915 3705 1248 3776 probabit“.
1288 3725 1308 3758 ι
1952 3717 2169 3760 merunt
2217 3708 2466 3764 diversas
2495 3712 2801 3767 dazmonnm
2853 3728 3069 3787 gentes.
3116 3720 3231 3776 Nisi
3270 3726 3416 3778 enim
3449 3726 3530 3780 vi-

326 3800 383 3853 6.
413 3798 710 3868 Propterea
743 3813 874 3869 ergo
934 3801 1009 3854 ait
1040 3798 1085 3830 δι
1123 3815 1137 3851 :
1176 3817 1195 3850 ί
1247 3799 1372 3855 Haec
1420 3809 1505 3855 cst
1527 3802 1847 3872 justiﬁratio
1951 3799 2152 3854 cissent
2178 3816 2296 3865 eas,
2330 3819 2433 3856 non
2468 3808 2772 3873 potuissent
2805 3825 3002 3878 capere
3033 3827 3099 3866 ex
3134 3815 3215 3869 eis
3257 3818 3524 3887 captivos,

250 3893 411 3964 legis,
433 3909 591 3962 quam
611 3895 1163 3951 consliluilﬂominug
1181 3896 1347 3966 Moysi
1373 3911 1387 3948 ε
1414 3910 1843 3967 ριιίηιειιειυιθηηι,
1947 3906 2169 3946 omnem
2226 3895 2369 3947 hunc
2401 3894 2739 3953 credentium
2789 3915 3097 3967 numerum,
3128 3913 3183 3957 ει
3228 3906 3527 3975 perducere

250 3997 308 4042 et
329 3997 636 4059 argentum,
662 3995 713 4041 et
729 3998 1108 4055 aeramentum,
1130 3996 1182 4041 et
1214 3989 1514 4057 ferrum,et
1541 3990 1840 4058 plumbum,
1945 3997 2039 4038 eos
2073 3984 2142 4037 ab
2169 3984 2535 4039 Oitediemiam
2591 3988 2822 4056 CilfiSli.
2867 4000 2922 4046 θῑ
2971 3993 3207 4050 SUbdel'e
3258 4012 3352 4053 608
3389 3998 3520 4070 i080

248 4090 599 4147 etstannum,
626 4091 682 4134 et
707 4082 884 4136 omnis
910 4097 998 4136 res
1020 4096 1139 4149 qua:
1165 4082 1359 4135 transit
1385 4097 1481 4149 per
1501 4083 1700 4152 ignem,
1734 4094 1844 4137 tra-

1945 4073 2064 4143 ejus
2092 4074 2268 4139 suavi,
2298 4083 2351 4129 et
2402 4074 2683 4144 imponere
2728 4080 2809 4136 eis
2838 4096 2976 4137 onus
3025 4083 3143 4151 ejus
3190 4083 3334 4142 leve.
3386 4087 3520 4156 Quis

252 4172 435 4227 ducite
464 4187 562 4242 per
592 4173 769 4241 ignem
798 4184 851 4227 et
879 4173 1248 4228 inundabitur.
1277 4174 1383 4228 Sed
1409 4183 1464 4229 et
1495 4175 1547 4228 in
1575 4191 1713 4245 aqua
1745 4192 1844 4245 pu-

1944 4181 2076 4237 ergo
2099 4167 2172 4221 ita
2202 4167 2395 4224 beatus
2417 4179 2522 4236 est,
2552 4175 2643 4242 qui
2676 4175 2936 4229 succedat
2964 4175 3045 4230 eis
3077 4177 3129 4231 in
3180 4177 3267 4233 his
3291 4180 3516 4249 praeliis.

249 4264 573 4322 riﬁcationis
615 4268 1072 4338 puriﬁcabuntur.
1111 4264 1305 4323 Omnia
1349 4284 1685 4339 quaecunque
1733 4285 1839 4323 non

1944 4268 1999 4313 et
2030 4259 2538 4318 interﬁciatomnes
2577 4263 2922 4334 Madianitas,
2977 4276 3033 4323 et
3074 4268 3411 4340 justiﬁcetur
3449 4288 3516 4328 ex

249 4367 535 4414 transeunt
565 4375 662 4430 per
698 4361 905 4431 ignem,
929 4360 1237 4415 transibunt
1290 4376 1387 4430 per
1421 4375 1641 4430 aquam,
1679 4372 1734 4415 et
1760 4362 1839 4414 la-
1945 4353 2206 4421 sanguine
2228 4354 2464 4408 eorum?
2507 4355 2840 4428 Sanguinem
2886 4360 3031 4415 enim
3059 4362 3367 4417 decurionum
3397 4362 3520 4420 fun-

244 4451 448 4508 vabitis
477 4454 804 4509 vestimenta
830 4464 1009 4510 vestra
1039 4455 1125 4509 die
1159 4442 1408 4524 septima,
1433 4464 1488 4509 et
1518 4454 1701 4509 mundi
1735 4456 1837 4509 eri-
1868 4443 1913 4499 Ι)
1941 4444 2070 4498 dere
2103 4444 2322 4508 (Παίων,
2352 4444 2442 4513 (ιιιί
2480 4446 2642 4516 eripit
2671 4463 2765 4503 808
2792 4451 2991 4519 quibus
3024 4451 3101 4506 illi
3136 4452 3516 4510 dominamur-

247 4544 340 4608 ηε,
376 4554 431 4599 ει
472 4555 595 4614 post
630 4546 748 4600 hac
779 4544 1074 4601 ίηιτοηηιίε
1119 4546 1172 4599 in
1215 4552 1419 4600 castra,
1456 4562 1477 4595 ι
1512 4544 1675 4598 Vides
1698 4560 1832 4615 quo.
1940 4535 2238 4592 Lavabitur
2274 4548 2457 4593 autem
2492 4541 2593 4595 hoc
2624 4545 2908 4612 sanguine,
2961 4556 3014 4599 et
3047 4546 3434 4617 puriﬁcabitur
3460 4548 3514 4603 in

244 4635 410 4691 modo
465 4635 842 4706 puriﬁcatione
894 4636 1099 4707 indiget
1149 4635 1347 4701 omnis,
1379 4635 1475 4704 qui
1524 4636 1723 4690 exierit
1769 4636 1838 4692 de

1944 4645 2112 4699 regno
2140 4630 2257 4696 Dei,
2286 4642 2347 4685 ut
2377 4634 2697 4702 puriﬁcatus
2724 4630 3047 4693 et’mundus
3077 4637 3307 4695 eﬁ'ectus
3340 4643 3511 4710 possit

245 4725 433 4794 prmlio
468 4727 594 4782 vitae
638 4726 814 4796 hujus.
851 4726 1004 4794 Quod
1031 4725 1083 4782 si'
1110 4725 1184 4781 ita
1230 4736 1319 4781 est
1364 4725 1501 4800 (48),
1533 4736 1591 4781 ut
1633 4726 1835 4796 aliquid
1937 4727 2149 4796 ingredi
2218 4734 2465 4782 sanctam
2534 4730 2809 4785 civitatem
2885 4732 3012 4796 Dei,
3065 4733 3348 4802 aperiente
3409 4735 3515 4791 sibi

246 4818 478 4874 audeam
510 4819 692 4876 dicere
718 4820 1014 4876 secundum
1047 4817 1340 4890 Scriptura:
1367 4820 1564 4875 divinae
1593 4823 1834 4875 auctori-
1933 4819 2135 4874 ostinrn
2187 4819 2408 4875 Christo
2447 4818 2573 4876 Jesu
2618 4820 2847 4878 Domino
2899 4833 3107 4888 nostro,
3152 4825 3264 4881 imo
3293 4827 3384 4897 qui
3433 4838 3515 4883 est

245 4919 437 4981 tatem,
488 4914 668 4968 omnis
719 4914 809 4983 qui
841 4914 1039 4969 exierit
1078 4915 1144 4967 de
1189 4915 1292 4967 hac
1324 4915 1458 4979 vita,
1503 4928 1613 4967 non
1659 4923 1837 4983 potest
1933 4912 2384 4966 ostiumcivitatis
2408 4912 2579 4983 ipsius
2603 4912 2727 4968 Dei:
2755 4915 2841 4969 cui
2861 4916 3130 4988 estgloria
3154 4920 3512 4992 etimperiunt

242 5018 370 5061 esse
397 5005 649 5060 mundus.
685 5004 977 5062 Considera
1014 5004 1156 5058 enim
1196 5003 1480 5074 diligenter
1512 5003 1641 5073 quid
1689 5003 1834 5057 indi-
1935 5003 1991 5057 in
2026 5005 2222 5058 sazcula
2246 5004 2593 5060 saaculorum.
2624 5008 2819 5062 Amen.

322 5121 369 5155 "
400 5120 589 5175 lTim.
619 5136 681 5185 ιι,
711 5120 803 5176 20.
879 5118 924 5150 “
952 5118 972 5172 1
1015 5117 1141 5174 Cor.
1179 5132 1260 5186 ιιι,
1290 5117 1376 5172 15.
1454 5117 1496 5148 ’⁵⁸
1532 5116 1693 5171 Num.
1728 5131 1883 5181 sui,
1916 5120 1921 5169 1

1662 5133 1693 5169 ι.
1728 5131 1883 5181 uxr,
1916 5116 2008 5185 2i,
2042 5116 2134 5181 9.2,
2159 5117 2251 5184 23,
2278 5117 2371 5172 24.
2446 5118 2491 5151 ⁸¹
2519 5119 2650 5175 ibid.
2682 5119 2772 5175 24.
2848 5123 2894 5153 “
2918 5121 3040 5179 Job.
3066 5141 3181 5195 xrv,
3207 5126 3261 5182 4.

310 5286 431 5372 ξιτ)
470 5286 653 5370 Codex
695 5284 754 5341 S.
785 5283 1826 5382 Theodoriclininsecundumnkb‘qrem

1927 5283 1962 5337 2
1982 5286 2046 5368 ⁴ἱη
2076 5282 2385 5382 Iudicem”?
2415 5287 2471 5339 in
2522 5285 2796 5382 Esse/iiii;
2829 5290 2901 5382 Ita
2930 5294 3100 5382 etiam.
3123 5305 3345 5382 .auctor
3375 5295 3508 5352 Con-

242 5352 676 5429 uniuscujusque
706 5373 804 5435 pro
832 5355 1287 5435 contemplatione
1308 5356 1625 5410 exuviarum
1654 5363 1708 5407 et
1750 5352 1826 5404 ia-
1925 5357 2037 5408 uit.
2062 5356 2291 5435 apparot:
2312 5356 2404 5410 lib.
2440 5372 2560 5435 vn},
2584 5374 2702 5435 cap.
2728 5360 2798 5416 55
2828 5362 3052 5426 ;Euseb.
3078 5364 3266 5435 histor.
3292 5368 3386 5421 lib.
3405 5383 3505 5435 vn,

243 5429 346 5484 bor-
371 5425 887 5492 probabituretiam
913 5426 1269 5514 mansipnlis.»
1343 5493 1418 5514 Ν
1571 5493 1584 5506 θ
1658 5491 1688 5514 ν
1773 5494 1823 5514 ﬂ
1922 5441 2043 5514 gap.
2087 5426 2196 5514 18}
2247 5425 2474 5514 Grege‘r.
2509 5425 2841 5514 Nazianzen:
2872 5444 3012 5514 orat.
3045 5434 3269 5514 16,3th
3298 5425 3501 5503 ﬁnemi

314 5499 429 5572 (48)
467 5497 621 5564 Mss...
662 5516 682 5550 ι
720 5498 764 5552 si
792 5498 865 5552 ita
893 5505 996 5554 est.
1036 5514 1057 5548 ι
1088 5495 1244 5552 Libb.
1292 5493 1443 5559 editi,
1487 5512 1505 5541 ι
1541 5493 1586 5548 si
1621 5493 1823 5563 aliquid
1921 5493 2967 5589 Elirvsqstp‘tpqu:libr:A[iavirqirtitfttg
2993 5493 3310 5589 cap._'.8‘2,et.
3331 5493 3500 5589 sern';

243 5563 348 5624 es“.
399 5563 421 5622 ί
610 5563 615 5564 ⁷
1212 5633 1250 5647 ἢ
1412 5634 1467 5647 m
1541 5633 1553 5645 .
1704 5632 1716 5647 _
1916 5563 2441 5647 Pentansuctudine,
2473 5579 2529 5625 et
2554 5569 2669 5638 alii,
2702 5563 2796 5627 sed
2828 5563 3033 5643 absque
3062 5563 3180 5631 'ullo
3224 5563 3503 5647 primath

316 5640 430 5720 (L9)
464 5638 597 5720 ραι-εξ
617 5647 870 5720 petentur
897 5636 1075 5720 Paulo
1104 5637 1181 5693 vel
1204 5633 1387 5720 Petro.
1411 5634 1507 5690 Sic
1541 5632 1814 5720 interdum
1916 5633 2064 5691 Petri
2105 5636 2438 5706 prmjtttlicio.

244 5703 509 5780 Origenes
556 5703 785 5765 Paulum
817 5710 1060 5767 nominat
1100 5720 1229 5764 ante
1261 5706 1504 5773 Petrum,
1541 5712 1600 5758 ut
1628 5703 1815 5758 homil.
