4050 6148
578 243 680 302 771

1106 355 1385 410 HOMILIA
1420 355 1615 411 XXVI.

858 444 935 502 De
959 463 1163 500 summa
1190 447 1399 501 numeri
1420 447 1656 514 ﬁliorum
1684 446 1878 499 Israel.

653 541 705 594 I.
748 537 1094 594 Differentias
1134 553 1255 592 esse
1286 539 1624 608 profectuum
1653 547 1705 592 et
1735 539 2056 592 meritorum
2094 541 2144 591 in

576 631 777 703 pepulo
823 630 1084 694 ﬁdelium,
1136 631 1179 685 si
1220 631 1342 700 quis
1407 629 1720 700 diligentius
1773 631 2015 684 intendat
2069 630 2148 684 Ie-

577 726 768 791 ctioni,
791 725 974 779 multis
1006 725 1057 778 in
1082 725 1216 779 locis
1248 725 1446 780 divinis
1479 725 1530 778 in
1563 724 1928 778 voluminibus
1956 724 2146 792 depre-

576 819 794 876 hendet.
821 817 937 874 Non
971 819 1148 874 minus
1205 828 1382 873 autem
1417 819 1554 882 haec,
1585 829 1638 871 et
1671 834 1735 872 ex
1781 819 2036 886 praesenti
2065 818 2142 871 le-

577 915 756 970 ctione
782 915 1088 984 colligimus
1125 913 1192 967 de
1222 929 1286 967 eo
1313 911 1456 980 quod
1500 911 1757 978 scriptum
1781 920 1864 963 est
1885 909 1931 938 “
1958 926 1971 962 :
2014 927 2032 959 ι
2082 908 2140 962 Et

575 1015 930 1064 accesserunt
955 1008 1021 1061 ad
1061 1005 1282 1076 Moysen
1310 1018 1500 1058 omnes
1537 1003 1627 1071 qui
1657 1001 1938 1055 constituti
1987 1009 2146 1054 erant

577 1103 852 1172 principes
904 1116 1000 1168 per
1031 1099 1201 1153 tribus
1242 1099 1293 1151 in
1326 1098 1595 1160 exercitu,
1637 1095 1838 1150 tribttni
1867 1103 1922 1148 ct
1952 1104 2144 1147 centu-

578 1196 779 1257 riones,
814 1203 868 1248 et
899 1193 1153 1246 dixerunt
1193 1191 1259 1244 ad
1306 1190 1526 1260 Moysen
1562 1207 1575 1241 :
1609 1186 1718 1240 Nos
1741 1186 1893 1256 pueri
1928 1186 2000 1238 tui
2031 1186 2112 1240 col

575 1287 803 1357 legimus
859 1301 1126 1340 summam
1159 1285 1398 1338 virorum
1451 1282 1772 1336 bellatorum
1811 1290 2142 1340 nostrorum,

574 1389 630 1430 et
678 1392 782 1430 non
812 1375 1159 1430 dissensitex
1215 1373 1373 1427 nobis
1401 1373 1717 1442 quisquam,
1750 1378 1805 1423 et
1851 1369 2146 1423 obtulimus

577 1483 774 1520 munus
822 1466 1076 1529 Domino,
1112 1464 1488 1532 unttsquisque
1518 1463 1599 1515 vir
1648 1461 2012 1527 quodcunque
2059 1460 2142 1512 in-

574 1558 723 1611 venit
749 1573 844 1612 vas
876 1572 1126 1617 aureum,
1169 1565 1440 1622 torquem,
1477 1560 1570 1606 aut
1603 1550 1846 1605 viriolatn
1883 1549 2017 1620 (5'0),
2049 1557 2144 1602 aut

575 1649 858 1713 annulum,
913 1658 1005 1702 aut
1038 1647 1305 1709 dextrale,
1345 1656 1437 1700 aut
1488 1643 1813 1707 catenulam,
1851 1643 1916 1696 ad
1967 1641 2145 1710 propi-

576 1741 816 1795 tiandum
865 1754 961 1808 pro
1009 1739 1164 1792 nobis
1208 1753 1390 1792 coram
1451 1736 1700 1789 Domino.
1755 1753 1772 1786 ι
1823 1732 2144 1800 Loquuutur

573 1849 704 1902 ergo
733 1833 797 1884 ad
824 1830 1060 1900 Moysem
1088 1829 1242 1884 electi
1273 1829 1564 1898 principes,
1586 1827 1676 1896 qui
1710 1824 1988 1879 constituti
2020 1830 2144 1876 sunt

574 1939 739 1991 super
765 1922 1084 1981 exercitum,
1113 1929 1166 1973 et
1203 1934 1301 1987 pro
1353 1919 1486 1972 bene
1518 1919 1683 1986 gestis
1713 1917 1876 1970 rebus
1921 1929 2142 1967 munera

571 2014 803 2070 ollerunt
832 2014 960 2078 Deo,
996 2013 1238 2066 dicentes
1272 2031 1284 2065 :
1322 2010 1426 2064 Nos
1455 2011 1601 2078 pueri
1642 2011 1719 2063 tui
1775 2025 1986 2070 sumus,
2041 2007 2138 2075 qui

573 2108 882 2174 accepimus
904 2120 1172 2159 summam
1209 2102 1529 2158 bellatorum
1572 2102 1802 2156 ﬁliorum
1844 2101 2028 2156 Israel.
2054 2101 2142 2155 Di-

570 2209 703 2254 eunt
725 2209 906 2252 autem
940 2211 1206 2250 summam
1238 2195 1569 2248 bellatorum
1607 2193 1819 2246 illorum
1859 2192 2140 2246 duodecim

573 2291 740 2344 millia
769 2289 1035 2351 virorum,
1066 2287 1159 2355 qui
1190 2286 1344 2340 electi
1369 2293 1494 2339 sunt
1519 2299 1582 2338 ex
1613 2283 1864 2336 omnibus
1895 2281 2142 2335 tribubus

570 2382 762 2446 Israel,
819 2390 878 2434 ttt
927 2378 1282 2448 confligerent
1321 2378 1581 2431 adversus
1607 2374 1953 2428 Madianitas.
2003 2371 2143 2425 Sunt

569 2489 700 2543 ergo
733 2472 784 2526 in
818 2470 1014 2541 populo
1049 2471 1139 2523 Dei
1189 2469 1478 2522 bellatores
1504 2466 1680 2529 mttlti,
1714 2473 1837 2520 sunt
1865 2473 1920 2518 et
1949 2462 2141 2516 imbel-

569 2560 652 2617 les
695 2559 914 2630 plurimi
953 2576 966 2612 :
999 2567 1053 2612 et
1086 2573 1274 2611 rursus
1326 2558 1468 2610 inter
1511 2554 1800 2608 bellatores
1836 2563 1963 2607 sunt
2015 2553 2138 2620 qui-

567 2653 716 2715 dam,
745 2652 834 2720 qui
868 2649 1205 2720 appellantur
1233 2661 1444 2701 summa
1501 2646 1848 2708 bellatorum,
1901 2643 2144 2696 eminen-

567 2745 738 2800 tiores
784 2743 904 2797 sine
933 2741 1096 2796 dubio
1131 2741 1199 2793 iis
1250 2741 1339 2808 qtti
1383 2737 1673 2792 bellatores
1701 2737 1972 2796 dicuntur,
2001 2735 2142 2788 sicut

565 2845 623 2892 et
678 2835 1069 2890 eminentiores
1108 2842 1234 2885 sunt
1277 2833 1343 2885 ab
1374 2829 1683 2884 imbellibus
1715 2828 2026 2883 bellatores.
2077 2826 2144 2880 Et

566 2913 759 2984 rursus
783 2936 908 2981 sunt
939 2924 1103 2993 aliqui
1135 2924 1392 2977 celsiores
1417 2923 1484 2976 ab
1521 2921 1609 2986 iis,
1645 2920 1738 2990 qui
1777 2935 1990 2973 summa
2025 2919 2140 2972 bel-

2060 235 2380 294 ORIGENIS
3683 241 3767 297 772

2175 361 2223 416 Α
2253 361 2492 423 possunt,
2552 353 2621 407 ab
2668 352 2906 406 hostium
2953 360 3215 407 tueantur
3254 352 3481 415 insidiis,
3501 357 3648 411 verbo
3685 360 3763 413 do-

2251 447 2442 500 ctrinae
2501 458 2617 509 eos,
2659 444 3014 513 exemploque
3067 445 3196 497 vita:
3237 453 3290 498 et
3345 447 3764 504 commonitionum

2250 538 2542 591 sedulitate
2577 539 2886 592 munientes
2923 555 2934 590 :
2973 539 3016 592 si
3042 547 3223 591 tamen
3259 553 3362 592 non
3395 540 3614 593 desiteis
3643 541 3763 597 ﬁdes.

2251 627 2376 682 Sive
2398 630 2543 682 enim
2589 629 2902 692 bellatores,
2935 629 3047 683 sive
3084 630 3350 694 imbelles,
3376 629 3675 700 impossibile
3701 644 3765 691 est

2249 720 2446 774 salvari
2478 721 2596 774 sine
2645 722 2769 775 ﬁde.
2824 723 2968 774 Inter
2995 719 3160 790 370
3197 722 3342 790 ipsos
3381 730 3550 776 tamen
3580 725 3765 780 bellato-

2252 829 2360 875 res,
2388 829 2483 867 eos
2511 815 2775 866 duntaxat
2803 814 2894 882 qui
2937 815 3171 865 militant
3217 814 3346 874 Deo,
3373 816 3633 869 considera
3661 819 3766 875 alios

2250 906 2321 958 ita
2346 921 2463 958 esse
2489 916 2704 974 paratos
2739 915 2788 958 et
2819 905 3100 972 expeditos
3141 913 3198 956 ut
3236 905 3396 958 nullis
3424 920 3478 958 se
3527 907 3761 975 implicent

2248 998 2468 1049 omnino
2498 997 2731 1065 negotiis
2762 997 3139 1061 saecularibus,
3173 1005 3233 1049 ut
3278 995 3482 1065 placere
3510 1000 3766 1068 passintei,

2249 1089 2332 1143 cui
2369 1105 2425 1143 se
2457 1091 2822 1158 probaverunt
2855 1091 2920 1156 ",
2951 1091 3045 1144 sed
3081 1091 3133 1142 in
3170 1091 3287 1158 lege
3329 1091 3421 1144 Dei
3453 1094 3672 1147 meditari
3700 1099 3768 1152 die

2248 1197 2312 1234 ac
2365 1193 2545 1237 nocte.
2610 1182 2698 1236 Isti
2749 1199 2880 1251 ergo
2919 1184 3009 1251 qui
3065 1183 3374 1250 hujusmodi
3427 1196 3564 1250 sunt,
3596 1203 3765 1246 summa

2249 1275 2567 1330 bellatorqu
2599 1277 2952 1345 appellantur.
2985 1277 3233 1344 Denique
3267 1291 3369 1331 non
3408 1287 3490 1332 est
3523 1280 3695 1334 dictum
3717 1287 3768 1337 tie

2249 1367 2526 1421 communi
2576 1384 2807 1422 numero
2862 1368 3214 1433 bellatorum,
3269 1370 3395 1438 quia
3438 1386 3584 1425 nento
3631 1371 3676 1425 in
3707 1376 3768 1428 eis

2248 1459 2526 1522 dissensit,
2582 1462 2676 1513 sed
2719 1461 2784 1514 de
2813 1461 2880 1514 iis
2915 1462 3120 1516 dictum
3155 1472 3260 1527 est,
3291 1463 3383 1532 qui
3414 1477 3610 1517 summa
3633 1464 3765 1517 bella-

2250 1565 2424 1608 torum
2473 1556 2733 1610 nominati
2774 1569 2916 1610 suut.
2970 1558 3024 1611 In
3060 1560 3180 1612 istis
3219 1561 3360 1613 enim
3387 1560 3474 1629 qui
3510 1560 3628 1614 tales
3651 1571 3767 1627 sunt,

2247 1645 2394 1702 nulla
2424 1648 2714 1714 dissensm,
2748 1649 2889 1702 nulla
2924 1652 3220 1705 discordia.
3258 1651 3359 1720 Ipsi
3392 1652 3530 1706 enim
3556 1654 3765 1716 suntisti,

2248 1739 2315 1794 de
2342 1738 2535 1809 quibus
2581 1738 2787 1792 dictum
2836 1751 2918 1793 est
2951 1739 2996 1770 “
3025 1757 3038 1794 :
3074 1759 3092 1790 ‹
3128 1740 3262 1794 Erat
3288 1751 3463 1794 autem
3486 1740 3768 1794 credentium

2246 1845 2341 1884 cor
2362 1841 2417 1916 et
2437 1831 2618 1884 anima
2650 1846 2776 1896 una,
2805 1845 2908 1885 nec
2950 1834 3241 1900 quisquam
3270 1848 3452 1886 eorum
3478 1833 3656 1899 aliquid
3675 1846 3772 1898 pro-

2245 1934 2420 1988 prium
2457 1919 2692 1984 dicebat,
2727 1923 2821 1975 sed
2869 1932 3027 1976 erant
3079 1923 3188 1976 illis
3235 1924 3412 1976 omnia
3444 1923 3765 1976 communia.»

2245 2009 2334 2062 Isti
2364 2018 2488 2062 sunt
2540 2027 2671 2080 ergo
2709 2029 2918 2066 summa
2953 2012 3306 2079 bellatorum,
3365 2015 3415 2068 in
3446 2013 3622 2082 quibus
3646 2028 3770 2066 netno

2245 2099 2521 2154 dissensit.
2574 2103 2662 2155 Isti
2708 2113 2829 2156 sunt
2890 2103 2982 2170 qui
3025 2104 3145 2157 auri
3196 2103 3484 2172 plurimum
3533 2103 3771 2171 pugnando

2244 2206 2529 2264 ceperunt,
2561 2204 2616 2249 ει
2665 2211 2826 2250 οιιιηε
2863 2212 3054 2250 aurum
3115 2210 3282 2266 atque
3315 2212 3473 2251 omne
3523 2211 3771 2250 ornamen-

2245 2295 2380 2350 tum,
2412 2287 2529 2341 sive
2561 2288 2779 2356 capitis.
2808 2288 2923 2340 sive
2952 2287 3326 2351 brachiorum,
3353 2288 3463 2341 sive
3492 2287 3636 2341 etiam
3657 2285 3768 2354 digi-

2247 2387 2445 2443 torum,
2500 2379 2550 2430 id
2608 2388 2691 2431 est
2737 2379 3005 2447 quidquid
3055 2378 3106 2432 in
3155 2379 3528 2443 intellectibus,
3557 2375 3770 2447 quidquid

2246 2467 2298 2520 in
2324 2466 2582 2536 operibus
2621 2469 2843 2534 habent,
2876 2470 2982 2522 Deo
3017 2467 3277 2522 oll‘erunt.
3311 2469 3493 2523 Sciunt
3531 2464 3769 2534 enimquia

2247 2575 2469 2612 munera
2527 2558 2643 2627 ejus
2673 2561 2793 2613 data
2830 2560 2943 2628 ejus
2987 2568 3138 2623 sunt,
3167 2570 3224 2614 ει
3258 2562 3378 2616 ideo
3429 2576 3527 2614 non
3558 2555 3768 2612 dissentit

2246 2651 2301 2704 in
2331 2651 2410 2704 eis
2446 2664 2547 2704 nec
2594 2665 2752 2704 unus.
2788 2650 2895 2704 Nec
2924 2651 3072 2704 enim
3100 2661 3337 2720 possunt
3369 2663 3579 2704 munera
3611 2644 3769 2700 ollerre

2247 2741 2378 2804 Deo,
2427 2741 2587 2810 positi
2634 2741 2686 2793 in
2739 2741 3095 2797 dissensione.
3155 2743 3294 2798 Istos
3323 2753 3450 2813 puto
3479 2757 3588 2797 esse
3612 2753 3769 2793 secun-

2244 2833 2370 2886 dum
2427 2834 2806 2903 Evangelium,
2848 2834 2940 2902 qui
2996 2846 3329 2905 prarceptum
3364 2835 3487 2888 illud
3532 2834 3770 2902 diligenter

2244 2925 2561 2991 observant,
2598 2925 2741 2994 quod
2775 2925 2999 2979 mandat
3057 2927 3325 2982 Dominus
3355 2937 3408 2981 et
3439 2926 3662 2978 Salvator
3692 2921 3767 2975 δτι

566 3021 802 3076 latorum
857 3018 988 3071 dicti
1021 3026 1148 3070 sunt
1181 3033 1194 3068 :
1234 3015 1267 3068 ii
1316 3015 1523 3068 scilicet
1572 3014 1663 3083 qui
1696 3011 1977 3068 constituti
2017 3019 2141 3065 sunt
2169 3050 2214 3110 ϐ
2252 3033 2270 3066 ι
2301 3015 2358 3068 Si
2390 3027 2568 3070 autem
2601 3016 2764 3070 oll‘ers
2820 3031 3013 3070 tntttms
3056 3028 3205 3071 tuum
3247 3020 3314 3073 ad
3339 3019 3522 3084 altare,
3555 3027 3604 3071 et
3629 3029 3768 3070 reme-

566 3126 733 3180 super
763 3123 856 3162 eos
886 3107 1181 3176 principes,
1227 3115 1282 3159 et
1335 3105 1542 3176 praelati
1576 3106 1806 3175 singulis
1837 3104 2140 3173 quibusque

566 3202 806 3257 millibus
827 3201 1155 3254 electorum.
1185 3199 1277 3252 Est
1302 3213 1434 3267 ergo
1459 3198 1628 3251 multa
1670 3197 1956 3252 diversitas
1991 3197 2042 3250 in
2075 3211 2140 3251 eo

565 3296 780 3359 ordine,
812 3294 903 3363 qui
945 3293 1240 3348 bellatores
1268 3290 1629 3360 appellantur.
1665 3289 1769 3360 Sed
1803 3299 1856 3343 ct
1881 3290 2020 3342 inter
2058 3290 2139 3356 ip-

567 3403 659 3442 sos
716 3387 958 3442 imbelles
1022 3397 1108 3441 est
1164 3384 1510 3439 nihilominus
1571 3382 1748 3451 aliqua
1808 3381 2134 3436 dill‘erentia.

564 3479 677 3537 Nec
719 3481 816 3546 ipsi
849 3481 992 3533 enim
1019 3478 1302 3547 aequaliter
1351 3485 1405 3530 et
1438 3491 1545 3530 uno
1588 3475 1778 3528 ordine
1819 3489 2008 3528 omnes
2044 3489 2139 3542 ap-

564 3571 830 3644 pellantur
861 3571 1122 3626 imbelles.
1148 3569 1380 3636 Quidam
1420 3568 1568 3621 enim
1603 3568 1676 3620 ita
1719 3566 1964 3620 imbelles
1989 3575 2136 3628 sunt,

563 3674 624 3718 ut
652 3679 922 3734 nunquam
950 3665 1157 3733 possint
1199 3663 1312 3716 ﬁeri
1361 3659 1674 3725 bellatores,
1720 3669 1778 3711 ut
1821 3666 1904 3711 est
1953 3657 2138 3711 senilis

561 3767 716 3818 atas,
769 3765 823 3808 et
877 3756 1056 3810 onmis
1106 3754 1378 3809 femineus
1432 3766 1615 3816 sexus,
1678 3749 1771 3804 sed
1815 3758 1868 3802 et
1901 3749 2137 3803 conditio

562 3849 794 3904 servilis.
833 3849 1062 3903 Puerilis
1095 3861 1222 3902 vero
1257 3857 1390 3902 tetas
1427 3847 1500 3900 ita
1522 3843 1758 3898 imbellis
1778 3851 1882 3907 est,
1910 3852 1967 3896 ut
1989 3857 2136 3912 spem

562 3951 717 4012 gerat
748 3939 1039 4009 aliquando
1092 3940 1208 3994 ﬁeri
1242 3939 1516 4001 bellatrix,
1557 3937 1772 3992 scilicet
1794 3951 1916 3990 cutn
1947 3950 2140 3990 occur-

560 4035 692 4090 rerit
719 4034 835 4102 (5|)
865 4033 918 4086 in
955 4032 1128 4085 virum
1163 4030 1484 4102 perfectum,
1514 4031 1568 4083 in
1603 4043 1913 4083 mensuram
1938 4029 2136 4091 aetatis,

565 4137 694 4180 tunc
715 4139 820 4178 non
867 4122 1041 4177 solum
1073 4122 1367 4176 bellatores
1400 4121 1517 4174 ﬁeri
1548 4133 1614 4173 ex
1647 4118 1854 4186 pueris,
1880 4119 1974 4172 sed
2002 4128 2058 4171 et
2085 4119 2137 4171 in

561 4230 826 4271 summam
853 4214 1170 4268 bellatorum
1193 4213 1379 4266 venire
1399 4227 1456 4266 se
1477 4219 1720 4280 sperant,
1744 4219 1798 4263 et
1820 4224 1940 4264 esse
1957 4210 2137 4278 electl,

560 4319 616 4364 et
645 4310 698 4363 in
747 4308 1033 4364 duodecim
1079 4306 1314 4360 millibus
1347 4305 1651 4370 numerari,
1677 4302 1762 4358 vel
1792 4305 1954 4358 etiam
2002 4319 2140 4372 pra:-

559 4401 718 4466 Ierri,
744 4411 798 4455 et
829 4415 949 4455 esse
979 4400 1248 4469 principes
1275 4398 1596 4452 electorum.

628 4495 684 4548 ‘2.
738 4493 1034 4548 Considera
1071 4507 1214 4546 nunc
1266 4494 1551 4560 praesentis
1580 4492 1762 4546 szecnli
1803 4500 2028 4556 statum,
2081 4499 2134 4544 et

559 4585 682 4638 vide
710 4586 893 4638 omnia
927 4584 1082 4639 bellis
1122 4583 1350 4651 repleta,
1380 4599 1706 4652 omnemque
1736 4585 2025 4638 humanam
2055 4583 2134 4634 vi-

562 4687 669 4730 tam
715 4677 1080 4732 invisibilibus
1123 4675 1321 4746 pra-liis
1372 4687 1426 4729 et
1477 4677 1977 4745 itnpugnatiouilms
2024 4676 2133 4728 da:-

561 4784 778 4823 tnonum
830 4768 1112 4838 perm-geri
1143 4785 1156 4821 :
1196 4767 1248 4820 iu
1284 4765 1482 4835 populo
1521 4782 1648 4818 vero
1691 4767 1781 4820 Dei
1813 4782 1936 4820 esse
1972 4782 2135 4834 QUOS-

560 4863 683 4917 dam
742 4863 812 4914 ita
869 4861 1119 4915 robustos
1167 4860 1270 4914 Iide
1324 4869 1672 4926 armatosque
1719 4860 2029 4922 virtutibus,
2080 4867 2136 4910 ut

563 4957 850 5007 adversum
907 4950 1213 5018 bujusmodi
1271 4951 1458 5003 hostes
1501 4949 1748 5017 quotidie
1805 4949 1940 5003 bella
1969 4949 2137 5004 conli-

560 5045 729 5106 ciant,
763 5052 814 5096 et
843 5057 1060 5110 semper
1087 5042 1137 5094 itt
1167 5041 1452 5108 procinctu
1487 5037 1649 5109 positi
1689 5055 1794 5090 non
1841 5038 2014 5091 solum
2051 5055 2139 5092 se-

561 5138 842 5204 metipsos,
873 5135 964 5186 sed
1003 5143 1231 5187 caeteros
1284 5131 1374 5200 qui
1407 5133 1488 5184 vel
1532 5147 1627 5200 per
1673 5146 1888 5194 sexum,
1921 5129 2002 5183 vel
2046 5146 2140 5197 per

559 5238 794 5291 aetatem,
823 5225 904 5280 vel
932 5241 1026 5296 per
1052 5225 1332 5280 servitutis
1362 5224 1733 5279 conditionem
1764 5239 2008 5293 pugnare
2029 5242 2133 5280 non

628 5394 675 5428 “
703 5393 862 5448 Num.
891 5409 1042 5458 xui,
1067 5393 1265 5459 48,49,
1289 5392 1379 5448 50.
1456 5392 1501 5423 “
1545 5390 1588 5444 Il
1621 5389 1761 5443 Tim.
1799 5406 1861 5453 Il,
1899 5389 1951 5442 4.

631 5490 743 5557 (50)
786 5489 888 5542 Pro
923 5508 941 5540 ι
992 5489 1262 5558 viriolam,
1309 5507 1327 5540 ι
1367 5489 1535 5544 codex
1566 5486 1627 5542 S.
1661 5487 1990 5543 Tlteodoriei
2024 5489 2125 5542 ha-

558 5560 672 5620 bet,
703 5581 720 5611 ι
761 5561 1052 5614 armillam.
1093 5579 1111 5610 ι

594 5633 740 5712 ,(51)
777 5630 904 5685 Mss.
955 5649 975 5681 ι
1022 5631 1346 5686 occurrerit.
1394 5649 1413 5684 ι
1451 5630 1608 5684 Libb.
1658 5628 1826 5695 editi,
1871 5648 1888 5679 ι
1931 5643 2127 5685 occur-

560 5714 651 5756 ιιι.
686 5719 706 5753 ι

2250 3117 2499 3162 moratus
2540 3109 2713 3162 fueris
2749 3107 2875 3175 quia
2907 3107 3076 3163 frater
3119 3118 3245 3164 tuus
3279 3112 3469 3165 habeat
3491 3109 3667 3178 aliquid
3691 3106 3766 3160 ad-

2247 3213 2462 3252 versum
2500 3209 2573 3265 te,
2609 3201 2854 3270 relinque
2886 3204 2959 3257 ibi
3013 3218 3210 3256 munus
3248 3210 3392 3256 tuum
3433 3202 3495 3255 ad
3523 3202 3689 3263 altare,
3724 3205 3768 3252 et

2247 3297 2382 3347 vade
2417 3298 2567 3363 prius
2621 3297 2971 3351 reconciliari
3017 3297 3168 3352 Iratri
3225 3309 3339 3360 tuo,
3371 3309 3421 3354 el
3453 3308 3567 3351 tunc
3594 3295 3766 3349 veniens

2249 3385 2446 3442 oﬂ‘cres
2505 3402 2699 3442 munus
2771 3397 2944 3457 tuum,
3007 3409 3025 3442 ι
3080 3407 3186 3460 quo
3246 3392 3448 3445 scilicet
3495 3390 3650 3442 levent
3682 3384 3767 3455 (Si?)

2233 3495 2438 3532 manus
2465 3495 2591 3534 suas
2637 3481 2703 3534 ad
2735 3481 2898 3535 Deum
2931 3481 3048 3536 sine
3093 3484 3169 3536 ira
3223 3491 3282 3536 et
3324 3481 3654 3537 dissensione.
3693 3476 3762 3528 Isli

2247 3583 2372 3624 sunt
2402 3588 2532 3641 ergo
2562 3573 2653 3640 qui
2691 3574 2884 3627 dicunt
2915 3572 2984 3640 ⁸⁸,
3023 3591 3042 3625 ι
3083 3575 3420 3647 Collegimus
3449 3585 3682 3628 summam
3703 3566 3764 3618 vi—

2247 3679 2430 3717 rorum
2480 3664 2800 3718 bellatorum
2853 3677 3190 3733 nostrorum,
3218 3680 3276 3724 et
3302 3685 3403 3723 non
3454 3664 3677 3722 dissensit
3714 3675 3763 3712 ex

2246 3756 2403 3809 nobis
2449 3757 2736 3826 quisquam
2767 3797 2782 3818 ,
2820 3768 2872 3811 et
2913 3760 3209 3814 obtulimus
3261 3776 3451 3814 munus
3485 3757 3698 3813 Dontino.
3743 3770 3758 3803 ι

2248 3846 2514 3900 Discenda
2564 3848 2728 3917 igitur
2773 3849 2930 3903 nobis
2979 3866 3312 3920 magnopere
3341 3863 3421 3908 est
3449 3847 3763 3905 consonantia

2246 3941 2534 4010 disciplina
2573 3943 2685 4011 (55)
2721 3961 2733 3995 :
2768 3944 2894 4010 quia
2939 3953 3198 4012 tanquam
3237 3946 3291 4000 in
3343 3944 3571 4005 musicis,
3602 3941 3638 3994 si
3665 3942 3758 3991 har.

2247 4032 2427 4086 monia
2478 4034 2806 4086 chordarum
2859 4032 3020 4088 fuerit
3081 4047 3444 4090 consonanter
3487 4043 3763 4102 aptata,so-

2247 4137 2370 4174 num
2404 4138 2622 4176 suavem
2655 4125 2919 4178 ntodnlati
2945 4127 3206 4182 carminis
3246 4128 3464 4191 reddit;
3514 4126 3553 4179 si
3581 4138 3686 4175 vero
3710 4121 3762 4171 sil

2252 4211 2435 4280 aliqua
2486 4214 2538 4266 in
2605 4211 2803 4266 fidibus
2835 4214 3195 4278 dissonantia,
3232 4213 3608 4286 ingratissimus
3631 4218 3761 4260 sonus

2248 4305 2519 4370 redditur,
2568 4315 2624 4358 et
2653 4307 2917 4359 carminis
2952 4307 3179 4361 dulcedo
3218 4307 3600 4375 corrumpitur;
3636 4302 3692 4353 ita
3720 4305 3761 4350 et

2174 4415 2218 4470 ι)
2251 4396 2286 4449 ii
2307 4399 2396 4466 qui
2423 4399 2532 4453 Deo
2550 4399 2804 4463 militant,
2826 4400 2869 4453 si
2895 4399 3265 4455 dissensiones
3291 4399 3629 4456 etdiscordias
3651 4393 3760 4446 inter

2241 4507 2298 4545 se
2327 4493 2582 4559 habeant,
2622 4493 2832 4562 ingrata
2873 4502 3038 4546 erunt
3078 4494 3354 4556 omnia,et
3387 4491 3509 4547 nihil
3529 4495 3758 4554 acceptuln

2240 4583 2352 4638 Deo
2370 4585 2667 4648 Videbitur,
2698 4585 2910 4638 etiamsi
2933 4585 3099 4639 multa
3121 4585 3258 4640 bella
3285 4570 3757 4646 conficiant,etialllSi

2238 4677 2406 4744 Spolia
2439 4677 2608 4729 mulsa
2628 4675 2896 4742 deferant,
2931 4687 2987 4731 et
3019 4679 3184 4732 multa
3205 4696 3424 4734 munera
3441 4671 3758 4732 ollerantDeoc

2240 4767 2460 4820 Dicetur
2487 4769 2630 4821 enim
2664 4769 2730 4822 ad
2759 4784 2852 4823 eos
2880 4788 2892 4823 :
2935 4770 3154 4840 Depone
3201 4789 3392 4826 munus
3420 4783 3556 4823 tuum
3606 4765 3660 4818 ad
3692 4760 3754 4812 al-

2243 4876 2382 4924 ιθνει
2410 4870 2466 4913 et
2491 4862 2625 4914 vade
2655 4861 2811 4931 prius
2850 4865 3194 4918 reconciliari
3236 4865 3388 4918 fratri
3421 4873 3522 4925 tuo,
3553 4851 3758 4924 utpossis

2243 4963 2297 5007 et
2328 4964 2378 5005 ιιι
2405 4953 2546 5006 inter
2577 4969 2673 5007 eos
2703 4956 2792 5021 qui
2831 4970 3041 5010 summa
3069 4967 3198 5011 sunt
3223 4958 3456 5012 virorum
3488 4953 3754 5008 bellatorum

2241 5045 2543 5108 numerari,
2577 5054 2631 5098 et
2667 5047 2872 5111 dicere,
2921 5048 3047 5117 quia
3083 5064 3188 5102 non
3242 5049 3487 5104 dissensit
3533 5060 3589 5098 ex
3637 5036 3755 5093 nobis

2239 5137 2548 5206 quisquam.
2610 5139 2721 5208 Ego
2755 5141 2919 5194 etiam
2971 5143 3202 5211 amplius
3257 5141 3452 5212 aliquid
3503 5139 3623 5192 dico.
3664 5126 3753 5182 NiSi

2243 5230 2366 5283 talis
2417 5229 2608 5295 lucris,
2634 5243 2692 5285 ut
2731 5234 2784 5286 in
2820 5233 2968 5288 nullo
2997 5235 3290 5290 dissentias
3319 5251 3347 5289 a
3377 5228 3616 5288 mandatis
3663 5219 3752 5281 Dei.

2023 5391 2069 5421 "‘
2095 5393 2216 5448 Act.
2240 5397 2425 5459 tv,52.
2503 5397 2546 5427 ⁴⁷
2588 5397 2776 5451 Matth.
2813 5415 2868 5464 v,
2901 5400 2992 5463 25,
3020 5401 3112 5457 9.4.
3186 5401 3232 5433 ⁸⁸
3249 5401 3402 5455 Num.
3436 5411 3568 5458 xm,
3591 5382 3748 5450 $9.50-

2313 5493 2424 5617 (ὅὲζ
2457 5493 2585 5547 Mss.
2625 5513 2642 5545 ι
2675 5494 2876 5548 levent.
2921 5514 2939 5548 ι
2973 5497 3136 5578 bibl).
3161 5498 3312 5579 editi,
3347 5515 3364 5548 (
3409 5495 3550 5572 level.
3589 5507 3604 5538 ³
3683 5545 3727 5559 ..

2313 5564 2401 5617 (50
2455 5563 2585 5617 Mss.
2631 5582 2648 5614 ι
2684 5580 3060 5617 consonanttte
3085 5568 3386 5617 disciplina.
3423 5583 3440 5616 ι
3469 5563 3602 5616 Ltbb.
3625 5551 3727 5607 0d!“

2310 5551 2424 5633 (55,3
2455 5563 2585 5617 Mss.
2612 5582 2648 5644 ,ι
2684 5569 3060 5644 εριιεοιιριιιιίυ
3085 5551 3386 5638 disciplina.
3423 5583 3440 5616 ι
3469 5563 3602 5616 Libb.
3625 5551 3747 5610 editi.

2183 5705 2189 5710 .
2241 5650 2264 5686 ι
2303 5636 2658 5689 consonantia
2690 5636 3010 5706 disciplina).
3044 5657 3062 5688 ι
