4050 6148
254 296 375 356 τη

1398 290 1467 345 1N
1497 289 1832 349 nummos
1862 289 2149 347 HOMILIA
2179 276 2371 347 x'xvr.

3414 286 3520 345 771

254 433 364 476 nec
394 419 448 474 in
480 416 665 488 aliquo
699 415 983 486 discrepes
1031 417 1100 471 ab
1157 415 1493 486 evangelicis
1525 415 1834 486 praeceptis.
1868 420 1917 476 Α
2011 415 2068 469 3.
2135 413 2259 471 Post
2327 415 2442 470 haec
2497 413 2740 484 sequitur
2786 412 3016 469 historia
3084 412 3152 469 de
3204 412 3520 470 haereditate

258 531 371 569 non
397 512 602 583 poteris
622 511 833 566 hostem
873 509 1091 564 vincere
1120 508 1258 582 (54),
1301 524 1409 564 non
1440 509 1649 578 poteris
1681 524 1838 578 supe-

258 620 393 660 rare
437 603 742 658 inimicum.
798 601 856 656 In
909 616 974 656 eo
1018 603 1163 657 enim
1194 602 1310 672 ipso
1352 600 1466 669 jam
1496 601 1671 655 victus
1698 615 1756 655 es
1784 601 1837 655 in

259 713 378 769 quo
408 697 665 752 dissentis
701 714 715 749 :
747 704 804 751 et
853 710 949 765 per
998 696 1103 750 hoc
1146 695 1322 765 ipsum
1348 695 1623 765 superaris
1658 710 1686 747 a
1720 693 1839 747 dia-

258 787 412 854 bolo,
439 788 490 840 iu
523 801 632 856 quo
665 786 950 841 discordas
978 801 1007 839 a
1041 786 1171 841 Deo.
1206 783 1266 839 Si
1297 796 1477 840 autem
1506 785 1588 840 vis
1618 785 1839 838 vincere

259 880 571 941 inimicum,
604 887 659 933 et
694 891 815 934 esse
841 893 1052 932 summa
1086 877 1431 944 bellatorum,
1456 878 1673 931 adhtere
1702 877 1835 940 Deo,

258 982 321 1025 et
346 970 616 1024 coneorda
656 985 779 1025 eum
814 968 953 1037 ipso,
1000 969 1142 1024 sicut
1195 968 1284 1023 ille
1329 971 1417 1038 qui
1471 969 1687 1023 dicebat
1740 967 1784 1000 ⁸⁸
1821 985 1834 1022 :

266 1081 289 1115 ς
332 1062 466 1130 Quis
497 1078 596 1117 nos
622 1061 898 1132 separabit
937 1078 967 1116 a
1023 1063 1292 1116 charitate
1339 1062 1475 1116 Dei?
1512 1059 1836 1123 Tribulatio,

261 1171 336 1209 an
369 1154 643 1222 angustia,
697 1169 765 1207 an
820 1153 1012 1217 fames,
1042 1170 1109 1207 an
1142 1154 1377 1217 auditas,
1408 1169 1473 1206 an
1512 1152 1835 1221 periculum,

263 1263 336 1301 an
390 1246 649 1318 gladius?
691 1267 710 1299 ι
751 1247 818 1301 Ει
856 1247 1050 1300 iterum
1076 1246 1162 1302 ‘9:
1197 1266 1216 1298 ι
1251 1245 1436 1315 Neque
1481 1246 1610 1311 vita,
1666 1261 1839 1315 neque

261 1355 432 1400 mors,
464 1355 641 1410 neque
690 1339 971 1403 instantia,
1015 1355 1187 1408 neque
1210 1339 1411 1397 futura,
1438 1354 1613 1407 neque
1647 1339 1839 1391 altitu-

260 1432 355 1497 do,
382 1448 555 1502 neque
583 1431 934 1501 profundum,
983 1447 1156 1501 neque
1190 1442 1443 1487 creatura
1490 1431 1594 1486 alia
1640 1431 1842 1500 poterit

259 1538 365 1578 nos
408 1538 663 1593 separare
709 1540 737 1577 a
779 1525 1050 1579 cltaritate
1088 1524 1203 1587 Dei,
1251 1539 1372 1594 qua:
1415 1534 1499 1577 est
1533 1522 1587 1576 in
1618 1521 1840 1577 Christo

256 1616 391 1672 Jesu
422 1616 654 1672 Domino
679 1628 888 1672 nostro.
927 1618 1086 1672 rlste
1121 1617 1242 1672 talis
1274 1626 1454 1687 potest
1478 1616 1700 1671 vincere
1729 1615 1844 1670 Ma-

260 1710 525 1774 dianitas,
556 1722 610 1763 et
663 1710 973 1765 interﬁcere
1004 1726 1194 1764 omnes
1218 1720 1536 1778 peccatores
1578 1720 1760 1777 terrae,
1785 1720 1841 1766 et

257 1801 497 1873 perdere
541 1815 755 1855 omnem
806 1800 1094 1869 imaginem
1125 1816 1314 1856 eorum
1358 1802 1426 1856 de
1478 1800 1706 1856 civitate
1735 1801 1841 1855 Do-

263 1894 421 1948 tnini.
460 1893 525 1947 Et
577 1907 677 1963 ego
723 1907 853 1961 ergo
904 1893 1074 1947 debeo
1107 1894 1172 1947 de
1225 1894 1451 1962 meipso,
1480 1901 1536 1949 et
1574 1893 1643 1947 de
1690 1900 1838 1947 terra

260 1984 450 2041 carnis
488 1999 619 2037 meae
667 1985 892 2051 perdere
920 1993 1263 2051 peccatores,
1295 1994 1351 2038 et
1382 1983 1695 2041 interlicere
1726 1985 1838 2042 for-

264 2078 639 2140 nicationem,
702 2076 1127 2140 immunditiam,
1180 2077 1522 2145 passionem,
1580 2082 1841 2150 concupi-

263 2169 532 2225 scentiam
564 2166 788 2230 malam,
815 2176 870 2220 et
905 2166 1209 2219 avaritiam.
1243 2166 1333 2221 Isti
1371 2168 1516 2222 enim
1559 2179 1685 2224 sunt
1712 2186 1841 2241 pec—

264 2269 479 2315 calores
508 2268 669 2313 terrae
702 2273 856 2323 mem,
903 2272 1039 2326 quos
1066 2264 1195 2311 tunc
1235 2256 1449 2312 demum
1472 2262 1840 2316 exterminare

264 2362 459 2421 potero
512 2360 569 2406 et
610 2349 941 2413 interﬁcere,
984 2349 1028 2404 si
1064 2364 1172 2404 non
1205 2348 1522 2405 dissentiam
1554 2367 1584 2406 a
1616 2354 1840 2408 manda-

263 2445 339 2500 zis
362 2445 580 2501 Domitii
614 2463 630 2499 :
663 2454 718 2499 et
772 2454 897 2497 tunc
926 2458 1056 2498 vere
1107 2443 1298 2512 dignus
1341 2458 1457 2510 ero,
1492 2445 1586 2514 qui
1614 2445 1838 2503 oderam

264 2537 379 2593 Deo
412 2550 657 2591 munera.
698 2556 715 2588 ι
760 2534 934 2592 Omne
954 2551 1048 2590 vas
1076 2550 1326 2599 aureum,
1361 2543 1631 2606 torquem,
1687 2557 1706 2590 ι
1757 2539 1842 2592 in-

259 2634 388 2706 quit
416 2633 489 2699 “,
514 2651 532 2684 ι
566 2641 662 2686 aut
695 2630 942 2686 viriolam
971 2629 1106 2701 (55),
1132 2637 1226 2683 aut
1266 2629 1545 2697 annulum,
1578 2641 1673 2685 ant
1710 2632 1842 2687 dex-

267 2726 428 2789 trale,
457 2736 552 2780 aut
572 2725 901 2780 catenulam.
960 2743 981 2776 ι
1032 2723 1272 2792 Torquis
1318 2734 1700 2778 ornamentum
1754 2740 1843 2779 sa-

272 2819 492 2888 pientia:
533 2828 635 2872 est.
671 2815 731 2870 In
782 2814 1094 2871 Proverbiis
1123 2818 1266 2871 enim
1313 2816 1381 2871 de
1407 2815 1674 2884 sapientia
1707 2815 1842 2870 dici-

265 2922 358 2967 tur
385 2912 454 2976 ⁸⁶,
491 2912 634 2981 quod
683 2911 773 2978 qui
803 2908 1121 2978 acquisierit
1162 2924 1306 2974 eam,
1349 2919 1592 2978 torquem
1620 2922 1840 2962 auream

264 3016 432 3077 ponat
457 3006 603 3061 circa
627 3004 822 3059 collum
851 3018 1027 3057 suum.
1067 3001 1265 3056 Viriola
1290 3011 1345 3055 et
1379 3003 1633 3068 annulus,
1675 3016 1842 3056 orna-

1946 508 2175 575 ltuben,
2229 517 2286 562 et
2333 506 2492 573 Gad,
2564 516 2620 562 et
2676 507 2913 562 dimidiae
2966 505 3141 562 tribus
3199 507 3448 563 Manasse
3500 549 3517 564 .

1942 601 2008 654 de
2063 615 2168 669 qua
2234 608 2599 670 proponentes
2657 599 2836 668 aliqua
2907 599 3216 673 disserere,
3271 600 3522 655 volumus

1940 692 2097 762 371
2148 691 2296 761 prius
2340 692 2646 746 auditorum
2688 691 3020 760 diligentiam
3053 707 3417 757 commonere,
3464 699 3522 747 et

1941 786 2152 839 animos
2180 799 2368 839 eorum
2411 784 2477 836 ad
2511 783 3022 853 contemplationem
3057 784 3319 854 spiritalis
3359 782 3520 839 intel-

1943 876 2184 946 ligentia:
2213 876 2501 930 suscitare.
2534 874 2725 930 Omnia
2757 892 2879 946 qua:
2910 877 3168 931 dicuntur
3199 893 3302 932 non
3341 878 3516 933 solum

1940 982 2009 1022 ex
2043 969 2162 1038 ipso
2199 967 2289 1035 qui
2320 966 2520 1020 dicitur
2548 982 2800 1023 sermone
2825 970 3096 1037 pensanda
3142 978 3285 1035 sunt,
3318 970 3412 1024 sed
3462 980 3520 1024 et

1940 1075 2169 1130 persona
2192 1059 2422 1114 dicentis
2454 1074 2781 1129 magnopere
2806 1060 3197 1115 consideranda
3221 1072 3325 1115 est.
3353 1058 3518 1115 Verbi

1940 1152 2113 1220 gratia
2145 1169 2159 1205 :
2202 1151 2247 1205 si
2291 1165 2423 1220 puer
2447 1151 2640 1220 estqui
2672 1151 2929 1220 loquitur,
2962 1153 3173 1207 animos
3207 1159 3422 1207 nostros
3453 1156 3518 1206 ad

1940 1247 2180 1300 auditum
2222 1245 2421 1315 eloquii
2454 1245 2680 1315 puerilis
2720 1253 2988 1313 aptamus,
3023 1259 3122 1299 nec
3168 1244 3288 1314 plus
3318 1245 3520 1314 aliquid

1940 1339 1992 1393 in
2023 1339 2088 1393 iis
2118 1354 2238 1408 quae
2283 1339 2563 1404 dicuntur,
2611 1338 2713 1393 nisi
2760 1339 3076 1407 iuqnantum
3134 1338 3337 1393 sentire
3390 1354 3522 1407 puer

1938 1432 2136 1502 potuit,
2170 1441 2571 1502 exspectamus.
2607 1431 2664 1486 Si
2709 1447 2839 1487 vero
2878 1432 2972 1503 qui
3002 1430 3239 1501 loquitur
3289 1433 3368 1485 vir
3415 1443 3523 1497 est,

1942 1524 2198 1580 continuo
2251 1524 2709 1594 contemplamur,
2755 1523 2803 1579 si
2855 1526 2974 1579 viro
3018 1525 3177 1594 digna
3224 1535 3346 1578 sunt
3403 1540 3523 1592 qua:

1942 1619 2215 1675 dicuntur.
2244 1616 2308 1670 Et
2342 1632 2529 1669 rursus
2555 1616 2600 1670 si
2629 1617 2710 1669 vir
2740 1616 2832 1672 ille
2859 1616 3109 1672 eruditus
3135 1616 3207 1670 sit
3238 1616 3329 1685 qui
3366 1616 3519 1684 dicit,

1942 1726 2043 1782 pro
2064 1710 2385 1764 eruditionis
2423 1708 2539 1778 ejus
2581 1709 2778 1763 intuitu
2811 1711 2973 1764 etiam
3015 1710 3156 1763 dicta
3208 1722 3521 1779 pensamus.

1871 1772 1914 1828 Β
1944 1804 2001 1859 Si
2034 1818 2161 1859 vero
2179 1805 2263 1857 vir
2291 1803 2511 1873 quidem
2540 1802 2629 1856 ille
2650 1803 3057 1873 est,imperitus
3084 1811 3262 1855 tamen
3295 1812 3348 1855 et
3384 1802 3524 1855 idio-

1943 1904 2047 1959 tes,
2087 1894 2247 1949 aliter
2289 1908 2409 1963 quae
2453 1893 2709 1947 dicuntur
2741 1900 3059 1959 accipimus.
3087 1889 3182 1947 Sic
3205 1891 3331 1945 item
3369 1891 3413 1945 si
3452 1892 3526 1945 sit

1941 1989 2126 2044 senior
2155 1987 2245 2058 qui
2293 1987 2556 2056 loquitur,
2605 1996 2660 2041 et
2703 1984 2883 2039 multae
2924 2000 2987 2038 ac
3017 1985 3256 2053 probatae
3294 1986 3523 2054 peritiae,

1942 2091 2127 2152 utpote
2150 2082 2242 2152 qui
2271 2080 2325 2134 in
2356 2076 2756 2133 eruditionibus
2790 2076 3160 2142 consenuerit,
3201 2076 3361 2147 longe
3406 2092 3523 2131 ma-

1935 2173 2024 2244 jor
2048 2174 2103 2228 in
2135 2187 2200 2226 eo
2241 2171 2513 2226 dictorum
2554 2168 2855 2224 habebitur
2891 2169 3246 2238 exspectatio.
3288 2168 3398 2223 Cur
3432 2184 3527 2223 au-

1944 2276 2049 2323 tem
2068 2267 2173 2321 ista
2200 2265 2643 2335 prmtuiserimus,
2672 2262 2952 2318 historiam
2976 2262 3307 2317 haereditatis
3331 2261 3523 2317 Ruben

1940 2368 1993 2414 et
2021 2357 2136 2412 Gad
2167 2366 2222 2411 et
2245 2357 2483 2410 dimidiae
2519 2356 2693 2410 tribus
2739 2356 2992 2410 Manasse
3031 2368 3306 2422 exponere
3339 2354 3524 2409 volen-

1942 2456 2045 2518 tes,
2097 2449 2362 2503 ausculta.
2399 2447 2502 2514 Qui
2547 2447 2662 2503 hazc
2696 2458 2845 2515 gesta
2880 2456 3068 2499 narrat
3098 2462 3217 2515 qua).
3269 2446 3524 2517 legimus,

1944 2557 2118 2613 neque
2145 2556 2278 2609 puer
2301 2549 2404 2604 est,
2432 2539 2646 2609 qualem
2684 2555 2842 2608 Supra
2886 2539 3303 2608 descripsimus,
3344 2554 3522 2608 neque

1944 2635 2029 2687 vir
2059 2634 2183 2687 talis
2212 2632 2430 2702 aliquis,
2465 2646 2638 2700 neque
2671 2631 2874 2694 senior,
2916 2645 3015 2684 nec
3056 2631 3283 2685 omnino
3325 2630 3525 2701 aliquis

1943 2725 2104 2781 homo
2129 2734 2210 2780 est
2238 2740 2252 2775 :
2289 2733 2345 2779 et
2375 2734 2434 2777 ut
2470 2723 2702 2792 amplius
2729 2721 2936 2791 aliquid
2974 2721 3176 2788 dicam,
3208 2736 3309 2776 nee
3352 2735 3524 2791 auge-

1942 2816 2117 2872 lorum
2156 2815 2373 2886 aliquis,
2396 2825 2491 2869 aut
2516 2816 2775 2870 virtutum
2803 2814 3105 2870 caelestium
3128 2822 3233 2878 est,
3261 2814 3354 2867 sed
3378 2814 3525 2867 sicut

1947 2909 2171 2965 traditio
2207 2908 2474 2979 majorum
2520 2916 2687 2972 tenet,
2724 2907 2963 2977 Spiritus
2993 2917 3214 2961 sanctus
3248 2907 3361 2961 [nec
3394 2921 3525 2959 nar-

1946 3010 2050 3056 rat.
2083 3001 2232 3056 Unde
2258 3001 2403 3056 enim
2435 3009 2650 3070 poterat
2675 2999 2908 3069 Moyses,
2948 2998 3031 3054 vel
3067 3014 3187 3069 qua:
3213 2999 3282 3051 ab
3315 2997 3526 3066 origine

266 3109 453 3154 menta
487 3107 613 3152 sunt
657 3111 938 3158 manuum,
973 3094 1024 3148 in
1059 3095 1255 3165 quibus
1284 3108 1506 3163 operum
1553 3093 1841 3163 signantur
1867 3115 1909 3172 ρ
1945 3093 2129 3149 mundi
2163 3104 2312 3163 gesta
2338 3103 2486 3159 sunt,
2522 3093 2606 3148 vel
2641 3108 2760 3164 quae
2786 3094 2837 3145 in
2867 3094 2972 3146 ﬁne
2991 3090 3110 3161 ejus
3145 3102 3302 3144 erant
3334 3106 3528 3160 geren-

266 3191 494 3247 indieia.
527 3189 789 3244 Similiter
836 3198 892 3242 et
936 3186 1201 3243 dextrale.
1237 3186 1513 3240 Catenula:
1537 3201 1665 3238 vero
1690 3184 1838 3239 verbi

267 3294 325 3339 et
353 3282 612 3338 doctrinae
634 3280 1000 3336 connexiones
1031 3278 1339 3334 declarant.
1372 3296 1391 3328 ι
1422 3278 1503 3332 Ad
1539 3276 1840 3346 propitian-

265 3378 421 3438 dum,
452 3395 472 3428 ι
510 3374 776 3444 inquit“,
815 3392 834 3425 t
876 3373 1046 3427 Deum
1091 3386 1190 3440 pro
1220 3370 1397 3425 nobis.
1442 3388 1461 3421 ι
1496 3370 1554 3424 Si
1596 3368 1842 3424 dicamus

264 3475 489 3538 propter
540 3480 733 3519 aurum
790 3463 958 3518 Deum
998 3461 1289 3533 prepitium
1337 3461 1455 3516 ﬁeri
1502 3460 1839 3526 hominibus,

264 3560 394 3613 vide
431 3574 590 3627 quam
623 3555 1073 3623 absurdum,imo
1102 3570 1265 3626 quam
1299 3553 1518 3622 impimn
1545 3551 1839 3621 judicetur.

266 3649 385 3706 Hoc
425 3648 568 3702 enim
613 3648 778 3702 etiam
820 3644 874 3700 in
903 3646 1025 3700 viro
1052 3646 1195 3701 bono
1233 3643 1473 3699 notabile
1499 3643 1735 3708 ducitur,
1793 3643 1842 3697 si

266 3753 493 3813 accepto
516 3757 650 3795 auro
684 3740 752 3794 ab
779 3738 1131 3795 inferioribus
1164 3739 1427 3807 placetur.
1469 3735 1684 3804 Quanto
1712 3750 1841 3806 ergo

270 3837 447 3907 magis
499 3835 618 3890 haec
666 3833 734 3889 de
769 3832 878 3887 Deo
930 3832 1134 3887 sentire
1180 3847 1283 3885 non
1333 3829 1632 3885 convenit?
1692 3830 1842 3884 Unde

264 3940 399 3999 puto
444 3924 801 3996 expositionis
846 3922 1005 3991 hujus
1058 3922 1452 3977 ecclesiasticae
1504 3920 1620 3992 (56)
1672 3920 1844 3989 magis

266 4029 523 4076 constare
574 4018 863 4079 rationem,
909 4029 1030 4084 quae
1070 4029 1169 4084 per
1197 4014 1316 4067 auri
1357 4013 1568 4083 species
1613 4012 1840 4066 indicari

269 4110 432 4165 docet
462 4107 630 4161 animi
672 4107 925 4171 virtutes,
986 4114 1041 4158 et
1094 4105 1361 4160 bonorum
1414 4118 1640 4173 operum
1668 4110 1841 4170 gesta,

266 4217 394 4273 qua:
427 4203 539 4254 sola
572 4197 755 4253 oderri
808 4197 918 4252 Deo
945 4198 1014 4251 ab
1048 4195 1357 4251 hominibus
1384 4195 1606 4264 dignum
1639 4204 1744 4258 est,
1790 4203 1847 4249 et

266 4309 372 4364 pro
401 4291 599 4364 quibus
644 4290 776 4347 solis
814 4288 1106 4359 propitium
1138 4288 1254 4342 ﬁeri
1309 4287 1479 4342 Deum
1528 4286 1845 4343 hominibus

269 4386 452 4440 decet.
491 4401 511 4436 t
564 4383 633 4440 Et
677 4383 925 4454 accepit,
972 4379 1151 4450 inquit
1178 4378 1247 4446 “,
1280 4378 1491 4451 Moyses
1539 4389 1595 4434 et
1623 4379 1846 4433 Eleazar

1948 3187 2015 3240 da
2078 3200 2327 3251 narrare,
2376 3186 2477 3240 nisi
2523 3199 2619 3253 per
2671 3184 3080 3250 inspirationcm
3118 3182 3355 3251 Spiritus
3398 3181 3530 3236 Dei?

1949 3280 2103 3337 Unde
2127 3283 2395 3352 potuisset
2424 3282 2753 3351 prophetare
2771 3280 2836 3334 de
2866 3279 3107 3345 Chrism,
3134 3280 3235 3333 nisi
3265 3277 3526 3349 loquente

1948 3374 2150 3446 Spiritu
2173 3376 2393 3431 sancto?
2418 3374 2509 3430 Sic
2531 3376 2674 3430 enim
2699 3384 2754 3429 et
2785 3375 2899 3444 ipse
2916 3373 3163 3428 Christus
3190 3373 3238 3427 ei
3276 3373 3528 3428 testimo-

1948 3468 2097 3522 nium
2146 3468 2341 3534 reddit,
2387 3478 2439 3521 et
2482 3469 2613 3522 dicit
2651 3468 2697 3500 ⁸³
2756 3486 2769 3523 :
2816 3486 2835 3519 t
2881 3466 2940 3521 Si
2983 3465 3285 3521 crederetis
3328 3464 3523 3537 Moysi,

1949 3560 2248 3615 crederetis
2294 3561 2480 3630 utique
2524 3569 2581 3616 et
2629 3561 2787 3616 mihi.
2822 3560 2900 3615 De
2943 3574 3031 3614 me
3069 3559 3215 3613 enim
3254 3558 3344 3613 ille
3388 3559 3528 3613 scri-

1947 3650 2075 3720 psit.
2112 3650 2171 3707 Si
2226 3662 2407 3707 autem
2453 3651 2597 3707 illius
2621 3653 2818 3709 litteris
2838 3668 2942 3707 non
2970 3649 3219 3716 creditis,
3249 3651 3525 3720 quomodo

1947 3741 2082 3797 meis
2108 3742 2290 3796 verbis
2315 3743 2554 3799 credetis
2577 3744 2867 3803 ?:Constat
2886 3758 3016 3813 ergo
3043 3758 3105 3797 ea
3138 3759 3236 3813 per
3257 3744 3525 3813 Spiritum

1946 3843 2192 3890 sanctum
2232 3835 2399 3901 dicta,
2438 3846 2493 3890 et
2517 3838 2639 3891 ideo
2672 3836 3006 3892 conveniens
3054 3836 3269 3892 videtur
3297 3838 3411 3892 hazc
3433 3850 3528 3893 se-

1946 3929 2181 3985 cundum
2215 3929 2555 3999 dignitatem,
2596 3928 2706 3982 imo
2730 3928 2907 3997 potius
2939 3930 3234 3983 secundum
3261 3927 3527 3997 majesta-

1950 4031 2055 4076 tem
2090 4021 2361 4092 loquentis
2394 4020 2647 4091 intelligi.
2680 4020 2785 4076 Sed
2811 4030 2865 4074 et
2897 4020 3027 4075 illud
3059 4022 3165 4076 hoc
3191 4021 3243 4075 iu
3271 4020 3393 4077 loco
3417 4036 3532 4076 me-

1948 4130 2166 4169 morare
2195 4114 2536 4184 aptissimum
2572 4115 2732 4181 duco,
2764 4115 2905 4183 quod
2930 4114 3204 4169 Abraham
3232 4129 3353 4170 cum
3377 4116 3532 4169 audi-

1947 4217 2033 4261 ret
2070 4207 2218 4260 illum
2267 4207 2490 4261 divitem
2532 4208 2769 4277 positum
2810 4208 2863 4261 in
2919 4208 3202 4262 tormentis
3230 4221 3423 4279 rcgare
3468 4222 3530 4263 se

1946 4308 2007 4354 ut
2030 4300 2417 4360 dimitteretur,
2460 4309 2514 4353 et
2544 4299 2767 4355 veniens
2791 4309 3035 4375 mqneret
3061 4300 3259 4355 fratres
3283 4314 3412 4354 suos
3438 4300 3531 4368 pie

1947 4391 2152 4458 vivere,
2182 4407 2249 4446 ne
2300 4402 2354 4446 et
2384 4392 2486 4461 ipsi
2519 4391 2571 4445 in
2601 4392 2777 4447 locum
2805 4392 2954 4446 illum
2985 4391 3384 4447 descenderent
3418 4401 3533 4446 tore

267 4483 530 4534 sacerdos
557 4490 749 4530 aurum
784 4475 854 4530 ab
888 4474 1138 4529 omnibus
1197 4473 1432 4529 tribunis
1470 4483 1525 4529 et
1560 4473 1841 4529 centurio-
1877 4497 1922 4552 ι)
1953 4493 2279 4551 memorum,
2302 4484 2580 4553 respondi;
2608 4485 2657 4538 ei
2679 4483 2748 4549 η,
2774 4485 2899 4553 quia
2936 4502 2955 4534 ι
2988 4485 3188 4539 habent
3216 4482 3452 4554 Moyse,“
3477 4493 3533 4537 ει

269 4572 456 4637 nibus,
492 4578 547 4624 et
586 4567 770 4623 intulit
813 4566 943 4620 illud
976 4567 1029 4619 in
1074 4565 1482 4621 tabernaculum
1524 4568 1843 4633 testimonii,

272 4663 595 4720 memoriale
626 4662 751 4716 ﬁliis
780 4657 948 4714 Israel
982 4676 1166 4716 coram
1205 4659 1457 4714 Domino.
1485 4678 1505 4711 ι
1532 4658 1694 4716 Vides
1719 4661 1845 4723 quia

270 4773 395 4830 qua:
446 4757 720 4821 dicuntur,
759 4769 867 4810 non
898 4752 965 4807 ad
1007 4762 1359 4821 conspectum
1403 4753 1698 4817 visibilem,
1750 4752 1847 4807 sed

271 4851 343 4906 ad
408 4846 610 4912 mentis
674 4846 996 4900 memoriam
1060 4842 1389 4898 referuntur.
1444 4843 1642 4899 Beatus
1706 4844 1851 4898 enim

273 4951 362 4999 est
426 4940 524 4997 ille
580 4939 672 5010 qui
732 4937 1053 4993 recordatur
1103 4950 1162 4990 se
1214 4934 1339 4989 boui
1405 4935 1608 5005 aliquid
1669 4936 1851 5005 operis

273 5035 456 5106 egisse
483 5048 669 5090 coram
722 5029 973 5096 Domino,
1027 5037 1082 5083 et
1119 5028 1379 5083 obtulisse
1407 5043 1629 5083 munera
1683 5029 1849 5084 bene-

270 5129 476 5199 placita
537 5127 683 5190 Deo,
730 5125 900 5179 animi
953 5122 1184 5177 virtutes
1238 5129 1295 5175 et
1357 5130 1677 5177 ornamenta
1731 5122 1851 5191 pie-

274 5219 428 5275 tatis.

344 5383 392 5418 ”
422 5384 582 5439 Rom.
611 5399 732 5450 vui,
758 5382 849 5437 '55.
927 5378 1272 5451 '°ibid.,r58,
1301 5379 1424 5451 '59._
1469 5379 1513 5412 “
1548 5379 1710 5436 Num.
1746 5396 1903 5451 XXXI,
1935 5382 2025 5439 50.
2101 5384 2147 5416 ⁸¹
2177 5383 2338 5439 Prov.
2367 5384 2477 5449 1,9.

271 5457 319 5489 ⁸⁸
342 5454 501 5510 Joan.
522 5471 573 5519 v,
600 5455 689 5509 45.
765 5454 815 5486 ⁸⁸
840 5452 974 5508 Luc.
1011 5468 1123 5516 xvr,
1150 5450 1243 5507 29.
1318 5452 1361 5484 ⁵⁷
1404 5449 1564 5508 Num.
1600 5465 1773 5504 xxxn.

346 5547 462 5615 (54)
494 5545 621 5601 Non
653 5547 846 5616 poteris
870 5545 1071 5599 hostem
1093 5544 1319 5599 vincere.
1344 5542 1467 5599 Haec
1491 5544 1542 5598 in
1571 5542 1726 5597 libris
1752 5559 1849 5597 an-

275 5630 366 5674 tea
402 5618 562 5671 editis
595 5618 818 5678 omissa,
845 5616 1164 5683 supplentur
1187 5629 1218 5668 e
1249 5629 1380 5669 mss.

346 5686 464 5758 (55)
492 5687 675 5743 Codex
703 5686 888 5758 Sancti
932 5684 1328 5758 Theoderici,_t
1360 5684 1644 5758 AarmiHam
1682 5700 1842 5758 rpro

280 5778 301 5812 σ
344 5756 614 5814 vitioiam.
657 5775 679 5809 ο
716 5757 886 5812 Paulo
928 5766 1049 5828 post
1085 5756 1249 5811 etiam
1279 5756 1465 5823 habet,
1496 5773 1516 5808 ι
1555 5756 1766 5812 armilla
1791 5767 1845 5815 et

1955 4576 2272 4646 prophetas,
2312 4575 2538 4631 audiant
2570 4576 2712 4633 illos.
2748 4596 2768 4629 ι
2801 4576 2916 4632 Non
2945 4577 3131 4645 utique
3158 4576 3407 4631 homines
3433 4575 3534 4629 ali-

1953 4684 2092 4740 quos
2126 4670 2343 4725 dicebat
2375 4672 2426 4724 in
2451 4685 2682 4739 corpore
2705 4672 2911 4740 positos
2939 4670 3179 4742 Moysem
3216 4678 3271 4725 et
3301 4669 3537 4740 prophe-

1952 4769 2072 4816 tas:
2111 4763 2206 4817 sed
2238 4763 2351 4818 haec
2381 4777 2501 4832 quae
2538 4778 2638 4832 per
2662 4762 2902 4834 Moysem
2941 4762 3144 4833 Spiritu
3170 4762 3264 4817 Dei
3300 4763 3537 4817 dictante

1948 4853 2149 4922 scripta
2184 4864 2332 4920 sunt,
2364 4843 2602 4927 Moysem
2639 4872 2700 4911 ea
2730 4857 3051 4912 nominavit.
3083 4855 3237 4911 Dicat
3267 4869 3399 4926 ergo
3431 4856 3538 4910 ali-

1948 4946 2072 5013 quis
2094 4944 2261 5003 :Cum
2302 4949 2420 5003 haec
2446 4950 2520 5004 ita
2554 4950 2755 5019 scripta
2787 4950 2917 5014 sint,
2948 4948 2993 5004 si
3033 4949 3311 5004 Abraham
3343 4964 3429 5002 me
3466 4948 3538 5003 ad

1948 5032 2148 5106 Moysis
2174 5038 2314 5093 dicta
2341 5042 2698 5109 transmittat,
2732 5053 2789 5101 ut
2827 5043 3013 5112 legens
3039 5057 3103 5096 ea
3133 5041 3339 5111 possim
3381 5039 3533 5095 illum

1947 5126 2125 5183 locum
2175 5132 2410 5188 evadere
2461 5142 2878 5197 tormentorum,
2924 5133 3052 5203 quid
3092 5146 3177 5187 me
3202 5131 3414 5202 juvabit
3468 5132 3536 5184 ad

1952 5220 2313 5292 ell'ugiendam
2366 5225 2694 5295 gehennam,
2750 5226 2796 5281 si
2833 5226 3005 5296 legam
3054 5225 3099 5256 "
3138 5223 3410 5294 quomodo
3441 5221 3534 5276 ﬁlii

2554 5385 2602 5426 ⁸³
2637 5384 2799 5440 Num.
2828 5400 2981 5452 χχχι,
3012 5384 3104 5439 '50.
3180 5380 3406 5446 “ibid.,
3441 5378 3531 5436 5i.

1959 5543 2196 5599 annulus
2216 5552 2537 5597 ornamenta
2555 5552 2682 5597 sunt
2713 5556 2993 5597 manuum.
3033 5560 3050 5591 ι

2026 5615 2139 5685 (56)
2190 5612 2552 5685 Expositionis
2582 5614 2742 5683 hujus
2781 5612 3170 5685 ecclesiasticis.
3213 5602 3532 5685 Expositio-

1957 5674 2079 5740 nein
2118 5674 2547 5753 ecclesiasticam
2575 5674 2830 5753 appellat,
2858 5683 3138 5750 mysticam
3161 5689 3217 5736 et
3242 5674 3529 5744 uteraletn,

1950 5769 2007 5813 et
2040 5754 2268 5820 opponit
2288 5752 2548 5809 Judaicaz.
