4050 6148
3956 76 3959 245 l

565 244 673 300 775

2008 235 2330 293 ORIGENIS
3720 243 3806 302 7Tb

564 358 776 425 Ruben,
807 367 859 412 et
890 357 983 411 filii
1014 356 1151 421 Gad,
1185 365 1237 409 et
1266 355 1490 409 dimidia
1530 355 1700 409 tribus
1732 353 1998 415 Manasse,
2028 354 2137 407 lue-
2166 361 2211 416 Α
2244 351 2486 405 revelare
2511 351 2795 419 dignetur:
2828 361 2953 407 sunt
2976 352 3199 407 enimin
3230 350 3327 407 his
3350 350 3805 421 repromissionnm

567 451 849 505 reditalem
896 450 1113 518 capiunt
1157 464 1185 502 a
1236 448 1416 518 Moyse
1460 457 1611 501 trans
1662 444 1978 513 Iordanem,
2017 449 2141 515 quia

564 552 722 595 erant
751 539 855 591 illis
892 555 1082 607 pecora
1131 540 1299 592 multa
1346 555 1456 608 prae
1503 538 1717 593 cmteris
1756 539 2029 599 tribubus,
2090 547 2146 592 et

564 636 690 700 quia
736 632 869 686 dicit
915 632 981 684 ad
1014 646 1110 686 eos
1146 630 1395 701 Moyses:
1452 628 1637 684 Videte
1689 644 1755 684 ne
1804 630 2143 685 exacerhetis

565 725 755 785 Deum,
784 724 1000 777 sicutet
1031 722 1105 776 illi
1134 723 1320 776 decem
1368 723 1459 791 qui
1507 722 1656 777 missi
1693 731 1959 776 suntcum
2012 721 2139 776 Iesu

564 829 616 872 et
643 816 808 871 Caleb
851 816 1137 885 explorare
1182 824 1405 877 terram,
1440 823 1493 867 et
1528 814 1804 878 dicebant,
1833 814 1956 881 quia
2000 823 2137 867 terra

565 908 686 961 talis
740 916 793 961 et
816 908 937 961 talis
960 916 1064 969 est,
1097 916 1150 959 et
1186 921 1288 959 non
1329 918 1616 973 possumus
1653 918 1770 957 eam
1807 918 2021 972 capere.
2076 903 2140 955 Et

564 1000 689 1068 quia
722 998 785 1051 ad
813 1000 926 1051 hate
961 997 1351 1065 responderunt
1378 994 1475 1047 lilii
1500 992 1713 1058 Ruben,
1738 1002 1789 1046 ct
1819 995 1996 1047 caeteri
2020 1009 2139 1045 cum

565 1089 727 1159 ipsis:
767 1091 840 1144 Da
886 1090 1039 1142 nobis
1074 1098 1271 1141 terram
1307 1087 1468 1150 hanc,
1502 1096 1556 1139 et
1601 1084 1972 1139 limreditatem
2001 1082 2138 1152 ejus,

564 1191 617 1236 et
656 1198 759 1235 non
806 1195 1109 1248 qumremus
1147 1178 1257 1248 jam
1295 1178 1438 1232 intra
1483 1176 1773 1232 .lordanem
1807 1176 2143 1230 lizrreditatis

566 1284 766 1328 terram
800 1290 922 1327 cum
965 1272 1220 1325 fratribus
1253 1270 1492 1325 nostris:
1524 1270 1614 1325 sed
1651 1270 1740 1324 hic
1775 1268 2141 1337 relinquemus

559 1362 800 1432 iumenta
844 1373 1050 1428 nostra,
1101 1372 1154 1417 et
1203 1364 1451 1418 sarcinas
1501 1373 1736 1424 nostras,
1788 1372 1845 1416 et
1887 1363 2141 1414 mulieres

567 1469 804 1520 nostras,
837 1466 890 1511 et
918 1454 1155 1509 infantes
1183 1462 1420 1522 nostros,
1448 1455 1549 1507 viri
1580 1464 1758 1508 autem
1789 1454 1960 1507 nostri
1987 1453 2141 1507 ibunt

567 1550 771 1619 pariter
807 1559 859 1603 et
903 1550 1210 1603 transibunt
1243 1546 1556 1602 Iordanem.
1602 1548 1666 1601 Et
1706 1547 1832 1616 quia
1878 1555 1995 1616 post
2027 1546 2141 1600 hmo

567 1642 773 1712 Moyses
799 1640 1143 1696 commendat
1166 1655 1259 1694 eos
1288 1637 1413 1693 Iesu
1450 1639 1557 1694 filio
1591 1638 1759 1702 Nave,
1793 1647 1847 1692 et
1882 1638 2138 1691 Eleazaro

2245 444 2525 514 mysteria,
2584 460 2704 514 qua:
2752 446 3058 515 repromisit
3105 446 3478 517 diligentibus
3534 458 3591 500 se
3631 461 3645 498 :
3686 463 3703 497 ι
3751 446 3808 504 Ut

2242 537 2478 589 sciamus
2505 546 2559 589 et
2585 550 2706 600 nos,
2734 551 2853 605 quze
2881 551 2912 590 a
2962 536 3075 590 Deo
3100 539 3312 594 donata
3358 541 3493 590 sunt
3521 535 3671 590 nobis
3691 536 3751 590 ⁶¹.
3784 557 3800 591 ι

2244 628 2348 682 Sed
2379 639 2431 683 et
2463 628 2765 698 vosjuvate
2796 644 2897 683 nos
2923 630 2976 682 in
3008 629 3168 700 372
3201 628 3582 695 orationibus,
3625 638 3676 683 et
3702 628 3805 684 dili-

2242 733 2431 792 genter
2467 721 2749 785 intendite,
2798 737 2906 775 non
2955 730 3063 776 tam
3102 722 3265 777 nobis
3295 722 3629 786 dicentibus,
3666 738 3806 791 quam

2246 815 2471 869 Domino
2502 814 2825 870 illuminanti
2852 830 2970 879 eos,
3004 829 3138 884 quos
3181 812 3594 867 illuminatione
3626 828 3713 868 sua
3740 814 3806 869 di-

2242 922 2376 977 gnos
2404 909 2691 963 invenerit.
2711 908 2949 975 Quorum
2968 905 3448 976 contemplatione
3478 905 3640 977 etiam
3671 905 3806 961 nobis

2242 976 2373 1052 dare
2398 998 2648 1067 dignetur
2682 998 2906 1053 verbum
2934 996 2987 1050 in
3026 995 3455 1062 adapertionem
3492 976 3604 1045 oris
3636 991 3803 1047 nostri.

2243 1090 2347 1145 Sed
2403 1106 2501 1162 age
2530 1093 2638 1160 jam
2689 1092 2731 1145 si
2792 1091 2953 1145 corda
3004 1086 3267 1144 erexistis
3320 1086 3394 1140 ad
3442 1083 3737 1149 Dominum,
3761 1092 3806 1138 et

2244 1186 2392 1239 verbi
2445 1184 2559 1251 ejus
2598 1185 2770 1240 sancti
2828 1182 3259 1237 illustrationem
3322 1177 3590 1249 petiistis,
3611 1181 3673 1230 ad
3702 1193 3805 1247 per-

2242 1279 2591 1333 scrutandum
2644 1291 2861 1332 sensum
2901 1290 3088 1331 eorum
3145 1286 3273 1343 qua
3332 1271 3593 1327 videntur
3641 1268 3803 1333 latere,

2241 1373 2541 1427 veniamus.

2308 1463 2363 1514 4.
2385 1460 2627 1515 Εχιιιιηάἰ
2662 1460 2729 1514 de
2752 1458 2987 1530 Egypto
3016 1458 3251 1528 ﬁguram
3280 1454 3502 1509 duobus
3541 1451 3704 1506 modis
3724 1464 3801 1505 ac-

2239 1554 2370 1621 cipi,
2399 1570 2427 1607 a
2452 1553 2721 1623 prioribus
2746 1552 2947 1606 nostris
2984 1559 3038 1605 et
3068 1565 3096 1603 a
3126 1548 3291 1603 nobis
3321 1562 3470 1616 saepe
3490 1544 3600 1614 jam
3626 1543 3801 1597 dictum

2241 1654 2340 1699 est.
2368 1644 2498 1697 Nam
2527 1655 2581 1699 et
2608 1659 2728 1698 cum
2761 1644 2882 1712 quis
2909 1643 2975 1696 de
3011 1656 3267 1695 errorum
3299 1636 3546 1693 tenebris
3573 1633 3637 1688 ad
3668 1633 3799 1703 agni-

567 1732 835 1786 saccrdoti
876 1731 985 1785 ﬁlio
1029 1733 1231 1793 Aaron.
1271 1731 1370 1783 sub
1409 1745 1472 1783 ea
1510 1740 1685 1784 tamen
1715 1728 2046 1792 conditione.
2082 1738 2138 1780 ul
2171 1711 2212 1765 Β
2245 1735 2403 1789 tionis
2432 1734 2610 1789 iumen
2641 1711 2948 1795 adducitur,
2979 1739 3033 1785 et
3062 1731 3125 1784 de
3157 1739 3386 1783 terrena
3414 1724 3800 1781 conversatione

570 1833 851 1878 transeant
889 1839 1012 1877 cum
1050 1822 1177 1877 filiis
1207 1822 1396 1885 Israel,
1434 1829 1487 1875 et
1524 1830 1770 1891 pugnent
1798 1837 1917 1873 cum
1946 1821 2025 1873 eis
2047 1820 2141 1872 ad-

570 1929 758 1967 versus
791 1915 974 1969 hostes
998 1915 1086 1983 qui
1118 1923 1273 1966 erant
1302 1922 1451 1966 trans
1470 1910 1783 1974 Iordanem,
1817 1912 1986 1965 donec
2008 1910 2141 1964 libe-

568 2016 719 2060 retur
746 2008 811 2061 ab
851 2008 933 2061 eis
977 2019 1139 2067 terra,
1175 2016 1229 2060 et
1264 2016 1390 2060 tunc
1421 2004 1691 2073 accipiant
1722 2013 1927 2058 terram
1976 2019 2138 2072 quam

567 2110 955 2167 poposcerunt,
1005 2098 1149 2165 regis
1178 2096 1321 2151 Seon
1364 2110 1418 2150 et
1461 2095 1606 2165 regis
1636 2094 1756 2165 0g:
1795 2105 1959 2162 atque
2013 2095 2143 2163 ipsis

567 2188 696 2243 solis
726 2205 821 2258 per
852 2187 1082 2259 Moysem
1111 2188 1265 2240 detur
1317 2186 1604 2240 hmreditas
1646 2196 1799 2239 extra
1826 2183 2138 2249 Iordanem,

568 2281 782 2333 ceteris
811 2288 988 2333 autent
1025 2281 1277 2331 omnibus
1311 2294 1405 2346 per
1446 2276 1631 2331 Iesum
1656 2277 1795 2329 intra
1826 2275 2138 2330 Iordanem.

568 2369 718 2425 Dicet
747 2386 876 2438 ergo
905 2371 1098 2437 aliquis
1130 2390 1142 2422 :
1183 2368 1321 2435 Quid
1359 2371 1455 2423 ista
1504 2376 1727 2433 prosunt
1760 2370 1825 2423 ad
1859 2369 1957 2422 hoc
1997 2372 2141 2439 quod

566 2464 703 2517 dixit
736 2463 1004 2516 Abraham
1030 2461 1075 2492 ⁵⁸
1113 2480 1125 2515 :
1173 2479 1192 2512 ι
1236 2460 1444 2514 Ilabrnt
1477 2459 1709 2530 Moysem
1735 2469 1790 2514 et
1832 2460 2139 2530 prOphetas,

568 2556 789 2609 audiant
814 2555 968 2619 illos;
1011 2574 1029 2607 ι
1061 2571 1166 2623 quo
1198 2554 1405 2608 scilicet
1436 2555 1547 2607 hmc
1579 2553 1818 2621 legentes
1837 2566 1891 2609 et
1915 2556 2143 2607 audien-

568 2656 670 2711 tes,
718 2648 770 2701 in
828 2649 1004 2703 locum
1041 2649 1188 2700 illum
1227 2664 1333 2700 non
1366 2648 1661 2701 deveniant
1705 2648 2144 2701 tormentorum?

570 2741 695 2796 Haec
719 2753 895 2794 autem
924 2742 1178 2805 diximus,
1210 2740 1514 2794 excitantes
1551 2742 1763 2795 animos
1790 2741 2140 2803 audientium,

568 2844 629 2885 ut
658 2832 969 2901 vigilantius
1015 2832 1081 2885 iis
1109 2849 1227 2901 qum
1275 2831 1527 2899 leguntur
1568 2831 1649 2884 vel
1688 2832 1943 2885 dicuntur
1981 2834 2145 2885 inten-

567 2923 723 2990 dant,
755 2937 809 2977 et
861 2926 909 2976 in
973 2922 1136 2976 Musei
1179 2923 1372 2976 litteris
1404 2933 1611 2976 remoto
1654 2923 1845 2976 littera:
1881 2923 2144 2975 velamine

571 3018 643 3071 ita
674 3016 979 3085 intelligant
1013 3032 1133 3084 quae
1169 3016 1368 3084 scripta
1405 3024 1551 3081 sunt,
1578 3026 1633 3067 ut
1656 3014 1884 3083 singulis
1920 3015 2145 3084 quibus-
2168 3046 2210 3103 Ο

570 3123 675 3175 que
705 3123 767 3161 ea
823 3108 925 3160 dici
970 3106 1268 3169 inveniant,
1305 3122 1422 3173 qua:
1462 3108 1504 3159 si
1550 3107 1916 3177 intelligantur
1943 3118 1999 3160 et
2046 3108 2141 3160 oh-

570 3208 875 3262 serventur,
909 3197 1117 3267 possint
1165 3197 1442 3251 auditores
1497 3216 1599 3251 non
1652 3201 1714 3252 ad
1764 3199 1915 3250 illum
1966 3197 2140 3252 locum

573 3290 826 3343 tormenti
866 3290 1079 3351 deduci,
1115 3303 1223 3357 quo
1247 3289 1523 3356 divesille,
1555 3292 1641 3357 qui
1673 3292 1863 3345 audire
1884 3293 1996 3345 haec
2024 3306 2142 3360 quze

572 3386 625 3439 in
662 3391 876 3436 secreto
899 3390 1025 3433 sunt
1066 3382 1294 3449 scripta,
1343 3382 1693 3449 contempsit,
1724 3382 1987 3439 abductus
2010 3394 2091 3438 est
2126 3403 2139 3439 :

572 3478 665 3531 sed
712 3475 763 3526 in
794 3473 971 3526 sinutn
1002 3481 1127 3525 eant
1172 3472 1469 3537 Abraham,
1523 3473 1612 3526 ubi
1657 3472 1891 3528 Lazarus
1929 3477 2143 3543 requie-

572 3567 696 3622 scit.
723 3565 955 3621 Oremns
977 3580 1106 3636 ergo
1139 3564 1450 3626 Dominum,
1490 3571 1546 3616 ut
1578 3563 1853 3618 auferatur
1900 3566 2143 3619 velamen

573 3677 601 3713 a
648 3659 905 3713 cordibus
937 3659 1138 3712 nostris
1182 3657 1248 3711 de
1283 3655 1516 3710 lectione
1547 3653 1754 3709 Veteris
1787 3653 2141 3719 Testamenti,

573 3761 635 3805 ut
658 3766 719 3806 ea
749 3767 867 3820 qure
891 3751 1211 3805 abscondita
1245 3757 1370 3803 sunt
1394 3760 1449 3803 et
1472 3748 1685 3804 occulta
1720 3749 1770 3802 in
1810 3749 1971 3804 Mosei
1998 3750 2145 3803 litte-

574 3842 672 3905 ris,
706 3842 890 3895 videre
929 3841 1222 3909 possimus,
1267 3839 1565 3893 secundum
1608 3839 1879 3908 prophetae
1910 3854 2147 3894 commo-

574 3933 834 3988 nitionem
865 3932 1095 3986 dicentis
1111 3932 1185 3983 "z
1210 3949 1227 3982 ι
1256 3931 1323 3985 Ει
1348 3930 1447 3985 nisi
1487 3931 1768 3986 audieritis
1788 3932 1997 3985 occulte
2012 3930 2143 4004 (57),

574 4024 810 4095 plorabit
855 4026 1034 4079 anima
1069 4034 1269 4077 vestra.
1310 4042 1328 4074 ι
1375 4023 1439 4077 Ει
1463 4023 1676 4092 quidem
1706 4023 1846 4094 quod
1877 4023 1992 4078 hare
2026 4041 2143 4094 my-

574 4118 712 4173 stica
764 4118 875 4172 sint
915 4124 971 4170 et
1002 4116 1241 4169 divinum
1269 4115 1503 4184 aliquem
1545 4130 1762 4169 sensum
1809 4117 2143 4181 contineant,

575 4220 706 4280 puto
730 4208 871 4279 quod
915 4222 983 4261 ex
1020 4208 1086 4260 iis
1119 4223 1239 4275 qua:
1269 4207 1519 4275 superius
1549 4211 1762 4261 asserta
1789 4219 1934 4275 sunt,
1970 4208 2147 4263 nullus

574 4303 746 4373 possit
769 4302 1065 4369 ambigere,
1088 4300 1336 4368 quamvis
1359 4299 1431 4352 sit
1454 4298 1543 4352 ille
1579 4296 1817 4353 Judaicis
1845 4299 2038 4353 fabulis
2062 4300 2143 4353 in-

2242 1828 2309 1880 ad
2340 1826 2640 1895 spiritualia
2688 1825 2931 1878 instituta
2987 1820 3359 1884 convertitur,
3391 1819 3458 1872 de
3493 1814 3713 1887 Egypto
3732 1814 3798 1866 vi-

2244 1921 2400 1974 detur
2446 1922 2623 1974 exisse
2671 1929 2724 1973 et
2761 1919 2971 1972 venisse
3016 1917 3081 1970 ad
3122 1914 3532 1971 solitudinem:
3568 1909 3631 1962 ad
3673 1907 3798 1961 illum

2244 2011 2498 2067 videlicet
2526 2014 2649 2065 vita:
2679 2020 2898 2075 statum,
2933 2010 2986 2063 in
3020 2024 3124 2077 quo
3153 2023 3255 2078 per
3278 2003 3564 2061 silentium
3597 2009 3650 2056 et
3670 2000 3799 2070 quie-

2247 2112 2353 2155 tem
2383 2110 2706 2154 exerecatur
2734 2100 2932 2154 divinis
2964 2098 3187 2166 legibus,
3230 2105 3289 2150 et
3321 2092 3559 2163 eloquiis
3588 2089 3800 2146 cmlesti-

2246 2195 2347 2249 bus
2376 2193 2683 2247 imbuatur:
2718 2207 2814 2262 per
2850 2206 2970 2260 qua:
3000 2190 3283 2243 institutus
3322 2195 3379 2241 et
3411 2185 3667 2248 directus,
3692 2196 3796 2236 cum

2242 2284 2535 2340 Iordanem
2566 2284 2870 2346 transierit,
2900 2290 3149 2350 properet
3181 2292 3361 2346 usque
3396 2276 3467 2329 ad
3503 2283 3692 2328 terram
3721 2285 3796 2325 re-

2244 2376 2643 2445 promissionis,
2705 2375 2756 2428 id
2803 2383 2885 2428 est
2918 2388 3016 2442 per
3050 2373 3284 2444 gratiam
3335 2367 3613 2441 baptismi,
3647 2378 3797 2435 usque

2244 2470 2310 2523 ad
2338 2469 2647 2539 evangelica
2685 2467 2927 2521 instituta
2956 2466 3264 2535 perveniat.
3298 2465 3409 2519 Sed
3439 2471 3495 2516 et
3521 2461 3658 2514 illam
3681 2459 3797 2528 figu-

2245 2577 2361 2616 ram
2382 2577 2500 2616 esse
2532 2561 2765 2614 diximus
2791 2560 3023 2613 exeundi
3043 2561 3108 2615 de
3129 2559 3394 2630 Egypto,
3416 2571 3539 2611 cum
3571 2550 3798 2620 relinquit

2245 2656 2423 2710 anima
2460 2653 2644 2713 mundi
2693 2654 2855 2719 hujus
2888 2652 3157 2718 tenebras,
3198 2669 3263 2707 ac
3306 2662 3521 2707 natura:
3550 2658 3794 2716 corporea:

2245 2750 2565 2809 cmcitatem,
2604 2756 2657 2799 et
2709 2744 3034 2799 transfertur
3061 2746 3126 2798 ad
3157 2745 3310 2799 aliud
3346 2742 3635 2798 saiculutu:
3669 2736 3792 2806 quod

2245 2839 2329 2893 vel
2358 2839 2508 2892 sinus
2531 2837 2762 2891 Abraha:
2805 2834 2939 2907 (ὖὸ),
2971 2847 3029 2890 ιιι
3058 2840 3109 2890 in
3140 2836 3380 2902 Lazaro,
3409 2835 3491 2889 vel
3521 2830 3790 2901 paradisus,

2248 2940 2305 2984 ut
2333 2929 2385 2982 in
2417 2929 2625 2982 latrone
2660 2928 2750 2996 qui
2780 2928 2845 2981 de
2891 2943 3052 2982 cruce
3101 2928 3359 2992 credidit,
3408 2917 3790 2987 indicatur;vel

2246 3022 2408 3075 etiam
2465 3020 2510 3074 si
2556 3035 2660 3089 qua
2704 3020 2853 3075 novit
2893 3020 3033 3074 Deus
3085 3035 3204 3075 esse
3248 3020 3357 3074 alia
3393 3019 3531 3082 loca,
3562 3014 3640 3069 vel
3677 3012 3789 3067 alias

2245 3115 2576 3180 mansiones,
2634 3128 2729 3181 per
2754 3128 2872 3182 qua:
2903 3113 3171 3167 transiens
3212 3112 3398 3166 anima
3432 3111 3538 3165 Deo
3563 3107 3786 3166 credens.

2243 3216 2300 3260 et
2341 3208 2663 3275 perveniens
2697 3222 2868 3275 usque
2900 3207 2965 3259 ad
3004 3207 3198 3260 flumen
3238 3206 3370 3259 illud
3411 3204 3551 3274 quod
3581 3198 3786 3255 lzetilicat

2244 3298 2515 3353 civitatem
2544 3292 2660 3365 Dei,
2685 3302 2824 3354 intra
2854 3301 3026 3369 ipsum
3055 3309 3256 3353 sortem
3277 3298 3558 3369 promissa:
3572 3291 3784 3363 patribus

2244 3392 2575 3446 bwreditatis
2612 3392 2864 3461 accipiat.
2901 3392 3068 3461 Igitur
3096 3405 3216 3444 cum
3258 3389 3485 3459 duplici,
3518 3396 3573 3440 Ill
3608 3394 3780 3438 memo-

2246 3485 2507 3549 ravimus,
2544 3485 2705 3539 modo
2735 3499 2985 3554 egreSsus
3022 3485 3334 3553 designetur
3383 3495 3449 3535 ex
3478 3476 3782 3547 {Egyptth

2247 3577 2510 3629 transitus
2555 3578 2621 3628 ad
2672 3576 2969 3639 desertum,
3036 3586 3200 3644 atque
3250 3574 3377 3627 inde
3429 3572 3690 3637 ingressus
3726 3562 3781 3618 ad

2246 3676 2448 3720 sancta:
2498 3677 2655 3719 terra:
2700 3666 3094 3728 haereditatem,
3155 3665 3439 3719 videamus
3494 3672 3631 3714 nunc
3678 3652 3782 3724 quid

2247 3759 2346 3812 sibi
2377 3757 2508 3812 velit
2535 3759 2723 3812 Ruben
2749 3769 2802 3815 et
2836 3760 2973 3825 Gad,
3002 3771 3056 3814 et
3087 3758 3309 3813 dimidia
3346 3757 3517 3813 tribus
3550 3752 3778 3808 Manasse-

2248 3848 2544 3905 Haereditas
2578 3866 2697 3920 quae
2727 3868 2821 3921 per
2852 3853 3088 3923 Moysem
3135 3853 3392 3917 traditur,
3418 3858 3471 3904 et
3509 3856 3651 3902 extra
3676 3839 3777 3894 Ior-

2249 3944 2443 3995 danem
2473 3943 2799 4010 decernitur,
2854 3945 2906 3998 in
2957 3945 3239 4001 duodecim
3289 3944 3535 3999 tribubus
3581 3935 3776 3990 ﬁliorum

2247 4032 2434 4099 Israel,
2485 4034 2714 4090 occultis
2765 4036 3085 4105 quibusdam
3121 4045 3175 4091 et
3224 4036 3469 4108 mysticis
3513 4023 3777 4108 rationibus

2251 4125 2415 4180 totius
2457 4126 2681 4181 humani
2725 4128 2940 4199 generis
2999 4130 3225 4200 figuram
3284 4107 3665 4193 complectitur.
3713 4107 3777 4164 Vel

2247 4219 2492 4272 omnium
2547 4229 2697 4275 certe
2769 4221 3048 4276 hominum
3089 4221 3182 4292 qui
3228 4222 3296 4275 ad
3355 4218 3663 4291 agnitionem
3697 4205 3772 4261 υεὶ

2250 4316 2537 4363 venerunt.
2577 4308 2780 4364 Horum
2808 4326 2937 4381 ergo
2966 4327 3091 4382 pars
3136 4312 3316 4381 aliqua
3346 4321 3497 4365 extra
3526 4303 3771 4361 Iordanem

573 4393 898 4450 satiahiliter
931 4390 1145 4445 deditus
1180 4407 1193 4442 :
1230 4400 1412 4443 tamen
1453 4388 1595 4443 sicut
1623 4390 1723 4443 hoc
1748 4390 2016 4443 nemiuem
2052 4406 2145 4444 ne-
2174 4393 2222 4453 ο
2250 4397 2615 4453 hereditatem
2670 4401 3023 4470 consequitur
3068 4417 3163 4471 per
3215 4404 3470 4474 Moysem,
3513 4407 3626 4465 pars
3666 4395 3771 4441 vero

574 4500 705 4553 gare
731 4494 880 4551 puto,
901 4482 973 4536 ita
999 4494 1120 4551 qute
1172 4479 1280 4533 sint
1305 4478 1393 4531 illa
1421 4492 1539 4546 qua:
1576 4490 1640 4530 ex
1671 4477 1788 4531 istis
1816 4477 2144 4530 narrationi-

574 4579 676 4633 bus
708 4576 1045 4636 indicentur,
1073 4581 1129 4627 et
1169 4585 1288 4640 qua!
1330 4584 1511 4623 rerum
1541 4567 1710 4623 facies
1740 4569 1839 4623 sub
1867 4568 1969 4623 hoc
2002 4568 2145 4620 vela-

576 4671 721 4724 mine
767 4674 1107 4736 contegatur,
1154 4663 1220 4717 ad
1271 4660 1531 4731 liquidum
1589 4660 1749 4723 seire,
1796 4662 1965 4729 ipsius
2020 4669 2148 4728 puto

575 4775 698 4816 esse
726 4758 904 4814 sancti
935 4756 1175 4827 Spiritus
1206 4754 1296 4822 qui
1328 4754 1442 4806 haec
1477 4750 1697 4806 inscribi
1732 4751 2015 4822 inspiravit
2043 4769 2056 4803 :
2093 4763 2149 4805 et

575 4852 787 4908 Domini
816 4851 984 4906 nostri
1006 4847 1135 4903 Iesu
1168 4845 1391 4910 Christi,
1418 4844 1509 4914 qui
1529 4844 1594 4899 de
1620 4843 1801 4915 Moyse
1830 4845 2041 4900 dicebat
2063 4843 2144 4896 6°:

580 4967 600 5002 ι
644 4949 721 5003 De
760 4962 847 5001 me
872 4946 1018 4999 enim
1046 4943 1137 4997 ille
1168 4940 1385 5009 scripsit
1412 4957 1427 5005 ;
1468 4958 1486 4991 ι
1519 4949 1571 4994 et
1609 4939 1992 5007 omnipOtentis
2025 4938 2143 5002 Dei,

575 5041 727 5111 cujus
757 5037 1043 5093 consilium
1089 5034 1369 5101 antiquunm
1409 5032 1648 5086 humano
1678 5031 1865 5100 generi
1893 5046 1998 5085 non
2046 5049 2146 5084 nn-

575 5133 727 5195 dum,
759 5131 852 5184 sed
882 5128 1117 5181 velatum
1143 5124 1337 5179 litteris
1369 5123 1655 5178 indicatur.
1686 5121 1794 5177 Nos
1816 5131 1995 5177 autem
2025 5140 2145 5178 ore-

574 5236 696 5276 mus
722 5235 789 5275 ex
812 5219 977 5274 corde
1008 5217 1242 5272 Verbum
1278 5215 1398 5279 Dei,
1429 5214 1520 5283 qui
1552 5223 1635 5269 est
1655 5214 1965 5283 unigenitus
2006 5215 2141 5281 ejus,

574 5323 628 5369 et
652 5313 743 5384 qui
772 5311 979 5367 revelat
999 5309 1215 5364 Patr‘em
1246 5307 1445 5377 quibus
1486 5307 1619 5372 vult,
1658 5319 1715 5361 ut
1751 5318 1804 5360 et
1832 5308 1985 5361 nobis
2029 5308 2144 5364 haec

642 5402 690 5435 ³⁸
716 5402 848 5459 Luc.
892 5401 1120 5467 xvr,29.
1196 5400 1242 5432 "
1269 5399 1469 5454 Ierem.
1517 5414 1639 5464 xm,
1688 5399 1776 5453 17.

669 5496 759 5564 57)
782 5496 964 5552 Codex
997 5495 1180 5549 Sancti
1212 5495 1559 5559 Theodorici,
1600 5514 1615 5543 ι
1650 5496 1881 5549 occulta.
1919 5515 1938 5546 ι

669 5497 759 5564 57)
782 5497 964 5552 Codex
997 5497 1180 5549 Sancti
1212 5497 1559 5559 Theodorici,
1600 5514 1615 5543 ι
1650 5497 1881 5549 occulta.
1919 5515 1938 5546 ι

646 5497 764 5639 i558)
794 5567 947 5639 Quod
983 5567 1058 5621 vel
1086 5568 1232 5621 sinus
1272 5567 1519 5628 Abrnlta',
1551 5576 1658 5639 etc.
1690 5565 1835 5639 Vide,
1867 5566 2150 5639 Origeuia-

579 5636 766 5693 norum
800 5638 892 5692 lib.
926 5654 987 5703 tt,
1020 5641 1371 5707 quaastioncm
1397 5636 1758 5700 undecimam,
1791 5638 1878 5692 ubi
1911 5638 2040 5706 qttid
2082 5640 2149 5691 de
2205 5703 2211 5710 .

1852 5399 1896 5430 “°
1923 5399 2083 5456 Ioan.
2109 5403 2257 5467 v,45.

2252 4498 2403 4544 trans
2454 4487 2783 4558 Iordanem,‘
2804 4500 2859 4546 et
2905 4492 3267 4548 hereditatem
3304 4490 3523 4560 suscipit
3560 4486 3609 4538 in
3654 4486 3769 4531 tem

2252 4582 2687 4651 repromissionis
2728 4596 2822 4653 per
2872 4580 3073 4638 Iesum.
3115 4582 3183 4638 Et
3222 4584 3295 4638 illi
3341 4582 3570 4652 quidem,
3609 4566 3769 4653 quibus

2252 4681 2403 4725 extra
2467 4670 2753 4728 Iordanem
2810 4674 3101 4729 hereditas
3161 4674 3501 4735 decernitur,
3548 4652 3768 4737 primitiVi

2254 4774 2380 4819 Sttnl.
2408 4780 2421 4815 :
2457 4764 2581 4817 licet
2624 4764 2799 4818 minus
2831 4765 3060 4831 nobiles,
3102 4765 3229 4820 licet
3258 4781 3363 4820 non
3397 4752 3652 4827 inculpati.
3678 4742 3768 4816 ρτί·

2256 4853 2424 4908 mitivi
2458 4862 2634 4909 tamen
2687 4865 2830 4910 sunt.
2877 4855 3066 4911 Ruben
3107 4859 3250 4913 enim
3302 4866 3385 4913 est
3430 4840 3768 4925 primogenitus

2250 4943 2416 5000 Iacob
2449 4963 2462 4999 :
2500 4944 2625 5001 licet
2658 4949 3108 5003 cantaminaverit
3141 4948 3352 5004 thorum
3387 4944 3563 5019 patris,
3592 4933 3762 5006 primo-

2253 5038 2468 5108 genitus
2499 5047 2677 5093 tamen
2708 5049 2810 5094 est.
2841 5039 2944 5094 Sed
2980 5050 3034 5094 et
3061 5040 3196 5106 Gad,
3239 5040 3364 5095 licet
3388 5054 3453 5094 ex
3479 5028 3670 5089 ancilla.
3696 5028 3764 5073 ιδ’

2253 5147 2373 5185 men
2404 5140 2459 5185 et
2480 5130 2594 5200 ipse
2634 5131 3025 5202 primogenitus
3048 5143 3151 5186 est.
3181 5132 3423 5187 Man-asse
3452 5132 3658 5197 quoque.
3682 5123 3760 5166 ου’

2246 5221 2338 5291 jus
2368 5218 2591 5276 dimidia
2633 5221 2804 5276 tribus
2835 5202 2985 5277 extra
3015 5220 3302 5278 Iordanem
3355 5212 3687 5284 consequitur.
3716 5204 3761 5251 ει

2251 5314 2365 5383 ipse
2413 5312 2538 5368 licet
2587 5312 2652 5367 de
2700 5312 2953 5384 Egyptia
2995 5323 3177 5379 natus,
3213 5309 3584 5385 primogenitus
3612 5302 3756 5353 tamen

2333 5404 2375 5434 ⁶¹
2398 5402 2420 5456 1
2444 5404 2567 5459 Cor.
2596 5420 2656 5470 tt,
2684 5405 2771 5459 12.

2259 5500 2434 5575 pomis
2471 5509 2526 5575 et
2550 5502 2790 5575 prremjis
2816 5500 3070 5575 opinatus
3099 5502 3170 5560 sit
3198 5501 3472 5575 Origenes,
3496 5495 3634 5552 docte
3655 5492 3755 5551 αρε·

2260 5569 2330 5623 rit
2355 5570 2685 5626 clarissimus
2715 5569 2961 5627 lluetius.
