4050 6148
385 205 500 260 777

1513 205 1579 258 IN
1614 202 1947 262 NUMEROS
1986 204 2270 263 HOMILIA
2303 209 2490 265 XXVI.
3530 219 3596 272 7'7

385 338 492 384 est.
529 325 728 382 Omnes
757 339 886 395 ergo
913 323 998 380 isti
1040 324 1379 394 primogeniti
1405 334 1549 388 sunt,
1585 333 1640 378 et
1680 327 1799 379 ideo
1819 325 1966 395 prio-
1994 329 2038 384 A
2067 327 2220 381 sibile
2273 345 2375 383 non
2435 329 2502 384 ab
2541 329 2694 384 initio
2741 331 2938 386 caelum
2971 333 3175 388 dictum
3210 343 3314 398 est,
3348 336 3440 389 sed
3479 338 3632 407 prius

386 432 504 470 rem
534 413 784 483 populum
831 413 1136 482 designant,
1169 413 1257 481 qui
1299 429 1402 466 non
1445 429 1539 482 per
1568 413 1754 468 Jesum
1781 416 1961 470 Domi-

387 523 520 560 num
555 515 822 572 nostrum,
849 507 941 559 sed
975 522 1068 575 per
1091 506 1308 578 Moysen
1341 515 1491 559 extra
1523 505 1811 562 Iordanem
1843 524 1961 563 ser-

386 609 500 652 tetn
536 597 866 652 haereditatis
883 597 1171 664 accipiunt.
1203 597 1498 652 Considera
1531 609 1710 652 autem
1736 599 1962 669 diligen-

382 696 498 748 tius
536 693 698 748 etiam
731 707 968 756 causam,
1005 707 1107 760 qna
1135 692 1340 759 priores
1379 700 1433 746 et
1460 701 1611 747 extra
1645 691 1957 758 Iordanem,

381 794 442 838 et
471 784 794 853 sequestrati
815 799 845 836 a
870 784 1102 848 czeleris,
1133 794 1538 851 consequuntur
1568 784 1957 838 haereditatem.

390 894 413 926 ‹
447 874 719 938 Jutnenta,
741 875 989 943 inquiunt
1013 876 1150 938 ",et
1179 889 1371 945 pecora
1398 875 1562 928 multa
1587 885 1712 930 sunt
1741 877 1912 930 nobis.
1936 895 1954 926 ι

385 969 514 1023 ΙΙωο
540 983 670 1035 ergo
700 983 861 1022 causa
898 977 1002 1030 est,
1031 967 1155 1036 quia
1186 968 1336 1038 prior
1369 969 1595 1038 populus
1629 970 1696 1021 ad
1735 966 1958 1022 haeredi-

385 1073 554 1118 tatem
576 1063 720 1118 illius
748 1073 922 1124 terrae,
954 1080 1075 1134 quae
1102 1065 1240 1119 lacte
1263 1065 1400 1128 ﬂuit,
1433 1079 1552 1132 quae
1605 1064 1762 1119 melle
1789 1065 1960 1118 aliun-

383 1157 502 1222 dat,
529 1171 649 1225 qua:
671 1155 822 1210 favus
852 1156 1025 1210 mellis
1051 1163 1132 1211 est
1161 1171 1269 1225 prae
1292 1156 1436 1209 omni
1471 1167 1634 1220 terra,
1659 1171 1766 1210 non
1788 1155 1958 1224 potuit

383 1249 690 1318 pervenire,
723 1265 822 1305 nec
850 1249 1082 1304 Verbum
1112 1265 1327 1304 carnem
1358 1251 1560 1306 factum
1591 1251 1765 1320 potuit
1791 1265 1960 1320 agno-

381 1357 563 1407 scere,
591 1342 714 1412 quia
757 1341 922 1394 multa
953 1341 1198 1410 jumenta
1242 1344 1514 1396 habebant
1559 1351 1616 1396 et
1656 1341 1818 1395 multa
1872 1357 1960 1411 pe-

380 1450 536 1488 cora.
570 1435 831 1488 Animalis
856 1450 987 1502 ergo
1017 1435 1178 1490 homo
1204 1452 1308 1492 non
1342 1437 1520 1506 potuit
1539 1437 1816 1505 percipere
1838 1452 1957 1506 quae

380 1535 516 1581 sunt
543 1526 775 1596 Spiritus
802 1527 893 1581 Dei
927 1527 991 1592 ⁸³,
1017 1541 1117 1581 nec
1133 1528 1453 1598 spiritaliter
1469 1527 1795 1594 diiudicare;
1829 1531 1953 1598 quia

384 1637 409 1670 ‹
461 1620 621 1672 homo
673 1619 726 1672 in
761 1619 964 1673 honore
1016 1634 1138 1674 cum
1178 1627 1342 1682 esset,
1381 1635 1483 1674 non
1521 1621 1806 1689 intellexit,
1859 1621 1952 1676 sed

378 1720 729 1780 comparatus
785 1719 867 1765 est
919 1711 1178 1780 iumentis
1227 1711 1625 1778 insipientibus,
1673 1720 1727 1767 et
1759 1712 1952 1768 similis

379 1801 562 1857 factus
609 1812 690 1858 est
727 1805 791 1859 iis
835 1803 900 1870 ⁸³⁵,
957 1823 973 1857 ι
1013 1820 1108 1874 pro
1153 1804 1346 1873 quibus
1395 1805 1764 1860 hazreditatem
1800 1821 1949 1861 suam

377 1905 538 1950 extra
559 1894 811 1951 Jordanis
839 1895 1036 1952 fluenta
1063 1896 1326 1966 percepit,
1353 1906 1408 1952 et
1430 1913 1458 1950 a
1503 1905 1646 1950 terra
1680 1910 1738 1951 se
1763 1905 1949 1952 sancta

379 1991 514 2048 fecit
532 1993 784 2048 alienum.
810 1991 901 2047 Ille
939 2008 1069 2062 ergo
1095 1991 1320 2062 populus
1339 1992 1549 2061 accepit
1580 1991 1946 2047 haereditatem

381 2100 484 2153 per
516 2085 750 2158 Moysen,
785 2087 992 2157 accepit
1017 2097 1212 2140 terram
1241 2085 1466 2140 duorum
1501 2099 1686 2154 regum
1718 2093 1952 2138 tantum-

381 2177 562 2233 modo.
596 2177 712 2232 Non
743 2181 884 2234 enim
917 2179 1147 2249 amplius
1188 2177 1361 2247 potuit
1405 2176 1616 2248 Moyses
1642 2177 1953 2232 interficere

380 2271 486 2324 nisi
534 2270 668 2325 duos
695 2287 870 2342 reges,
913 2287 1140 2340 quorum
1180 2280 1376 2326 terram
1423 2271 1686 2324 divideret
1717 2269 1948 2338 pepulis.

380 2362 548 2416 multa
583 2364 837 2417 animalia
891 2365 1164 2432 multaque
1211 2378 1403 2431 pecora
1446 2361 1794 2417 habentibus.
1840 2361 1950 2414 Illis

379 2469 513 2509 vero
535 2455 624 2524 qui
655 2452 941 2510 Iordanem
981 2464 1280 2522 transeunt,
1311 2454 1468 2510 «Iesus
1499 2454 1694 2508 dividit
1727 2464 1947 2520 terram,

375 2546 629 2615 quamvis
655 2548 886 2603 habeant
909 2549 1070 2604 etiam
1093 2550 1193 2618 ipsi
1223 2548 1498 2612 animalia,
1529 2547 1762 2601 habeant
1792 2561 1951 2615 peco-

382 2655 467 2704 ra,
495 2652 600 2693 non
624 2646 800 2694 tamen
843 2649 1011 2705 tanta,
1038 2655 1158 2707 qua:
1193 2655 1288 2694 eos
1314 2639 1625 2703 excludant,
1658 2654 1726 2693 ne
1750 2637 1946 2694 Iorda-

377 2744 504 2784 nem
533 2738 828 2799 transeant,
859 2732 950 2786 sed
985 2747 1108 2786 cum
1145 2732 1272 2800 ipsis
1294 2741 1347 2786 et
1373 2731 1710 2799 mulieribus,
1739 2741 1794 2787 et
1824 2747 1946 2786 cum

377 2818 681 2876 infantibus
709 2822 823 2876 suis
843 2823 1171 2878 contendunt
1200 2823 1430 2877 transire
1450 2821 1763 2888 Iordanem,
1795 2832 1848 2878 et
1880 2823 1947 2877 ad

379 2923 600 2984 patrum
641 2915 923 2983 pervenire
973 2915 1258 2986 promissa.
1293 2915 1371 2970 llli
1399 2925 1577 2971 autem
1608 2925 1828 2986 propter
1863 2931 1951 2987 pe-

2069 419 2489 484 Iirmameutum,
2517 433 2635 488 post
2653 424 2814 478 etiam
2839 425 2964 480 caeli
2985 427 3244 481 vocabulo
3265 438 3631 497 nuncupatum

2065 520 2166 564 est.
2195 508 2249 562 In
2288 511 2550 580 principio
2593 520 2769 567 tamen
2818 523 3084 569 creaturae
3115 515 3309 569 coelum
3347 523 3403 570 et
3431 524 3629 570 terram

2066 599 2258 655 fecisse
2287 600 2483 655 dicitur
2511 603 2672 670 Deus,
2700 611 2752 657 et
2780 615 2964 672 postea
3005 606 3231 668 aridam,
3251 614 3302 660 et
3320 616 3507 674 postea
3541 607 3633 660 ﬁr-

2064 704 2420 748 mamentum.
2452 693 2543 747 Vis
2575 705 2753 749 autem
2784 697 2923 751 scire
2969 697 3095 766 quia
3130 698 3272 752 aliud
3299 699 3370 752 sit
3399 699 3450 752 in
3484 699 3634 752 Scri-

2063 786 2237 852 pturis
2267 786 2441 848 arida,
2468 785 2608 840 aliud
2635 787 2821 840 terra?
2851 789 2973 842 audi
3015 791 3266 859 Aggwum
3306 792 3627 860 prophetam

2065 875 2333 930 dicentem
2356 877 2401 908 ⁸⁸
2435 895 2446 927 :
2481 896 2499 927 ‹
2527 877 2716 932 Adhuc
2743 878 2989 938 semel,et
3019 896 3120 948 ego
3154 882 3379 936 movebo
3429 884 3627 942 ctelutu

2063 976 2117 1021 et
2156 977 2382 1034 terram,
2434 979 2489 1022 et
2542 983 2710 1032 mare,
2767 981 2822 1024 et
2856 972 3085 1026 aridam.
3109 991 3127 1022 ι
3162 971 3323 1028 Vides
3355 980 3630 1044 quomodo

2062 1059 2324 1127 propheta
2371 1059 2512 1113 aliud
2551 1060 2704 1128 ponit
2748 1070 2946 1115 terram
2985 1071 3038 1114 et
3073 1062 3219 1115 aliud
3257 1065 3484 1120 aridam.
3522 1066 3628 1121 Sed

2053 1139 2114 1202 ‘et
2148 1149 2200 1201 in
2243 1149 2426 1204 multis
2454 1150 2750 1219 Scriptura:
2783 1151 2913 1205 locis
2942 1151 3247 1208 invenimus
3277 1165 3473 1209 terram
3507 1156 3627 1211 lau-

2063 1238 2293 1293 dabilem
2325 1240 2632 1304 nominari;
2667 1241 2875 1295 aridam
2913 1257 3040 1295 vero
3073 1259 3176 1297 non
3205 1243 3370 1300 facile
3403 1245 3630 1316 legimus

2059 1329 2386 1385 laudabilem
2439 1333 2588 1402 poni.
2631 1333 2765 1388 Nam
2823 1343 2875 1389 et
2923 1336 3092 1390 Adam
3149 1338 3200 1390 in
3248 1339 3394 1394 hunc
3451 1339 3626 1396 locum

2057 1422 2211 1490 quasi
2244 1422 2530 1492 culpabilis
2569 1433 2688 1491 post
2719 1435 3003 1494 peccatum
3039 1428 3368 1494 detruditur,
3398 1430 3490 1498 qui
3517 1434 3628 1484 ari-

2059 1515 2124 1568 da
2179 1514 2488 1570 nominatus
2541 1526 2644 1571 est.
2686 1519 2857 1571 Antea
2904 1520 3047 1574 enim
3085 1535 3189 1574 non
3236 1519 3336 1574 fuit
3365 1522 3415 1576 in
3450 1523 3625 1586 arida,

2059 1606 2152 1660 sed
2195 1607 2248 1660 in
2283 1615 2446 1661 terra.
2486 1607 2774 1665 Paradisus
2822 1625 3053 1680 namque
3090 1627 3194 1666 non
3242 1623 3324 1667 est
3363 1613 3416 1667 in
3453 1615 3624 1678 arida,

2055 1697 2147 1752 sed
2173 1698 2223 1751 in
2251 1708 2414 1754 terra.
2447 1698 2552 1755 Sed
2581 1710 2635 1754 et
2659 1703 2955 1756 mansuetis
2989 1705 3130 1772 quod
3160 1707 3493 1784 repromittit
3519 1706 3625 1762 Do-

2058 1790 2239 1844 minus
2295 1791 2348 1845 in
2407 1791 2719 1863 Evangelio,
2785 1809 2889 1848 non
2953 1807 3037 1849 est
3095 1797 3270 1864 arida,
3308 1799 3404 1853 sed
3455 1809 3620 1855 terra.

2062 1883 2253 1937 «Beati
2302 1884 2470 1949 enim,
2528 1884 2792 1955 inquit”,
2849 1890 3157 1956 mansueti,
3217 1892 3474 1960 quoniam
3521 1893 3624 1961 ipsi

2056 1975 2450 2031 hatreditabunt
2493 1984 2715 2032 terram.
2745 1994 2764 2028 ο
2800 1976 2866 2032 Et
2907 1979 3104 2033 iterum
3137 1980 3190 2033 in
3227 1981 3523 2052 Evangelia
3548 1981 3619 2047 ⁷⁰,

2054 2081 2239 2123 semen
2264 2070 2406 2138 quod
2429 2070 2519 2123 dat
2546 2068 2779 2124 fructum
2817 2071 3175 2128 centesimum
3222 2077 3619 2145 sexagesimum

2054 2169 2110 2216 et
2147 2162 2505 2226 tricesimum,
2548 2169 2698 2216 terra
2744 2162 2953 2217 dicitur
2989 2179 3128 2230 esse,
3169 2181 3274 2222 non
3331 2168 3505 2224 arida.
3555 2171 3622 2224 Et

2052 2263 2182 2323 puto
2211 2255 2336 2325 quia
2376 2254 2652 2324 profectus
2678 2254 2899 2323 quidam
2925 2257 2996 2312 sit
3018 2257 3086 2312 ab
3131 2258 3280 2312 arida
3319 2261 3386 2315 ad
3419 2270 3616 2317 terram

2052 2347 2325 2410 veniendi,
2370 2346 2510 2401 sicut
2543 2355 2598 2401 et
2641 2346 2916 2415 profectus
2967 2350 3185 2418 quidam
3242 2351 3364 2415 fuit,
3395 2363 3453 2406 ut
3503 2355 3618 2409 btet:

2053 2437 2206 2491 arida
2250 2447 2398 2492 terra
2428 2449 2738 2494 vocaretur.
2767 2438 2969 2495 Omnes
2999 2441 3142 2496 enim
3172 2458 3294 2509 nos,
3325 2445 3498 2501 donec
3530 2447 3616 2500 in-

2052 2529 2316 2586 fructuosi
2351 2545 2558 2597 sumus,
2597 2541 2653 2586 et
2687 2531 2890 2585 nullum
2935 2530 3162 2600 justitiaa
3210 2535 3468 2604 fructum,
3500 2538 3621 2591 nul-

2051 2623 2160 2677 lum
2215 2623 2510 2694 pudicitiae,
2563 2624 2762 2678 nullum
2809 2623 3024 2692 pietatis
3083 2627 3400 2694 efferimus,
3458 2630 3612 2684 arida

2051 2728 2262 2770 sumus.
2291 2714 2346 2769 Si
2377 2726 2558 2770 autem
2598 2715 2957 2785 nosmetipsos
2991 2721 3316 2788 coeperimus
3345 2722 3615 2786 excolere,

2049 2815 2103 2860 et
2126 2806 2193 2860 ad
2235 2807 2498 2862 virtutum
2565 2807 2772 2877 frugem
2815 2809 3026 2865 desides
3075 2813 3285 2866 animos
3331 2815 3612 2879 suscitari,

2052 2907 2193 2952 terra
2247 2897 2508 2954 efﬁcimur
2554 2918 2620 2956 ex
2663 2905 2837 2971 arida,
2876 2920 2996 2974 quae
3025 2907 3172 2962 verbi
3223 2907 3316 2960 Dei
3366 2917 3616 2975 suscepto

377 3019 512 3060 cora
539 3014 592 3060 et
617 3007 879 3075 jumenta,
905 3013 965 3062 et
998 3006 1253 3063 mulieres
1282 3023 1430 3070 suas,
1459 3016 1515 3062 et
1553 3008 1811 3074 infantes,
1844 3025 1945 3063 non

2053 2990 2261 3044 semine
2305 2989 2421 3044 laeta
2474 2990 2634 3063 fruge
2684 2995 3024 3066 multiplicet.
3059 2996 3154 3054 Est
3194 3011 3322 3068 ergo
3368 3000 3614 3068 quaedam

375 3101 672 3160 potuerunt
700 3095 932 3150 transire
959 3092 1270 3160 Jordanem,
1300 3112 1401 3152 nec
1424 3099 1490 3152 ad
1519 3097 1677 3154 fidem
1720 3099 1942 3166 Christi,

377 3198 502 3252 quae
523 3193 606 3239 est
638 3192 781 3240 terra
817 3188 1268 3256 repromissionis,
1292 3191 1519 3247 intrare.

452 3276 507 3330 5.
529 3275 778 3347 Increpat
809 3285 983 3332 tamen
1011 3278 1241 3350 Moyses,
1265 3290 1319 3335 et
1345 3283 1475 3338 dicit
1498 3283 1566 3337 ad
1597 3284 1737 3339 filios
1753 3282 1943 3339 Ruben

375 3378 439 3422 et
469 3369 535 3423 ad
584 3368 722 3426 filios
766 3368 880 3424 Gad
916 3370 1006 3424 θυι
1059 3389 1078 3423 ι
1114 3371 1336 3428 Fratres
1386 3375 1550 3430 vestri
1604 3385 1832 3446 pergent
1877 3379 1943 3430 ad

378 3457 645 3528 prmlium,
678 3470 734 3514 et
769 3475 866 3514 vos
889 3463 1149 3517 sedebitis
1188 3463 1310 3518 hic?
1340 3465 1404 3518 Et
1435 3479 1605 3535 quare
1635 3468 1944 3536 pervertitis

376 3555 548 3606 corda
583 3551 811 3607 filiorum
850 3553 1036 3618 Israel,
1078 3564 1137 3608 ut
1178 3572 1286 3610 non
1330 3567 1606 3612 transeant
1649 3559 1702 3612 in
1745 3569 1941 3614 terram

377 3657 544 3712 quam
584 3643 842 3698 Dominus
881 3646 971 3699 dat
1000 3645 1116 3700 eis?
1152 3666 1170 3698 ι
1201 3647 1415 3702 Etcum
1448 3649 1808 3719 increpuisset
1849 3667 1943 3708 eos

381 3734 686 3803 hujusmodi
713 3736 911 3801 verbis,
953 3754 973 3787 ‹
1005 3747 1368 3806 accesserunt,
1411 3739 1672 3811 inquit“,
1707 3743 1773 3797 ad
1815 3757 1939 3798 eum

381 3825 479 3879 filii
507 3826 692 3882 Ruben
740 3838 794 3882 et
831 3827 923 3880 filii
969 3827 1105 3893 Gad,
1142 3838 1196 3884 et
1227 3829 1474 3886 dicebant
1505 3829 1710 3887 :Ovilia
1751 3833 1941 3890 ovibus

379 3916 766 3972 fabricabimus
800 3919 907 3983 hic,
944 3927 998 3973 et
1033 3921 1336 3989 pecoribus,
1392 3931 1448 3977 et
1489 3923 1738 3978 civitates
1772 3926 1942 3995 impe-

378 4009 633 4063 dimentis
661 4011 880 4075 nostris,
903 4020 958 4065 et
987 4027 1084 4066 nos
1106 4015 1297 4067 armati
1326 4015 1501 4084 prima
1527 4025 1702 4072 turma
1728 4023 1943 4077 incede-

376 4116 499 4156 mus
528 4110 651 4156 ante
680 4101 818 4158 filios
852 4101 1035 4168 Israel,
1065 4119 1343 4176 usquequo
1369 4109 1730 4176 perducamus
1767 4128 1861 4169 eos
1887 4116 1938 4169 in

375 4209 533 4248 suum
579 4193 776 4249 locum.
815 4213 834 4245 υ
867 4194 932 4248 Et
973 4196 1087 4250 hmc
1127 4197 1525 4266 promittentes,
1559 4201 1937 4275 mitigaverunt

375 4285 615 4354 Moysen,
656 4288 729 4342 ita
757 4296 815 4342 ut
845 4287 958 4357 ipse
987 4303 1080 4343 eos
1113 4292 1518 4347 commendaret
1544 4291 1670 4349 Jesu
1703 4308 1757 4352 et
1783 4299 1932 4354 Elea-

373 4396 524 4436 zaro.
575 4380 650 4434 Ita
686 4381 829 4436 enim
860 4383 1118 4449 scriptum
1154 4391 1234 4438 est
1259 4383 1305 4415 ⁸⁷
1334 4402 1348 4438 :
1377 4402 1397 4436 ‹
1436 4385 1502 4440 Et
1542 4386 1791 4443 adhibuit
1817 4391 1937 4447 illos

373 4467 590 4542 Noyses
622 4474 691 4528 ad
729 4473 1046 4528 Eleazarum
1089 4477 1444 4543 sacerdotem,
1475 4488 1528 4532 et
1554 4478 1734 4534 Jesum
1769 4481 1934 4538 lilium

375 4564 541 4629 Nave,
580 4575 635 4620 et
680 4566 952 4636 principes
1003 4567 1331 4622 familiarum
1381 4571 1614 4624 tribuum
1655 4573 1842 4630 Israel.
1871 4575 1938 4630 Et

373 4657 450 4710 ait
478 4658 542 4712 ad
576 4673 669 4712 eos
700 4657 946 4728 Moyses:
983 4659 1040 4714 Si
1077 4662 1390 4716 transierint
1418 4664 1510 4718 ﬁlii
1540 4664 1728 4722 Ruben
1752 4677 1806 4721 et
1841 4668 1932 4723 lilii

371 4748 486 4803 Gad
515 4750 792 4805 vobiscum
822 4749 1115 4808 Iordanem
1146 4756 1323 4810 omnis
1339 4766 1580 4814 armatus
1601 4758 1668 4814 ad
1694 4759 1932 4828 praelium

371 4853 552 4893 coram
584 4841 826 4907 Domino,
861 4852 914 4896 et
944 4842 1287 4899 obtinueritis
1325 4856 1522 4902 terram
1557 4849 1611 4902 in
1643 4861 1932 4920 conspectu

371 4941 573 4994 vestro,
606 4932 806 4986 dabitis
832 4935 908 4988 eis
939 4943 1136 4989 terram
1168 4935 1371 4992 Galaad
1402 4937 1452 4992 in
1476 4941 1930 5009 possessionem.»

365 5019 554 5076 Terra:
587 5037 780 5078 nomen
815 5023 866 5076 in
895 5022 1189 5092 Scripturis
1220 5025 1418 5080 divinis
1445 5029 1676 5095 positum
1704 5029 1933 5083 diversis

365 5112 854 5182 significationibus
877 5114 1212 5180 invenimus;
1254 5123 1307 5171 et
1339 5117 1516 5187 primo
1546 5120 1762 5187 quidem
1789 5130 1930 5174 terra

367 5205 485 5258 hate
503 5203 554 5258 in
572 5219 676 5274 qua
697 5204 1018 5272 habitamus,
1041 5222 1142 5261 non
1162 5222 1226 5262 ex
1254 5206 1406 5261 initio
1421 5219 1560 5263 terra
1580 5211 1810 5264 vocitata
1827 5219 1930 5274 est,

367 5297 461 5349 sed
490 5297 672 5351 arida:
707 5306 760 5350 et
795 5307 916 5366 post
943 5298 1054 5352 haec
1077 5315 1197 5368 qua:
1221 5301 1371 5370 prius
1392 5301 1532 5354 dicta
1561 5300 1736 5355 fuerat
1759 5303 1929 5366 arida,

365 5384 526 5457 373
549 5397 704 5442 terrae
720 5403 918 5443 nomen
944 5392 1185 5460 accepit;
1209 5393 1350 5444 sicut
1374 5399 1428 5446 et
1460 5392 1656 5447 malum
1681 5391 1821 5446 istud
1854 5395 1932 5445 vi-

437 5567 483 5598 "
526 5565 684 5620 Num.
717 5585 886 5631 xxx",
925 5569 980 5623 4.

1056 5569 1101 5602 ⁸³
1131 5571 1148 5623 l
1178 5570 1302 5624 Cor.
1339 5587 1397 5636 tt,
1433 5571 1519 5626 M.
1594 5570 1638 5603 ⁸⁵
1670 5571 1812 5625 Psal.
1848 5586 1994 5635 χιιι,
2025 5569 2112 5624 15.
2187 5569 2231 5600 ⁸⁸
2262 5567 2422 5622 Num.
2448 5583 2623 5631 xx-xu,
2647 5569 2702 5632 6,
2731 5569 2784 5623 7.

2050 3079 2212 3133 etiam
2263 3080 2314 3133 in
2371 3095 2535 3152 regno
2583 3083 2679 3138 Dei
2727 3093 2896 3152 terra,
2925 3100 3045 3154 quae
3092 3087 3388 3140 mansuetis
3435 3101 3618 3154 repro-

2049 3173 2306 3235 mittitur,
2354 3181 2412 3228 et
2469 3184 2614 3230 terra
2657 3193 2780 3247 quae
2829 3178 3127 3233 viventium
3191 3180 3523 3245 nominatur,
3561 3191 3616 3232 ct

2051 3264 2268 3318 terrain
2301 3267 2532 3322 excelsis
2556 3270 2752 3336 posita,
2781 3273 2846 3325 de
2871 3286 2975 3340 qua
3003 3273 3068 3326 ad
3091 3270 3296 3342 justum
3319 3273 3450 3327 dicit
3477 3271 3614 3328 Pro-

2049 3359 2207 3426 pheta
2229 3358 2274 3389 “
2306 3377 2318 3412 :
2356 3376 2374 3410 ‹
2406 3360 2470 3413 Ει
2513 3362 2776 3418 exaltabit
2828 3373 2879 3419 te
2921 3373 2979 3419 ut
3025 3365 3312 3422 haeredites
3345 3377 3564 3422 terram.
3590 3387 3608 3418 ι

2046 3447 2206 3504 Istius
2231 3464 2360 3520 ergo
2393 3461 2552 3507 terra:
2577 3453 2971 3520 hzeredita'tem,
2991 3468 3335 3527 posteaquam
3368 3460 3432 3514 de
3455 3474 3616 3512 mun-

2046 3540 2098 3594 di
2125 3539 2284 3611 hujus
2309 3540 2548 3614 Egypto
2574 3546 2788 3612 exierit,
2819 3547 2925 3602 Deo
2959 3549 3184 3604 credens
3211 3549 3390 3604 anima
3417 3566 3612 3607 conse-

2044 3631 2347 3700 quitur:et
2391 3635 2517 3688 alibi
2553 3638 2770 3704 quidem
2812 3638 2874 3704 ii,
2908 3639 2999 3707 qui
3041 3642 3141 3695 sub
3190 3640 3306 3711 lege
3339 3643 3609 3705 vixerunt,

2045 3726 2175 3782 alibi
2219 3740 2399 3783 autem
2447 3731 2538 3800 qui
2577 3747 2674 3801 per
2713 3731 2837 3789 Jesu
2861 3733 3067 3790 Christi
3094 3735 3254 3791 fidem
3287 3745 3343 3791 et
3374 3739 3606 3808 gratiam

2044 3820 2344 3891 dispensati
2369 3834 2513 3878 sunt.
2543 3826 2931 3881 Verumtamen
2965 3829 2997 3882 ii
3025 3831 3116 3899 qui
3149 3830 3404 3884 videntur
3425 3834 3608 3900 primi,

2043 3921 2098 3968 et
2142 3929 2236 3980 per
2286 3913 2470 3970 Mosen
2523 3917 2840 3985 dispensati,
2870 3933 2980 3974 non
3011 3922 3161 3990 prius
3205 3937 3598 3992 consequent...

2043 4005 2414 4061 haereditatem
2450 4007 2552 4062 sibi
2591 4009 2886 4076 decretam,
2918 4026 3080 4080 quam
3140 4011 3284 4068 Mose
3326 4015 3464 4066 duce
3495 4029 3580 4066 me

2042 4109 2291 4166 ruerunt,
2337 4099 2438 4154 nisi
2469 4108 2524 4153 et
2565 4100 2666 4170 ipsi
2709 4109 2986 4156 transeant
3015 4117 3138 4156 cum
3177 4103 3242 4156 iis
3278 4118 3416 4172 quos
3451 4101 3608 4158 Iesus

2041 4191 2334 4261 dispensat,
2370 4205 2424 4248 et
2455 4205 2697 4263 pugnent
2744 4209 2869 4249 cum
2902 4197 2982 4250 eis
3023 4206 3210 4251 contra
3245 4197 3518 4263 inimicos,
3555 4211 3609 4251 ct

2040 4283 2307 4339 collocent
2329 4299 2424 4340 eos
2449 4287 2498 4339 in
2529 4285 2752 4341 sedibus
2787 4287 2919 4354 suis,
2947 4297 3001 4341 et
3034 4289 3107 4342 ita
3136 4289 3239 4359 ipsi
3275 4303 3609 4359 consequen-

1969 4355 2013 4412 Ῑ)
2045 4384 2133 4430 tur
2162 4376 2530 4431 hareditatem
2562 4391 2723 4446 quam
2756 4377 2939 4448 Moyse
2962 4380 3098 4434 duce
3127 4355 3464 4436 meruerunt.

2114 4465 2167 4520 6.
2212 4467 2317 4522 Sed
2354 4469 2465 4521 haec
2506 4468 2612 4522 nisi
2650 4483 2716 4523 ex
2749 4469 3048 4538 Scripturis
3077 4472 3275 4528 divinis
3306 4476 3605 4545 approben-

2045 4563 2152 4621 tur,
2207 4555 2400 4610 fabula:
2438 4557 2786 4616 videbuntur.
2835 4559 3033 4616 Paulus
3067 4576 3198 4634 ergo
3237 4564 3430 4619 horum
3476 4582 3606 4636 pro-

2044 4645 2275 4699 ducatur
2315 4647 2369 4699 in
2417 4649 2651 4703 medium
2689 4651 2915 4707 idoneus
2964 4653 3139 4717 testis,
3165 4656 3256 4722 qui
3290 4657 3342 4710 in
3370 4657 3606 4724 Epistula

2048 4737 2114 4789 ad
2156 4735 2430 4804 Hebraeos,
2476 4741 2565 4794 ubi
2609 4741 2872 4798 describit
2913 4759 3101 4800 omnes
3153 4745 3271 4802 illos
3312 4756 3516 4819 patres,
3551 4760 3607 4804 ct

2046 4828 2405 4896 patriarchas,
2456 4846 2520 4885 ac
2561 4833 2876 4902 prophetas,
2917 4836 3006 4905 qui
3043 4851 3140 4906 per
3175 4839 3333 4894 fidem
3383 4839 3606 4910 placue—

2045 4930 2174 4975 runt
2224 4923 2355 4988 Deo,
2387 4912 2509 4993 past.
2535 4927 3000 4983 enumerationem
3032 4941 3372 4997 cunctorum,
3395 4933 3449 4987 in
3478 4934 3604 4988 ulti-

2044 5031 2129 5070 ma
2175 5017 2520 5073 conclusione
2565 5019 2644 5074 sic
2683 5019 2816 5074 dicit
2857 5022 2924 5076 de
2964 5023 3042 5077 eis
3061 5023 3145 5077 7':
3185 5041 3204 5075 ‹
3237 5024 3305 5080 Et
3345 5026 3380 5080 ii
3413 5040 3602 5082 omnes

2043 5109 2351 5164 testimonio
2376 5108 2498 5165 fidei
2530 5121 2750 5182 accepto
2800 5128 2905 5167 non
2936 5125 3289 5185 perceperunt
3314 5119 3605 5186 repromis-

2038 5206 2239 5269 siones,
2275 5204 2388 5260 Deo
2435 5219 2535 5274 pro
2585 5205 2742 5261 nobis
2785 5207 2980 5262 melius
3021 5209 3226 5278 aliquid
3259 5211 3599 5277 providente,

2040 5296 2115 5350 uti
2151 5311 2218 5351 ne
2251 5298 2370 5352 sine
2399 5297 2556 5351 nobis
2607 5308 3135 5354 consummarentur.
3162 5319 3182 5353 ι
3227 5299 3392 5368 Quasi
3445 5302 3600 5355 dice-

2039 5398 2160 5443 rent
2199 5389 2319 5444 istae
2348 5403 2536 5442 novem
2569 5399 2622 5443 et
2655 5391 2818 5445 semis
2853 5392 3026 5446 tribus
3067 5393 3133 5448 de
3170 5392 3275 5460 illis
3301 5393 3511 5447 duabus
3546 5403 3604 5447 et

2865 5569 2906 5601 ³⁸
2933 5570 3062 5624 ibid.
3100 5570 3186 5636 I6,
3222 5571 3313 5625 17.
3389 5571 3431 5602 ⁸⁷
3465 5569 3603 5624 ibid.

367 5633 458 5701 28,
482 5637 575 5692 29.
652 5638 696 5668 ⁸⁸
726 5642 860 5708 Agg.
891 5656 952 5693 It.
984 5639 1032 5694 7.
1110 5642 1152 5672 ⁶⁹
1182 5633 1462 5710 Μθῑιὴζν,
1486 5643 1538 5696 4.
1637 5643 1682 5673 ⁷ο
1711 5641 1898 5696 Matth.
1935 5657 1945 5694 1

2051 5679 2056 5695 .
2133 5640 2175 5673 ⁷⁸
2200 5637 2343 5694 Psal.
2371 5654 2578 5705 xxxv",
2607 5639 2693 5693 54.
2776 5641 2822 5672 ⁷³
2846 5637 2981 5694 Heb.
3005 5655 3083 5706 XI,
3105 5633 3194 5703 59⁷,
3221 5640 3311 5694 40.

763 5732 1034 5792 Ριτιιοι.
1082 5731 1196 5794 Gn.
1245 5734 1386 5796 XII.

3166 5734 3250 5808 25,
