4050 6148
471 229 576 282 779

1922 213 2257 273 'ORlGENlS

3607 217 3720 272 780

471 349 640 403 semis
673 344 939 408 tribubus,
975 343 1101 412 quia
1137 350 1422 413 propterea
1468 355 1576 397 non
1623 341 2036 411 ceperunt'pro-
2068 339 2118 399 Α
2145 337 2216 392 ibi
2269 336 2449 392 Jesum
2518 337 2808 393 Dominum
2851 349 3093 394 nostrum
3133 352 3389 409 sequens,
3417 336 3719 392 interficiet

473 442 768 496 missiones
805 447 964 493 terra:
992 437 1158 500 illius,
1190 451 1310 505 qua:
1337 437 1418 492 eis
1447 446 1600 491 extra
1625 434 1915 490 Jordanem
1947 448 2043 503 per

474 532 697 602 Moysen
751 532 968 586 decreta
999 538 1106 595 est,
1147 529 1253 583 Deo
1288 543 1384 598 pro
1415 528 1573 582 nobis
1615 526 1815 597 aliquid
1848 526 2042 582 melius

472 625 818 694 providente,
865 621 946 676 uti
991 637 1058 675 ne
1114 621 1231 676 sine
1289 621 1445 674 nobis
1500 629 2040 674 consummarentur.

471 716 766 785 Propterea
795 728 926 783 ergo
953 720 1239 767 transeunt
1270 712 1552 766 nobiscum
1581 713 1778 766 armati
1804 713 1870 766 ad
1901 727 2042 782 pra:-

469 809 626 872 lium,
655 805 918 873 etiuvant
947 819 1045 859 nos
1071 805 1138 858 ad
1165 802 1607 873 belligerandum,
1631 804 1697 857 ad
1722 819 2041 874 expugnan-

469 900 568 954 dos
618 897 889 952 inimicos.
948 894 1058 950 Sed
1090 893 1170 949 illi
1218 902 1508 949 transeunt
1530 895 1624 963 qui
1662 894 1861 948 armati
1893 903 2038 961 sunt,

468 991 559 1060 qui
584 988 687 1042 viri
729 987 897 1042 fortes
927 995 1056 1040 sunt
1089 995 1145 1041 et
1173 985 1674 1056 potentes;-caeteri
1703 1001 1854 1048 vero.
1890 987 2042 1056 igna-

469 1095 534 1132 va
572 1093 763 1132 manus
806 1086 864 1133 et
899 1075 1156 1144 imbellis,
1183 1088 1466 1133 remanent
1513 1087 1670 1132 extra
1724 1075 2039 1134 Iordanem.

471 1174 528 1229 Si
561 1175 652 1244 qui
678 1183 863 1227 autem
910 1173 962 1226 in
1016 1171 1150 1241 ipsis
1171 1173 1278 1226 viri
1313 1171 1484 1226 fortes
1515 1180 1662 1236 sunt,
1692 1171 1898 1227 relictis
1922 1171 2040 1226 ani-

470 1265 701 1321 malibus
752 1274 810 1319 et
861 1263 1153 1334 pecoribus
1207 1274 1262 1318 et
1304 1264 1557 1318 omnibus
1611 1265 2037 1333 impedimentis,

469 1365 712 1428 pugnant
730 1356 1018 1412 adversum
1045 1357 1256 1410 hostem
1286 1355 1573 1409 nobiscum
1609 1370 1890 1424 usquequo
1917 1355 2040 1410 vin-

468 1458 666 1502 cantur
693 1446 897 1500 inimici
933 1445 1133 1512 nostri,
1170 1459 1456 1514 usquequo
1479 1444 1854 1500 haereditatem
1884 1457 2042 1500 terrae

462 1540 649 1601 bonae,
683 1546 841 1591 terra
873 1535 1054 1590 mellis
1099 1535 1371 1604 lactisque
1403 1534 1705 1602 capiamus.
1741 1535 1874 1602 Quis
1895 1535 2039 1590 enim

459 1629 685 1686 dubitat
711 1628 858 1698 quod
901 1628 1076 1683 sancti
1107 1627 1312 1696 quique
1348 1635 1587 1695 patrum,
1619 1637 1673 1680 et
1706 1627 2041 1682 orationibus

470 1735 571 1776 nos
597 1722 810 1788 juveut,
848 1727 902 1772 et
936 1728 1215 1788 gestorum
1246 1732 1471 1773 suorum
1510 1719 1841 1773 conﬁrment
1875 1730 2040 1790 atque

462 1815 761 1871 hortentur
809 1811 1094 1882 exemplis,
1127 1809 1222 1866 sed
1257 1819 1313 1864 et
1360 1809 1726 1866 voluminibus
1768 1811 1902 1878 suis,
1946 1827 2042 1880 per

469 1921 535 1960 ea
583 1918 702 1974 quae
760 1902 939 1959 nobis
974 1901 1041 1956 ad
1089 1901 1409 1957 memoriam
1461 1902 1663 1973 scripta
1701 1901 2042 1972 reliquerunt

466 1997 730 2051 docentes
783 2009 904 2062 nos,
945 2002 1000 2049 et
1044 1993 1378 2048 instruentes
1431 1995 1704 2063 quomodo
1751 1996 2039 2050 adversum

465 2088 718 2144 .inimicas
752 2093 1050 2156 potestates
1084 2084 1451 2141 dimicandum
1506 2085 1598 2152 sit,
1651 2097 1708 2142 et
1765 2089 2037 2156 quomodo

471 2195 706 2251 agonum
740 2178 1016 2234 toleranda
1040 2177 1383 2232 certamina?
1408 2176 1652 2246 Pugnant
1674 2192 1801 2249 ergo
1824 2193 1919 2248 pro
1938 2194 2039 2234 no-

472 2278 554 2332 bis
583 2287 638 2332 et
666 2275 794 2346 ipsi,
833 2273 1093 2328 incedunt
1137 2272 1294 2342 primi
1331 2280 1458 2329 ante
1490 2287 1587 2326 nos
1638 2273 1857 2328 annali.
1889 2272 2042 2344 Ipsos

471 2369 616 2423 enim
655 2381 754 2422 nos
792 2365 1059 2421 habentes
1089 2365 1170 2419 ad
1210 2363 1539 2433 exemplum,
1572 2372 1624 2418 et
1674 2365 1921 2421 videntes
1950 2381 2043 2421 eo-

474 2475 592 2514 rum
621 2473 718 2527 per
740 2457 988 2528 spiritum
1016 2454 1184 2510 fortia
1212 2454 1374 2522 facta,
1393 2469 1672 2509 armamur
1700 2456 1766 2511 ad
1795 2456 2038 2525 prailium

475 2548 740 2621 spiritale,
784 2557 840 2605 et
897 2549 1159 2602 adversus
1215 2545 1476 2614 spiritalia
1520 2548 1774 2615 nequitiae
1824 2549 1877 2602 in
1930 2563 2042 2604 cae-

473 2643 701 2698 lestibus
759 2642 1102 2697 dimicamus.
1164 2639 1256 2695 Sic
1317 2641 1550 2711 denique
1601 2641 1694 2710 qui
1730 2639 1858 2697 Jesu
1905 2642 2042 2698 duce

469 2734 721 2798 militant,
754 2732 975 2803 triginta
1000 2740 1056 2787 et
1080 2745 1145 2786 eo
1175 2729 1413 2800 amplius
1445 2745 1601 2800 reges
1653 2732 1952 2802 perimunt,
1985 2743 2042 2789 et

473 2839 648 2881 terras
693 2839 885 2882 eorum
912 2835 1060 2879 sorte
1089 2822 1423 2878 haereditatis
1450 2822 1748 2892 accipiunt.
1790 2824 2042 2895 Depulsis

468 2933 701 2989 namque
749 2917 1086 2988 spiritalibus
1119 2915 1376 2984 nequitiis
1398 2917 1463 2968 de
1499 2915 1838 2984 coelestibus,
1868 2917 2041 2972 haare-s

2156 431 2380 498 triginta
2411 441 2465 486 et
2492 447 2556 488 eo
2583 433 2813 503 amplius
2841 447 3016 503 reges,
3042 433 3164 488 illos
3193 431 3444 487 fortassis
3483 431 3550 485 de
3589 431 3682 499 qui
3701 460 3723 471 -

2148 521 2248 577 bus
2284 524 2556 591 dicitur",
2583 527 2710 595 quia
2742 543 2761 577 ε
2786 527 3070 581 astiterunt
3098 541 3252 596 reges
3283 535 3463 592 teme,
3490 534 3544 580 et
3569 526 3722 593 prin-

2143 613 2290 684 cipes
2321 617 2633 687 congregati
2662 626 2790 671 sunt
2819 617 2874 670 in
2900 632 3088 683 unum,
3115 616 3380 671 adversus
3399 616 3720 680 Dominum,

2151 715 2204 760 et
2251 706 2511 764 adversus
2553 709 2828 764 Christum
2871 707 3018 776 eius;
3048 727 3067 761 ι
3097 707 3438 776 depulsisque
3471 707 3541 760 iis
3573 706 3723 774 regi—

2147 797 2249 854 bus
2291 809 2344 854 et
2391 803 2700 870 prostratis,
2762 809 3019 871 agnoscet
3074 799 3374 855 secretiora
3432 799 3722 868 mysteria,

2151 904 2433 961 usquequo
2469 893 2654 947 veniat
2689 893 2754 947 ad
2799 893 2944 947 illum
2985 892 3163 946 locum
3193 890 3283 945 ubi
3325 889 3479 945 sedes
3508 889 3599 944 Dei
3629 897 3721 942 est

2143 989 2198 1037 et
2239 981 2542 1040 Jerusalem
2594 986 2787 1040 civitas
2835 985 2932 1040 Dei
2983 982 3235 1045 viventis,
3272 996 3377 1035 non
3425 981 3528 1036 ista
3585 996 3711 1047 qua:

2145 1073 2313 1126 servit
2350 1089 2475 1128 cum
2527 1076 2653 1131 ﬁliis
2691 1077 2806 1132 suis
2855 1077 2908 1130 in
2949 1076 3132 1140 terris,
3178 1073 3272 1128 sed
3317 1072 3408 1127 illa
3451 1074 3721 1139 caelestis,

2142 1191 2262 1246 quae
2287 1175 2460 1230 libera
2495 1185 2603 1237 est,
2640 1181 2695 1227 et
2735 1180 2908 1225 mater
2937 1170 3183 1224 omnium
3214 1180 3457 1226 nostrum
3487 1186 3501 1221 :
3527 1172 3591 1225 ad
3622 1185 3725 1225 cu—

2137 1267 2226 1337 jus
2249 1282 2346 1322 nos
2375 1265 2750 1320 haereditatem
2781 1262 3077 1332 perducere
3109 1261 3365 1332 dignetur
3396 1260 3503 1313 dux
3534 1270 3588 1314 et
3612 1259 3725 1314 Do-

2142 1365 2323 1422 minus
2363 1371 2548 1416 noster
2593 1357 2750 1412 .lesus
2785 1354 3056 1422 Christus,
3091 1355 3177 1408 cui
3201 1363 3284 1410 est
3311 1354 3488 1424 gloria
3523 1364 3579 1408 et
3611 1355 3724 1408 im-

2141 1455 2354 1529 perium
2381 1453 2434 1507 in
2466 1449 2663 1507 saecula
2693 1446 3034 1502 saeculorum.
3063 1446 3257 1502 Amen.

2660 1538 2940 1597 HOMILIA
2977 1535 3195 1592 XXVII.

2446 1636 2525 1692 De
2546 1634 2910 1690 mansionibus
2940 1631 3176 1700 ﬁliorum
3207 1629 3396 1684 Israel.

2215 1734 2269 1787 i.
2307 1731 2466 1787 Cum
2511 1728 2776 1784 conderet
2830 1725 2972 1780 Deus
3023 1723 3289 1789 mundum
3320 1763 3335 1789 ,
3400 1723 3728 1777 innumeras

2142 1825 2352 1880 creavit
2379 1823 2625 1878 ciborum
2657 1817 3016 1881 differentias,
3044 1829 3141 1884 pro
3167 1817 3583 1872 diversitatibus
3611 1818 3729 1872 sci-

2143 1913 2271 1968 licet
2309 1911 2396 1968 vel
2438 1908 2664 1966 humani
2703 1905 2981 1972 desiderii,
3012 1905 3095 1959 vel
3136 1914 3345 1960 natura:
3371 1905 3726 1961 animalium.

2143 2006 2298 2062 Unde
2332 2018 2438 2058 non
2486 2002 2662 2056 solum
2703 1999 2866 2053 homo
2913 2011 3034 2050 cum
3065 1997 3264 2052 viderit
3289 1998 3604 2052 animalium
3631 1999 3726 2051 ci-

2143 2101 2291 2166 bum,
2333 2099 2432 2154 scit
2482 2109 2608 2150 eum
2669 2109 2776 2148 non
2832 2087 2933 2162 pr'o
2981 2107 3061 2157 se,
3085 2091 3178 2146 sed
3236 2106 3335 2160 pro
3386 2091 3729 2146 animalibus

2144 2202 2413 2257 creatum,
2445 2188 2542 2244 sed
2589 2196 2643 2242 et
2695 2186 2812 2254 ipsa
2841 2183 3095 2239 animalia
3128 2195 3430 2254 agnoscunt
3459 2185 3724 2254 proprios

2142 2285 2336 2341 cibos:
2359 2291 2414 2338 et
2445 2280 2565 2337 aliis
2590 2279 2838 2348 quidem,
2868 2279 3022 2333 verbi
3049 2293 3236 2342 causa,
3261 2278 3432 2331 utitur
3463 2276 3570 2340 leo,
3595 2275 3728 2332 aliis

2143 2393 2364 2442 cervus,
2426 2374 2549 2428 aliis
2598 2375 2718 2441 bos,
2768 2372 2890 2427 aliis
2947 2387 3078 2427 vero
3135 2387 3285 2426 aves.
3329 2371 3435 2430 Sed
3473 2381 3530 2424 et
3576 2371 3727 2424 inter

2144 2470 2392 2526 homines
2459 2477 2585 2522 sunt
2653 2465 2906 2536 quaedam
2958 2462 3278 2518 diﬂ‘erenlite
3341 2462 3405 2516 in-
3453 2471 3727 2530 appeten-

2142 2561 2226 2616 dis
2264 2561 2402 2616 cibis
2431 2567 2526 2614 :et
2556 2558 2694 2614 alius
2747 2558 2964 2627 quidem
3021 2556 3112 2625 qui
3171 2556 3308 2609 bene
3352 2568 3517 2608 sanus
3543 2561 3628 2606 est
3660 2559 3725 2604 et

2143 2650 2462 2707 habitudine
2491 2650 2742 2719 corporis
2779 2647 2992 2712 valens,
3027 2645 3219 2699 fortem
3247 2644 3427 2698 cibum
3457 2643 3722 2712 requirit,

2142 2753 2198 2798 et
2225 2743 2401 2798 credit
2445 2740 2776 2809 confiditque
2805 2737 2969 2793 edere
3009 2737 3214 2799 munia,
3245 2735 3390 2789 velut
3444 2734 3718 2790 robustis-

2142 2835 2264 2893 simi
2295 2835 2495 2904 quique
2540 2832 2895 2887 athletarum.
2925 2829 2984 2885 Si
3016 2829 3139 2899 quis
3190 2842 3321 2882 vero
3359 2827 3721 2881 inﬁrmiorem

2143 2943 2201 2982 se
2229 2927 2394 2983 sentit
2432 2940 2488 2981 et
2522 2925 2844 2988 invalidum,
2883 2923 3185 2978 delectatur
3225 2919 3486 2986 oleribus,
3518 2930 3574 2974 et
3602 2920 3723 2974 for-

462 3010 689 3065 ditatem
723 3007 874 3078 regni
903 3005 1140 3062 cmlestis
1167 3020 1196 3058 a
1231 3002 1358 3058 Jesu
1379 3004 1613 3059 Domino
1643 3013 1832 3060 nostro
1857 3005 2038 3074 perci-
2064 3039 2109 3097 α
2144 3029 2252 3074 lem
2285 3018 2464 3073 cibum
2489 3031 2586 3087 ριιο
2622 3017 2706 3072 sui
2735 3015 3050 3071 inﬁrmitate
3085 3012 3330 3082 corporis
3351 3012 3464 3082 (59)
3490 3027 3597 3066 ηοη
3625 3025 3720 3065 τε-

452 3103 647 3171 ,piunt.

549 3191 602 3243 7.
646 3190 831 3245 Potest
875 3199 932 3243 et
988 3191 1174 3245 tertius
1229 3191 1408 3246 adhuc
1461 3185 1817 3258 expositionis
1867 3184 2042 3239 videri

477 3286 693 3350 modus,
729 3294 788 3340 ut
814 3285 867 3338 in
899 3285 1026 3338 ﬁliis
1050 3284 1236 3350 Israel,
1262 3285 1314 3340 id
1342 3291 1425 3340 est
1454 3284 1508 3338 in
1541 3284 1737 3354 populo
1764 3281 2040 3348 Ecclesiae,

466 3378 848 3448 intelligantur
885 3377 1106 3447 quidam
1151 3390 1271 3431 esse
1319 3375 1616 3446 spiritales,
1661 3383 1716 3428 et
1739 3374 1883 3428 intra
1913 3371 2040 3428 Jor-

466 3473 661 3525 danetn
709 3468 993 3539 percipere
1034 3467 1403 3522 htereditatem
1438 3476 1594 3522 terrae
1626 3463 1848 3519 ﬂuentis
1880 3463 1964 3518 lac
1986 3473 2041 3518 et

468 3562 571 3616 mel
599 3580 613 3616 :
639 3562 920 3633 sapientiae
949 3561 1161 3617 scilicet
1186 3570 1241 3616 et
1266 3561 1505 3615 scientia:
1539 3559 1822 3629 capientes
1851 3557 2040 3612 dulcc-

469 3652 673 3718 dinem,
705 3667 941 3722 quorum
986 3659 1131 3706 terra
1180 3648 1401 3704 ﬂumine
1437 3648 1558 3714 Dei,
1590 3649 1735 3718 quod
1774 3647 2040 3718 repletum

467 3752 553 3798 est
591 3745 749 3813 aquis
787 3744 986 3800 divinae
1034 3741 1428 3813 intelligentiae,
1476 3741 1846 3796 circumdatur
1881 3751 1936 3796 et
1967 3740 2040 3794 ri-

466 3845 648 3906 gatur.
702 3837 810 3891 Alii
861 3845 1044 3892 autem
1083 3843 1210 3890 sunt
1246 3834 1515 3900 carnales,
1563 3836 1654 3904 qui
1694 3834 1956 3904 jumentis
1987 3843 2042 3888 et

466 3926 785 3994 pecudibus,
821 3928 876 3983 id
907 3936 994 3983 est
1024 3926 1228 3983 crassis
1268 3937 1323 3982 et
1356 3926 1569 3982 stolidis
1592 3927 1840 3982 sensibus
1869 3927 2040 3980 abun-

467 4019 806 4074 dantzsicut
851 4027 1010 4072 erant
1055 4016 1132 4072 illi
1187 4017 1253 4072 de
1301 4017 1502 4087 quibus
1546 4017 1763 4072 dicebat
1807 4019 2040 4088 Aposto-

468 4112 614 4167 lus"
639 4131 652 4166 :
678 4112 797 4165 t'lta
837 4109 1104 4166 insensati
1152 4110 1306 4174 estis,
1338 4119 1398 4164 ut
1427 4125 1554 4165 cum
1591 4111 1781 4181 spiritu
1810 4111 2040 4180 coeperi-

470 4205 564 4270 tis,
591 4219 738 4261 nunc
775 4218 939 4260 carne
973 4203 1334 4274 perficiamiui
1357 4203 1380 4257 ?
1403 4221 1422 4254 ι
1448 4201 1567 4257 et“
1609 4221 1622 4258 :
1661 4222 1680 4255 ι
1704 4202 1749 4259 Ο
1781 4204 2040 4259 insensati

465 4294 692 4364 Galatae,
719 4297 840 4367 quis
875 4310 972 4351 vos
1006 4294 1301 4351 fascinavit
1328 4295 1548 4350 veritati
1580 4310 1688 4351 non
1729 4297 1990 4354 obedire?
2014 4317 2034 4350 ι

2145 3112 2298 3182 cipit.
2336 3110 2392 3166 Si
2427 3125 2556 3165 vero
2589 3110 2660 3164 sit
2687 3109 2882 3179 aliquis
2909 3105 3187 3177 parvulus,
3215 3105 3424 3159 etiamsi
3471 3119 3605 3159 voce
3640 3105 3725 3157 in-

2143 3201 2327 3256 dicare
2371 3215 2476 3254 non
2531 3199 2720 3270 possit,
2769 3213 2827 3253 re
2882 3208 3064 3251 tamen
3120 3197 3238 3266 ipsa
3289 3195 3489 3249 nullam
3544 3195 3707 3249 aliam

2143 3305 2307 3361 quam
2347 3290 2509 3345 lactis
2547 3288 2777 3358 requirit
2812 3287 3146 3342 alimoniam.
3187 3286 3253 3339 Et
3293 3286 3364 3339 ita
3417 3287 3718 3354 unusquis-

2145 3398 2252 3453 que
2282 3383 2364 3438 vel
2389 3398 2488 3452 pro
2524 3390 2683 3436 aitate
2711 3379 2797 3434 vel
2832 3395 2932 3450 pro
2960 3378 3188 3445 viribus,
3222 3377 3309 3432 vel
3340 3393 3440 3448 pro
3470 3380 3720 3448 corporis

2139 3476 2477 3541 valetudine,
2503 3483 2687 3544 aptum
2724 3474 2826 3528 sibi
2861 3482 2916 3528 et
2943 3480 3339 3540 competentem
3371 3470 3580 3526 viribus
3603 3474 3720 3528 suis

2141 3569 2351 3638 expetit
2388 3568 2591 3622 cibum.
2626 3566 2688 3620 Si
2731 3563 3065 3621 sufﬁcienter
3107 3581 3288 3621 rerum
3347 3564 3714 3632 corporalium

2141 3657 2538 3714 considerastis
2569 3656 2908 3727 exemplum,
2942 3671 3086 3712 nunc
3116 3657 3184 3711 ab
3214 3657 3279 3712 iis
3303 3657 3369 3710 ad
3418 3655 3717 3725 intelligen-

2143 3752 2271 3806 tiam
2304 3749 2626 3818 spiritalium
2658 3748 2963 3802 veniamus.
2995 3747 3189 3804 Omnis
3222 3757 3416 3802 natura
3471 3747 3716 3801 rationa-

2140 3840 2264 3896 bilis
2297 3840 2531 3910 propriis
2569 3847 2626 3892 et
2654 3838 2758 3894 sibi
2799 3838 3238 3908 competenti-bus
3277 3836 3474 3892 nutriri
3513 3836 3718 3905 indiget

2141 3933 2300 3988 cibis.
2339 3932 2509 3986 Cibus
2543 3939 2721 3985 autem
2746 3945 2910 3986 verus
2935 3938 3144 3984 naturae
3177 3928 3514 3984 rationabilis
3537 3943 3718 3983 sermo

2140 4027 2236 4081 Dei
2265 4035 2368 4082 est.
2406 4025 2515 4080 Sed
2550 4024 2693 4079 sicut
2741 4023 2797 4078 in
2854 4024 3204 4079 nutrimentis
3234 4021 3482 4093 corporis
3519 4019 3718 4074 multas

2140 4121 2302 4190 paulo
2348 4123 2475 4175 ante
2504 4118 2753 4174 dedimus
2789 4117 3144 4183 different-ias,
3186 4117 3262 4171 ita
3304 4127 3359 4172 et
3397 4125 3592 4171 natura
3635 4131 3720 4168 ra-

2143 4213 2387 4279 tionalis,
2438 4227 2559 4282 quae
2597 4210 2814 4266 ratione
2856 4219 2912 4264 et
2961 4209 3129 4264 verbo
3181 4209 3295 4273 Dei,
3343 4217 3402 4262 ut
3449 4208 3714 4269 diximus,

2139 4306 2404 4375 pascitur,
2435 4319 2545 4359 non
2573 4303 2752 4360 omnis
2776 4315 2883 4355 uno
2929 4310 3092 4370 atque
3123 4300 3311 4354 eodem
3341 4299 3505 4356 verbo
3543 4299 3719 4352 nutri-

468 4387 576 4445 Sed
606 4399 660 4444 ει
689 4388 1064 4460 unusquisque
1102 4397 1372 4456 "081mm.
1406 4389 1506 4445 nisi
1538 4403 1597 4446 se
1624 4392 1934 4457 armaverit,
1963 4401 2039 4456 et,
2073 4385 2118 4440 Ῑ)
2146 4407 2254 4452 tur.
2285 4396 2442 4452 Unde
2473 4396 2542 4451 ad
2585 4392 2999 4449 similitudinem
3031 4392 3332 4461 corporalis
3369 4389 3606 4458 exempli
3634 4401 3720 4443 est

458 4479 694 4549 abiectis
743 4481 920 4537 brutis
961 4488 1018 4536 et
1038 4479 1295 4536 belluinis
1325 4485 1597 4550 sensibus,
1627 4484 1695 4539 ad
1733 4485 2033 4553 spiritalem

459 4571 881 4639 intelligentiam
923 4573 1320 4642 properaverit,
1366 4575 1669 4630 remanebit
1701 4588 1858 4632 extra
1912 4578 2038 4633 Jor-

467 4663 687 4727 danem,
716 4679 817 4718 nec
861 4665 1062 4734 poterit
1093 4679 1190 4734 per
1222 4665 1499 4735 sapientiae
1528 4665 1724 4722 ﬂumen
1755 4669 2032 4738 incedere,

465 4754 609 4824 quod
658 4753 899 4810 lietiﬁcat
939 4757 1218 4811 civitatem
1280 4757 1399 4824 Dei,
1442 4759 1497 4812 id
1543 4767 1626 4814 est
1670 4763 1902 4816 animam
1941 4761 2035 4816 Dei

465 4859 722 4914 capacem
752 4861 766 4898 :
793 4861 899 4901 non
943 4856 1272 4916 assequetur
1331 4845 1669 4917 eloquiorum
1709 4853 1922 4908 Domini
1956 4853 2038 4906 in-

466 4942 689 5010 teriora,
739 4960 862 5014 quae
897 4954 1024 5001 sunt
1068 4946 1313 5002 dulciora
1363 4961 1527 5016 super
1563 4946 1668 5001 mel
1715 4957 1770 5001 et
1829 4949 2036 5014 favum,

464 5033 558 5088 sed
591 5035 735 5090 illam
759 5041 1136 5096 tantummodo
1172 5050 1537 5110 consequetur
1576 5049 1804 5104 terram,
1838 5041 1890 5094 in
1927 5056 2035 5109 qua

463 5123 573 5178 duo
614 5141 772 5196 reges
818 5129 986 5183 occisi
1031 5139 1180 5196 sunt,
1224 5131 1317 5186 ubi
1358 5131 1571 5185 dicatur
1623 5131 1740 5186 ei"
1782 5148 1797 5184 :
1842 5150 1862 5183 ι
1891 5132 2035 5188 Nihil

463 5217 611 5274 aliud
638 5220 877 5289 iudicavi
908 5237 994 5277 me
1027 5224 1204 5292 ipsum
1247 5225 1392 5280 scire
1420 5225 1563 5281 inter
1593 5239 1690 5280 vos
1718 5225 1824 5280 nisi
1849 5223 2033 5279 Jesum

463 5309 762 5382 Christum,
794 5324 849 5369 et
875 5315 1016 5370 hunc
1031 5315 1374 5370 crucifixum.
1406 5333 1424 5368 ι
1452 5315 1554 5382 Qui
1589 5325 1767 5371 autem
1796 5316 2038 5386 potuerit

468 5413 703 5466 transire
730 5409 1113 5479 Jordanem,et
1145 5415 1212 5467 ad
1245 5411 1504 5468 interiora
1536 5421 1847 5481 penetrare,
1870 5411 2035 5484 374

535 5547 581 5578 ’³
602 5547 730 5606 Gal.
758 5564 840 5616 tu,
861 5549 916 5603 5.
990 5547 1036 5580 ⁷⁸
1068 5548 1228 5612 ἰωὰ..
1257 5547 1307 5602 1.

535 5660 650 5732 (59)
683 5661 950 5732 Corporis.
973 5642 1133 5718 Deest
1151 5661 1204 5717 iu
1224 5660 1405 5728 editis,
1423 5659 1518 5716 sed
1549 5660 1827 5732 suppletur
1841 5676 1872 5718 e
1887 5677 2016 5719 mss.

2143 4491 2416 4560 aliquibus
2461 4489 2628 4543 etiam
2680 4485 2794 4557 (60)
2843 4486 2897 4540 in
2957 4483 3127 4538 verbo
3164 4482 3261 4536 Dei
3313 4482 3467 4537 cibus
3508 4481 3714 4535 lactis:

2141 4584 2388 4654 apertior
2427 4582 2636 4637 scilicet
2671 4577 3078 4648 simpliciorque
3109 4574 3376 4638 doctrina,
3410 4582 3470 4627 ut
3497 4573 3565 4628 de
3599 4587 3719 4626 mo-

2143 4676 2346 4731 ralibus
2379 4690 2500 4730 esse
2548 4673 2709 4735 solet,
2742 4685 2864 4740 quae
2912 4669 3141 4741 praaberi
3172 4668 3457 4723 consuevit
3483 4659 3581 4732 iis,
3612 4666 3707 4733 qui

2145 4764 2302 4819 initia
2325 4763 2527 4818 habent
2558 4761 2612 4815 in
2643 4761 2847 4815 divinis
2871 4759 3086 4825 studiis,
3112 4767 3164 4811 et
3190 4758 3360 4827 prima
3387 4756 3717 4810 eruditionis

2143 4856 2485 4912 rationabilis
2519 4855 2789 4909 elementa
2831 4853 3158 4922 suscipiunt.
3188 4849 3286 4904 llis
3317 4863 3449 4918 ergo
3477 4862 3601 4900 cum
3632 4863 3719 4901 re-

2145 4953 2346 5008 citatur
2371 4948 2494 5003 talis
2538 4947 2720 5017 aliqua
2753 4947 3057 5001 divinorum
3081 4943 3416 4998 voluminum
3447 4940 3631 5006 lectio,
3661 4939 3713 4992 iu

2155 5057 2259 5114 qua
2287 5056 2393 5097 non
2439 5038 2694 5094 videatur
2730 5038 2935 5107 aliquid
2961 5037 3273 5101 obscurum,
3305 5033 3537 5087 libenter
3567 5031 3714 5086 acci-

2142 5139 2296 5208 piunt
2327 5151 2343 5191 :
2369 5134 2523 5189 verbi
2564 5147 2749 5196 causa,
2781 5142 2838 5187 ut
2867 5143 2952 5187 est
3003 5129 3212 5186 libellus
3246 5127 3464 5190 Esther,
3490 5133 3584 5179 aut
3622 5122 3716 5176 Ju-

2144 5229 2279 5292 dith,
2324 5225 2406 5282 vel
2440 5225 2607 5280 etiam
2636 5222 2841 5287 Tobiaa,
2883 5231 2974 5276 aut
3006 5221 3262 5275 mandata
3302 5216 3615 5288 Sapientiae.
3656 5213 3711 5268 Si

2143 5337 2273 5377 vero
2303 5319 2511 5388 legatur
2547 5318 2598 5372 ei
2651 5318 2791 5371 liber
2832 5315 3081 5383 Levitici,
3116 5312 3413 5369 offenditur
3458 5310 3713 5364 continuo

2145 5413 2378 5477 animus,
2419 5420 2475 5466 et
2522 5411 2676 5480 quasi
2729 5423 2836 5462 non
2888 5422 3044 5462 suum
3106 5405 3305 5476 refugit
3357 5403 3562 5458 cibum.
3607 5398 3709 5466 Qui

1381 5547 1469 5603 "l
1504 5545 1627 5603 Cor.
1655 5546 1721 5614 ll,
1751 5549 1808 5604 2.
1881 5550 1930 5582 ⁷⁸
1954 5549 2096 5608 Psal.
2125 5567 2186 5618 ιι,
2217 5549 2273 5607 2.

2146 5723 2153 5729 ,
2196 5659 2309 5732 (60)
2329 5657 2512 5715 Codex
2540 5655 2602 5715 S.
2637 5653 2979 5722 Theudorici,
3010 5660 3122 5710 «est
3147 5651 3340 5721 aliquis
3361 5651 3581 5718 etiam,»
3601 5665 3707 5707 etc.
