4050 6148
345 314 452 369 781

1477 311 1544 367 ΙΝ
1583 307 1916 366 NUMEROS
1942 307 2226 366 llOMlLlA
2251 310 2465 369 XXVII.

3483 320 3587 375 782

344 433 497 487 enim
548 429 698 484 venit
749 437 808 484 ut
852 429 1086 485 disceret
1120 427 1287 483 Deum
1325 428 1530 495 colere,
1586 426 1810 497 iustitia:
1861 440 1924 480 ac
1950 423 2085 484 Ain
2136 426 2452 495 praefatione
2495 429 2880 499 praemisimus,
2915 442 2974 487 ut
3018 434 3344 491 Suscitemus
3377 438 3593 494 animos

344 525 570 594 pietatis
602 525 720 593 ejus
745 531 1020 594 praecepta
1054 521 1358 591 suscipere,
1388 520 1538 574 audit
1576 519 1828 573 mandata
1857 520 1922 574 de

346 618 638 673 sacriﬁciis
659 617 802 682 dari,
827 627 880 672 et
908 615 1341 671 immolationum
1377 615 1513 670 ritus
1550 615 1756 679 doceri,
1788 628 1919 681 quo-

345 709 512 763 modo
550 725 655 764 non
695 710 957 764 continuo
1015 708 1213 762 avertit
1253 707 1517 770 auditum,
1557 714 1611 759 et
1664 715 1920 772 tanquam

345 813 454 850 non
483 797 588 852 sibi
615 807 798 868 aptum
854 800 1036 854 cibum
1080 799 1338 853 recusat?
1375 796 1482 852 Sed
1525 803 1582 850 et
1619 795 1757 850 alius
1792 811 1917 850 cum

345 891 603 962 leguntur
631 892 944 961 Evangelia,
980 892 1064 946 vel
1107 891 1422 960 Apostolus,
1450 897 1543 943 aut
1579 888 1801 951 Psalmi,
1828 888 1919 942 la:-

349 996 437 1039 tus
473 986 720 1054 suscipit,
764 984 1001 1039 libenter
1045 983 1413 1053 amplectitur,
1454 991 1508 1035 et
1549 985 1695 1035 velut
1745 995 1916 1035 reme-

345 1078 438 1131 dia
472 1077 718 1146 quaedam
753 1076 1088 1130 inﬁrmitatis
1121 1091 1231 1130 suae
1260 1076 1384 1130 inde
1405 1075 1666 1141 colligens
1698 1075 1916 1146 gaudet.

343 1167 485 1223 Huic
517 1169 560 1223 si
607 1168 818 1237 legatur
849 1167 1212 1224 Numerorum
1254 1168 1412 1236 liber,
1440 1177 1497 1224 et
1530 1169 1632 1224 ista
1682 1169 1918 1223 maxime

343 1259 466 1314 loca
496 1273 614 1327 quae
647 1276 790 1316 nunc
823 1260 1087 1316 habemus
1117 1261 1170 1315 in
1205 1260 1478 1326 manibus,
1521 1261 1659 1314 nihil
1698 1263 1814 1315 haec
1846 1259 1915 1315 ad

345 1349 665 1414 utilitatem,
697 1350 836 1404 nihil
858 1350 925 1406 ad
954 1350 1291 1408 inﬁrmitatis
1313 1367 1426 1408 suae
1453 1353 1782 1417 remedium,
1819 1359 1915 1406 aut

342 1442 541 1496 anima:
585 1441 816 1497 salutem
857 1444 1116 1514 prodesse
1159 1445 1454 1516 iudicabit;
1503 1447 1596 1501 sed
1657 1447 1914 1500 continuo

343 1534 626 1601 refutabit,
675 1543 730 1590 et
781 1551 1002 1607 respuet
1051 1549 1308 1609 tanquam
1348 1555 1538 1610 graves
1564 1548 1622 1594 et
1648 1554 1913 1594 onerosos

339 1631 519 1696 cibos,
543 1641 597 1686 et
625 1631 716 1701 qui
778 1647 935 1702 aegrae
976 1641 1138 1700 atque
1181 1631 1434 1685 invalida:
1470 1645 1576 1684 non
1602 1638 1916 1698 competant

340 1727 562 1782 animae.
605 1726 714 1783 Sed
749 1726 910 1790 sicut,
949 1723 1099 1779 verbi
1135 1723 1308 1790 gratia
1339 1723 1424 1792 (ut
1462 1722 1658 1776 iterum
1696 1737 1762 1776 ex
1788 1737 1911 1776 cor-

338 1827 620 1896 poralibus
645 1833 955 1894 repetamus
993 1816 1286 1888 exempla),
1307 1815 1448 1869 leoni
1487 1815 1532 1868 si
1561 1815 1720 1870 detur
1750 1815 1913 1869 intel-

337 1919 538 1982 lectus,
572 1933 683 1972 non
732 1912 989 1972 continuo
1017 1908 1257 1979 culpabit
1293 1905 1682 1962 abundantiam
1715 1905 1913 1959 herba-

338 2024 465 2062 rum
495 2016 756 2070 creatam,
791 2004 916 2073 quia
950 2002 1068 2070 ipse
1111 1999 1296 2055 crudis
1339 1997 1594 2053 carnibus
1647 1997 1908 2060 vescitur,

336 2117 448 2158 nec
493 2102 638 2156 dicet
692 2097 813 2152 illas
863 2093 1134 2166 superﬂue
1177 2107 1206 2145 a
1250 2090 1547 2146 Conditore
1593 2088 1907 2158 productas,

337 2195 470 2264 quia
496 2194 612 2264 ipse
634 2206 820 2248 earum
855 2189 976 2244 cibo
1005 2201 1112 2242 non
1139 2186 1304 2242 utitur
1331 2202 1343 2236 :
1369 2197 1468 2236 nec
1499 2180 1698 2236 iterum
1723 2180 1905 2244 homo,

337 2288 470 2357 quia
503 2301 646 2356 pane
673 2285 908 2352 aliisque
942 2281 1083 2350 aptis
1125 2279 1228 2334 sibi
1267 2277 1441 2333 utitur
1466 2273 1762 2340 alimoniis,
1792 2272 1913 2327 cul-

336 2394 472 2449 ρει-θ
511 2379 670 2435 debet
703 2392 800 2433 cur
826 2374 1018 2432 fecerit
1053 2373 1194 2428 Deus
1222 2381 1520 2440 serpentes,
1557 2383 1695 2436 quos
1725 2365 1906 2422 cibum

335 2474 527 2529 videat
555 2471 798 2542 praebere
825 2469 1036 2532 cervis;
1077 2479 1250 2535 neque
1273 2465 1412 2530 ovis,
1428 2471 1522 2518 aut
1543 2463 1640 2517 bos
1663 2460 1904 2531 culpare,

333 2564 496 2620 verbi
528 2577 717 2627 causa,
747 2559 890 2630 Quod
931 2558 1054 2613 aliis
1103 2556 1430 2612 animalibus
1467 2553 1725 2610 carnibus
1757 2553 1906 2608 vesci

334 2660 528 2711 datum
568 2663 674 2717 est,
722 2667 843 2707 cum
888 2651 1020 2719 ipsis
1070 2650 1136 2702 ad
1177 2649 1444 2704 edendum
1495 2647 1742 2716 gramina
1792 2646 1906 2700 sola

333 2745 629 2802 sufficiant.
660 2745 736 2798 lta
777 2757 909 2811 ergo
942 2750 996 2795 et
1031 2743 1085 2796 in
1123 2739 1260 2794 cibis
1294 2738 1671 2802 rationalibus,
1696 2738 1906 2794 divino-

316 2855 459 2894 .rum
506 2839 629 2893 dico
669 2835 1026 2898 voluminum,
1052 2847 1160 2887 non
1201 2832 1458 2886 continuo
1505 2841 1599 2886 aut
1637 2832 1904 2903 culpanda

330 2940 434 2985 aut
465 2929 751 2983 refutanda
779 2936 861 2981 est
895 2924 1202 2995 Scriptura,
1227 2938 1346 2992 qua:
1375 2921 1642 2978 difﬁcilior
1683 2933 1779 2980 aut
1808 2925 1906 2981 ob-

331 3026 553 3080 scurior
587 3024 654 3078 ad
691 3021 1095 3092 intelligendum
1121 3018 1354 3082 videtur,
1385 3018 1474 3074 vel
1495 3033 1558 3072 ea
1595 3019 1900 3086 continere,

2026 527 2259 584 vestros,
2306 522 2561 590 quoniam
2612 524 2830 592 quidem
2876 525 3179 594 hujusmodi
3229 528 3390 585 lectio
3425 531 3592 588 habe-

2025 617 2115 662 tur
2147 611 2202 664 in
2235 613 2502 678 manibus,
2532 627 2651 682 quae
2680 614 2912 671 diﬂicilis
2961 620 3027 671 ad
3075 617 3507 690 intelligendum,
3536 633 3591 677 et

2024 701 2291 770 superﬂua
2310 704 2560 758 videatur
2597 707 2662 759 ad
2693 707 3001 777 legendum.
3030 709 3136 766 Sed
3167 728 3272 768 non
3303 729 3590 784 possumus

2024 793 2126 847 hoc
2158 795 2340 850 dicere
2369 798 2434 852 de
2463 799 2634 852 sancti
2668 799 2908 868 Spiritus
2940 800 3285 877 litteris(6‘2),
3314 808 3454 876 quod
3483 807 3588 863 ali-

2022 885 2151 951 quid
2201 885 2253 938 in
2301 887 2381 939 eis
2423 889 2654 943 otiosum
2699 892 2769 946 sit
2814 901 2906 946 aut
2964 894 3317 966 superﬂuum,
3367 901 3587 958 etiamsi

2023 975 2295 1044 aliquibus
2329 979 2613 1034 vidcantur
2647 983 2900 1038 obscura.
2933 986 3038 1042 Sed
3070 989 3173 1044 hoc
3202 993 3377 1059 potius
3409 995 3588 1050 facere

2023 1065 2302 1132 debemus,
2339 1079 2396 1121 nt
2425 1069 2609 1125 oculos
2639 1074 2837 1128 mentis
2872 1088 3072 1132 nostra:
3107 1092 3488 1140 convertamus
3518 1089 3585 1140 ad

2021 1171 2164 1222 eum,
2196 1161 2284 1225 qui
2317 1159 2432 1213 haec
2461 1161 2623 1217 scribi
2645 1163 2829 1232 jussit,
2864 1175 2918 1220 et
2952 1168 3020 1221 ab
3049 1169 3166 1238 ipso
3199 1173 3390 1228 horum
3423 1177 3584 1232 intel-

2018 1247 2296 1319 ligentiam
2323 1253 2656 1320 postulemus
2683 1269 2698 1308 :
2725 1267 2784 1310 ut
2811 1258 2924 1312 sive
2952 1260 3240 1320 inﬁrmitas
3266 1275 3348 1320 est
3381 1267 3434 1320 in
3468 1271 3588 1323 ani-

2017 1353 2103 1394 ma
2140 1351 2346 1406 nostra,
2381 1355 2539 1398 sanet
2569 1360 2666 1402 nos
2700 1346 2810 1415 ille,
2834 1350 2924 1420 qui
2956 1362 3114 1408 sanat
3139 1369 3327 1412 omnes
3355 1357 3586 1430 languo~

2018 1446 2104 1486 res
2128 1431 2249 1501 ejus
2279 1451 2294 1489 :
2321 1435 2436 1489 sive
2466 1439 2620 1504 parvi
2666 1454 2858 1497 sensus
2888 1457 3101 1511 sumus,
3129 1448 3273 1504 adsit
3301 1453 3457 1508 nobis
3491 1471 3586 1509 cu-

2016 1525 2258 1580 stodiens
2291 1530 2546 1596 parvulos
2598 1533 2878 1598 Dominus,
2917 1547 2974 1591 et
3000 1542 3235 1596 enutriat
3269 1559 3388 1612 nos,
3421 1556 3586 1618 atquo

2017 1617 2070 1670 in
2116 1634 2426 1675 mensuram
2460 1625 2637 1678 aztatis
2687 1628 2941 1687 adducat.
2994 1630 3298 1704 Utrumque
3331 1617 3581 1696 eniiniin

2018 1711 2173 1765 nobis
2202 1722 2304 1778 est,
2338 1723 2398 1768 ut
2426 1729 2490 1768 ex
2535 1717 2766 1773 inﬁrmis
2811 1722 2879 1776 ad
2924 1725 3235 1795 sanitatem,
3276 1738 3328 1784 et
3353 1746 3420 1786 ex
3450 1749 3580 1803 par-

2019 1803 2156 1858 vulis
2203 1805 2270 1858 ad
2316 1815 2533 1862 aetatem
2582 1809 2794 1865 virilem
2848 1817 3134 1882 pervenire
3179 1822 3472 1888 possimus.
3520 1827 3577 1880 ln

2013 1893 2170 1948 nobis
2200 1911 2330 1966 ergo
2362 1909 2464 1966 est,
2501 1901 2616 1955 hzec
2659 1918 2688 1955 a
2719 1901 2828 1958 Deo
2858 1921 3098 1975 poscere.
3136 1911 3231 1967 Dei
3265 1925 3441 1971 autem
3476 1931 3577 1981 est,

2011 1986 2319 2052 petentibus
2369 1991 2502 2046 dare
2545 2002 2599 2048 et
2648 1995 2986 2065 pulsnn.ibus
3024 2004 3256 2072 aperire.
3295 2006 3400 2065 Sed
3447 2016 3579 2069 satis

2013 2076 2083 2130 sit
2115 2077 2217 2132 ista
2249 2080 2516 2147 praefatio.

2081 2169 2134 2226 2.
2166 2171 2320 2230 Nunc
2341 2174 2454 2244 jam
2503 2178 2571 2233 ad
2600 2178 2846 2237 lectionis
2891 2185 3057 2255 ipsius
3089 2205 3210 2260 qua:
3239 2195 3468 2252 recitata
3495 2211 3578 2255 est

2009 2264 2289 2320 veniamus
2333 2270 2637 2337 exordium,
2685 2283 2766 2338 ut,
2796 2275 3022 2344 juvante
3064 2281 3312 2352 Domino,
3357 2304 3574 2346 sensum

2010 2368 2225 2426 quoque
2262 2370 2470 2426 eorum,
2503 2364 2718 2420 etiamsi
2759 2383 2864 2422 non
2897 2371 2963 2424 ad
3008 2371 3296 2444 liquidum,
3337 2396 3577 2436 summa-

2011 2444 2106 2498 tim
2158 2454 2335 2502 tamen
2389 2449 2646 2521 colligere
2705 2462 2760 2509 et
2816 2458 3090 2527 explicare
3142 2466 3432 2533 possimus.
3481 2472 3575 2524 Ait

2008 2550 2136 2607 ergo
2153 2538 2198 2569 ’⁷⁷
2219 2556 2233 2592 :
2256 2557 2275 2591 ι
2297 2540 2389 2596 Hae
2419 2554 2548 2598 sunt
2572 2547 2880 2604 mansiones
2907 2550 3134 2608 ﬁliorum
3164 2555 3435 2624 lsrael,ex
3464 2576 3575 2631 quo

2008 2627 2261 2685 exierunt
2288 2632 2354 2687 de
2385 2642 2526 2688 terra
2550 2636 2771 2708 Egypti
2798 2655 2920 2695 cum
2950 2644 3149 2702 virtute
3177 2662 3298 2713 sua,
3324 2650 3378 2705 in
3410 2627 3570 2707 manu

2008 2719 2175 2791 Moysi
2224 2733 2280 2778 et
2322 2725 2525 2786 Aaron.
2571 2729 2638 2784 Et
2683 2731 2906 2803 scripsit
2950 2735 3161 2808 Moyses
3207 2742 3572 2811 profectiones

2007 2829 2218 2882 eorum,
2251 2827 2308 2873 et
2343 2822 2654 2879 mansiones
2681 2842 2780 2895 per
2815 2830 3033 2884 verbum
3073 2834 3309 2901 Domini,
3334 2855 3354 2890 ι
3390 2846 3445 2893 et
3467 2855 3571 2895 cae-

2011 2917 2142 2962 tera.
2171 2909 2413 2967 Audistis
2452 2911 2566 2986 (65)
2613 2919 2740 2987 quia
2783 2921 3005 2991 scripsit
3043 2925 3157 2980 haec
3209 2926 3421 2999 Moyses
3470 2947 3571 3002 per

2005 3006 2228 3060 verbum
2260 3009 2494 3065 Domini.
2524 3011 2590 3065 Et
2637 3015 2766 3083 quid
2798 3017 2969 3071 voluit
2997 3020 3260 3078 Dominus
3287 3025 3400 3082 haec
3428 3029 3566 3082 scri-

331 3119 536 3187 quibus
596 3117 712 3171 sive
752 3114 1038 3182 incipiens,
1072 3121 1128 3166 et
1175 3109 1453 3180 parvulus,
1483 3110 1598 3165 sive
1630 3110 1900 3165 inﬁrmior
1926 3097 1970 3155 C
2001 3097 2094 3152 bi?
2127 3097 2198 3153 Ut
2221 3100 2502 3168 prodesset
2531 3105 2686 3160 nobis
2716 3107 2914 3177 aliquid
2963 3113 3232 3182 scriptura
3269 3116 3386 3172 haec
3415 3134 3570 3174 man-

331 3221 392 3266 et
417 3211 594 3266 minus
622 3209 688 3263 ad
715 3207 1064 3278 intelligenda
1093 3206 1276 3260 omnia
1303 3203 1514 3259 validus
1545 3204 1623 3258 uti
1660 3219 1768 3258 non
1798 3218 1895 3273 po-

331 3311 462 3368 test,
499 3316 599 3356 nec
625 3299 860 3356 conferri
888 3299 994 3353 sibi
1025 3313 1092 3352 ex
1125 3297 1191 3352 iis
1232 3295 1485 3351 utilitatis
1529 3295 1734 3366 aliquid
1777 3297 1898 3351 exi-

328 3395 519 3450 stimat
547 3404 640 3446 aut
675 3389 906 3447 salutis:
932 3388 1028 3444 sed
1051 3387 1395 3444 considerare
1427 3384 1590 3442 debes
1611 3385 1745 3458 (6l),
1773 3388 1898 3455 quia

327 3490 477 3544 sicut
510 3499 739 3554 serpens
765 3492 820 3538 et
851 3482 991 3546 ovis,
1027 3491 1084 3535 et
1125 3481 1222 3535 bos
1261 3488 1318 3534 et
1370 3481 1555 3545 homo,
1599 3495 1662 3535 ac
1709 3478 1896 3535 fenum

331 3580 430 3634 Del
466 3585 712 3632 creatura
745 3583 868 3629 sunt
897 3571 1104 3635 omnia,
1130 3579 1186 3626 et
1216 3570 1508 3627 diversitas
1543 3571 1644 3626 ista
1674 3573 1742 3628 ad
1774 3573 1890 3626 lau-

326 3672 456 3726 dem
485 3677 696 3739 spectat
724 3676 779 3722 et
805 3666 1030 3736 gloriam
1076 3663 1372 3731 Creatoris,
1397 3664 1542 3734 quod
1586 3673 1896 3734 competen-

326 3771 446 3817 teni
495 3770 545 3814 et
599 3760 652 3813 in
701 3769 944 3828 tempore
993 3756 1288 3825 unicuique
1339 3770 1528 3811 eorum
1567 3770 1666 3824 pro
1697 3756 1895 3828 quibus

323 3865 515 3911 creata
545 3862 689 3920 sunt,
715 3853 798 3908 vel
825 3852 1122 3922 praebeant,
1169 3849 1253 3904 vel
1301 3850 1518 3918 capiant
1557 3849 1735 3904 cibum
1767 3868 1780 3903 :
1820 3852 1895 3904 ita

322 3961 387 4006 et
431 3950 548 4004 haec
581 3947 761 4002 omnia
813 3959 932 4014 quae
975 3945 1140 3999 verba
1190 3942 1287 3998 Dei
1349 3953 1496 4009 sunt,
1520 3952 1574 3998 et
1609 3944 1663 3998 in
1699 3944 1895 4014 quibus

322 4043 574 4098 diversus
605 4054 702 4110 pro
728 4049 889 4108 captu
927 4039 1232 4092 animarum
1275 4038 1433 4093 cibus
1468 4048 1574 4104 est,
1604 4039 1894 4108 unusquis-

321 4149 435 4204 que
471 4141 630 4201 prout
672 4146 866 4186 sanum
902 4145 964 4184 se
1016 4139 1072 4185 et
1115 4129 1352 4185 validum
1405 4131 1595 4201 sentit,
1621 4141 1888 4187 assumat.

320 4225 585 4293 Quamvis
634 4233 690 4279 et
730 4225 776 4278 si
817 4222 1128 4292 diligentius
1167 4223 1531 4292 requiramus,
1560 4221 1715 4279 verbi
1763 4237 1892 4278 cau-

319 4331 428 4379 sa,
481 4315 535 4370 in
613 4313 886 4384 Evangelii
949 4314 1210 4378 lectione,
1266 4313 1352 4368 vel
1428 4312 1722 4381 apostolica
1791 4313 1890 4368 do-

315 4407 524 4472 ctrina,
580 4407 634 4461 in
695 4406 889 4476 quibus
939 4404 1198 4460 delectari
1253 4404 1494 4467 videris,
1551 4412 1604 4458 et
1656 4404 1711 4458 in
1760 4406 1884 4474 qui-
1917 4431 1964 4487 ι)

317 4499 426 4555 bus
481 4499 576 4554 tibi
625 4498 964 4568 aptissimum
1023 4504 1078 4552 et
1128 4497 1514 4553 suavissimum
1547 4497 1772 4567 deputas
1805 4498 1884 4552 ci-

316 4593 473 4656 bum,
519 4599 723 4661 qnanta
797 4599 922 4645 sunt
975 4604 1097 4659 quae
1143 4598 1200 4644 te
1260 4588 1456 4656 latent,
1513 4588 1564 4644 si
1620 4589 1884 4644 discutias

313 4693 374 4737 et
438 4683 799 4751 perscruteris
873 4684 1125 4735 mandata
1197 4680 1453 4736 Domini?
1503 4681 1654 4747 Quod
1693 4682 1739 4736 si
1792 4693 1878 4745 ea,

313 4789 443 4844 qua:
517 4775 746 4828 obscura
813 4773 1066 4829 videntur
1129 4782 1185 4829 et
1242 4773 1516 4839 diﬂicilia,
1565 4773 1878 4845 refugienda

314 4873 445 4916 sunt
497 4865 745 4933 protinus
790 4873 845 4919 et
896 4864 1142 4928 vitanda,
1197 4864 1444 4919 invenies
1476 4865 1722 4920 etiamin
1749 4864 1877 4930 illis,

311 4953 478 5026 375
509 4955 560 5006 in
597 4954 792 5023 quibus
823 4955 976 5009 valde
1010 4955 1258 5022 conﬁdis,
1305 4965 1415 5010 tam
1451 4955 1618 5011 multa
1647 4956 1878 5013 obscura

308 5055 372 5100 et
409 5044 671 5110 diﬂicilia,
702 5054 762 5100 ut
799 5046 847 5100 si
889 5047 1029 5101 hanc
1073 5049 1400 5102 sententiam
1434 5057 1642 5114 teneas,
1681 5051 1753 5104 sit
1783 5051 1879 5104 tibi

307 5137 480 5191 etiam
522 5139 648 5193 inde
691 5139 1071 5194 recedendum.
1130 5139 1272 5194 Sunt
1320 5150 1498 5195 tamen
1541 5142 1771 5212 plurima
1823 5143 1877 5196 in

306 5229 440 5293 illis,
481 5245 602 5300 quae
646 5232 884 5300 apertius
927 5241 982 5286 et
1031 5233 1332 5301 simplicius
1362 5234 1503 5288 dicta
1537 5245 1684 5300 sunt,
1713 5251 1874 5303 quam

304 5329 372 5376 ut
417 5323 566 5388 parvi
619 5339 810 5379 sensus
859 5326 1123 5380 aediﬁcent
1159 5327 1481 5381 auditorem.
1534 5327 1660 5384 Haec
1691 5339 1871 5386 autem

380 5437 424 5471 ’ν
452 5438 607 5494 Num.
636 5456 832 5505 xxxiii,
876 5442 928 5494 l.
956 5442 1011 5497 2.
1085 5443 1130 5474 ⁷⁸
1150 5441 1307 5496 Joan.
1354 5459 1465 5508 xw,
1498 5445 1553 5498 2.

385 5531 496 5600 (61)
527 5532 675 5598 Mss.,
713 5536 938 5590 «debes.
970 5554 988 5587 ι
1027 5534 1182 5590 Libb.
1243 5538 1395 5598 editi,
1452 5539 1710 5593 «debet.»
1747 5541 1872 5598 Mox

307 5602 475 5675 iidem
505 5617 659 5665 mss.,
696 5622 714 5653 ι
739 5616 790 5657 et
817 5609 932 5661 ovis
965 5617 1019 5660 et
1040 5611 1157 5675 bos,
1183 5617 1236 5660 et
1258 5609 1436 5662 homo.
1465 5628 1483 5660 ι
1508 5610 1565 5663 ln
1594 5610 1723 5666 libb.
1754 5616 1870 5667 edi-

309 5673 382 5726 tis
407 5673 576 5724 deest.
609 5692 630 5725 ι
650 5686 704 5728 et
733 5675 850 5728 bos.
873 5695 892 5726 ι

385 5739 496 5814 (62)
527 5743 708 5800 Codex
752 5746 937 5803 Sancti
964 5746 1284 5805 Theudorici
1319 5749 1493 5806 solum
1529 5753 1713 5813 habet.
1766 5772 1786 5806 r
1808 5756 1872 5812 de

2004 3189 2214 3243 sionum
2246 3206 2381 3261 quas
2408 3193 2654 3250 fecerunt
2692 3197 2786 3252 ﬁlii
2817 3197 3011 3266 Israel,
3041 3213 3138 3258 aut
3167 3205 3304 3261 nihil
3346 3211 3569 3277 prodes-

2002 3280 2123 3335 set?
2153 3280 2220 3335 Et
2248 3283 2372 3352 quis
2412 3285 2608 3340 audeat
2643 3289 2845 3355 dicere,
2877 3294 3019 3361 quod
3049 3309 3116 3350 ea
3165 3310 3285 3366 qua:
3311 3313 3410 3368 per
3440 3316 3567 3356 ver-

2000 3372 2127 3428 bum
2147 3374 2360 3430 Domini
2379 3377 2713 3447 scribuntur,
2745 3383 2879 3439 nihil
2912 3386 3160 3445 utilitatis
3178 3391 3435 3460 habeant,
3461 3411 3564 3451 nec

2001 3467 2189 3525 salutis
2205 3469 2406 3540 aliquid
2421 3471 2720 3542 conferant,
2733 3478 2824 3531 sed
2842 3477 3010 3533 solam
3046 3496 3157 3536 rem
3185 3494 3390 3554 gestam
3425 3503 3559 3542 nar-

2001 3569 2142 3625 rent,
2157 3576 2276 3631 qua:
2296 3572 2422 3618 tunc
2437 3565 2653 3633 quidem
2676 3568 3022 3634 praeterierit,
3051 3586 3196 3626 nunc
3223 3583 3402 3629 autem
3429 3576 3562 3630 nihil

1999 3651 2064 3705 ad
2089 3667 2190 3707 nos
2203 3669 2269 3708 ex
2283 3655 2401 3725 ejus
2418 3655 2677 3713 relatione
2693 3659 2968 3728 perveniat
2983 3661 3181 3732 ?lmpia
3195 3663 3307 3720 haec
3319 3667 3558 3722 etaliena

1997 3758 2026 3796 a
2047 3745 2318 3800 catholica
2343 3747 2447 3802 ﬁde
2474 3750 2742 3804 sententia
2763 3762 2864 3816 est,
2887 3763 2942 3808 et
2976 3769 3162 3810 eorum
3189 3761 3561 3816 tantummodo

1997 3837 2091 3904 qui
2127 3837 2258 3906 legis
2287 3846 2341 3892 et
2371 3839 2782 3910 Evangeliorum
2830 3855 3030 3915 negant
3058 3863 3224 3903 unum
3263 3851 3438 3907 solum
3467 3868 3558 3909 sa-

1995 3928 2233 3996 pientem
2281 3944 2408 3984 esse
2458 3931 2626 3986 Deum
2678 3933 2897 3989 Patrem
2950 3937 3165 3992 Domini
3211 3944 3384 3998 nostri
3428 3943 3556 4001 Jesu

1996 4016 2220 4073 Christi.
2250 4019 2388 4086 Quid
2417 4035 2548 4091 ergo
2577 4024 2642 4078 de
2665 4023 2732 4079 iis
2762 4027 3130 4084 mansionibus
3155 4029 3330 4088 ﬁdelis
3353 4036 3558 4093 sentire

1995 4110 2190 4166 debeat
2214 4112 2543 4180 intellectus,
2564 4117 2896 4184 summatim,
2915 4131 3075 4189 prput
3103 4132 3312 4193 tempus
3334 4128 3555 4195 patitur,

1995 4215 2334 4275 pertractare
2387 4217 2677 4265 tentemus.
2738 4210 3006 4282 Superior
3056 4215 3374 4285 disputatio,
3427 4236 3553 4276 cum

1993 4303 2151 4358 nobis
2193 4303 2540 4359 occasionem
2589 4304 2802 4360 dicendi
2853 4307 2921 4362 de
2951 4306 3286 4377 profectione
3313 4310 3550 4368 ﬁliorum

1995 4395 2156 4450 Israel
2195 4409 2262 4451 ex
2310 4393 2546 4465 Egypto
2594 4396 2937 4465 praebuisset,
2983 4400 3270 4468 dupliciter
3312 4403 3552 4459 diximus

1990 4487 2160 4542 videri
2217 4503 2377 4558 posse
2421 4488 2736 4558 spiritaliter
2780 4490 2931 4546 exire
2987 4505 3428 4563 unumquemque
3483 4497 3550 4552 de

1987 4579 2228 4651 Egypto
2257 4599 2272 4634 :
2302 4580 2384 4635 vel
2415 4595 2538 4634 cum
2571 4581 2940 4650 relinquentes
2985 4587 3240 4654 gentilem
3281 4591 3444 4645 vitam
3482 4585 3548 4644 ad

1989 4678 2321 4747 agnitionem
2351 4677 2548 4731 divinae
2581 4676 2711 4746 legis
2745 4679 3072 4746 accedimus,
3099 4680 3183 4736 vel
3217 4697 3338 4737 cum
3364 4684 3544 4738 anima

1986 4771 2054 4823 de
2077 4768 2324 4838 corporis
2364 4768 2524 4839 hujus
2570 4769 2908 4825 habitatione
2936 4771 3186 4828 discedit.
3216 4775 3298 4829 Ad
3330 4785 3546 4829 utrum-

1986 4873 2090 4928 que
2119 4873 2249 4929 ergo
2296 4860 2415 4914 istae
2462 4861 2790 4928 mansiones,
2832 4875 2968 4931 quas
3011 4878 3153 4917 nunc
3195 4879 3291 4934 per
3324 4865 3546 4922 verbum

1987 4953 2200 5007 Domini
2245 4952 2456 5024 Moyses
2504 4954 2786 5018 describit,
2832 4955 3125 5023 aspiciunt.
3156 4955 3294 5012 Nam
3329 4962 3396 5013 de
3442 4961 3550 5015 illis

1987 5048 2201 5117 quidem
2233 5047 2621 5112 mansionibus,
2662 5062 2802 5117 quas
2847 5049 3043 5103 animae
3088 5063 3317 5119 corpore
3347 5063 3543 5114 exutae,

1988 5145 2094 5198 imo
2123 5158 2350 5212 corpore
2374 5157 2472 5197 suo
2497 5157 2684 5197 rursus
2731 5141 2937 5196 indutae
2965 5142 3228 5196 habitura:
3255 5151 3380 5197 sunt
3405 5143 3544 5215 (64),

1985 5238 2242 5293 Dominus
2258 5234 2629 5305 pronuntiavit
2646 5233 2696 5286 in
2712 5232 3020 5303 Evangelia,
3036 5232 3307 5289 dicens":
3329 5234 3538 5291 «Multas

1983 5334 2295 5389 mansiones
2323 5337 2454 5387 sunt
2482 5327 2624 5398 apud
2668 5327 2884 5384 Patrem
2932 5343 3134 5384 meum.
3165 5328 3420 5398 Alioquin
3453 5329 3543 5384 dio

1979 5545 2180 5600 sanctis
2208 5541 2423 5597 litteris.
2465 5559 2484 5591 ι

2051 5615 2163 5682 (65)
2195 5612 2322 5666 Mss.
2363 5631 2381 5661 ι
2403 5607 2703 5682 andistis._i_
2723 5605 2880 5682 Libb.
2899 5604 3064 5682 editi,
3096 5624 3117 5657 ι
3137 5604 3356 5682 audisti.
3379 5624 3398 5656 ι

2051 5675 2162 5752 (64)
2193 5683 2373 5737 Codex
2417 5681 2604 5734 Sancti
2647 5675 3010 5755 Theoderici}
3051 5679 3272 5755 ranima
3311 5685 3543 5755 corpore

1979 5745 2160 5814 exuta,
2187 5755 2292 5808 imo
2312 5764 2540 5816 corpore
2566 5763 2663 5803 suo
2691 5760 2878 5802 rursus
2907 5745 3100 5802 induta
3123 5747 3374 5801 habitura
3397 5752 3537 5796 est.)
