  <div class='ocr_page' id='page_1' title='image "/cluster/home/n/w/nwhite01/storage/ocr_20150623/12/mdp.39015028786690/401.png"; bbox 0 0 4050 6148; ppageno 0'>
   <div class='ocr_carea' id='block_1_1' title="bbox 580 247 701 304">
    <p class='ocr_par' dir='ltr' id='par_1_1' title="bbox 580 247 701 304">
     <span class='ocr_line' id='line_1_1' title="bbox 580 247 701 304; baseline -0.017 0"><span class='ocrx_word' id='word_1_1' title='bbox 580 247 701 304; x_wconf 68' lang='grc'><strong>’783</strong></span> 
     </span>
    </p>
   </div>
   <div class='ocr_carea' id='block_1_2' title="bbox 2031 245 3802 316">
    <p class='ocr_par' dir='ltr' id='par_1_2' title="bbox 2031 245 3802 316">
     <span class='ocr_line' id='line_1_2' title="bbox 2031 245 3802 316; baseline -0.001 -14"><span class='ocrx_word' id='word_1_2' title='bbox 2031 245 2350 302; x_wconf 71' lang='lat' dir='ltr'><strong>ORiGENlS</strong></span> <span class='ocrx_word' id='word_1_3' title='bbox 3719 260 3802 316; x_wconf 62' lang='grc' dir='ltr'><strong>γει</strong></span> 
     </span>
    </p>
   </div>
   <div class='ocr_carea' id='block_1_3' title="bbox 596 361 3799 444">
    <p class='ocr_par' dir='ltr' id='par_1_3' title="bbox 596 361 3799 444">
     <span class='ocr_line' id='line_1_3' title="bbox 596 361 3799 444; baseline 0.002 -24"><span class='ocrx_word' id='word_1_4' title='bbox 596 380 778 420; x_wconf 81' lang='lat' dir='ltr'><strong>cerem</strong></span> <span class='ocrx_word' id='word_1_5' title='bbox 810 363 982 430; x_wconf 85' lang='lat' dir='ltr'><strong>vobis,</strong></span> <span class='ocrx_word' id='word_1_6' title='bbox 1008 361 1152 417; x_wconf 80' lang='lat' dir='ltr'><strong>Vado</strong></span> <span class='ocrx_word' id='word_1_7' title='bbox 1191 369 1244 416; x_wconf 87' lang='lat' dir='ltr'><strong>et</strong></span> <span class='ocrx_word' id='word_1_8' title='bbox 1267 377 1516 432; x_wconf 61' lang='lat' dir='ltr'><strong>praepara</strong></span> <span class='ocrx_word' id='word_1_9' title='bbox 1552 363 1704 418; x_wconf 82' lang='lat' dir='ltr'><strong>vobis</strong></span> <span class='ocrx_word' id='word_1_10' title='bbox 1745 363 2104 418; x_wconf 82' lang='lat' dir='ltr'><strong>mansionem.</strong></span> <span class='ocrx_word' id='word_1_11' title='bbox 2138 384 2155 417; x_wconf 77' lang='grc' dir='ltr'><strong>ι</strong></span> <span class='ocrx_word' id='word_1_12' title='bbox 2193 377 2236 432; x_wconf 78' lang='grc' dir='ltr'><strong>Λ</strong></span> <span class='ocrx_word' id='word_1_13' title='bbox 2271 363 2640 418; x_wconf 85' lang='lat' dir='ltr'><strong>mansionibus</strong></span> <span class='ocrx_word' id='word_1_14' title='bbox 2674 366 2997 435; x_wconf 87' lang='lat' dir='ltr'><strong>perveniunt</strong></span> <span class='ocrx_word' id='word_1_15' title='bbox 3043 367 3136 420; x_wconf 92' lang='lat' dir='ltr'><strong>ﬁlii</strong></span> <span class='ocrx_word' id='word_1_16' title='bbox 3184 364 3347 422; x_wconf 90' lang='lat' dir='ltr'><strong>Israel</strong></span> <span class='ocrx_word' id='word_1_17' title='bbox 3387 385 3556 440; x_wconf 87' lang='lat' dir='ltr'><strong>usque</strong></span> <span class='ocrx_word' id='word_1_18' title='bbox 3593 373 3653 426; x_wconf 88' lang='lat' dir='ltr'><strong>ad</strong></span> <span class='ocrx_word' id='word_1_19' title='bbox 3679 379 3799 444; x_wconf 74' lang='lat' dir='ltr'><strong>prin.</strong></span> 
     </span>
    </p>
   </div>
   <div class='ocr_carea' id='block_1_4' title="bbox 519 455 2162 526">
    <p class='ocr_par' dir='ltr' id='par_1_4' title="bbox 519 455 2162 526">
     <span class='ocr_line' id='line_1_4' title="bbox 519 455 2162 526; baseline -0.005 -10"><span class='ocrx_word' id='word_1_20' title='bbox 519 511 530 516; x_wconf 77' lang='lat'><strong>-</strong></span> <span class='ocrx_word' id='word_1_21' title='bbox 599 458 739 515; x_wconf 98' lang='lat' dir='ltr'><strong>Sunt</strong></span> <span class='ocrx_word' id='word_1_22' title='bbox 788 472 916 526; x_wconf 87' lang='lat' dir='ltr'><strong>ergo</strong></span> <span class='ocrx_word' id='word_1_23' title='bbox 963 455 1141 510; x_wconf 67' lang='lat' dir='ltr'><strong>multa:</strong></span> <span class='ocrx_word' id='word_1_24' title='bbox 1193 455 1294 509; x_wconf 77' lang='lat' dir='ltr'><strong>illae</strong></span> <span class='ocrx_word' id='word_1_25' title='bbox 1351 456 1658 510; x_wconf 91' lang='lat' dir='ltr'><strong>mansiones</strong></span> <span class='ocrx_word' id='word_1_26' title='bbox 1692 471 1812 526; x_wconf 77' lang='lat' dir='ltr'><strong>quae</strong></span> <span class='ocrx_word' id='word_1_27' title='bbox 1848 457 1912 509; x_wconf 85' lang='lat' dir='ltr'><strong>ad</strong></span> <span class='ocrx_word' id='word_1_28' title='bbox 1948 456 2162 510; x_wconf 93' lang='lat' dir='ltr'><strong>Patrem</strong></span> 
     </span>
    </p>
   </div>
   <div class='ocr_carea' id='block_1_5' title="bbox 548 547 2166 623">
    <p class='ocr_par' dir='ltr' id='par_1_5' title="bbox 548 547 2166 623">
     <span class='ocr_line' id='line_1_5' title="bbox 548 547 2166 623; baseline -0.004 -18"><span class='ocrx_word' id='word_1_29' title='bbox 548 569 562 623; x_wconf 56' lang='grc' dir='ltr'>ε</span> <span class='ocrx_word' id='word_1_30' title='bbox 597 553 821 613; x_wconf 90' lang='lat' dir='ltr'><strong>ducunt,</strong></span> <span class='ocrx_word' id='word_1_31' title='bbox 869 549 922 602; x_wconf 91' lang='lat' dir='ltr'><strong>in</strong></span> <span class='ocrx_word' id='word_1_32' title='bbox 955 547 1151 616; x_wconf 86' lang='lat' dir='ltr'><strong>quibus</strong></span> <span class='ocrx_word' id='word_1_33' title='bbox 1184 548 1413 614; x_wconf 81' lang='lat' dir='ltr'><strong>singulis</strong></span> <span class='ocrx_word' id='word_1_34' title='bbox 1459 547 1586 614; x_wconf 90' lang='lat' dir='ltr'><strong>quid</strong></span> <span class='ocrx_word' id='word_1_35' title='bbox 1617 563 1818 613; x_wconf 67' lang='lat' dir='ltr'><strong>causae,</strong></span> <span class='ocrx_word' id='word_1_36' title='bbox 1858 548 1987 619; x_wconf 91' lang='lat' dir='ltr'><strong>quid</strong></span> <span class='ocrx_word' id='word_1_37' title='bbox 2021 548 2166 601; x_wconf 91' lang='lat' dir='ltr'><strong>utili-</strong></span> 
     </span>
    </p>
   </div>
   <div class='ocr_carea' id='block_1_6' title="bbox 556 625 2163 710">
    <p class='ocr_par' dir='ltr' id='par_1_6' title="bbox 556 625 2163 710">
     <span class='ocr_line' id='line_1_6' title="bbox 556 625 2163 710; baseline -0.001 -16"><span class='ocrx_word' id='word_1_38' title='bbox 556 625 562 645; x_wconf 58' lang='grc'><strong>¹</strong></span> <span class='ocrx_word' id='word_1_39' title='bbox 596 642 725 696; x_wconf 86' lang='lat' dir='ltr'><strong>tatis</strong></span> <span class='ocrx_word' id='word_1_40' title='bbox 756 641 953 695; x_wconf 77' lang='lat' dir='ltr'><strong>animae</strong></span> <span class='ocrx_word' id='word_1_41' title='bbox 992 639 1579 710; x_wconf 80' lang='lat' dir='ltr'><strong>commoratiu,quidve</strong></span> <span class='ocrx_word' id='word_1_42' title='bbox 1612 639 1938 694; x_wconf 81' lang='lat' dir='ltr'><strong>eruditionis</strong></span> <span class='ocrx_word' id='word_1_43' title='bbox 1969 649 2064 693; x_wconf 93' lang='lat' dir='ltr'><strong>aut</strong></span> <span class='ocrx_word' id='word_1_44' title='bbox 2094 640 2163 693; x_wconf 82' lang='lat' dir='ltr'><strong>il-</strong></span> 
     </span>
    </p>
   </div>
   <div class='ocr_carea' id='block_1_7' title="bbox 576 719 2160 800">
    <p class='ocr_par' dir='ltr' id='par_1_7' title="bbox 576 719 2160 800">
     <span class='ocr_line' id='line_1_7' title="bbox 576 719 2160 800; baseline -0.003 -14"><span class='ocrx_word' id='word_1_45' title='bbox 576 731 966 786; x_wconf 78' lang='lat' dir='ltr'><strong>luminationis</strong></span> <span class='ocrx_word' id='word_1_46' title='bbox 1003 719 1257 800; x_wconf 83' lang='lat' dir='ltr'><strong>accipiat,</strong></span> <span class='ocrx_word' id='word_1_47' title='bbox 1309 731 1416 784; x_wconf 91' lang='lat' dir='ltr'><strong>scit</strong></span> <span class='ocrx_word' id='word_1_48' title='bbox 1459 731 1548 784; x_wconf 88' lang='lat' dir='ltr'><strong>ille</strong></span> <span class='ocrx_word' id='word_1_49' title='bbox 1588 729 1734 784; x_wconf 88' lang='lat' dir='ltr'><strong>solus</strong></span> <span class='ocrx_word' id='word_1_50' title='bbox 1773 731 1937 785; x_wconf 79' lang='lat' dir='ltr'><strong>futuri</strong></span> <span class='ocrx_word' id='word_1_51' title='bbox 1979 730 2160 785; x_wconf 72' lang='lat' dir='ltr'><strong>smculi</strong></span> 
     </span>
    </p>
   </div>
   <div class='ocr_carea' id='block_1_8' title="bbox 593 822 2161 892">
    <p class='ocr_par' dir='ltr' id='par_1_8' title="bbox 593 822 2161 892">
     <span class='ocr_line' id='line_1_8' title="bbox 593 822 2161 892; baseline -0.001 -14"><span class='ocrx_word' id='word_1_52' title='bbox 593 825 776 888; x_wconf 87' lang='lat' dir='ltr'><strong>Pater,</strong></span> <span class='ocrx_word' id='word_1_53' title='bbox 795 825 883 890; x_wconf 86' lang='lat' dir='ltr'><strong>qui</strong></span> <span class='ocrx_word' id='word_1_54' title='bbox 909 823 983 876; x_wconf 90' lang='lat' dir='ltr'><strong>ait</strong></span> <span class='ocrx_word' id='word_1_55' title='bbox 1005 823 1069 876; x_wconf 88' lang='lat' dir='ltr'><strong>de</strong></span> <span class='ocrx_word' id='word_1_56' title='bbox 1087 822 1462 892; x_wconf 79' lang='lat' dir='ltr'><strong>semetipso&quot;,</strong></span> <span class='ocrx_word' id='word_1_57' title='bbox 1487 823 1612 891; x_wconf 88' lang='lat' dir='ltr'><strong>quia</strong></span> <span class='ocrx_word' id='word_1_58' title='bbox 1635 842 1652 873; x_wconf 84' lang='grc'><strong>‹</strong></span> <span class='ocrx_word' id='word_1_59' title='bbox 1675 836 1773 892; x_wconf 91' lang='lat' dir='ltr'><strong>ego</strong></span> <span class='ocrx_word' id='word_1_60' title='bbox 1796 838 1912 876; x_wconf 85' lang='lat' dir='ltr'><strong>sum</strong></span> <span class='ocrx_word' id='word_1_61' title='bbox 1937 824 2161 877; x_wconf 79' lang='lat' dir='ltr'><strong>ostium.</strong></span> 
     </span>
    </p>
   </div>
   <div class='ocr_carea' id='block_1_9' title="bbox 596 912 2161 984">
    <p class='ocr_par' dir='ltr' id='par_1_9' title="bbox 596 912 2161 984">
     <span class='ocr_line' id='line_1_9' title="bbox 596 912 2161 984; baseline 0 -14"><span class='ocrx_word' id='word_1_62' title='bbox 596 915 763 970; x_wconf 83' lang='lat' dir='ltr'><strong>Nemo</strong></span> <span class='ocrx_word' id='word_1_63' title='bbox 796 915 943 968; x_wconf 87' lang='lat' dir='ltr'><strong>venit</strong></span> <span class='ocrx_word' id='word_1_64' title='bbox 977 916 1042 968; x_wconf 89' lang='lat' dir='ltr'><strong>ad</strong></span> <span class='ocrx_word' id='word_1_65' title='bbox 1069 912 1307 978; x_wconf 89' lang='lat' dir='ltr'><strong>Patrem,</strong></span> <span class='ocrx_word' id='word_1_66' title='bbox 1344 913 1444 968; x_wconf 92' lang='lat' dir='ltr'><strong>nisi</strong></span> <span class='ocrx_word' id='word_1_67' title='bbox 1475 929 1571 984; x_wconf 92' lang='lat' dir='ltr'><strong>per</strong></span> <span class='ocrx_word' id='word_1_68' title='bbox 1599 929 1705 968; x_wconf 91' lang='lat' dir='ltr'><strong>me.</strong></span> <span class='ocrx_word' id='word_1_69' title='bbox 1728 933 1746 965; x_wconf 69' lang='grc' dir='ltr'><strong>ι</strong></span> <span class='ocrx_word' id='word_1_70' title='bbox 1783 915 1882 981; x_wconf 85' lang='lat' dir='ltr'><strong>Qui</strong></span> <span class='ocrx_word' id='word_1_71' title='bbox 1915 915 2161 970; x_wconf 87' lang='lat' dir='ltr'><strong>iortassis</strong></span> 
     </span>
    </p>
   </div>
   <div class='ocr_carea' id='block_1_10' title="bbox 593 1007 2158 1079">
    <p class='ocr_par' dir='ltr' id='par_1_10' title="bbox 593 1007 2158 1079">
     <span class='ocr_line' id='line_1_10' title="bbox 593 1007 2158 1079; baseline 0 -15"><span class='ocrx_word' id='word_1_72' title='bbox 593 1011 646 1064; x_wconf 89' lang='lat' dir='ltr'><strong>itt</strong></span> <span class='ocrx_word' id='word_1_73' title='bbox 680 1009 764 1064; x_wconf 88' lang='lat' dir='ltr'><strong>bis</strong></span> <span class='ocrx_word' id='word_1_74' title='bbox 781 1009 1007 1079; x_wconf 80' lang='lat' dir='ltr'><strong>singulis</strong></span> <span class='ocrx_word' id='word_1_75' title='bbox 1030 1007 1407 1063; x_wconf 84' lang='lat' dir='ltr'><strong>mansionibus</strong></span> <span class='ocrx_word' id='word_1_76' title='bbox 1430 1008 1726 1078; x_wconf 83' lang='lat' dir='ltr'><strong>unicuique</strong></span> <span class='ocrx_word' id='word_1_77' title='bbox 1745 1009 1938 1062; x_wconf 77' lang='lat' dir='ltr'><strong>anima:</strong></span> <span class='ocrx_word' id='word_1_78' title='bbox 1961 1011 2158 1065; x_wconf 91' lang='lat' dir='ltr'><strong>ostium</strong></span> 
     </span>
    </p>
   </div>
   <div class='ocr_carea' id='block_1_11' title="bbox 593 1099 2158 1171">
    <p class='ocr_par' dir='ltr' id='par_1_11' title="bbox 593 1099 2158 1171">
     <span class='ocr_line' id='line_1_11' title="bbox 593 1099 2158 1171; baseline 0 -15"><span class='ocrx_word' id='word_1_79' title='bbox 593 1102 684 1156; x_wconf 89' lang='lat' dir='ltr'><strong>ﬁet</strong></span> <span class='ocrx_word' id='word_1_80' title='bbox 706 1100 845 1170; x_wconf 81' lang='lat'><strong>(65),</strong></span> <span class='ocrx_word' id='word_1_81' title='bbox 879 1108 936 1154; x_wconf 86' lang='grc' dir='ltr'><strong>ιιι</strong></span> <span class='ocrx_word' id='word_1_82' title='bbox 973 1115 1066 1168; x_wconf 87' lang='lat' dir='ltr'><strong>per</strong></span> <span class='ocrx_word' id='word_1_83' title='bbox 1099 1099 1272 1169; x_wconf 90' lang='lat' dir='ltr'><strong>ipsum</strong></span> <span class='ocrx_word' id='word_1_84' title='bbox 1324 1103 1512 1169; x_wconf 87' lang='lat' dir='ltr'><strong>intret,</strong></span> <span class='ocrx_word' id='word_1_85' title='bbox 1549 1112 1603 1155; x_wconf 88' lang='lat' dir='ltr'><strong>et</strong></span> <span class='ocrx_word' id='word_1_86' title='bbox 1633 1116 1729 1171; x_wconf 90' lang='lat' dir='ltr'><strong>per</strong></span> <span class='ocrx_word' id='word_1_87' title='bbox 1763 1101 1937 1164; x_wconf 90' lang='lat' dir='ltr'><strong>ipsum</strong></span> <span class='ocrx_word' id='word_1_88' title='bbox 1979 1112 2158 1167; x_wconf 86' lang='lat' dir='ltr'><strong>exeat,</strong></span> 
     </span>
    </p>
   </div>
   <div class='ocr_carea' id='block_1_12' title="bbox 588 1193 2161 1263">
    <p class='ocr_par' dir='ltr' id='par_1_12' title="bbox 588 1193 2161 1263">
     <span class='ocr_line' id='line_1_12' title="bbox 588 1193 2161 1263; baseline 0.002 -15"><span class='ocrx_word' id='word_1_89' title='bbox 588 1208 644 1248; x_wconf 87' lang='lat' dir='ltr'><strong>et</strong></span> <span class='ocrx_word' id='word_1_90' title='bbox 684 1195 923 1248; x_wconf 85' lang='lat' dir='ltr'><strong>inveniat</strong></span> <span class='ocrx_word' id='word_1_91' title='bbox 960 1207 1181 1263; x_wconf 90' lang='lat' dir='ltr'><strong>pascua,</strong></span> <span class='ocrx_word' id='word_1_92' title='bbox 1227 1204 1281 1248; x_wconf 91' lang='lat' dir='ltr'><strong>et</strong></span> <span class='ocrx_word' id='word_1_93' title='bbox 1325 1194 1522 1250; x_wconf 79' lang='lat' dir='ltr'><strong>iterum</strong></span> <span class='ocrx_word' id='word_1_94' title='bbox 1576 1193 1742 1249; x_wconf 85' lang='lat' dir='ltr'><strong>intret</strong></span> <span class='ocrx_word' id='word_1_95' title='bbox 1782 1197 1848 1249; x_wconf 91' lang='lat' dir='ltr'><strong>ad</strong></span> <span class='ocrx_word' id='word_1_96' title='bbox 1882 1195 2064 1260; x_wconf 88' lang='lat' dir='ltr'><strong>aliam,</strong></span> <span class='ocrx_word' id='word_1_97' title='bbox 2107 1205 2161 1252; x_wconf 92' lang='lat' dir='ltr'><strong>et</strong></span> 
     </span>
    </p>
   </div>
   <div class='ocr_carea' id='block_1_13' title="bbox 591 1286 2159 1357">
    <p class='ocr_par' dir='ltr' id='par_1_13' title="bbox 591 1286 2159 1357">
     <span class='ocr_line' id='line_1_13' title="bbox 591 1286 2159 1357; baseline 0 -16"><span class='ocrx_word' id='word_1_98' title='bbox 591 1289 714 1343; x_wconf 91' lang='lat' dir='ltr'><strong>inde</strong></span> <span class='ocrx_word' id='word_1_99' title='bbox 748 1288 814 1342; x_wconf 91' lang='lat' dir='ltr'><strong>ad</strong></span> <span class='ocrx_word' id='word_1_100' title='bbox 845 1287 1006 1340; x_wconf 90' lang='lat' dir='ltr'><strong>aliam</strong></span> <span class='ocrx_word' id='word_1_101' title='bbox 1031 1286 1394 1352; x_wconf 83' lang='lat' dir='ltr'><strong>mansionem,</strong></span> <span class='ocrx_word' id='word_1_102' title='bbox 1424 1301 1706 1357; x_wconf 89' lang='lat' dir='ltr'><strong>usquequo</strong></span> <span class='ocrx_word' id='word_1_103' title='bbox 1739 1290 1806 1342; x_wconf 88' lang='lat' dir='ltr'><strong>ad</strong></span> <span class='ocrx_word' id='word_1_104' title='bbox 1837 1288 2009 1357; x_wconf 91' lang='lat' dir='ltr'><strong>ipsum</strong></span> <span class='ocrx_word' id='word_1_105' title='bbox 2037 1303 2159 1357; x_wconf 89' lang='lat' dir='ltr'><strong>per-</strong></span> 
     </span>
    </p>
   </div>
   <div class='ocr_carea' id='block_1_14' title="bbox 587 1378 2159 1448">
    <p class='ocr_par' dir='ltr' id='par_1_14' title="bbox 587 1378 2159 1448">
     <span class='ocr_line' id='line_1_14' title="bbox 587 1378 2159 1448; baseline 0.001 -14"><span class='ocrx_word' id='word_1_106' title='bbox 587 1380 770 1435; x_wconf 90' lang='lat' dir='ltr'><strong>veniat</strong></span> <span class='ocrx_word' id='word_1_107' title='bbox 795 1379 1032 1435; x_wconf 87' lang='lat' dir='ltr'><strong>Patrem.</strong></span> <span class='ocrx_word' id='word_1_108' title='bbox 1067 1378 1170 1433; x_wconf 85' lang='lat' dir='ltr'><strong>Sed</strong></span> <span class='ocrx_word' id='word_1_109' title='bbox 1202 1393 1319 1441; x_wconf 92' lang='lat' dir='ltr'><strong>nos,</strong></span> <span class='ocrx_word' id='word_1_110' title='bbox 1342 1393 1480 1448; x_wconf 90' lang='lat' dir='ltr'><strong>pene</strong></span> <span class='ocrx_word' id='word_1_111' title='bbox 1513 1380 1858 1434; x_wconf 90' lang='lat' dir='ltr'><strong>inunemores</strong></span> <span class='ocrx_word' id='word_1_112' title='bbox 1888 1379 2159 1447; x_wconf 71' lang='lat' dir='ltr'><strong>prmfatio-</strong></span> 
     </span>
    </p>
   </div>
   <div class='ocr_carea' id='block_1_15' title="bbox 587 1469 2155 1534">
    <p class='ocr_par' dir='ltr' id='par_1_15' title="bbox 587 1469 2155 1534">
     <span class='ocr_line' id='line_1_15' title="bbox 587 1469 2155 1534; baseline 0 -10"><span class='ocrx_word' id='word_1_113' title='bbox 587 1471 670 1526; x_wconf 90' lang='lat' dir='ltr'><strong>nis</strong></span> <span class='ocrx_word' id='word_1_114' title='bbox 704 1480 924 1534; x_wconf 76' lang='lat' dir='ltr'><strong>nostrae,</strong></span> <span class='ocrx_word' id='word_1_115' title='bbox 955 1469 1132 1525; x_wconf 89' lang='lat' dir='ltr'><strong>subito</strong></span> <span class='ocrx_word' id='word_1_116' title='bbox 1165 1471 1406 1524; x_wconf 87' lang='lat' dir='ltr'><strong>auditum</strong></span> <span class='ocrx_word' id='word_1_117' title='bbox 1438 1480 1681 1525; x_wconf 88' lang='lat' dir='ltr'><strong>vestrum</strong></span> <span class='ocrx_word' id='word_1_118' title='bbox 1721 1472 1787 1525; x_wconf 92' lang='lat' dir='ltr'><strong>ad</strong></span> <span class='ocrx_word' id='word_1_119' title='bbox 1819 1472 1926 1524; x_wconf 89' lang='lat' dir='ltr'><strong>alta</strong></span> <span class='ocrx_word' id='word_1_120' title='bbox 1970 1482 2021 1526; x_wconf 91' lang='lat' dir='ltr'><strong>et</strong></span> <span class='ocrx_word' id='word_1_121' title='bbox 2059 1486 2155 1524; x_wconf 82' lang='lat' dir='ltr'><strong>ex-</strong></span> 
     </span>
    </p>
   </div>
   <div class='ocr_carea' id='block_1_16' title="bbox 581 1563 2157 1633">
    <p class='ocr_par' dir='ltr' id='par_1_16' title="bbox 581 1563 2157 1633">
     <span class='ocr_line' id='line_1_16' title="bbox 581 1563 2157 1633; baseline -0.001 -13"><span class='ocrx_word' id='word_1_122' title='bbox 581 1565 725 1620; x_wconf 87' lang='lat' dir='ltr'><strong>celsa</strong></span> <span class='ocrx_word' id='word_1_123' title='bbox 756 1565 1114 1620; x_wconf 80' lang='lat' dir='ltr'><strong>surreximus.</strong></span> <span class='ocrx_word' id='word_1_124' title='bbox 1161 1565 1274 1618; x_wconf 87' lang='lat' dir='ltr'><strong>Imu</strong></span> <span class='ocrx_word' id='word_1_125' title='bbox 1320 1580 1450 1620; x_wconf 88' lang='lat' dir='ltr'><strong>vero</strong></span> <span class='ocrx_word' id='word_1_126' title='bbox 1497 1563 1782 1620; x_wconf 85' lang='lat' dir='ltr'><strong>redeamus</strong></span> <span class='ocrx_word' id='word_1_127' title='bbox 1824 1565 1891 1618; x_wconf 91' lang='lat' dir='ltr'><strong>ad</strong></span> <span class='ocrx_word' id='word_1_128' title='bbox 1919 1579 2003 1626; x_wconf 86' lang='lat' dir='ltr'><strong>ea,</strong></span> <span class='ocrx_word' id='word_1_129' title='bbox 2037 1580 2157 1633; x_wconf 80' lang='lat' dir='ltr'><strong>quae</strong></span> 
     </span>
    </p>
   </div>
   <div class='ocr_carea' id='block_1_17' title="bbox 585 1653 2153 1725">
    <p class='ocr_par' dir='ltr' id='par_1_17' title="bbox 585 1653 2153 1725">
     <span class='ocr_line' id='line_1_17' title="bbox 585 1653 2153 1725; baseline 0 -17"><span class='ocrx_word' id='word_1_130' title='bbox 585 1656 729 1710; x_wconf 89' lang='lat' dir='ltr'><strong>inter</strong></span> <span class='ocrx_word' id='word_1_131' title='bbox 774 1670 874 1709; x_wconf 91' lang='lat' dir='ltr'><strong>nos</strong></span> <span class='ocrx_word' id='word_1_132' title='bbox 902 1665 957 1709; x_wconf 93' lang='lat' dir='ltr'><strong>et</strong></span> <span class='ocrx_word' id='word_1_133' title='bbox 1001 1653 1053 1708; x_wconf 94' lang='lat' dir='ltr'><strong>in</strong></span> <span class='ocrx_word' id='word_1_134' title='bbox 1111 1655 1267 1709; x_wconf 88' lang='lat' dir='ltr'><strong>nobis</strong></span> <span class='ocrx_word' id='word_1_135' title='bbox 1314 1665 1596 1725; x_wconf 90' lang='lat' dir='ltr'><strong>geruntur.</strong></span> <span class='ocrx_word' id='word_1_136' title='bbox 1645 1653 1700 1707; x_wconf 93' lang='lat' dir='ltr'><strong>In</strong></span> <span class='ocrx_word' id='word_1_137' title='bbox 1732 1653 1963 1725; x_wconf 62' lang='lat' dir='ltr'><strong>IEgypto</strong></span> <span class='ocrx_word' id='word_1_138' title='bbox 1995 1664 2153 1709; x_wconf 91' lang='lat' dir='ltr'><strong>erant</strong></span> 
     </span>
    </p>
   </div>
   <div class='ocr_carea' id='block_1_18' title="bbox 2270 456 3797 530">
    <p class='ocr_par' dir='ltr' id='par_1_18' title="bbox 2270 456 3797 530">
     <span class='ocr_line' id='line_1_18' title="bbox 2270 456 3797 530; baseline 0.009 -22"><span class='ocrx_word' id='word_1_139' title='bbox 2270 456 2467 524; x_wconf 90' lang='lat' dir='ltr'><strong>cipium</strong></span> <span class='ocrx_word' id='word_1_140' title='bbox 2506 456 2782 524; x_wconf 76' lang='lat' dir='ltr'><strong>capienda:</strong></span> <span class='ocrx_word' id='word_1_141' title='bbox 2811 457 3165 512; x_wconf 72' lang='lat' dir='ltr'><strong>htereditatis.</strong></span> <span class='ocrx_word' id='word_1_142' title='bbox 3208 457 3536 530; x_wconf 90' lang='lat' dir='ltr'><strong>Principium</strong></span> <span class='ocrx_word' id='word_1_143' title='bbox 3581 479 3695 517; x_wconf 84' lang='lat' dir='ltr'><strong>vero</strong></span> <span class='ocrx_word' id='word_1_144' title='bbox 3727 484 3797 520; x_wconf 86' lang='lat' dir='ltr'><strong>ca-</strong></span> 
     </span>
    </p>
   </div>
   <div class='ocr_carea' id='block_1_19' title="bbox 2269 547 3797 617">
    <p class='ocr_par' dir='ltr' id='par_1_19' title="bbox 2269 547 3797 617">
     <span class='ocr_line' id='line_1_19' title="bbox 2269 547 3797 617; baseline 0.008 -19"><span class='ocrx_word' id='word_1_145' title='bbox 2269 547 2475 615; x_wconf 78' lang='lat' dir='ltr'><strong>piendae</strong></span> <span class='ocrx_word' id='word_1_146' title='bbox 2503 549 2834 604; x_wconf 76' lang='lat' dir='ltr'><strong>luereditatis</strong></span> <span class='ocrx_word' id='word_1_147' title='bbox 2863 549 2985 614; x_wconf 76' lang='lat' dir='ltr'><strong>fuit,</strong></span> <span class='ocrx_word' id='word_1_148' title='bbox 3017 551 3104 604; x_wconf 92' lang='lat' dir='ltr'><strong>uhi</strong></span> <span class='ocrx_word' id='word_1_149' title='bbox 3137 551 3322 606; x_wconf 76' lang='lat' dir='ltr'><strong>Ruben</strong></span> <span class='ocrx_word' id='word_1_150' title='bbox 3356 563 3411 605; x_wconf 91' lang='lat' dir='ltr'><strong>et</strong></span> <span class='ocrx_word' id='word_1_151' title='bbox 3435 552 3567 617; x_wconf 83' lang='lat' dir='ltr'><strong>Gad,</strong></span> <span class='ocrx_word' id='word_1_152' title='bbox 3592 567 3639 610; x_wconf 90' lang='lat' dir='ltr'><strong>et</strong></span> <span class='ocrx_word' id='word_1_153' title='bbox 3663 559 3797 612; x_wconf 82' lang='lat' dir='ltr'><strong>dimi.</strong></span> 
     </span>
    </p>
   </div>
   <div class='ocr_carea' id='block_1_20' title="bbox 2267 639 3797 710">
    <p class='ocr_par' dir='ltr' id='par_1_20' title="bbox 2267 639 3797 710">
     <span class='ocr_line' id='line_1_20' title="bbox 2267 639 3797 710; baseline 0.01 -20"><span class='ocrx_word' id='word_1_154' title='bbox 2267 639 2351 691; x_wconf 90' lang='lat' dir='ltr'><strong>dia</strong></span> <span class='ocrx_word' id='word_1_155' title='bbox 2386 639 2556 693; x_wconf 84' lang='lat' dir='ltr'><strong>tribus</strong></span> <span class='ocrx_word' id='word_1_156' title='bbox 2585 639 2853 704; x_wconf 84' lang='lat' dir='ltr'><strong>Manasse,</strong></span> <span class='ocrx_word' id='word_1_157' title='bbox 2894 643 3173 710; x_wconf 87' lang='lat' dir='ltr'><strong>accipiunt</strong></span> <span class='ocrx_word' id='word_1_158' title='bbox 3207 653 3409 697; x_wconf 90' lang='lat' dir='ltr'><strong>terram</strong></span> <span class='ocrx_word' id='word_1_159' title='bbox 3439 643 3658 700; x_wconf 85' lang='lat' dir='ltr'><strong>Galaad.</strong></span> <span class='ocrx_word' id='word_1_160' title='bbox 3683 650 3797 706; x_wconf 85' lang='lat' dir='ltr'><strong>Cen-</strong></span> 
     </span>
    </p>
   </div>
   <div class='ocr_carea' id='block_1_21' title="bbox 2266 731 3796 810">
    <p class='ocr_par' dir='ltr' id='par_1_21' title="bbox 2266 731 3796 810">
     <span class='ocr_line' id='line_1_21' title="bbox 2266 731 3796 810; baseline 0.008 -27"><span class='ocrx_word' id='word_1_161' title='bbox 2266 738 2372 783; x_wconf 86' lang='lat' dir='ltr'><strong>stat</strong></span> <span class='ocrx_word' id='word_1_162' title='bbox 2400 731 2581 796; x_wconf 82' lang='lat' dir='ltr'><strong>itaque</strong></span> <span class='ocrx_word' id='word_1_163' title='bbox 2615 747 2876 787; x_wconf 87' lang='lat' dir='ltr'><strong>numerus</strong></span> <span class='ocrx_word' id='word_1_164' title='bbox 2913 733 3282 788; x_wconf 88' lang='lat' dir='ltr'><strong>descensionis</strong></span> <span class='ocrx_word' id='word_1_165' title='bbox 3313 733 3540 802; x_wconf 85' lang='lat' dir='ltr'><strong>Christi,</strong></span> <span class='ocrx_word' id='word_1_166' title='bbox 3572 754 3660 807; x_wconf 88' lang='lat' dir='ltr'><strong>per</strong></span> <span class='ocrx_word' id='word_1_167' title='bbox 3687 757 3796 810; x_wconf 85' lang='lat' dir='ltr'><strong>qua-</strong></span> 
     </span>
    </p>
   </div>
   <div class='ocr_carea' id='block_1_22' title="bbox 2265 819 3796 893">
    <p class='ocr_par' dir='ltr' id='par_1_22' title="bbox 2265 819 3796 893">
     <span class='ocr_line' id='line_1_22' title="bbox 2265 819 3796 893; baseline 0.009 -21"><span class='ocrx_word' id='word_1_168' title='bbox 2265 819 2512 890; x_wconf 86' lang='lat' dir='ltr'><strong>draginta</strong></span> <span class='ocrx_word' id='word_1_169' title='bbox 2564 830 2618 874; x_wconf 92' lang='lat' dir='ltr'><strong>et</strong></span> <span class='ocrx_word' id='word_1_170' title='bbox 2651 823 2788 876; x_wconf 85' lang='lat' dir='ltr'><strong>duos</strong></span> <span class='ocrx_word' id='word_1_171' title='bbox 2820 833 3002 892; x_wconf 86' lang='lat' dir='ltr'><strong>patres</strong></span> <span class='ocrx_word' id='word_1_172' title='bbox 3049 824 3347 878; x_wconf 88' lang='lat' dir='ltr'><strong>secundum</strong></span> <span class='ocrx_word' id='word_1_173' title='bbox 3396 840 3637 893; x_wconf 89' lang='lat' dir='ltr'><strong>carnem,</strong></span> <span class='ocrx_word' id='word_1_174' title='bbox 3679 831 3796 886; x_wconf 82' lang='lat' dir='ltr'><strong>velut</strong></span> 
     </span>
    </p>
   </div>
   <div class='ocr_carea' id='block_1_23' title="bbox 2264 911 3796 990">
    <p class='ocr_par' dir='ltr' id='par_1_23' title="bbox 2264 911 3796 990">
     <span class='ocr_line' id='line_1_23' title="bbox 2264 911 3796 990; baseline 0.012 -33"><span class='ocrx_word' id='word_1_175' title='bbox 2264 923 2360 977; x_wconf 90' lang='lat' dir='ltr'><strong>per</strong></span> <span class='ocrx_word' id='word_1_176' title='bbox 2385 911 2746 980; x_wconf 83' lang='lat' dir='ltr'><strong>quadraginta</strong></span> <span class='ocrx_word' id='word_1_177' title='bbox 2781 912 2914 966; x_wconf 90' lang='lat' dir='ltr'><strong>duas</strong></span> <span class='ocrx_word' id='word_1_178' title='bbox 2943 914 3251 968; x_wconf 84' lang='lat' dir='ltr'><strong>mansiones</strong></span> <span class='ocrx_word' id='word_1_179' title='bbox 3285 914 3617 972; x_wconf 88' lang='lat' dir='ltr'><strong>descendens</strong></span> <span class='ocrx_word' id='word_1_180' title='bbox 3657 935 3796 990; x_wconf 82' lang='lat' dir='ltr'><strong>usque</strong></span> 
     </span>
    </p>
   </div>
   <div class='ocr_carea' id='block_1_24' title="bbox 2262 998 3794 1070">
    <p class='ocr_par' dir='ltr' id='par_1_24' title="bbox 2262 998 3794 1070">
     <span class='ocr_line' id='line_1_24' title="bbox 2262 998 3794 1070; baseline 0.01 -19"><span class='ocrx_word' id='word_1_181' title='bbox 2262 998 2328 1051; x_wconf 92' lang='lat' dir='ltr'><strong>ad</strong></span> <span class='ocrx_word' id='word_1_182' title='bbox 2359 1015 2478 1065; x_wconf 89' lang='lat' dir='ltr'><strong>nos,</strong></span> <span class='ocrx_word' id='word_1_183' title='bbox 2504 1011 2567 1055; x_wconf 84' lang='lat' dir='ltr'><strong>et</strong></span> <span class='ocrx_word' id='word_1_184' title='bbox 2592 1017 2688 1070; x_wconf 81' lang='lat' dir='ltr'><strong>per</strong></span> <span class='ocrx_word' id='word_1_185' title='bbox 2729 1002 2952 1057; x_wconf 90' lang='lat' dir='ltr'><strong>totidem</strong></span> <span class='ocrx_word' id='word_1_186' title='bbox 2979 1000 3290 1060; x_wconf 74' lang='lat' dir='ltr'><strong>mansiones</strong></span> <span class='ocrx_word' id='word_1_187' title='bbox 3317 1009 3794 1067; x_wconf 83' lang='lat' dir='ltr'><strong>ascensusﬁliorum</strong></span> 
     </span>
    </p>
   </div>
   <div class='ocr_carea' id='block_1_25' title="bbox 2263 1090 3794 1173">
    <p class='ocr_par' dir='ltr' id='par_1_25' title="bbox 2263 1090 3794 1173">
     <span class='ocr_line' id='line_1_25' title="bbox 2263 1090 3794 1173; baseline 0.011 -29"><span class='ocrx_word' id='word_1_188' title='bbox 2263 1090 2450 1159; x_wconf 89' lang='lat' dir='ltr'><strong>Israel,</strong></span> <span class='ocrx_word' id='word_1_189' title='bbox 2479 1108 2650 1163; x_wconf 89' lang='lat' dir='ltr'><strong>usque</strong></span> <span class='ocrx_word' id='word_1_190' title='bbox 2676 1096 2742 1149; x_wconf 90' lang='lat' dir='ltr'><strong>ad</strong></span> <span class='ocrx_word' id='word_1_191' title='bbox 2783 1095 3120 1151; x_wconf 66' lang='lat' dir='ltr'><strong>haereditatis</strong></span> <span class='ocrx_word' id='word_1_192' title='bbox 3160 1100 3444 1165; x_wconf 71' lang='lat' dir='ltr'><strong>promissae</strong></span> <span class='ocrx_word' id='word_1_193' title='bbox 3489 1103 3794 1173; x_wconf 86' lang='lat' dir='ltr'><strong>principium.</strong></span> 
     </span>
    </p>
   </div>
   <div class='ocr_carea' id='block_1_26' title="bbox 2270 1184 3795 1253">
    <p class='ocr_par' dir='ltr' id='par_1_26' title="bbox 2270 1184 3795 1253">
     <span class='ocr_line' id='line_1_26' title="bbox 2270 1184 3795 1253; baseline 0.01 -18"><span class='ocrx_word' id='word_1_194' title='bbox 2270 1184 2421 1252; x_wconf 85' lang='lat' dir='ltr'><strong>Quod</strong></span> <span class='ocrx_word' id='word_1_195' title='bbox 2449 1186 2493 1239; x_wconf 93' lang='lat' dir='ltr'><strong>si</strong></span> <span class='ocrx_word' id='word_1_196' title='bbox 2541 1186 2852 1241; x_wconf 83' lang='lat' dir='ltr'><strong>intellexisti</strong></span> <span class='ocrx_word' id='word_1_197' title='bbox 2894 1197 3158 1253; x_wconf 86' lang='lat' dir='ltr'><strong>quantum</strong></span> <span class='ocrx_word' id='word_1_198' title='bbox 3205 1194 3538 1246; x_wconf 85' lang='lat' dir='ltr'><strong>sacramenti</strong></span> <span class='ocrx_word' id='word_1_199' title='bbox 3577 1211 3795 1250; x_wconf 89' lang='lat' dir='ltr'><strong>numerus</strong></span> 
     </span>
    </p>
   </div>
   <div class='ocr_carea' id='block_1_27' title="bbox 2266 1281 3790 1355">
    <p class='ocr_par' dir='ltr' id='par_1_27' title="bbox 2266 1281 3790 1355">
     <span class='ocr_line' id='line_1_27' title="bbox 2266 1281 3790 1355; baseline 0.01 -25"><span class='ocrx_word' id='word_1_200' title='bbox 2266 1283 2370 1333; x_wconf 85' lang='lat' dir='ltr'><strong>iste</strong></span> <span class='ocrx_word' id='word_1_201' title='bbox 2418 1281 2790 1336; x_wconf 85' lang='lat' dir='ltr'><strong>descensionis</strong></span> <span class='ocrx_word' id='word_1_202' title='bbox 2846 1283 3298 1354; x_wconf 87' lang='lat' dir='ltr'><strong>asccnsionisque</strong></span> <span class='ocrx_word' id='word_1_203' title='bbox 3357 1289 3651 1355; x_wconf 83' lang='lat' dir='ltr'><strong>contineat,</strong></span> <span class='ocrx_word' id='word_1_204' title='bbox 3695 1295 3790 1346; x_wconf 82' lang='lat' dir='ltr'><strong>veni</strong></span> 
     </span>
    </p>
   </div>
   <div class='ocr_carea' id='block_1_28' title="bbox 2257 1369 3792 1445">
    <p class='ocr_par' dir='ltr' id='par_1_28' title="bbox 2257 1369 3792 1445">
     <span class='ocr_line' id='line_1_28' title="bbox 2257 1369 3792 1445; baseline 0.009 -20"><span class='ocrx_word' id='word_1_205' title='bbox 2257 1369 2451 1444; x_wconf 75' lang='lat' dir='ltr'><strong>jam,et</strong></span> <span class='ocrx_word' id='word_1_206' title='bbox 2484 1373 2809 1443; x_wconf 89' lang='lat' dir='ltr'><strong>incipiamus</strong></span> <span class='ocrx_word' id='word_1_207' title='bbox 2847 1391 2942 1444; x_wconf 89' lang='lat' dir='ltr'><strong>per</strong></span> <span class='ocrx_word' id='word_1_208' title='bbox 2978 1390 3063 1440; x_wconf 90' lang='lat' dir='ltr'><strong>ea,</strong></span> <span class='ocrx_word' id='word_1_209' title='bbox 3112 1391 3231 1445; x_wconf 63' lang='lat' dir='ltr'><strong>quae</strong></span> <span class='ocrx_word' id='word_1_210' title='bbox 3265 1379 3549 1434; x_wconf 90' lang='lat' dir='ltr'><strong>descendit</strong></span> <span class='ocrx_word' id='word_1_211' title='bbox 3580 1383 3792 1439; x_wconf 88' lang='lat' dir='ltr'><strong>Christus</strong></span> 
     </span>
    </p>
   </div>
   <div class='ocr_carea' id='block_1_29' title="bbox 2259 1466 3789 1540">
    <p class='ocr_par' dir='ltr' id='par_1_29' title="bbox 2259 1466 3789 1540">
     <span class='ocr_line' id='line_1_29' title="bbox 2259 1466 3789 1540; baseline 0.008 -22"><span class='ocrx_word' id='word_1_212' title='bbox 2259 1466 2579 1531; x_wconf 86' lang='lat' dir='ltr'><strong>ascendere,</strong></span> <span class='ocrx_word' id='word_1_213' title='bbox 2633 1473 2688 1520; x_wconf 90' lang='lat' dir='ltr'><strong>et</strong></span> <span class='ocrx_word' id='word_1_214' title='bbox 2735 1467 2963 1536; x_wconf 87' lang='lat' dir='ltr'><strong>primam</strong></span> <span class='ocrx_word' id='word_1_215' title='bbox 3023 1471 3361 1524; x_wconf 88' lang='lat' dir='ltr'><strong>mansionem</strong></span> <span class='ocrx_word' id='word_1_216' title='bbox 3411 1472 3568 1527; x_wconf 90' lang='lat' dir='ltr'><strong>istam</strong></span> <span class='ocrx_word' id='word_1_217' title='bbox 3612 1475 3789 1540; x_wconf 80' lang='lat' dir='ltr'><strong>facere.</strong></span> 
     </span>
    </p>
   </div>
   <div class='ocr_carea' id='block_1_30' title="bbox 2257 1557 3791 1634">
    <p class='ocr_par' dir='ltr' id='par_1_30' title="bbox 2257 1557 3791 1634">
     <span class='ocr_line' id='line_1_30' title="bbox 2257 1557 3791 1634; baseline 0.009 -24"><span class='ocrx_word' id='word_1_218' title='bbox 2257 1573 2418 1628; x_wconf 91' lang='lat' dir='ltr'><strong>quam</strong></span> <span class='ocrx_word' id='word_1_219' title='bbox 2461 1557 2550 1613; x_wconf 86' lang='lat' dir='ltr'><strong>ille</strong></span> <span class='ocrx_word' id='word_1_220' title='bbox 2597 1559 2953 1614; x_wconf 86' lang='lat' dir='ltr'><strong>novissimam</strong></span> <span class='ocrx_word' id='word_1_221' title='bbox 2994 1562 3141 1624; x_wconf 74' lang='lat' dir='ltr'><strong>fecit,</strong></span> <span class='ocrx_word' id='word_1_222' title='bbox 3193 1563 3429 1631; x_wconf 89' lang='lat' dir='ltr'><strong>scilicet,</strong></span> <span class='ocrx_word' id='word_1_223' title='bbox 3461 1566 3548 1634; x_wconf 92' lang='lat' dir='ltr'><strong>qui</strong></span> <span class='ocrx_word' id='word_1_224' title='bbox 3582 1579 3791 1624; x_wconf 76' lang='lat' dir='ltr'><strong>natusex</strong></span> 
     </span>
    </p>
   </div>
   <div class='ocr_carea' id='block_1_31' title="bbox 2259 1650 3791 1723">
    <p class='ocr_par' dir='ltr' id='par_1_31' title="bbox 2259 1650 3791 1723">
     <span class='ocr_line' id='line_1_31' title="bbox 2259 1650 3791 1723; baseline 0.008 -17"><span class='ocrx_word' id='word_1_225' title='bbox 2259 1650 2483 1719; x_wconf 78' lang='lat' dir='ltr'><strong>Virgine</strong></span> <span class='ocrx_word' id='word_1_226' title='bbox 2509 1660 2593 1706; x_wconf 88' lang='lat' dir='ltr'><strong>est</strong></span> <span class='ocrx_word' id='word_1_227' title='bbox 2629 1673 2641 1707; x_wconf 90' lang='lat'>:</span> <span class='ocrx_word' id='word_1_228' title='bbox 2683 1661 2736 1706; x_wconf 84' lang='lat' dir='ltr'><strong>et</strong></span> <span class='ocrx_word' id='word_1_229' title='bbox 2785 1653 2899 1706; x_wconf 65' lang='lat' dir='ltr'><strong>haec</strong></span> <span class='ocrx_word' id='word_1_230' title='bbox 2943 1654 3015 1708; x_wconf 91' lang='lat' dir='ltr'><strong>sit</strong></span> <span class='ocrx_word' id='word_1_231' title='bbox 3054 1654 3226 1723; x_wconf 89' lang='lat' dir='ltr'><strong>prima</strong></span> <span class='ocrx_word' id='word_1_232' title='bbox 3286 1656 3444 1712; x_wconf 90' lang='lat' dir='ltr'><strong>nobis</strong></span> <span class='ocrx_word' id='word_1_233' title='bbox 3499 1662 3696 1715; x_wconf 91' lang='lat' dir='ltr'><strong>mansio</strong></span> <span class='ocrx_word' id='word_1_234' title='bbox 3739 1665 3791 1718; x_wconf 82' lang='lat' dir='ltr'><strong>tle</strong></span> 
     </span>
    </p>
   </div>
   <div class='ocr_carea' id='block_1_32' title="bbox 583 1723 3788 1817">
    <p class='ocr_par' dir='ltr' id='par_1_32' title="bbox 583 1723 3788 1817">
     <span class='ocr_line' id='line_1_32' title="bbox 583 1723 3788 1817; baseline 0.002 -19"><span class='ocrx_word' id='word_1_235' title='bbox 583 1745 677 1800; x_wconf 95' lang='lat' dir='ltr'><strong>ﬁlii</strong></span> <span class='ocrx_word' id='word_1_236' title='bbox 708 1744 896 1812; x_wconf 89' lang='lat' dir='ltr'><strong>Israel,</strong></span> <span class='ocrx_word' id='word_1_237' title='bbox 927 1746 978 1799; x_wconf 92' lang='lat' dir='ltr'><strong>in</strong></span> <span class='ocrx_word' id='word_1_238' title='bbox 1011 1746 1264 1815; x_wconf 85' lang='lat' dir='ltr'><strong>operibus</strong></span> <span class='ocrx_word' id='word_1_239' title='bbox 1296 1723 1602 1801; x_wconf 77' lang='lat' dir='ltr'><strong>Pharaonis</strong></span> <span class='ocrx_word' id='word_1_240' title='bbox 1643 1747 1789 1817; x_wconf 89' lang='lat' dir='ltr'><strong>regis</strong></span> <span class='ocrx_word' id='word_1_241' title='bbox 1809 1723 1949 1802; x_wconf 9' lang='lat' dir='ltr'><strong>Pluto</strong></span> <span class='ocrx_word' id='word_1_242' title='bbox 1977 1763 2041 1800; x_wconf 92' lang='lat' dir='ltr'><strong>ac</strong></span> <span class='ocrx_word' id='word_1_243' title='bbox 2079 1747 2153 1800; x_wconf 82' lang='lat' dir='ltr'><strong>la-</strong></span> <span class='ocrx_word' id='word_1_244' title='bbox 2184 1723 2228 1778; x_wconf 77' lang='grc' dir='ltr'><strong>Β</strong></span> <span class='ocrx_word' id='word_1_245' title='bbox 2256 1741 2493 1814; x_wconf 66' lang='lat' dir='ltr'><strong>Egypto</strong></span> <span class='ocrx_word' id='word_1_246' title='bbox 2523 1744 2674 1798; x_wconf 84' lang='lat' dir='ltr'><strong>exire</strong></span> <span class='ocrx_word' id='word_1_247' title='bbox 2705 1743 3037 1810; x_wconf 88' lang='lat' dir='ltr'><strong>volentibus,</strong></span> <span class='ocrx_word' id='word_1_248' title='bbox 3087 1745 3138 1798; x_wconf 90' lang='lat' dir='ltr'><strong>in</strong></span> <span class='ocrx_word' id='word_1_249' title='bbox 3169 1761 3299 1813; x_wconf 89' lang='lat' dir='ltr'><strong>qua,</strong></span> <span class='ocrx_word' id='word_1_250' title='bbox 3334 1747 3524 1804; x_wconf 90' lang='lat' dir='ltr'><strong>relicto</strong></span> <span class='ocrx_word' id='word_1_251' title='bbox 3566 1751 3788 1805; x_wconf 87' lang='lat' dir='ltr'><strong>idolorum</strong></span> 
     </span>
    </p>
   </div>
   <div class='ocr_carea' id='block_1_33' title="bbox 580 1836 2155 1910">
    <p class='ocr_par' dir='ltr' id='par_1_33' title="bbox 580 1836 2155 1910">
     <span class='ocr_line' id='line_1_33' title="bbox 580 1836 2155 1910; baseline 0.001 -17"><span class='ocrx_word' id='word_1_252' title='bbox 580 1847 696 1893; x_wconf 88' lang='lat' dir='ltr'><strong>tere</strong></span> <span class='ocrx_word' id='word_1_253' title='bbox 727 1836 1123 1909; x_wconf 83' lang='lat' dir='ltr'><strong>aﬁligehantur,</strong></span> <span class='ocrx_word' id='word_1_254' title='bbox 1155 1841 1326 1893; x_wconf 87' lang='lat' dir='ltr'><strong>donec</strong></span> <span class='ocrx_word' id='word_1_255' title='bbox 1375 1838 1818 1910; x_wconf 87' lang='lat' dir='ltr'><strong>ingemiscentes,</strong></span> <span class='ocrx_word' id='word_1_256' title='bbox 1851 1838 2155 1894; x_wconf 88' lang='lat' dir='ltr'><strong>clamarent</strong></span> 
     </span>
    </p>
   </div>
   <div class='ocr_carea' id='block_1_34' title="bbox 579 1932 2153 2003">
    <p class='ocr_par' dir='ltr' id='par_1_34' title="bbox 579 1932 2153 2003">
     <span class='ocr_line' id='line_1_34' title="bbox 579 1932 2153 2003; baseline 0.001 -17"><span class='ocrx_word' id='word_1_257' title='bbox 579 1935 646 1989; x_wconf 91' lang='lat' dir='ltr'><strong>ad</strong></span> <span class='ocrx_word' id='word_1_258' title='bbox 676 1934 987 1998; x_wconf 92' lang='lat' dir='ltr'><strong>Dominum,</strong></span> <span class='ocrx_word' id='word_1_259' title='bbox 1019 1941 1074 1989; x_wconf 91' lang='lat' dir='ltr'><strong>et</strong></span> <span class='ocrx_word' id='word_1_260' title='bbox 1105 1932 1407 1989; x_wconf 78' lang='lat' dir='ltr'><strong>exaudiens</strong></span> <span class='ocrx_word' id='word_1_261' title='bbox 1448 1935 1707 2003; x_wconf 83' lang='lat' dir='ltr'><strong>gemitum</strong></span> <span class='ocrx_word' id='word_1_262' title='bbox 1739 1947 1928 1989; x_wconf 90' lang='lat' dir='ltr'><strong>eorum</strong></span> <span class='ocrx_word' id='word_1_263' title='bbox 1971 1933 2153 1987; x_wconf 82' lang='lat' dir='ltr'><strong>mitte-</strong></span> 
     </span>
    </p>
   </div>
   <div class='ocr_carea' id='block_1_35' title="bbox 581 2023 2152 2095">
    <p class='ocr_par' dir='ltr' id='par_1_35' title="bbox 581 2023 2152 2095">
     <span class='ocr_line' id='line_1_35' title="bbox 581 2023 2152 2095; baseline 0 -17"><span class='ocrx_word' id='word_1_264' title='bbox 581 2033 663 2081; x_wconf 86' lang='lat' dir='ltr'><strong>ret</strong></span> <span class='ocrx_word' id='word_1_265' title='bbox 693 2025 772 2079; x_wconf 89' lang='lat' dir='ltr'><strong>eis</strong></span> <span class='ocrx_word' id='word_1_266' title='bbox 799 2024 1023 2078; x_wconf 87' lang='lat' dir='ltr'><strong>verbum</strong></span> <span class='ocrx_word' id='word_1_267' title='bbox 1053 2039 1208 2078; x_wconf 92' lang='lat' dir='ltr'><strong>suum</strong></span> <span class='ocrx_word' id='word_1_268' title='bbox 1257 2039 1354 2094; x_wconf 83' lang='lat' dir='ltr'><strong>per</strong></span> <span class='ocrx_word' id='word_1_269' title='bbox 1396 2023 1654 2095; x_wconf 83' lang='lat' dir='ltr'><strong>Moysem,</strong></span> <span class='ocrx_word' id='word_1_270' title='bbox 1684 2033 1740 2077; x_wconf 91' lang='lat' dir='ltr'><strong>et</strong></span> <span class='ocrx_word' id='word_1_271' title='bbox 1773 2024 2030 2078; x_wconf 91' lang='lat' dir='ltr'><strong>educeret</strong></span> <span class='ocrx_word' id='word_1_272' title='bbox 2058 2037 2152 2078; x_wconf 91' lang='lat' dir='ltr'><strong>eos</strong></span> 
     </span>
    </p>
   </div>
   <div class='ocr_carea' id='block_1_36' title="bbox 578 2115 2149 2188">
    <p class='ocr_par' dir='ltr' id='par_1_36' title="bbox 578 2115 2149 2188">
     <span class='ocr_line' id='line_1_36' title="bbox 578 2115 2149 2188; baseline -0.001 -16"><span class='ocrx_word' id='word_1_273' title='bbox 578 2121 647 2174; x_wconf 90' lang='lat' dir='ltr'><strong>de</strong></span> <span class='ocrx_word' id='word_1_274' title='bbox 673 2115 926 2188; x_wconf 69' lang='lat' dir='ltr'><strong>Egypto.</strong></span> <span class='ocrx_word' id='word_1_275' title='bbox 961 2117 1026 2172; x_wconf 88' lang='lat' dir='ltr'><strong>Et</strong></span> <span class='ocrx_word' id='word_1_276' title='bbox 1065 2130 1164 2172; x_wconf 92' lang='lat' dir='ltr'><strong>nos</strong></span> <span class='ocrx_word' id='word_1_277' title='bbox 1191 2131 1322 2188; x_wconf 85' lang='lat' dir='ltr'><strong>ergo</strong></span> <span class='ocrx_word' id='word_1_278' title='bbox 1355 2131 1476 2171; x_wconf 93' lang='lat' dir='ltr'><strong>cum</strong></span> <span class='ocrx_word' id='word_1_279' title='bbox 1523 2130 1769 2172; x_wconf 88' lang='lat' dir='ltr'><strong>essemus</strong></span> <span class='ocrx_word' id='word_1_280' title='bbox 1803 2117 1854 2170; x_wconf 91' lang='lat' dir='ltr'><strong>in</strong></span> <span class='ocrx_word' id='word_1_281' title='bbox 1886 2115 2149 2186; x_wconf 65' lang='lat' dir='ltr'><strong>Egypto,</strong></span> 
     </span>
    </p>
   </div>
   <div class='ocr_carea' id='block_1_37' title="bbox 577 2207 2146 2278">
    <p class='ocr_par' dir='ltr' id='par_1_37' title="bbox 577 2207 2146 2278">
     <span class='ocr_line' id='line_1_37' title="bbox 577 2207 2146 2278; baseline -0.001 -14"><span class='ocrx_word' id='word_1_282' title='bbox 577 2209 762 2265; x_wconf 89' lang='lat' dir='ltr'><strong>mundi</strong></span> <span class='ocrx_word' id='word_1_283' title='bbox 789 2211 908 2264; x_wconf 87' lang='lat' dir='ltr'><strong>dico</strong></span> <span class='ocrx_word' id='word_1_284' title='bbox 941 2209 1098 2278; x_wconf 89' lang='lat' dir='ltr'><strong>hujus</strong></span> <span class='ocrx_word' id='word_1_285' title='bbox 1128 2207 1408 2263; x_wconf 91' lang='lat' dir='ltr'><strong>erroribus</strong></span> <span class='ocrx_word' id='word_1_286' title='bbox 1437 2218 1487 2262; x_wconf 90' lang='lat' dir='ltr'><strong>et</strong></span> <span class='ocrx_word' id='word_1_287' title='bbox 1527 2208 1854 2278; x_wconf 67' lang='lat' dir='ltr'><strong>ignorantiae</strong></span> <span class='ocrx_word' id='word_1_288' title='bbox 1886 2209 2146 2273; x_wconf 86' lang='lat' dir='ltr'><strong>tenebris,</strong></span> 
     </span>
    </p>
   </div>
   <div class='ocr_carea' id='block_1_38' title="bbox 574 2299 2150 2371">
    <p class='ocr_par' dir='ltr' id='par_1_38' title="bbox 574 2299 2150 2371">
     <span class='ocr_line' id='line_1_38' title="bbox 574 2299 2150 2371; baseline -0.001 -15"><span class='ocrx_word' id='word_1_289' title='bbox 574 2310 864 2371; x_wconf 85' lang='lat' dir='ltr'><strong>operantes</strong></span> <span class='ocrx_word' id='word_1_290' title='bbox 890 2315 1054 2370; x_wconf 87' lang='lat' dir='ltr'><strong>opera</strong></span> <span class='ocrx_word' id='word_1_291' title='bbox 1081 2299 1302 2366; x_wconf 90' lang='lat' dir='ltr'><strong>diaboli,</strong></span> <span class='ocrx_word' id='word_1_292' title='bbox 1330 2307 1384 2354; x_wconf 91' lang='lat' dir='ltr'><strong>et</strong></span> <span class='ocrx_word' id='word_1_293' title='bbox 1412 2299 1464 2351; x_wconf 89' lang='lat' dir='ltr'><strong>in</strong></span> <span class='ocrx_word' id='word_1_294' title='bbox 1491 2300 1946 2368; x_wconf 86' lang='lat' dir='ltr'><strong>concupiscentiis</strong></span> <span class='ocrx_word' id='word_1_295' title='bbox 1974 2306 2027 2352; x_wconf 91' lang='lat' dir='ltr'><strong>et</strong></span> <span class='ocrx_word' id='word_1_296' title='bbox 2057 2313 2150 2354; x_wconf 81' lang='lat' dir='ltr'><strong>vo-</strong></span> 
     </span>
    </p>
   </div>
   <div class='ocr_carea' id='block_1_39' title="bbox 575 2389 2148 2463">
    <p class='ocr_par' dir='ltr' id='par_1_39' title="bbox 575 2389 2148 2463">
     <span class='ocr_line' id='line_1_39' title="bbox 575 2389 2148 2463; baseline -0.001 -17"><span class='ocrx_word' id='word_1_297' title='bbox 575 2393 873 2463; x_wconf 89' lang='lat' dir='ltr'><strong>lnptatibus</strong></span> <span class='ocrx_word' id='word_1_298' title='bbox 900 2391 1107 2455; x_wconf 89' lang='lat' dir='ltr'><strong>carnis,</strong></span> <span class='ocrx_word' id='word_1_299' title='bbox 1152 2391 1447 2446; x_wconf 85' lang='lat' dir='ltr'><strong>miseratus</strong></span> <span class='ocrx_word' id='word_1_300' title='bbox 1483 2401 1566 2445; x_wconf 81' lang='lat' dir='ltr'><strong>est</strong></span> <span class='ocrx_word' id='word_1_301' title='bbox 1603 2389 1867 2445; x_wconf 90' lang='lat' dir='ltr'><strong>Dominus</strong></span> <span class='ocrx_word' id='word_1_302' title='bbox 1894 2389 2148 2444; x_wconf 73' lang='lat' dir='ltr'><strong>afﬂictio-</strong></span> 
     </span>
    </p>
   </div>
   <div class='ocr_carea' id='block_1_40' title="bbox 575 2481 2145 2551">
    <p class='ocr_par' dir='ltr' id='par_1_40' title="bbox 575 2481 2145 2551">
     <span class='ocr_line' id='line_1_40' title="bbox 575 2481 2145 2551; baseline -0.003 -11"><span class='ocrx_word' id='word_1_303' title='bbox 575 2500 696 2540; x_wconf 89' lang='lat' dir='ltr'><strong>nem</strong></span> <span class='ocrx_word' id='word_1_304' title='bbox 728 2493 1001 2550; x_wconf 89' lang='lat' dir='ltr'><strong>nostram;</strong></span> <span class='ocrx_word' id='word_1_305' title='bbox 1039 2493 1095 2539; x_wconf 89' lang='lat' dir='ltr'><strong>et</strong></span> <span class='ocrx_word' id='word_1_306' title='bbox 1125 2483 1273 2539; x_wconf 90' lang='lat' dir='ltr'><strong>misit</strong></span> <span class='ocrx_word' id='word_1_307' title='bbox 1327 2485 1564 2539; x_wconf 88' lang='lat' dir='ltr'><strong>Verbum</strong></span> <span class='ocrx_word' id='word_1_308' title='bbox 1615 2497 1771 2537; x_wconf 91' lang='lat' dir='ltr'><strong>suum</strong></span> <span class='ocrx_word' id='word_1_309' title='bbox 1803 2481 2145 2551; x_wconf 88' lang='lat' dir='ltr'><strong>unigenitum</strong></span> 
     </span>
    </p>
   </div>
   <div class='ocr_carea' id='block_1_41' title="bbox 575 2574 2148 2647">
    <p class='ocr_par' dir='ltr' id='par_1_41' title="bbox 575 2574 2148 2647">
     <span class='ocr_line' id='line_1_41' title="bbox 575 2574 2148 2647; baseline -0.001 -15"><span class='ocrx_word' id='word_1_310' title='bbox 575 2576 793 2643; x_wconf 88' lang='lat' dir='ltr'><strong>Filium,</strong></span> <span class='ocrx_word' id='word_1_311' title='bbox 823 2579 913 2647; x_wconf 90' lang='lat' dir='ltr'><strong>qui</strong></span> <span class='ocrx_word' id='word_1_312' title='bbox 960 2591 1060 2633; x_wconf 93' lang='lat' dir='ltr'><strong>nos</strong></span> <span class='ocrx_word' id='word_1_313' title='bbox 1103 2576 1169 2632; x_wconf 91' lang='lat' dir='ltr'><strong>de</strong></span> <span class='ocrx_word' id='word_1_314' title='bbox 1219 2576 1524 2646; x_wconf 76' lang='lat' dir='ltr'><strong>ignorantia</strong></span> <span class='ocrx_word' id='word_1_315' title='bbox 1566 2574 1773 2630; x_wconf 89' lang='lat' dir='ltr'><strong>erroris</strong></span> <span class='ocrx_word' id='word_1_316' title='bbox 1821 2582 2038 2644; x_wconf 87' lang='lat' dir='ltr'><strong>ereptos</strong></span> <span class='ocrx_word' id='word_1_317' title='bbox 2081 2574 2148 2630; x_wconf 91' lang='lat' dir='ltr'><strong>ad</strong></span> 
     </span>
    </p>
   </div>
   <div class='ocr_carea' id='block_1_42' title="bbox 574 2669 1474 2740">
    <p class='ocr_par' dir='ltr' id='par_1_42' title="bbox 574 2669 1474 2740">
     <span class='ocr_line' id='line_1_42' title="bbox 574 2669 1474 2740; baseline -0.004 -14"><span class='ocrx_word' id='word_1_318' title='bbox 574 2671 746 2726; x_wconf 90' lang='lat' dir='ltr'><strong>lucem</strong></span> <span class='ocrx_word' id='word_1_319' title='bbox 771 2671 965 2726; x_wconf 71' lang='lat' dir='ltr'><strong>divina:</strong></span> <span class='ocrx_word' id='word_1_320' title='bbox 996 2669 1128 2740; x_wconf 81' lang='lat' dir='ltr'><strong>legis</strong></span> <span class='ocrx_word' id='word_1_321' title='bbox 1155 2669 1474 2724; x_wconf 88' lang='lat' dir='ltr'><strong>adduceret.</strong></span> 
     </span>
    </p>
   </div>
   <div class='ocr_carea' id='block_1_43' title="bbox 642 2761 2142 2835">
    <p class='ocr_par' dir='ltr' id='par_1_43' title="bbox 642 2761 2142 2835">
     <span class='ocr_line' id='line_1_43' title="bbox 642 2761 2142 2835; baseline -0.003 -14"><span class='ocrx_word' id='word_1_322' title='bbox 642 2766 697 2822; x_wconf 78' lang='grc'><strong>5.</strong></span> <span class='ocrx_word' id='word_1_323' title='bbox 724 2764 831 2821; x_wconf 90' lang='lat' dir='ltr'><strong>Sed</strong></span> <span class='ocrx_word' id='word_1_324' title='bbox 853 2765 1027 2835; x_wconf 91' lang='lat' dir='ltr'><strong>primo</strong></span> <span class='ocrx_word' id='word_1_325' title='bbox 1055 2763 1298 2819; x_wconf 91' lang='lat' dir='ltr'><strong>omnium</strong></span> <span class='ocrx_word' id='word_1_326' title='bbox 1340 2763 1550 2816; x_wconf 90' lang='lat' dir='ltr'><strong>intuere</strong></span> <span class='ocrx_word' id='word_1_327' title='bbox 1571 2761 1814 2832; x_wconf 88' lang='lat' dir='ltr'><strong>mysterii</strong></span> <span class='ocrx_word' id='word_1_328' title='bbox 1840 2761 2142 2818; x_wconf 88' lang='lat' dir='ltr'><strong>rationem:</strong></span> 
     </span>
    </p>
   </div>
   <div class='ocr_carea' id='block_1_44' title="bbox 570 2853 2144 2929">
    <p class='ocr_par' dir='ltr' id='par_1_44' title="bbox 570 2853 2144 2929">
     <span class='ocr_line' id='line_1_44' title="bbox 570 2853 2144 2929; baseline -0.003 -16"><span class='ocrx_word' id='word_1_329' title='bbox 570 2874 735 2929; x_wconf 88' lang='lat' dir='ltr'><strong>quam</strong></span> <span class='ocrx_word' id='word_1_330' title='bbox 767 2857 857 2927; x_wconf 91' lang='lat' dir='ltr'><strong>qui</strong></span> <span class='ocrx_word' id='word_1_331' title='bbox 889 2857 1177 2928; x_wconf 85' lang='lat' dir='ltr'><strong>diligenter</strong></span> <span class='ocrx_word' id='word_1_332' title='bbox 1203 2855 1602 2920; x_wconf 82' lang='lat' dir='ltr'><strong>observaverit,</strong></span> <span class='ocrx_word' id='word_1_333' title='bbox 1633 2853 1687 2910; x_wconf 88' lang='lat' dir='ltr'><strong>in</strong></span> <span class='ocrx_word' id='word_1_334' title='bbox 1729 2853 2030 2924; x_wconf 87' lang='lat' dir='ltr'><strong>Scripturis</strong></span> <span class='ocrx_word' id='word_1_335' title='bbox 2058 2855 2144 2908; x_wconf 84' lang='lat' dir='ltr'><strong>in-</strong></span> 
     </span>
    </p>
   </div>
   <div class='ocr_carea' id='block_1_45' title="bbox 571 2945 2142 3018">
    <p class='ocr_par' dir='ltr' id='par_1_45' title="bbox 571 2945 2142 3018">
     <span class='ocr_line' id='line_1_45' title="bbox 571 2945 2142 3018; baseline -0.002 -14"><span class='ocrx_word' id='word_1_336' title='bbox 571 2951 754 3006; x_wconf 81' lang='lat' dir='ltr'><strong>veniet</strong></span> <span class='ocrx_word' id='word_1_337' title='bbox 805 2950 857 3003; x_wconf 93' lang='lat' dir='ltr'><strong>in</strong></span> <span class='ocrx_word' id='word_1_338' title='bbox 895 2948 1208 3018; x_wconf 91' lang='lat' dir='ltr'><strong>egressione</strong></span> <span class='ocrx_word' id='word_1_339' title='bbox 1261 2945 1496 3002; x_wconf 91' lang='lat' dir='ltr'><strong>ﬁliorum</strong></span> <span class='ocrx_word' id='word_1_340' title='bbox 1556 2947 1724 3002; x_wconf 88' lang='lat' dir='ltr'><strong>Israel</strong></span> <span class='ocrx_word' id='word_1_341' title='bbox 1775 2947 1843 3002; x_wconf 90' lang='lat' dir='ltr'><strong>de</strong></span> <span class='ocrx_word' id='word_1_342' title='bbox 1883 2945 2142 3017; x_wconf 64' lang='lat' dir='ltr'><strong>IEgypto,</strong></span> 
     </span>
    </p>
   </div>
   <div class='ocr_carea' id='block_1_46' title="bbox 569 3039 2213 3131">
    <p class='ocr_par' dir='ltr' id='par_1_46' title="bbox 569 3039 2213 3131">
     <span class='ocr_line' id='line_1_46' title="bbox 569 3039 2213 3131; baseline -0.003 -33"><span class='ocrx_word' id='word_1_343' title='bbox 569 3043 928 3114; x_wconf 86' lang='lat' dir='ltr'><strong>quadraginta</strong></span> <span class='ocrx_word' id='word_1_344' title='bbox 951 3049 1006 3096; x_wconf 91' lang='lat' dir='ltr'><strong>et</strong></span> <span class='ocrx_word' id='word_1_345' title='bbox 1035 3041 1166 3096; x_wconf 90' lang='lat' dir='ltr'><strong>duas</strong></span> <span class='ocrx_word' id='word_1_346' title='bbox 1193 3041 1411 3096; x_wconf 89' lang='lat' dir='ltr'><strong>habitas</strong></span> <span class='ocrx_word' id='word_1_347' title='bbox 1437 3054 1558 3096; x_wconf 89' lang='lat' dir='ltr'><strong>esse</strong></span> <span class='ocrx_word' id='word_1_348' title='bbox 1587 3039 1930 3094; x_wconf 85' lang='lat' dir='ltr'><strong>mansiones:</strong></span> <span class='ocrx_word' id='word_1_349' title='bbox 1955 3048 2010 3094; x_wconf 92' lang='lat' dir='ltr'><strong>et</strong></span> <span class='ocrx_word' id='word_1_350' title='bbox 2031 3055 2146 3094; x_wconf 89' lang='lat' dir='ltr'><strong>rur-</strong></span> <span class='ocrx_word' id='word_1_351' title='bbox 2172 3072 2213 3131; x_wconf 66' lang='grc' dir='ltr'>ο</span> 
     </span>
    </p>
   </div>
   <div class='ocr_carea' id='block_1_47' title="bbox 568 3128 2140 3186">
    <p class='ocr_par' dir='ltr' id='par_1_47' title="bbox 568 3128 2140 3186">
     <span class='ocr_line' id='line_1_47' title="bbox 568 3128 2140 3186; baseline -0.002 0"><span class='ocrx_word' id='word_1_352' title='bbox 568 3147 690 3186; x_wconf 88' lang='lat' dir='ltr'><strong>sum</strong></span> <span class='ocrx_word' id='word_1_353' title='bbox 724 3133 990 3185; x_wconf 88' lang='lat' dir='ltr'><strong>adventus</strong></span> <span class='ocrx_word' id='word_1_354' title='bbox 1025 3129 1235 3184; x_wconf 91' lang='lat' dir='ltr'><strong>Domini</strong></span> <span class='ocrx_word' id='word_1_355' title='bbox 1267 3138 1322 3184; x_wconf 92' lang='lat' dir='ltr'><strong>et</strong></span> <span class='ocrx_word' id='word_1_356' title='bbox 1355 3128 1660 3184; x_wconf 89' lang='lat' dir='ltr'><strong>Salvatoris</strong></span> <span class='ocrx_word' id='word_1_357' title='bbox 1693 3129 1867 3184; x_wconf 88' lang='lat' dir='ltr'><strong>nostri</strong></span> <span class='ocrx_word' id='word_1_358' title='bbox 1897 3128 1952 3183; x_wconf 92' lang='lat' dir='ltr'><strong>in</strong></span> <span class='ocrx_word' id='word_1_359' title='bbox 1995 3129 2140 3184; x_wconf 88' lang='lat' dir='ltr'><strong>hunc</strong></span> 
     </span>
    </p>
   </div>
   <div class='ocr_carea' id='block_1_48' title="bbox 570 3219 2138 3290">
    <p class='ocr_par' dir='ltr' id='par_1_48' title="bbox 570 3219 2138 3290">
     <span class='ocr_line' id='line_1_48' title="bbox 570 3219 2138 3290; baseline -0.003 -12"><span class='ocrx_word' id='word_1_360' title='bbox 570 3223 851 3287; x_wconf 89' lang='lat' dir='ltr'><strong>mundum,</strong></span> <span class='ocrx_word' id='word_1_361' title='bbox 887 3236 982 3290; x_wconf 90' lang='lat' dir='ltr'><strong>per</strong></span> <span class='ocrx_word' id='word_1_362' title='bbox 1011 3220 1369 3290; x_wconf 85' lang='lat' dir='ltr'><strong>quadraginta</strong></span> <span class='ocrx_word' id='word_1_363' title='bbox 1402 3229 1458 3275; x_wconf 93' lang='lat' dir='ltr'><strong>et</strong></span> <span class='ocrx_word' id='word_1_364' title='bbox 1481 3220 1615 3274; x_wconf 87' lang='lat' dir='ltr'><strong>duas</strong></span> <span class='ocrx_word' id='word_1_365' title='bbox 1637 3219 2018 3289; x_wconf 85' lang='lat' dir='ltr'><strong>generationes</strong></span> <span class='ocrx_word' id='word_1_366' title='bbox 2041 3219 2138 3274; x_wconf 90' lang='lat' dir='ltr'><strong>ad-</strong></span> 
     </span>
    </p>
   </div>
   <div class='ocr_carea' id='block_1_49' title="bbox 568 3311 2140 3380">
    <p class='ocr_par' dir='ltr' id='par_1_49' title="bbox 568 3311 2140 3380">
     <span class='ocr_line' id='line_1_49' title="bbox 568 3311 2140 3380; baseline -0.002 -12"><span class='ocrx_word' id='word_1_367' title='bbox 568 3313 804 3368; x_wconf 91' lang='lat' dir='ltr'><strong>ducitur.</strong></span> <span class='ocrx_word' id='word_1_368' title='bbox 849 3311 940 3366; x_wconf 92' lang='lat' dir='ltr'><strong>Sic</strong></span> <span class='ocrx_word' id='word_1_369' title='bbox 987 3311 1131 3367; x_wconf 91' lang='lat' dir='ltr'><strong>enim</strong></span> <span class='ocrx_word' id='word_1_370' title='bbox 1183 3311 1470 3366; x_wconf 77' lang='lat' dir='ltr'><strong>Matthaeus</strong></span> <span class='ocrx_word' id='word_1_371' title='bbox 1529 3311 1862 3380; x_wconf 89' lang='lat' dir='ltr'><strong>evangelista</strong></span> <span class='ocrx_word' id='word_1_372' title='bbox 1901 3325 2140 3365; x_wconf 86' lang='lat' dir='ltr'><strong>comme-</strong></span> 
     </span>
    </p>
   </div>
   <div class='ocr_carea' id='block_1_50' title="bbox 569 3399 2136 3469">
    <p class='ocr_par' dir='ltr' id='par_1_50' title="bbox 569 3399 2136 3469">
     <span class='ocr_line' id='line_1_50' title="bbox 569 3399 2136 3469; baseline -0.002 -13"><span class='ocrx_word' id='word_1_373' title='bbox 569 3412 764 3466; x_wconf 91' lang='lat' dir='ltr'><strong>morat,</strong></span> <span class='ocrx_word' id='word_1_374' title='bbox 811 3402 998 3457; x_wconf 92' lang='lat' dir='ltr'><strong>dicens</strong></span> <span class='ocrx_word' id='word_1_375' title='bbox 1019 3399 1066 3435; x_wconf 79' lang='lat'><strong>&#39;°</strong></span> <span class='ocrx_word' id='word_1_376' title='bbox 1100 3419 1116 3459; x_wconf 87' lang='lat'><strong>:</strong></span> <span class='ocrx_word' id='word_1_377' title='bbox 1153 3419 1170 3452; x_wconf 80' lang='grc' dir='ltr'><strong>ι</strong></span> <span class='ocrx_word' id='word_1_378' title='bbox 1200 3399 1283 3456; x_wconf 77' lang='lat' dir='ltr'><strong>Ah</strong></span> <span class='ocrx_word' id='word_1_379' title='bbox 1317 3401 1591 3454; x_wconf 82' lang='lat' dir='ltr'><strong>Abraham</strong></span> <span class='ocrx_word' id='word_1_380' title='bbox 1639 3415 1811 3469; x_wconf 84' lang='lat' dir='ltr'><strong>usque</strong></span> <span class='ocrx_word' id='word_1_381' title='bbox 1855 3401 1920 3454; x_wconf 88' lang='lat' dir='ltr'><strong>ad</strong></span> <span class='ocrx_word' id='word_1_382' title='bbox 1969 3399 2136 3454; x_wconf 88' lang='lat' dir='ltr'><strong>David</strong></span> 
     </span>
    </p>
   </div>
   <div class='ocr_carea' id='block_1_51' title="bbox 567 3491 2138 3562">
    <p class='ocr_par' dir='ltr' id='par_1_51' title="bbox 567 3491 2138 3562">
     <span class='ocr_line' id='line_1_51' title="bbox 567 3491 2138 3562; baseline -0.002 -15"><span class='ocrx_word' id='word_1_383' title='bbox 567 3507 770 3562; x_wconf 88' lang='lat' dir='ltr'><strong>regem,</strong></span> <span class='ocrx_word' id='word_1_384' title='bbox 787 3492 1172 3562; x_wconf 83' lang='lat' dir='ltr'><strong>generationes</strong></span> <span class='ocrx_word' id='word_1_385' title='bbox 1191 3491 1708 3562; x_wconf 90' lang='lat' dir='ltr'><strong>quatuordecim.Et</strong></span> <span class='ocrx_word' id='word_1_386' title='bbox 1727 3507 1755 3544; x_wconf 91' lang='lat' dir='ltr'><strong>a</strong></span> <span class='ocrx_word' id='word_1_387' title='bbox 1781 3491 1944 3544; x_wconf 89' lang='lat' dir='ltr'><strong>David</strong></span> <span class='ocrx_word' id='word_1_388' title='bbox 1969 3506 2138 3560; x_wconf 86' lang='lat' dir='ltr'><strong>usque</strong></span> 
     </span>
    </p>
   </div>
   <div class='ocr_carea' id='block_1_52' title="bbox 565 3583 2135 3658">
    <p class='ocr_par' dir='ltr' id='par_1_52' title="bbox 565 3583 2135 3658">
     <span class='ocr_line' id='line_1_52' title="bbox 565 3583 2135 3658; baseline -0.003 -18"><span class='ocrx_word' id='word_1_389' title='bbox 565 3586 631 3640; x_wconf 91' lang='lat' dir='ltr'><strong>ad</strong></span> <span class='ocrx_word' id='word_1_390' title='bbox 666 3585 1198 3658; x_wconf 86' lang='lat' dir='ltr'><strong>transmigrationem</strong></span> <span class='ocrx_word' id='word_1_391' title='bbox 1230 3583 1547 3653; x_wconf 84' lang='lat' dir='ltr'><strong>Babylonis,</strong></span> <span class='ocrx_word' id='word_1_392' title='bbox 1591 3584 1974 3656; x_wconf 88' lang='lat' dir='ltr'><strong>generationes</strong></span> <span class='ocrx_word' id='word_1_393' title='bbox 1997 3601 2135 3654; x_wconf 87' lang='lat' dir='ltr'><strong>qua—</strong></span> 
     </span>
    </p>
   </div>
   <div class='ocr_carea' id='block_1_53' title="bbox 568 3675 2136 3746">
    <p class='ocr_par' dir='ltr' id='par_1_53' title="bbox 568 3675 2136 3746">
     <span class='ocr_line' id='line_1_53' title="bbox 568 3675 2136 3746; baseline -0.001 -15"><span class='ocrx_word' id='word_1_394' title='bbox 568 3678 883 3734; x_wconf 91' lang='lat' dir='ltr'><strong>tuordecim.</strong></span> <span class='ocrx_word' id='word_1_395' title='bbox 938 3676 1005 3732; x_wconf 88' lang='lat' dir='ltr'><strong>Et</strong></span> <span class='ocrx_word' id='word_1_396' title='bbox 1052 3690 1083 3731; x_wconf 92' lang='lat' dir='ltr'><strong>a</strong></span> <span class='ocrx_word' id='word_1_397' title='bbox 1125 3675 1610 3741; x_wconf 84' lang='lat' dir='ltr'><strong>transmigratione</strong></span> <span class='ocrx_word' id='word_1_398' title='bbox 1642 3675 1931 3746; x_wconf 85' lang='lat' dir='ltr'><strong>Babylonis</strong></span> <span class='ocrx_word' id='word_1_399' title='bbox 1966 3689 2136 3744; x_wconf 85' lang='lat' dir='ltr'><strong>usque</strong></span> 
     </span>
    </p>
   </div>
   <div class='ocr_carea' id='block_1_54' title="bbox 563 3764 2136 3838">
    <p class='ocr_par' dir='ltr' id='par_1_54' title="bbox 563 3764 2136 3838">
     <span class='ocr_line' id='line_1_54' title="bbox 563 3764 2136 3838; baseline -0.002 -15"><span class='ocrx_word' id='word_1_400' title='bbox 563 3771 630 3826; x_wconf 88' lang='lat' dir='ltr'><strong>ad</strong></span> <span class='ocrx_word' id='word_1_401' title='bbox 672 3767 970 3834; x_wconf 89' lang='lat' dir='ltr'><strong>Christum,</strong></span> <span class='ocrx_word' id='word_1_402' title='bbox 1026 3767 1414 3838; x_wconf 87' lang='lat' dir='ltr'><strong>generationes</strong></span> <span class='ocrx_word' id='word_1_403' title='bbox 1465 3767 1946 3833; x_wconf 65' lang='lat' dir='ltr'><strong>quattuordecim.»</strong></span> <span class='ocrx_word' id='word_1_404' title='bbox 2000 3764 2136 3820; x_wconf 89' lang='lat' dir='ltr'><strong>Istas</strong></span> 
     </span>
    </p>
   </div>
   <div class='ocr_carea' id='block_1_55' title="bbox 565 3857 2135 3934">
    <p class='ocr_par' dir='ltr' id='par_1_55' title="bbox 565 3857 2135 3934">
     <span class='ocr_line' id='line_1_55' title="bbox 565 3857 2135 3934; baseline -0.004 -17"><span class='ocrx_word' id='word_1_405' title='bbox 565 3877 700 3934; x_wconf 88' lang='lat' dir='ltr'><strong>ergo</strong></span> <span class='ocrx_word' id='word_1_406' title='bbox 732 3860 1090 3931; x_wconf 87' lang='lat' dir='ltr'><strong>quadraginta</strong></span> <span class='ocrx_word' id='word_1_407' title='bbox 1117 3870 1171 3915; x_wconf 91' lang='lat' dir='ltr'><strong>et</strong></span> <span class='ocrx_word' id='word_1_408' title='bbox 1215 3860 1353 3915; x_wconf 93' lang='lat' dir='ltr'><strong>duas</strong></span> <span class='ocrx_word' id='word_1_409' title='bbox 1383 3859 1789 3930; x_wconf 83' lang='lat' dir='ltr'><strong>generationes,</strong></span> <span class='ocrx_word' id='word_1_410' title='bbox 1824 3873 1958 3927; x_wconf 91' lang='lat' dir='ltr'><strong>quas</strong></span> <span class='ocrx_word' id='word_1_411' title='bbox 1989 3857 2135 3911; x_wconf 88' lang='lat' dir='ltr'><strong>velut</strong></span> 
     </span>
    </p>
   </div>
   <div class='ocr_carea' id='block_1_56' title="bbox 567 3946 2133 4020">
    <p class='ocr_par' dir='ltr' id='par_1_56' title="bbox 567 3946 2133 4020">
     <span class='ocr_line' id='line_1_56' title="bbox 567 3946 2133 4020; baseline -0.004 -12"><span class='ocrx_word' id='word_1_412' title='bbox 567 3954 876 4008; x_wconf 91' lang='lat' dir='ltr'><strong>mansiones</strong></span> <span class='ocrx_word' id='word_1_413' title='bbox 887 3950 1137 4006; x_wconf 90' lang='lat' dir='ltr'><strong>Christus</strong></span> <span class='ocrx_word' id='word_1_414' title='bbox 1157 3949 1281 4006; x_wconf 79' lang='lat' dir='ltr'><strong>fecit</strong></span> <span class='ocrx_word' id='word_1_415' title='bbox 1293 3949 1630 4005; x_wconf 87' lang='lat' dir='ltr'><strong>descendens</strong></span> <span class='ocrx_word' id='word_1_416' title='bbox 1645 3949 1696 4003; x_wconf 92' lang='lat' dir='ltr'><strong>in</strong></span> <span class='ocrx_word' id='word_1_417' title='bbox 1711 3946 2003 4020; x_wconf 67' lang='lat' dir='ltr'><strong>Egyptum</strong></span> <span class='ocrx_word' id='word_1_418' title='bbox 2020 3947 2133 4018; x_wconf 86' lang='lat'><strong>(66)</strong></span> 
     </span>
    </p>
   </div>
   <div class='ocr_carea' id='block_1_57' title="bbox 561 4042 2133 4112">
    <p class='ocr_par' dir='ltr' id='par_1_57' title="bbox 561 4042 2133 4112">
     <span class='ocr_line' id='line_1_57' title="bbox 561 4042 2133 4112; baseline -0.003 -12"><span class='ocrx_word' id='word_1_419' title='bbox 561 4044 747 4100; x_wconf 87' lang='lat' dir='ltr'><strong>mundi</strong></span> <span class='ocrx_word' id='word_1_420' title='bbox 799 4044 981 4112; x_wconf 84' lang='lat' dir='ltr'><strong>hujus,</strong></span> <span class='ocrx_word' id='word_1_421' title='bbox 1036 4043 1152 4112; x_wconf 91' lang='lat' dir='ltr'><strong>ipso</strong></span> <span class='ocrx_word' id='word_1_422' title='bbox 1203 4056 1432 4096; x_wconf 90' lang='lat' dir='ltr'><strong>numero</strong></span> <span class='ocrx_word' id='word_1_423' title='bbox 1486 4042 1845 4111; x_wconf 85' lang='lat' dir='ltr'><strong>quadraginta</strong></span> <span class='ocrx_word' id='word_1_424' title='bbox 1891 4052 1946 4096; x_wconf 91' lang='lat' dir='ltr'><strong>et</strong></span> <span class='ocrx_word' id='word_1_425' title='bbox 1995 4043 2133 4096; x_wconf 89' lang='lat' dir='ltr'><strong>duas</strong></span> 
     </span>
    </p>
   </div>
   <div class='ocr_carea' id='block_1_58' title="bbox 561 4123 2130 4204">
    <p class='ocr_par' dir='ltr' id='par_1_58' title="bbox 561 4123 2130 4204">
     <span class='ocr_line' id='line_1_58' title="bbox 561 4123 2130 4204; baseline -0.002 -13"><span class='ocrx_word' id='word_1_426' title='bbox 561 4137 870 4192; x_wconf 89' lang='lat' dir='ltr'><strong>mansiones</strong></span> <span class='ocrx_word' id='word_1_427' title='bbox 901 4123 1138 4198; x_wconf 63' lang='lat' dir='ltr'><strong>faciunt:</strong></span> <span class='ocrx_word' id='word_1_428' title='bbox 1157 4133 1246 4202; x_wconf 91' lang='lat' dir='ltr'><strong>qui</strong></span> <span class='ocrx_word' id='word_1_429' title='bbox 1273 4132 1438 4204; x_wconf 76' lang='lat'><strong>376</strong></span> <span class='ocrx_word' id='word_1_430' title='bbox 1463 4133 1766 4188; x_wconf 89' lang='lat' dir='ltr'><strong>ascendunt</strong></span> <span class='ocrx_word' id='word_1_431' title='bbox 1788 4134 1853 4188; x_wconf 91' lang='lat' dir='ltr'><strong>de</strong></span> <span class='ocrx_word' id='word_1_432' title='bbox 1870 4131 2130 4204; x_wconf 66' lang='lat' dir='ltr'><strong>Egypto.</strong></span> 
     </span>
    </p>
   </div>
   <div class='ocr_carea' id='block_1_59' title="bbox 559 4227 2128 4299">
    <p class='ocr_par' dir='ltr' id='par_1_59' title="bbox 559 4227 2128 4299">
     <span class='ocr_line' id='line_1_59' title="bbox 559 4227 2128 4299; baseline -0.003 -13"><span class='ocrx_word' id='word_1_433' title='bbox 559 4230 626 4286; x_wconf 85' lang='lat' dir='ltr'><strong>Et</strong></span> <span class='ocrx_word' id='word_1_434' title='bbox 682 4233 819 4286; x_wconf 89' lang='lat' dir='ltr'><strong>bene</strong></span> <span class='ocrx_word' id='word_1_435' title='bbox 873 4229 1228 4284; x_wconf 88' lang='lat' dir='ltr'><strong>observanter</strong></span> <span class='ocrx_word' id='word_1_436' title='bbox 1278 4229 1460 4295; x_wconf 89' lang='lat' dir='ltr'><strong>posuit</strong></span> <span class='ocrx_word' id='word_1_437' title='bbox 1522 4227 1733 4299; x_wconf 83' lang='lat' dir='ltr'><strong>Moyses</strong></span> <span class='ocrx_word' id='word_1_438' title='bbox 1792 4227 1978 4283; x_wconf 90' lang='lat' dir='ltr'><strong>dicens</strong></span> <span class='ocrx_word' id='word_1_439' title='bbox 2023 4228 2067 4259; x_wconf 80' lang='lat'><strong>&quot;</strong></span> <span class='ocrx_word' id='word_1_440' title='bbox 2115 4244 2128 4282; x_wconf 90' lang='lat'><strong>:</strong></span> 
     </span>
    </p>
   </div>
   <div class='ocr_carea' id='block_1_60' title="bbox 563 4319 2131 4389">
    <p class='ocr_par' dir='ltr' id='par_1_60' title="bbox 563 4319 2131 4389">
     <span class='ocr_line' id='line_1_60' title="bbox 563 4319 2131 4389; baseline 0 -13"><span class='ocrx_word' id='word_1_441' title='bbox 563 4341 585 4376; x_wconf 74' lang='grc' dir='ltr'><strong>ο</strong></span> <span class='ocrx_word' id='word_1_442' title='bbox 608 4324 986 4381; x_wconf 86' lang='lat' dir='ltr'><strong>Ascenderuut</strong></span> <span class='ocrx_word' id='word_1_443' title='bbox 1018 4321 1111 4375; x_wconf 84' lang='lat' dir='ltr'><strong>lilii</strong></span> <span class='ocrx_word' id='word_1_444' title='bbox 1144 4319 1309 4376; x_wconf 89' lang='lat' dir='ltr'><strong>Israel</strong></span> <span class='ocrx_word' id='word_1_445' title='bbox 1335 4336 1456 4375; x_wconf 92' lang='lat' dir='ltr'><strong>cum</strong></span> <span class='ocrx_word' id='word_1_446' title='bbox 1481 4321 1680 4377; x_wconf 90' lang='lat' dir='ltr'><strong>virtute</strong></span> <span class='ocrx_word' id='word_1_447' title='bbox 1702 4336 1820 4378; x_wconf 91' lang='lat' dir='ltr'><strong>sua.</strong></span> <span class='ocrx_word' id='word_1_448' title='bbox 1845 4340 1864 4375; x_wconf 71' lang='grc' dir='ltr'><strong>ι</strong></span> <span class='ocrx_word' id='word_1_449' title='bbox 1887 4320 2018 4389; x_wconf 70' lang='lat' dir='ltr'><strong>Qua:</strong></span> <span class='ocrx_word' id='word_1_450' title='bbox 2048 4330 2131 4376; x_wconf 90' lang='lat' dir='ltr'><strong>est</strong></span> 
     </span>
    </p>
   </div>
   <div class='ocr_carea' id='block_1_61' title="bbox 2254 1833 3789 1909">
    <p class='ocr_par' dir='ltr' id='par_1_61' title="bbox 2254 1833 3789 1909">
     <span class='ocr_line' id='line_1_61' title="bbox 2254 1833 3789 1909; baseline 0.008 -21"><span class='ocrx_word' id='word_1_451' title='bbox 2254 1835 2424 1900; x_wconf 89' lang='lat' dir='ltr'><strong>cultu,</strong></span> <span class='ocrx_word' id='word_1_452' title='bbox 2465 1842 2519 1889; x_wconf 93' lang='lat' dir='ltr'><strong>et</strong></span> <span class='ocrx_word' id='word_1_453' title='bbox 2561 1833 2974 1898; x_wconf 71' lang='lat' dir='ltr'><strong>dmmoniorum,</strong></span> <span class='ocrx_word' id='word_1_454' title='bbox 3005 1851 3110 1891; x_wconf 90' lang='lat' dir='ltr'><strong>non</strong></span> <span class='ocrx_word' id='word_1_455' title='bbox 3156 1838 3412 1907; x_wconf 89' lang='lat' dir='ltr'><strong>deorum,</strong></span> <span class='ocrx_word' id='word_1_456' title='bbox 3461 1847 3789 1909; x_wconf 88' lang='lat' dir='ltr'><strong>veneratione,</strong></span> 
     </span>
    </p>
   </div>
   <div class='ocr_carea' id='block_1_62' title="bbox 2251 1924 3788 2004">
    <p class='ocr_par' dir='ltr' id='par_1_62' title="bbox 2251 1924 3788 2004">
     <span class='ocr_line' id='line_1_62' title="bbox 2251 1924 3788 2004; baseline 0.006 -25"><span class='ocrx_word' id='word_1_457' title='bbox 2251 1926 2524 1980; x_wconf 90' lang='lat' dir='ltr'><strong>credimus</strong></span> <span class='ocrx_word' id='word_1_458' title='bbox 2544 1924 2821 1980; x_wconf 88' lang='lat' dir='ltr'><strong>Christum</strong></span> <span class='ocrx_word' id='word_1_459' title='bbox 2850 1936 3036 1982; x_wconf 92' lang='lat' dir='ltr'><strong>natum</strong></span> <span class='ocrx_word' id='word_1_460' title='bbox 3064 1944 3130 1982; x_wconf 76' lang='lat' dir='ltr'><strong>ex</strong></span> <span class='ocrx_word' id='word_1_461' title='bbox 3169 1927 3420 2002; x_wconf 79' lang='lat' dir='ltr'><strong>Virgine,</strong></span> <span class='ocrx_word' id='word_1_462' title='bbox 3447 1942 3500 1988; x_wconf 91' lang='lat' dir='ltr'><strong>et</strong></span> <span class='ocrx_word' id='word_1_463' title='bbox 3526 1934 3588 1988; x_wconf 88' lang='lat' dir='ltr'><strong>de</strong></span> <span class='ocrx_word' id='word_1_464' title='bbox 3618 1934 3788 2004; x_wconf 90' lang='lat' dir='ltr'><strong>Spiritu</strong></span> 
     </span>
    </p>
   </div>
   <div class='ocr_carea' id='block_1_63' title="bbox 2252 2015 3788 2082">
    <p class='ocr_par' dir='ltr' id='par_1_63' title="bbox 2252 2015 3788 2082">
     <span class='ocr_line' id='line_1_63' title="bbox 2252 2015 3788 2082; baseline 0.006 -10"><span class='ocrx_word' id='word_1_465' title='bbox 2252 2026 2464 2081; x_wconf 90' lang='lat' dir='ltr'><strong>sancto,</strong></span> <span class='ocrx_word' id='word_1_466' title='bbox 2495 2026 2549 2073; x_wconf 90' lang='lat' dir='ltr'><strong>et</strong></span> <span class='ocrx_word' id='word_1_467' title='bbox 2575 2015 2817 2072; x_wconf 83' lang='lat' dir='ltr'><strong>Verbum</strong></span> <span class='ocrx_word' id='word_1_468' title='bbox 2849 2033 3072 2074; x_wconf 90' lang='lat' dir='ltr'><strong>carnem</strong></span> <span class='ocrx_word' id='word_1_469' title='bbox 3114 2021 3322 2077; x_wconf 79' lang='lat' dir='ltr'><strong>factum</strong></span> <span class='ocrx_word' id='word_1_470' title='bbox 3357 2027 3568 2082; x_wconf 87' lang='lat' dir='ltr'><strong>venisse</strong></span> <span class='ocrx_word' id='word_1_471' title='bbox 3592 2027 3640 2081; x_wconf 91' lang='lat' dir='ltr'><strong>in</strong></span> <span class='ocrx_word' id='word_1_472' title='bbox 3669 2029 3788 2081; x_wconf 86' lang='lat' dir='ltr'><strong>hunc</strong></span> 
     </span>
    </p>
   </div>
   <div class='ocr_carea' id='block_1_64' title="bbox 2253 2109 3789 2180">
    <p class='ocr_par' dir='ltr' id='par_1_64' title="bbox 2253 2109 3789 2180">
     <span class='ocr_line' id='line_1_64' title="bbox 2253 2109 3789 2180; baseline 0.007 -17"><span class='ocrx_word' id='word_1_473' title='bbox 2253 2110 2532 2164; x_wconf 89' lang='lat' dir='ltr'><strong>mundum.</strong></span> <span class='ocrx_word' id='word_1_474' title='bbox 2573 2109 2702 2164; x_wconf 91' lang='lat' dir='ltr'><strong>Post</strong></span> <span class='ocrx_word' id='word_1_475' title='bbox 2728 2110 2843 2164; x_wconf 65' lang='lat' dir='ltr'><strong>hate</strong></span> <span class='ocrx_word' id='word_1_476' title='bbox 2866 2111 2978 2180; x_wconf 88' lang='lat' dir='ltr'><strong>jam</strong></span> <span class='ocrx_word' id='word_1_477' title='bbox 3025 2114 3311 2180; x_wconf 84' lang='lat' dir='ltr'><strong>proﬁcere,</strong></span> <span class='ocrx_word' id='word_1_478' title='bbox 3346 2125 3401 2170; x_wconf 88' lang='lat' dir='ltr'><strong>et</strong></span> <span class='ocrx_word' id='word_1_479' title='bbox 3431 2120 3708 2173; x_wconf 85' lang='lat' dir='ltr'><strong>ascendere</strong></span> <span class='ocrx_word' id='word_1_480' title='bbox 3736 2120 3789 2174; x_wconf 87' lang='lat' dir='ltr'><strong>ad</strong></span> 
     </span>
    </p>
   </div>
   <div class='ocr_carea' id='block_1_65' title="bbox 2250 2201 3784 2276">
    <p class='ocr_par' dir='ltr' id='par_1_65' title="bbox 2250 2201 3784 2276">
     <span class='ocr_line' id='line_1_65' title="bbox 2250 2201 3784 2276; baseline 0.005 -20"><span class='ocrx_word' id='word_1_481' title='bbox 2250 2201 2493 2270; x_wconf 88' lang='lat' dir='ltr'><strong>singulos</strong></span> <span class='ocrx_word' id='word_1_482' title='bbox 2521 2216 2768 2272; x_wconf 88' lang='lat' dir='ltr'><strong>quosque</strong></span> <span class='ocrx_word' id='word_1_483' title='bbox 2798 2202 2924 2257; x_wconf 90' lang='lat' dir='ltr'><strong>ﬁdei</strong></span> <span class='ocrx_word' id='word_1_484' title='bbox 2954 2213 3008 2257; x_wconf 92' lang='lat' dir='ltr'><strong>et</strong></span> <span class='ocrx_word' id='word_1_485' title='bbox 3042 2205 3312 2260; x_wconf 87' lang='lat' dir='ltr'><strong>virtutum</strong></span> <span class='ocrx_word' id='word_1_486' title='bbox 3344 2210 3540 2276; x_wconf 89' lang='lat' dir='ltr'><strong>gradus</strong></span> <span class='ocrx_word' id='word_1_487' title='bbox 3565 2209 3784 2264; x_wconf 87' lang='lat' dir='ltr'><strong>nitamur.</strong></span> 
     </span>
    </p>
   </div>
   <div class='ocr_carea' id='block_1_66' title="bbox 2249 2293 3783 2372">
    <p class='ocr_par' dir='ltr' id='par_1_66' title="bbox 2249 2293 3783 2372">
     <span class='ocr_line' id='line_1_66' title="bbox 2249 2293 3783 2372; baseline 0.007 -26"><span class='ocrx_word' id='word_1_488' title='bbox 2249 2293 2454 2360; x_wconf 86' lang='lat' dir='ltr'><strong>Quibus</strong></span> <span class='ocrx_word' id='word_1_489' title='bbox 2479 2294 2525 2347; x_wconf 94' lang='lat' dir='ltr'><strong>si</strong></span> <span class='ocrx_word' id='word_1_490' title='bbox 2557 2295 2742 2348; x_wconf 88' lang='lat' dir='ltr'><strong>tandiu</strong></span> <span class='ocrx_word' id='word_1_491' title='bbox 2791 2295 3168 2361; x_wconf 90' lang='lat' dir='ltr'><strong>immoremur,</strong></span> <span class='ocrx_word' id='word_1_492' title='bbox 3214 2298 3398 2356; x_wconf 91' lang='lat' dir='ltr'><strong>donec</strong></span> <span class='ocrx_word' id='word_1_493' title='bbox 3429 2301 3492 2356; x_wconf 90' lang='lat' dir='ltr'><strong>ad</strong></span> <span class='ocrx_word' id='word_1_494' title='bbox 3523 2302 3783 2372; x_wconf 82' lang='lat' dir='ltr'><strong>perlectum</strong></span> 
     </span>
    </p>
   </div>
   <div class='ocr_carea' id='block_1_67' title="bbox 2248 2385 3784 2462">
    <p class='ocr_par' dir='ltr' id='par_1_67' title="bbox 2248 2385 3784 2462">
     <span class='ocr_line' id='line_1_67' title="bbox 2248 2385 3784 2462; baseline 0.006 -24"><span class='ocrx_word' id='word_1_495' title='bbox 2248 2386 2552 2450; x_wconf 86' lang='lat' dir='ltr'><strong>veniamus,</strong></span> <span class='ocrx_word' id='word_1_496' title='bbox 2583 2385 2639 2440; x_wconf 91' lang='lat' dir='ltr'><strong>in</strong></span> <span class='ocrx_word' id='word_1_497' title='bbox 2663 2385 2891 2456; x_wconf 90' lang='lat' dir='ltr'><strong>singulis</strong></span> <span class='ocrx_word' id='word_1_498' title='bbox 2915 2388 3175 2442; x_wconf 91' lang='lat' dir='ltr'><strong>virtutum</strong></span> <span class='ocrx_word' id='word_1_499' title='bbox 3206 2392 3467 2462; x_wconf 86' lang='lat' dir='ltr'><strong>gradibus</strong></span> <span class='ocrx_word' id='word_1_500' title='bbox 3497 2397 3784 2449; x_wconf 85' lang='lat' dir='ltr'><strong>mansionem</strong></span> 
     </span>
    </p>
   </div>
   <div class='ocr_carea' id='block_1_68' title="bbox 2248 2477 3785 2556">
    <p class='ocr_par' dir='ltr' id='par_1_68' title="bbox 2248 2477 3785 2556">
     <span class='ocr_line' id='line_1_68' title="bbox 2248 2477 3785 2556; baseline 0.006 -26"><span class='ocrx_word' id='word_1_501' title='bbox 2248 2477 2446 2533; x_wconf 82' lang='lat' dir='ltr'><strong>fecisse</strong></span> <span class='ocrx_word' id='word_1_502' title='bbox 2480 2480 2746 2545; x_wconf 91' lang='lat' dir='ltr'><strong>dicemur,</strong></span> <span class='ocrx_word' id='word_1_503' title='bbox 2780 2496 3065 2551; x_wconf 88' lang='lat' dir='ltr'><strong>usquequo</strong></span> <span class='ocrx_word' id='word_1_504' title='bbox 3095 2484 3161 2537; x_wconf 94' lang='lat' dir='ltr'><strong>ad</strong></span> <span class='ocrx_word' id='word_1_505' title='bbox 3195 2499 3473 2540; x_wconf 87' lang='lat' dir='ltr'><strong>summum</strong></span> <span class='ocrx_word' id='word_1_506' title='bbox 3505 2489 3785 2556; x_wconf 73' lang='lat' dir='ltr'><strong>pervenien~</strong></span> 
     </span>
    </p>
   </div>
   <div class='ocr_carea' id='block_1_69' title="bbox 2250 2569 3782 2652">
    <p class='ocr_par' dir='ltr' id='par_1_69' title="bbox 2250 2569 3782 2652">
     <span class='ocr_line' id='line_1_69' title="bbox 2250 2569 3782 2652; baseline 0.006 -28"><span class='ocrx_word' id='word_1_507' title='bbox 2250 2569 2392 2625; x_wconf 91' lang='lat' dir='ltr'><strong>tibus</strong></span> <span class='ocrx_word' id='word_1_508' title='bbox 2423 2572 2584 2627; x_wconf 91' lang='lat' dir='ltr'><strong>nobis</strong></span> <span class='ocrx_word' id='word_1_509' title='bbox 2627 2573 3034 2630; x_wconf 89' lang='lat' dir='ltr'><strong>institutionum</strong></span> <span class='ocrx_word' id='word_1_510' title='bbox 3065 2575 3516 2650; x_wconf 79' lang='lat' dir='ltr'><strong>profectuumque</strong></span> <span class='ocrx_word' id='word_1_511' title='bbox 3543 2582 3782 2652; x_wconf 80' lang='lat' dir='ltr'><strong>fastigium</strong></span> 
     </span>
    </p>
   </div>
   <div class='ocr_carea' id='block_1_70' title="bbox 2247 2662 3226 2732">
    <p class='ocr_par' dir='ltr' id='par_1_70' title="bbox 2247 2662 3226 2732">
     <span class='ocr_line' id='line_1_70' title="bbox 2247 2662 3226 2732; baseline 0.006 -18"><span class='ocrx_word' id='word_1_512' title='bbox 2247 2662 2513 2730; x_wconf 89' lang='lat' dir='ltr'><strong>promissa</strong></span> <span class='ocrx_word' id='word_1_513' title='bbox 2547 2663 2889 2732; x_wconf 87' lang='lat' dir='ltr'><strong>compleatur</strong></span> <span class='ocrx_word' id='word_1_514' title='bbox 2914 2665 3226 2720; x_wconf 72' lang='lat' dir='ltr'><strong>htereditas.</strong></span> 
     </span>
    </p>
   </div>
   <div class='ocr_carea' id='block_1_71' title="bbox 2319 2752 3782 2830">
    <p class='ocr_par' dir='ltr' id='par_1_71' title="bbox 2319 2752 3782 2830">
     <span class='ocr_line' id='line_1_71' title="bbox 2319 2752 3782 2830; baseline 0.004 -24"><span class='ocrx_word' id='word_1_515' title='bbox 2319 2752 2375 2806; x_wconf 74' lang='grc'><strong>4.</strong></span> <span class='ocrx_word' id='word_1_516' title='bbox 2407 2753 2514 2808; x_wconf 92' lang='lat' dir='ltr'><strong>Sed</strong></span> <span class='ocrx_word' id='word_1_517' title='bbox 2546 2763 2603 2808; x_wconf 90' lang='lat' dir='ltr'><strong>et</strong></span> <span class='ocrx_word' id='word_1_518' title='bbox 2623 2755 2806 2809; x_wconf 91' lang='lat' dir='ltr'><strong>anima</strong></span> <span class='ocrx_word' id='word_1_519' title='bbox 2832 2771 2954 2810; x_wconf 91' lang='lat' dir='ltr'><strong>cum</strong></span> <span class='ocrx_word' id='word_1_520' title='bbox 2995 2759 3060 2811; x_wconf 91' lang='lat' dir='ltr'><strong>de</strong></span> <span class='ocrx_word' id='word_1_521' title='bbox 3092 2755 3332 2828; x_wconf 67' lang='lat' dir='ltr'><strong>Egypto</strong></span> <span class='ocrx_word' id='word_1_522' title='bbox 3363 2762 3485 2815; x_wconf 83' lang='lat' dir='ltr'><strong>vitae</strong></span> <span class='ocrx_word' id='word_1_523' title='bbox 3509 2761 3652 2829; x_wconf 82' lang='lat' dir='ltr'><strong>hujus</strong></span> <span class='ocrx_word' id='word_1_524' title='bbox 3678 2777 3782 2830; x_wconf 85' lang='lat' dir='ltr'><strong>pro-</strong></span> 
     </span>
    </p>
   </div>
   <div class='ocr_carea' id='block_1_72' title="bbox 2247 2845 3779 2924">
    <p class='ocr_par' dir='ltr' id='par_1_72' title="bbox 2247 2845 3779 2924">
     <span class='ocr_line' id='line_1_72' title="bbox 2247 2845 3779 2924; baseline 0.005 -24"><span class='ocrx_word' id='word_1_525' title='bbox 2247 2845 2532 2915; x_wconf 87' lang='lat' dir='ltr'><strong>ﬁciscitur,</strong></span> <span class='ocrx_word' id='word_1_526' title='bbox 2562 2857 2620 2901; x_wconf 93' lang='lat' dir='ltr'><strong>ut</strong></span> <span class='ocrx_word' id='word_1_527' title='bbox 2649 2850 2835 2904; x_wconf 91' lang='lat' dir='ltr'><strong>tendat</strong></span> <span class='ocrx_word' id='word_1_528' title='bbox 2868 2851 2934 2904; x_wconf 91' lang='lat' dir='ltr'><strong>ad</strong></span> <span class='ocrx_word' id='word_1_529' title='bbox 2968 2862 3170 2908; x_wconf 90' lang='lat' dir='ltr'><strong>terram</strong></span> <span class='ocrx_word' id='word_1_530' title='bbox 3203 2857 3651 2924; x_wconf 87' lang='lat' dir='ltr'><strong>repromissionis,</strong></span> <span class='ocrx_word' id='word_1_531' title='bbox 3679 2872 3779 2924; x_wconf 85' lang='lat' dir='ltr'><strong>per-</strong></span> 
     </span>
    </p>
   </div>
   <div class='ocr_carea' id='block_1_73' title="bbox 2247 2941 3780 3022">
    <p class='ocr_par' dir='ltr' id='par_1_73' title="bbox 2247 2941 3780 3022">
     <span class='ocr_line' id='line_1_73' title="bbox 2247 2941 3780 3022; baseline 0.007 -29"><span class='ocrx_word' id='word_1_532' title='bbox 2247 2941 2324 3011; x_wconf 85' lang='lat' dir='ltr'><strong>git</strong></span> <span class='ocrx_word' id='word_1_533' title='bbox 2366 2943 2676 2996; x_wconf 88' lang='lat' dir='ltr'><strong>necessario</strong></span> <span class='ocrx_word' id='word_1_534' title='bbox 2731 2943 2797 2997; x_wconf 93' lang='lat' dir='ltr'><strong>ad</strong></span> <span class='ocrx_word' id='word_1_535' title='bbox 2828 2943 2950 2998; x_wconf 90' lang='lat' dir='ltr'><strong>illas</strong></span> <span class='ocrx_word' id='word_1_536' title='bbox 2976 2945 3112 3016; x_wconf 84' lang='lat'><strong>(67),</strong></span> <span class='ocrx_word' id='word_1_537' title='bbox 3149 2962 3272 3022; x_wconf 74' lang='lat' dir='ltr'><strong>qua:</strong></span> <span class='ocrx_word' id='word_1_538' title='bbox 3311 2950 3451 3018; x_wconf 91' lang='lat' dir='ltr'><strong>apud</strong></span> <span class='ocrx_word' id='word_1_539' title='bbox 3491 2949 3686 3005; x_wconf 86' lang='lat' dir='ltr'><strong>Patrem</strong></span> <span class='ocrx_word' id='word_1_540' title='bbox 3726 2951 3780 3003; x_wconf 86' lang='lat' dir='ltr'><strong>ab</strong></span> 
     </span>
    </p>
   </div>
   <div class='ocr_carea' id='block_1_74' title="bbox 2249 3033 3779 3108">
    <p class='ocr_par' dir='ltr' id='par_1_74' title="bbox 2249 3033 3779 3108">
     <span class='ocr_line' id='line_1_74' title="bbox 2249 3033 3779 3108; baseline 0.004 -21"><span class='ocrx_word' id='word_1_541' title='bbox 2249 3033 2408 3088; x_wconf 92' lang='lat' dir='ltr'><strong>initio</strong></span> <span class='ocrx_word' id='word_1_542' title='bbox 2453 3043 2774 3104; x_wconf 63' lang='lat' dir='ltr'><strong>prteparatte</strong></span> <span class='ocrx_word' id='word_1_543' title='bbox 2821 3045 2950 3090; x_wconf 91' lang='lat' dir='ltr'><strong>sunt</strong></span> <span class='ocrx_word' id='word_1_544' title='bbox 2995 3039 3335 3095; x_wconf 86' lang='lat' dir='ltr'><strong>mansiones.</strong></span> <span class='ocrx_word' id='word_1_545' title='bbox 3384 3041 3610 3108; x_wconf 86' lang='lat' dir='ltr'><strong>Quarum</strong></span> <span class='ocrx_word' id='word_1_546' title='bbox 3643 3045 3779 3097; x_wconf 84' lang='lat' dir='ltr'><strong>credo</strong></span> 
     </span>
    </p>
   </div>
   <div class='ocr_carea' id='block_1_75' title="bbox 2248 3126 3778 3196">
    <p class='ocr_par' dir='ltr' id='par_1_75' title="bbox 2248 3126 3778 3196">
     <span class='ocr_line' id='line_1_75' title="bbox 2248 3126 3778 3196; baseline 0.004 -17"><span class='ocrx_word' id='word_1_547' title='bbox 2248 3139 2458 3181; x_wconf 89' lang='lat' dir='ltr'><strong>memor</strong></span> <span class='ocrx_word' id='word_1_548' title='bbox 2513 3126 2784 3196; x_wconf 89' lang='lat' dir='ltr'><strong>Propheta</strong></span> <span class='ocrx_word' id='word_1_549' title='bbox 2810 3167 2826 3193; x_wconf 90' lang='lat'><strong>,</strong></span> <span class='ocrx_word' id='word_1_550' title='bbox 2884 3129 3209 3184; x_wconf 76' lang='lat' dir='ltr'><strong>dicebat”:</strong></span> <span class='ocrx_word' id='word_1_551' title='bbox 3251 3150 3270 3183; x_wconf 73' lang='grc' dir='ltr'><strong>ι</strong></span> <span class='ocrx_word' id='word_1_552' title='bbox 3296 3131 3423 3188; x_wconf 73' lang='lat' dir='ltr'><strong>Haec</strong></span> <span class='ocrx_word' id='word_1_553' title='bbox 3490 3145 3778 3189; x_wconf 82' lang='lat' dir='ltr'><strong>memoratus</strong></span> 
     </span>
    </p>
   </div>
   <div class='ocr_carea' id='block_1_76' title="bbox 2247 3216 3775 3295">
    <p class='ocr_par' dir='ltr' id='par_1_76' title="bbox 2247 3216 3775 3295">
     <span class='ocr_line' id='line_1_76' title="bbox 2247 3216 3775 3295; baseline 0.002 -24"><span class='ocrx_word' id='word_1_554' title='bbox 2247 3231 2390 3285; x_wconf 91' lang='lat' dir='ltr'><strong>sum,</strong></span> <span class='ocrx_word' id='word_1_555' title='bbox 2421 3225 2475 3272; x_wconf 87' lang='lat' dir='ltr'><strong>et</strong></span> <span class='ocrx_word' id='word_1_556' title='bbox 2516 3216 2678 3272; x_wconf 70' lang='lat' dir='ltr'><strong>eﬁudi</strong></span> <span class='ocrx_word' id='word_1_557' title='bbox 2724 3233 2887 3289; x_wconf 87' lang='lat' dir='ltr'><strong>super</strong></span> <span class='ocrx_word' id='word_1_558' title='bbox 2931 3235 3016 3275; x_wconf 93' lang='lat' dir='ltr'><strong>me</strong></span> <span class='ocrx_word' id='word_1_559' title='bbox 3055 3222 3296 3276; x_wconf 85' lang='lat' dir='ltr'><strong>animam</strong></span> <span class='ocrx_word' id='word_1_560' title='bbox 3341 3240 3532 3288; x_wconf 88' lang='lat' dir='ltr'><strong>meam,</strong></span> <span class='ocrx_word' id='word_1_561' title='bbox 3561 3225 3775 3295; x_wconf 85' lang='lat' dir='ltr'><strong>quoniam</strong></span> 
     </span>
    </p>
   </div>
   <div class='ocr_carea' id='block_1_77' title="bbox 2247 3309 3774 3382">
    <p class='ocr_par' dir='ltr' id='par_1_77' title="bbox 2247 3309 3774 3382">
     <span class='ocr_line' id='line_1_77' title="bbox 2247 3309 3774 3382; baseline 0.002 -19"><span class='ocrx_word' id='word_1_562' title='bbox 2247 3309 2524 3380; x_wconf 87' lang='lat' dir='ltr'><strong>ingrediar</strong></span> <span class='ocrx_word' id='word_1_563' title='bbox 2555 3309 2607 3364; x_wconf 92' lang='lat' dir='ltr'><strong>in</strong></span> <span class='ocrx_word' id='word_1_564' title='bbox 2641 3310 2817 3364; x_wconf 90' lang='lat' dir='ltr'><strong>locum</strong></span> <span class='ocrx_word' id='word_1_565' title='bbox 2853 3311 3192 3368; x_wconf 86' lang='lat' dir='ltr'><strong>tabernaculi</strong></span> <span class='ocrx_word' id='word_1_566' title='bbox 3247 3317 3596 3380; x_wconf 86' lang='lat' dir='ltr'><strong>admirabilis,</strong></span> <span class='ocrx_word' id='word_1_567' title='bbox 3641 3330 3774 3382; x_wconf 83' lang='lat' dir='ltr'><strong>usque</strong></span> 
     </span>
    </p>
   </div>
   <div class='ocr_carea' id='block_1_78' title="bbox 2246 3403 3775 3477">
    <p class='ocr_par' dir='ltr' id='par_1_78' title="bbox 2246 3403 3775 3477">
     <span class='ocr_line' id='line_1_78' title="bbox 2246 3403 3775 3477; baseline 0.001 -21"><span class='ocrx_word' id='word_1_568' title='bbox 2246 3403 2312 3456; x_wconf 89' lang='lat' dir='ltr'><strong>ad</strong></span> <span class='ocrx_word' id='word_1_569' title='bbox 2346 3405 2564 3458; x_wconf 92' lang='lat' dir='ltr'><strong>domum</strong></span> <span class='ocrx_word' id='word_1_570' title='bbox 2588 3404 2707 3458; x_wconf 92' lang='lat' dir='ltr'><strong>Dei.</strong></span> <span class='ocrx_word' id='word_1_571' title='bbox 2731 3423 2749 3456; x_wconf 70' lang='grc' dir='ltr'><strong>ι</strong></span> <span class='ocrx_word' id='word_1_572' title='bbox 2787 3404 2908 3460; x_wconf 74' lang='lat' dir='ltr'><strong>Ista:</strong></span> <span class='ocrx_word' id='word_1_573' title='bbox 2938 3416 3064 3460; x_wconf 91' lang='lat' dir='ltr'><strong>sunt</strong></span> <span class='ocrx_word' id='word_1_574' title='bbox 3090 3410 3421 3477; x_wconf 89' lang='lat' dir='ltr'><strong>mansiones,</strong></span> <span class='ocrx_word' id='word_1_575' title='bbox 3440 3422 3491 3463; x_wconf 91' lang='lat' dir='ltr'><strong>et</strong></span> <span class='ocrx_word' id='word_1_576' title='bbox 3517 3411 3608 3464; x_wconf 89' lang='lat' dir='ltr'><strong>ista</strong></span> <span class='ocrx_word' id='word_1_577' title='bbox 3632 3409 3775 3462; x_wconf 83' lang='lat' dir='ltr'><strong>taber-</strong></span> 
     </span>
    </p>
   </div>
   <div class='ocr_carea' id='block_1_79' title="bbox 2245 3495 3772 3568">
    <p class='ocr_par' dir='ltr' id='par_1_79' title="bbox 2245 3495 3772 3568">
     <span class='ocr_line' id='line_1_79' title="bbox 2245 3495 3772 3568; baseline 0 -19"><span class='ocrx_word' id='word_1_578' title='bbox 2245 3495 2460 3562; x_wconf 89' lang='lat' dir='ltr'><strong>nacula,</strong></span> <span class='ocrx_word' id='word_1_579' title='bbox 2483 3498 2549 3551; x_wconf 90' lang='lat' dir='ltr'><strong>de</strong></span> <span class='ocrx_word' id='word_1_580' title='bbox 2579 3497 2776 3565; x_wconf 89' lang='lat' dir='ltr'><strong>quibus</strong></span> <span class='ocrx_word' id='word_1_581' title='bbox 2806 3497 2859 3550; x_wconf 93' lang='lat' dir='ltr'><strong>in</strong></span> <span class='ocrx_word' id='word_1_582' title='bbox 2889 3497 3000 3552; x_wconf 91' lang='lat' dir='ltr'><strong>alio</strong></span> <span class='ocrx_word' id='word_1_583' title='bbox 3032 3497 3153 3553; x_wconf 93' lang='lat' dir='ltr'><strong>loco</strong></span> <span class='ocrx_word' id='word_1_584' title='bbox 3177 3500 3412 3555; x_wconf 73' lang='lat' dir='ltr'><strong>dicit“:</strong></span> <span class='ocrx_word' id='word_1_585' title='bbox 3439 3520 3456 3552; x_wconf 78' lang='grc' dir='ltr'><strong>ι</strong></span> <span class='ocrx_word' id='word_1_586' title='bbox 3478 3501 3633 3568; x_wconf 86' lang='lat' dir='ltr'><strong>Quam</strong></span> <span class='ocrx_word' id='word_1_587' title='bbox 3655 3515 3772 3552; x_wconf 79' lang='lat' dir='ltr'><strong>ama-</strong></span> 
     </span>
    </p>
   </div>
   <div class='ocr_carea' id='block_1_80' title="bbox 2244 3585 3770 3655">
    <p class='ocr_par' dir='ltr' id='par_1_80' title="bbox 2244 3585 3770 3655">
     <span class='ocr_line' id='line_1_80' title="bbox 2244 3585 3770 3655; baseline -0.002 -13"><span class='ocrx_word' id='word_1_588' title='bbox 2244 3585 2374 3642; x_wconf 87' lang='lat' dir='ltr'><strong>bilia</strong></span> <span class='ocrx_word' id='word_1_589' title='bbox 2405 3596 2533 3640; x_wconf 91' lang='lat' dir='ltr'><strong>sunt</strong></span> <span class='ocrx_word' id='word_1_590' title='bbox 2564 3587 2912 3642; x_wconf 89' lang='lat' dir='ltr'><strong>tabernacula</strong></span> <span class='ocrx_word' id='word_1_591' title='bbox 2947 3599 3059 3655; x_wconf 89' lang='lat' dir='ltr'><strong>tua,</strong></span> <span class='ocrx_word' id='word_1_592' title='bbox 3100 3589 3329 3646; x_wconf 89' lang='lat' dir='ltr'><strong>Domine</strong></span> <span class='ocrx_word' id='word_1_593' title='bbox 3358 3591 3640 3648; x_wconf 86' lang='lat' dir='ltr'><strong>virtutum!</strong></span> <span class='ocrx_word' id='word_1_594' title='bbox 3665 3605 3770 3644; x_wconf 85' lang='lat' dir='ltr'><strong>cou-</strong></span> 
     </span>
    </p>
   </div>
   <div class='ocr_carea' id='block_1_81' title="bbox 2245 3677 3766 3748">
    <p class='ocr_par' dir='ltr' id='par_1_81' title="bbox 2245 3677 3766 3748">
     <span class='ocr_line' id='line_1_81' title="bbox 2245 3677 3766 3748; baseline -0.002 -15"><span class='ocrx_word' id='word_1_595' title='bbox 2245 3677 2481 3748; x_wconf 90' lang='lat' dir='ltr'><strong>cupiscit</strong></span> <span class='ocrx_word' id='word_1_596' title='bbox 2523 3685 2581 3733; x_wconf 92' lang='lat' dir='ltr'><strong>et</strong></span> <span class='ocrx_word' id='word_1_597' title='bbox 2623 3678 2807 3734; x_wconf 88' lang='lat' dir='ltr'><strong>deﬁcit</strong></span> <span class='ocrx_word' id='word_1_598' title='bbox 2853 3681 3034 3734; x_wconf 89' lang='lat' dir='ltr'><strong>anima</strong></span> <span class='ocrx_word' id='word_1_599' title='bbox 3086 3697 3201 3736; x_wconf 87' lang='lat' dir='ltr'><strong>mea</strong></span> <span class='ocrx_word' id='word_1_600' title='bbox 3255 3684 3309 3738; x_wconf 89' lang='lat' dir='ltr'><strong>in</strong></span> <span class='ocrx_word' id='word_1_601' title='bbox 3350 3685 3484 3739; x_wconf 90' lang='lat' dir='ltr'><strong>atria</strong></span> <span class='ocrx_word' id='word_1_602' title='bbox 3531 3683 3766 3739; x_wconf 63' lang='lat' dir='ltr'><strong>Domini.»</strong></span> 
     </span>
    </p>
   </div>
   <div class='ocr_carea' id='block_1_82' title="bbox 2243 3768 3769 3844">
    <p class='ocr_par' dir='ltr' id='par_1_82' title="bbox 2243 3768 3769 3844">
     <span class='ocr_line' id='line_1_82' title="bbox 2243 3768 3769 3844; baseline 0.001 -22"><span class='ocrx_word' id='word_1_603' title='bbox 2243 3768 2452 3824; x_wconf 88' lang='lat' dir='ltr'><strong>Idcirco</strong></span> <span class='ocrx_word' id='word_1_604' title='bbox 2482 3778 2536 3825; x_wconf 90' lang='lat' dir='ltr'><strong>et</strong></span> <span class='ocrx_word' id='word_1_605' title='bbox 2567 3771 2618 3824; x_wconf 93' lang='lat' dir='ltr'><strong>in</strong></span> <span class='ocrx_word' id='word_1_606' title='bbox 2645 3769 2752 3826; x_wconf 93' lang='lat' dir='ltr'><strong>alio</strong></span> <span class='ocrx_word' id='word_1_607' title='bbox 2778 3770 2896 3825; x_wconf 93' lang='lat' dir='ltr'><strong>loco</strong></span> <span class='ocrx_word' id='word_1_608' title='bbox 2927 3772 3069 3826; x_wconf 89' lang='lat' dir='ltr'><strong>idem</strong></span> <span class='ocrx_word' id='word_1_609' title='bbox 3090 3771 3366 3844; x_wconf 84' lang='lat' dir='ltr'><strong>Propheta</strong></span> <span class='ocrx_word' id='word_1_610' title='bbox 3389 3777 3515 3831; x_wconf 92' lang='lat' dir='ltr'><strong>dicit</strong></span> <span class='ocrx_word' id='word_1_611' title='bbox 3533 3776 3575 3808; x_wconf 82' lang='grc'><strong>⁸⁸</strong></span> <span class='ocrx_word' id='word_1_612' title='bbox 3596 3793 3608 3828; x_wconf 93' lang='lat'><strong>:</strong></span> <span class='ocrx_word' id='word_1_613' title='bbox 3627 3773 3769 3826; x_wconf 79' lang='grc' dir='ltr'>«ΜιιΙ-</span> 
     </span>
    </p>
   </div>
   <div class='ocr_carea' id='block_1_83' title="bbox 2245 3861 3766 3937">
    <p class='ocr_par' dir='ltr' id='par_1_83' title="bbox 2245 3861 3766 3937">
     <span class='ocr_line' id='line_1_83' title="bbox 2245 3861 3766 3937; baseline -0.001 -21"><span class='ocrx_word' id='word_1_614' title='bbox 2245 3870 2358 3916; x_wconf 91' lang='lat' dir='ltr'><strong>tum</strong></span> <span class='ocrx_word' id='word_1_615' title='bbox 2387 3863 2735 3932; x_wconf 86' lang='lat' dir='ltr'><strong>peregrinata</strong></span> <span class='ocrx_word' id='word_1_616' title='bbox 2767 3873 2852 3917; x_wconf 89' lang='lat' dir='ltr'><strong>est</strong></span> <span class='ocrx_word' id='word_1_617' title='bbox 2882 3864 3062 3918; x_wconf 90' lang='lat' dir='ltr'><strong>anima</strong></span> <span class='ocrx_word' id='word_1_618' title='bbox 3101 3880 3240 3920; x_wconf 90' lang='lat' dir='ltr'><strong>mea.</strong></span> <span class='ocrx_word' id='word_1_619' title='bbox 3269 3885 3289 3919; x_wconf 73' lang='grc' dir='ltr'><strong>ι</strong></span> <span class='ocrx_word' id='word_1_620' title='bbox 3321 3866 3553 3937; x_wconf 86' lang='lat' dir='ltr'><strong>Intellige</strong></span> <span class='ocrx_word' id='word_1_621' title='bbox 3579 3878 3705 3932; x_wconf 84' lang='lat' dir='ltr'><strong>ergo,</strong></span> <span class='ocrx_word' id='word_1_622' title='bbox 3730 3861 3766 3915; x_wconf 83' lang='lat' dir='ltr'><strong>si</strong></span> 
     </span>
    </p>
   </div>
   <div class='ocr_carea' id='block_1_84' title="bbox 2242 3956 3766 4026">
    <p class='ocr_par' dir='ltr' id='par_1_84' title="bbox 2242 3956 3766 4026">
     <span class='ocr_line' id='line_1_84' title="bbox 2242 3956 3766 4026; baseline -0.001 -16"><span class='ocrx_word' id='word_1_623' title='bbox 2242 3964 2416 4026; x_wconf 89' lang='lat' dir='ltr'><strong>potes,</strong></span> <span class='ocrx_word' id='word_1_624' title='bbox 2443 3971 2563 4026; x_wconf 71' lang='lat' dir='ltr'><strong>quae</strong></span> <span class='ocrx_word' id='word_1_625' title='bbox 2591 3957 2700 4011; x_wconf 90' lang='lat' dir='ltr'><strong>sint</strong></span> <span class='ocrx_word' id='word_1_626' title='bbox 2730 3956 2846 4012; x_wconf 76' lang='lat' dir='ltr'><strong>isne</strong></span> <span class='ocrx_word' id='word_1_627' title='bbox 2873 3959 3347 4026; x_wconf 88' lang='lat' dir='ltr'><strong>peregrinationes</strong></span> <span class='ocrx_word' id='word_1_628' title='bbox 3373 3962 3577 4024; x_wconf 72' lang='lat' dir='ltr'><strong>animae,</strong></span> <span class='ocrx_word' id='word_1_629' title='bbox 3602 3959 3649 4012; x_wconf 92' lang='lat' dir='ltr'><strong>in</strong></span> <span class='ocrx_word' id='word_1_630' title='bbox 3670 3956 3766 4026; x_wconf 88' lang='lat' dir='ltr'><strong>qui-</strong></span> 
     </span>
    </p>
   </div>
   <div class='ocr_carea' id='block_1_85' title="bbox 2242 4048 3765 4124">
    <p class='ocr_par' dir='ltr' id='par_1_85' title="bbox 2242 4048 3765 4124">
     <span class='ocr_line' id='line_1_85' title="bbox 2242 4048 3765 4124; baseline -0.003 -22"><span class='ocrx_word' id='word_1_631' title='bbox 2242 4048 2345 4102; x_wconf 88' lang='lat' dir='ltr'><strong>bus</strong></span> <span class='ocrx_word' id='word_1_632' title='bbox 2371 4064 2492 4102; x_wconf 92' lang='lat' dir='ltr'><strong>cum</strong></span> <span class='ocrx_word' id='word_1_633' title='bbox 2522 4048 2756 4118; x_wconf 91' lang='lat' dir='ltr'><strong>quodam</strong></span> <span class='ocrx_word' id='word_1_634' title='bbox 2792 4050 2995 4120; x_wconf 88' lang='lat' dir='ltr'><strong>gemitu</strong></span> <span class='ocrx_word' id='word_1_635' title='bbox 3039 4066 3103 4106; x_wconf 90' lang='lat' dir='ltr'><strong>ac</strong></span> <span class='ocrx_word' id='word_1_636' title='bbox 3139 4051 3330 4108; x_wconf 85' lang='lat' dir='ltr'><strong>dolore.</strong></span> <span class='ocrx_word' id='word_1_637' title='bbox 3373 4049 3683 4124; x_wconf 88' lang='lat' dir='ltr'><strong>peregrinari</strong></span> <span class='ocrx_word' id='word_1_638' title='bbox 3718 4058 3765 4098; x_wconf 76' lang='lat' dir='ltr'><strong>se</strong></span> 
     </span>
    </p>
   </div>
   <div class='ocr_carea' id='block_1_86' title="bbox 2242 4138 3763 4200">
    <p class='ocr_par' dir='ltr' id='par_1_86' title="bbox 2242 4138 3763 4200">
     <span class='ocr_line' id='line_1_86' title="bbox 2242 4138 3763 4200; baseline -0.004 -6"><span class='ocrx_word' id='word_1_639' title='bbox 2242 4138 2444 4194; x_wconf 91' lang='lat' dir='ltr'><strong>diutius</strong></span> <span class='ocrx_word' id='word_1_640' title='bbox 2487 4139 2664 4196; x_wconf 84' lang='lat' dir='ltr'><strong>deﬁet.</strong></span> <span class='ocrx_word' id='word_1_641' title='bbox 2715 4139 2820 4196; x_wconf 89' lang='lat' dir='ltr'><strong>Sed</strong></span> <span class='ocrx_word' id='word_1_642' title='bbox 2869 4142 3115 4198; x_wconf 88' lang='lat' dir='ltr'><strong>hebescit</strong></span> <span class='ocrx_word' id='word_1_643' title='bbox 3159 4143 3355 4199; x_wconf 90' lang='lat' dir='ltr'><strong>harum</strong></span> <span class='ocrx_word' id='word_1_644' title='bbox 3403 4143 3686 4200; x_wconf 88' lang='lat' dir='ltr'><strong>intellectus</strong></span> <span class='ocrx_word' id='word_1_645' title='bbox 3720 4145 3763 4190; x_wconf 85' lang='lat' dir='ltr'><strong>et</strong></span> 
     </span>
    </p>
   </div>
   <div class='ocr_carea' id='block_1_87' title="bbox 2241 4231 3755 4308">
    <p class='ocr_par' dir='ltr' id='par_1_87' title="bbox 2241 4231 3755 4308">
     <span class='ocr_line' id='line_1_87' title="bbox 2241 4231 3755 4308; baseline -0.003 -23"><span class='ocrx_word' id='word_1_646' title='bbox 2241 4231 2585 4300; x_wconf 88' lang='lat' dir='ltr'><strong>obscuratur,</strong></span> <span class='ocrx_word' id='word_1_647' title='bbox 2617 4235 2788 4290; x_wconf 90' lang='lat' dir='ltr'><strong>donec</strong></span> <span class='ocrx_word' id='word_1_648' title='bbox 2813 4236 2988 4291; x_wconf 89' lang='lat' dir='ltr'><strong>adhuc</strong></span> <span class='ocrx_word' id='word_1_649' title='bbox 3015 4239 3400 4308; x_wconf 87' lang='lat' dir='ltr'><strong>peregrinatur</strong></span> <span class='ocrx_word' id='word_1_650' title='bbox 3427 4254 3441 4290; x_wconf 89' lang='lat'><strong>:</strong></span> <span class='ocrx_word' id='word_1_651' title='bbox 3468 4246 3587 4291; x_wconf 88' lang='lat' dir='ltr'><strong>tunc</strong></span> <span class='ocrx_word' id='word_1_652' title='bbox 3605 4242 3755 4289; x_wconf 88' lang='lat' dir='ltr'><strong>autem</strong></span> 
     </span>
    </p>
   </div>
   <div class='ocr_carea' id='block_1_88' title="bbox 2241 4322 3761 4397">
    <p class='ocr_par' dir='ltr' id='par_1_88' title="bbox 2241 4322 3761 4397">
     <span class='ocr_line' id='line_1_88' title="bbox 2241 4322 3761 4397; baseline 0.001 -23"><span class='ocrx_word' id='word_1_653' title='bbox 2241 4322 2425 4378; x_wconf 88' lang='lat' dir='ltr'><strong>verius</strong></span> <span class='ocrx_word' id='word_1_654' title='bbox 2472 4325 2807 4389; x_wconf 89' lang='lat' dir='ltr'><strong>edocebitur,</strong></span> <span class='ocrx_word' id='word_1_655' title='bbox 2851 4335 2906 4381; x_wconf 91' lang='lat' dir='ltr'><strong>et</strong></span> <span class='ocrx_word' id='word_1_656' title='bbox 2939 4327 3119 4382; x_wconf 88' lang='lat' dir='ltr'><strong>verius</strong></span> <span class='ocrx_word' id='word_1_657' title='bbox 3167 4328 3430 4396; x_wconf 87' lang='lat' dir='ltr'><strong>intelliget</strong></span> <span class='ocrx_word' id='word_1_658' title='bbox 3473 4341 3585 4397; x_wconf 69' lang='lat' dir='ltr'><strong>qua:</strong></span> <span class='ocrx_word' id='word_1_659' title='bbox 3627 4322 3761 4378; x_wconf 82' lang='lat' dir='ltr'><strong>fuerit</strong></span> 
     </span>
    </p>
   </div>
   <div class='ocr_carea' id='block_1_89' title="bbox 557 4412 3756 4493">
    <p class='ocr_par' dir='ltr' id='par_1_89' title="bbox 557 4412 3756 4493">
     <span class='ocr_line' id='line_1_89' title="bbox 557 4412 3756 4493; baseline 0 -26"><span class='ocrx_word' id='word_1_660' title='bbox 557 4415 734 4470; x_wconf 85' lang='lat' dir='ltr'><strong>virtus</strong></span> <span class='ocrx_word' id='word_1_661' title='bbox 763 4413 1099 4478; x_wconf 88' lang='lat' dir='ltr'><strong>eorum,nisi</strong></span> <span class='ocrx_word' id='word_1_662' title='bbox 1134 4413 1248 4483; x_wconf 89' lang='lat' dir='ltr'><strong>ipse</strong></span> <span class='ocrx_word' id='word_1_663' title='bbox 1272 4413 1546 4478; x_wconf 75' lang='lat' dir='ltr'><strong>Christus,</strong></span> <span class='ocrx_word' id='word_1_664' title='bbox 1575 4413 1667 4483; x_wconf 90' lang='lat' dir='ltr'><strong>qui</strong></span> <span class='ocrx_word' id='word_1_665' title='bbox 1699 4424 1780 4470; x_wconf 91' lang='lat' dir='ltr'><strong>est</strong></span> <span class='ocrx_word' id='word_1_666' title='bbox 1806 4414 1976 4468; x_wconf 86' lang='lat' dir='ltr'><strong>virtus</strong></span> <span class='ocrx_word' id='word_1_667' title='bbox 1996 4413 2128 4468; x_wconf 87' lang='lat' dir='ltr'><strong>Dei?</strong></span> <span class='ocrx_word' id='word_1_668' title='bbox 2162 4437 2207 4493; x_wconf 68' lang='grc' dir='ltr'><strong>Β</strong></span> <span class='ocrx_word' id='word_1_669' title='bbox 2243 4412 2384 4466; x_wconf 90' lang='lat' dir='ltr'><strong>ratio</strong></span> <span class='ocrx_word' id='word_1_670' title='bbox 2410 4415 2866 4484; x_wconf 85' lang='lat' dir='ltr'><strong>peregrinationis</strong></span> <span class='ocrx_word' id='word_1_671' title='bbox 2901 4432 3034 4482; x_wconf 60' lang='lat' dir='ltr'><strong>suae,</strong></span> <span class='ocrx_word' id='word_1_672' title='bbox 3072 4433 3195 4472; x_wconf 92' lang='lat' dir='ltr'><strong>cum</strong></span> <span class='ocrx_word' id='word_1_673' title='bbox 3239 4433 3484 4490; x_wconf 87' lang='lat' dir='ltr'><strong>regressa</strong></span> <span class='ocrx_word' id='word_1_674' title='bbox 3526 4417 3670 4470; x_wconf 83' lang='lat' dir='ltr'><strong>fuerit</strong></span> <span class='ocrx_word' id='word_1_675' title='bbox 3705 4412 3756 4464; x_wconf 72' lang='lat' dir='ltr'><strong>ad</strong></span> 
     </span>
    </p>
   </div>
   <div class='ocr_carea' id='block_1_90' title="bbox 556 4505 2127 4576">
    <p class='ocr_par' dir='ltr' id='par_1_90' title="bbox 556 4505 2127 4576">
     <span class='ocr_line' id='line_1_90' title="bbox 556 4505 2127 4576; baseline -0.001 -14"><span class='ocrx_word' id='word_1_676' title='bbox 556 4507 658 4575; x_wconf 87' lang='lat' dir='ltr'><strong>Qui</strong></span> <span class='ocrx_word' id='word_1_677' title='bbox 690 4521 820 4576; x_wconf 84' lang='lat' dir='ltr'><strong>ergo</strong></span> <span class='ocrx_word' id='word_1_678' title='bbox 853 4507 1113 4569; x_wconf 88' lang='lat' dir='ltr'><strong>ascendit,</strong></span> <span class='ocrx_word' id='word_1_679' title='bbox 1146 4521 1269 4559; x_wconf 92' lang='lat' dir='ltr'><strong>cum</strong></span> <span class='ocrx_word' id='word_1_680' title='bbox 1319 4505 1434 4574; x_wconf 92' lang='lat' dir='ltr'><strong>ipso</strong></span> <span class='ocrx_word' id='word_1_681' title='bbox 1470 4505 1732 4572; x_wconf 89' lang='lat' dir='ltr'><strong>ascendit,</strong></span> <span class='ocrx_word' id='word_1_682' title='bbox 1785 4505 1874 4576; x_wconf 90' lang='lat' dir='ltr'><strong>qui</strong></span> <span class='ocrx_word' id='word_1_683' title='bbox 1913 4505 1978 4558; x_wconf 90' lang='lat' dir='ltr'><strong>ad</strong></span> <span class='ocrx_word' id='word_1_684' title='bbox 2027 4521 2127 4561; x_wconf 91' lang='lat' dir='ltr'><strong>nos</strong></span> 
     </span>
    </p>
   </div>
   <div class='ocr_carea' id='block_1_91' title="bbox 558 4597 2128 4667">
    <p class='ocr_par' dir='ltr' id='par_1_91' title="bbox 558 4597 2128 4667">
     <span class='ocr_line' id='line_1_91' title="bbox 558 4597 2128 4667; baseline -0.001 -13"><span class='ocrx_word' id='word_1_685' title='bbox 558 4599 685 4656; x_wconf 91' lang='lat' dir='ltr'><strong>inde</strong></span> <span class='ocrx_word' id='word_1_686' title='bbox 720 4599 1017 4662; x_wconf 91' lang='lat' dir='ltr'><strong>descendit,</strong></span> <span class='ocrx_word' id='word_1_687' title='bbox 1070 4607 1129 4652; x_wconf 92' lang='lat' dir='ltr'><strong>ut</strong></span> <span class='ocrx_word' id='word_1_688' title='bbox 1179 4597 1307 4652; x_wconf 92' lang='lat' dir='ltr'><strong>illuc</strong></span> <span class='ocrx_word' id='word_1_689' title='bbox 1355 4598 1658 4667; x_wconf 90' lang='lat' dir='ltr'><strong>perveniat,</strong></span> <span class='ocrx_word' id='word_1_690' title='bbox 1703 4599 1845 4654; x_wconf 91' lang='lat' dir='ltr'><strong>unde</strong></span> <span class='ocrx_word' id='word_1_691' title='bbox 1888 4598 1976 4652; x_wconf 92' lang='lat' dir='ltr'><strong>ille</strong></span> <span class='ocrx_word' id='word_1_692' title='bbox 2024 4614 2128 4654; x_wconf 91' lang='lat' dir='ltr'><strong>non</strong></span> 
     </span>
    </p>
   </div>
   <div class='ocr_carea' id='block_1_92' title="bbox 555 4688 2134 4759">
    <p class='ocr_par' dir='ltr' id='par_1_92' title="bbox 555 4688 2134 4759">
     <span class='ocr_line' id='line_1_92' title="bbox 555 4688 2134 4759; baseline -0.001 -14"><span class='ocrx_word' id='word_1_693' title='bbox 555 4690 906 4756; x_wconf 86' lang='lat' dir='ltr'><strong>necessitate,</strong></span> <span class='ocrx_word' id='word_1_694' title='bbox 935 4690 1030 4745; x_wconf 91' lang='lat' dir='ltr'><strong>sed</strong></span> <span class='ocrx_word' id='word_1_695' title='bbox 1063 4688 1380 4759; x_wconf 88' lang='lat' dir='ltr'><strong>dignatione</strong></span> <span class='ocrx_word' id='word_1_696' title='bbox 1409 4688 1709 4754; x_wconf 89' lang='lat' dir='ltr'><strong>descendit,</strong></span> <span class='ocrx_word' id='word_1_697' title='bbox 1751 4698 1810 4744; x_wconf 93' lang='lat' dir='ltr'><strong>ut</strong></span> <span class='ocrx_word' id='word_1_698' title='bbox 1835 4704 2023 4744; x_wconf 89' lang='lat' dir='ltr'><strong>verum</strong></span> <span class='ocrx_word' id='word_1_699' title='bbox 2062 4691 2134 4744; x_wconf 89' lang='lat' dir='ltr'><strong>sit</strong></span> 
     </span>
    </p>
   </div>
   <div class='ocr_carea' id='block_1_93' title="bbox 557 4781 2133 4854">
    <p class='ocr_par' dir='ltr' id='par_1_93' title="bbox 557 4781 2133 4854">
     <span class='ocr_line' id='line_1_93' title="bbox 557 4781 2133 4854; baseline -0.001 -16"><span class='ocrx_word' id='word_1_700' title='bbox 557 4783 686 4838; x_wconf 80' lang='lat' dir='ltr'><strong>illud</strong></span> <span class='ocrx_word' id='word_1_701' title='bbox 730 4785 876 4854; x_wconf 92' lang='lat' dir='ltr'><strong>quod</strong></span> <span class='ocrx_word' id='word_1_702' title='bbox 911 4784 1115 4838; x_wconf 88' lang='lat' dir='ltr'><strong>dictum</strong></span> <span class='ocrx_word' id='word_1_703' title='bbox 1150 4790 1235 4836; x_wconf 86' lang='lat' dir='ltr'><strong>est</strong></span> <span class='ocrx_word' id='word_1_704' title='bbox 1263 4781 1330 4845; x_wconf 74' lang='grc' dir='ltr'><strong>θ’,</strong></span> <span class='ocrx_word' id='word_1_705' title='bbox 1361 4782 1488 4849; x_wconf 89' lang='lat' dir='ltr'><strong>quia</strong></span> <span class='ocrx_word' id='word_1_706' title='bbox 1521 4799 1540 4833; x_wconf 78' lang='grc' dir='ltr'><strong>σ</strong></span> <span class='ocrx_word' id='word_1_707' title='bbox 1562 4783 1654 4851; x_wconf 90' lang='lat' dir='ltr'><strong>qui</strong></span> <span class='ocrx_word' id='word_1_708' title='bbox 1691 4783 1990 4850; x_wconf 88' lang='lat' dir='ltr'><strong>descendit,</strong></span> <span class='ocrx_word' id='word_1_709' title='bbox 2017 4783 2133 4852; x_wconf 91' lang='lat' dir='ltr'><strong>ipse</strong></span> 
     </span>
    </p>
   </div>
   <div class='ocr_carea' id='block_1_94' title="bbox 555 4870 2135 4944">
    <p class='ocr_par' dir='ltr' id='par_1_94' title="bbox 555 4870 2135 4944">
     <span class='ocr_line' id='line_1_94' title="bbox 555 4870 2135 4944; baseline 0 -15"><span class='ocrx_word' id='word_1_710' title='bbox 555 4884 640 4930; x_wconf 88' lang='lat' dir='ltr'><strong>est</strong></span> <span class='ocrx_word' id='word_1_711' title='bbox 672 4885 726 4928; x_wconf 89' lang='lat' dir='ltr'><strong>et</strong></span> <span class='ocrx_word' id='word_1_712' title='bbox 755 4875 844 4942; x_wconf 90' lang='lat' dir='ltr'><strong>qui</strong></span> <span class='ocrx_word' id='word_1_713' title='bbox 880 4874 1145 4929; x_wconf 89' lang='lat' dir='ltr'><strong>ascendit.</strong></span> <span class='ocrx_word' id='word_1_714' title='bbox 1179 4892 1198 4926; x_wconf 74' lang='grc' dir='ltr'><strong>ι</strong></span> <span class='ocrx_word' id='word_1_715' title='bbox 1234 4874 1403 4944; x_wconf 86' lang='lat' dir='ltr'><strong>Igitur</strong></span> <span class='ocrx_word' id='word_1_716' title='bbox 1436 4874 1489 4927; x_wconf 92' lang='lat' dir='ltr'><strong>in</strong></span> <span class='ocrx_word' id='word_1_717' title='bbox 1526 4870 1883 4943; x_wconf 86' lang='lat' dir='ltr'><strong>quadraginta</strong></span> <span class='ocrx_word' id='word_1_718' title='bbox 1926 4875 2135 4930; x_wconf 90' lang='lat' dir='ltr'><strong>duabus</strong></span> 
     </span>
    </p>
   </div>
   <div class='ocr_carea' id='block_1_95' title="bbox 663 5016 2004 5085">
    <p class='ocr_par' dir='ltr' id='par_1_95' title="bbox 663 5016 2004 5085">
     <span class='ocr_line' id='line_1_95' title="bbox 663 5016 2004 5085; baseline 0.002 -15"><span class='ocrx_word' id='word_1_719' title='bbox 663 5021 708 5052; x_wconf 77' lang='grc'><strong>⁷⁸</strong></span> <span class='ocrx_word' id='word_1_720' title='bbox 736 5023 894 5072; x_wconf 81' lang='lat' dir='ltr'><strong>Joan.</strong></span> <span class='ocrx_word' id='word_1_721' title='bbox 931 5035 984 5085; x_wconf 82' lang='lat' dir='ltr'><strong>x,</strong></span> <span class='ocrx_word' id='word_1_722' title='bbox 1027 5019 1080 5083; x_wconf 88' lang='lat'><strong>9,</strong></span> <span class='ocrx_word' id='word_1_723' title='bbox 1123 5029 1176 5072; x_wconf 92' lang='lat' dir='ltr'><strong>et</strong></span> <span class='ocrx_word' id='word_1_724' title='bbox 1213 5033 1325 5080; x_wconf 78' lang='lat' dir='ltr'><strong>xw,</strong></span> <span class='ocrx_word' id='word_1_725' title='bbox 1368 5019 1422 5071; x_wconf 88' lang='lat'><strong>6.</strong></span> <span class='ocrx_word' id='word_1_726' title='bbox 1500 5017 1546 5050; x_wconf 81' lang='grc'>⁸⁸</span> <span class='ocrx_word' id='word_1_727' title='bbox 1594 5016 1784 5071; x_wconf 84' lang='lat' dir='ltr'><strong>Matth.</strong></span> <span class='ocrx_word' id='word_1_728' title='bbox 1831 5033 1870 5084; x_wconf 86' lang='grc' dir='ltr'>ι,</span> <span class='ocrx_word' id='word_1_729' title='bbox 1915 5019 2004 5074; x_wconf 86' lang='lat' dir='ltr'><strong>I7.</strong></span> 
     </span>
    </p>
   </div>
   <div class='ocr_carea' id='block_1_96' title="bbox 2079 5017 2658 5084">
    <p class='ocr_par' dir='ltr' id='par_1_96' title="bbox 2079 5017 2658 5084">
     <span class='ocr_line' id='line_1_96' title="bbox 2079 5017 2658 5084; baseline 0.005 -12"><span class='ocrx_word' id='word_1_730' title='bbox 2079 5019 2124 5052; x_wconf 78' lang='grc'>⁸¹</span> <span class='ocrx_word' id='word_1_731' title='bbox 2159 5017 2319 5073; x_wconf 78' lang='lat' dir='ltr'><strong>Num.</strong></span> <span class='ocrx_word' id='word_1_732' title='bbox 2365 5034 2560 5084; x_wconf 81' lang='lat' dir='ltr'><strong>xxxut,</strong></span> <span class='ocrx_word' id='word_1_733' title='bbox 2604 5021 2658 5075; x_wconf 84' lang='grc'><strong>1.</strong></span> 
     </span>
    </p>
   </div>
   <div class='ocr_carea' id='block_1_97' title="bbox 2236 4507 3753 4582">
    <p class='ocr_par' dir='ltr' id='par_1_97' title="bbox 2236 4507 3753 4582">
     <span class='ocr_line' id='line_1_97' title="bbox 2236 4507 3753 4582; baseline -0.005 -23"><span class='ocrx_word' id='word_1_734' title='bbox 2236 4507 2482 4577; x_wconf 87' lang='lat' dir='ltr'><strong>requiem</strong></span> <span class='ocrx_word' id='word_1_735' title='bbox 2515 4524 2692 4576; x_wconf 85' lang='lat' dir='ltr'><strong>suam,</strong></span> <span class='ocrx_word' id='word_1_736' title='bbox 2724 4509 2776 4564; x_wconf 93' lang='lat' dir='ltr'><strong>id</strong></span> <span class='ocrx_word' id='word_1_737' title='bbox 2801 4519 2884 4564; x_wconf 84' lang='lat' dir='ltr'><strong>est</strong></span> <span class='ocrx_word' id='word_1_738' title='bbox 2919 4512 2986 4565; x_wconf 91' lang='lat' dir='ltr'><strong>ad</strong></span> <span class='ocrx_word' id='word_1_739' title='bbox 3015 4511 3244 4580; x_wconf 88' lang='lat' dir='ltr'><strong>patriam</strong></span> <span class='ocrx_word' id='word_1_740' title='bbox 3275 4527 3428 4566; x_wconf 91' lang='lat' dir='ltr'><strong>suam</strong></span> <span class='ocrx_word' id='word_1_741' title='bbox 3456 4508 3753 4582; x_wconf 86' lang='lat' dir='ltr'><strong>paradisum:</strong></span> 
     </span>
    </p>
   </div>
   <div class='ocr_carea' id='block_1_98' title="bbox 2233 4596 3755 4675">
    <p class='ocr_par' dir='ltr' id='par_1_98' title="bbox 2233 4596 3755 4675">
     <span class='ocr_line' id='line_1_98' title="bbox 2233 4596 3755 4675; baseline -0.005 -19"><span class='ocrx_word' id='word_1_742' title='bbox 2233 4601 2377 4670; x_wconf 89' lang='lat' dir='ltr'><strong>quod</strong></span> <span class='ocrx_word' id='word_1_743' title='bbox 2424 4601 2523 4655; x_wconf 88' lang='lat' dir='ltr'><strong>sub</strong></span> <span class='ocrx_word' id='word_1_744' title='bbox 2572 4602 2837 4673; x_wconf 89' lang='lat' dir='ltr'><strong>mysterio</strong></span> <span class='ocrx_word' id='word_1_745' title='bbox 2880 4603 3101 4659; x_wconf 88' lang='lat' dir='ltr'><strong>intuens</strong></span> <span class='ocrx_word' id='word_1_746' title='bbox 3151 4603 3421 4675; x_wconf 89' lang='lat' dir='ltr'><strong>Propheta</strong></span> <span class='ocrx_word' id='word_1_747' title='bbox 3467 4602 3662 4658; x_wconf 86' lang='lat' dir='ltr'><strong>dicebat</strong></span> <span class='ocrx_word' id='word_1_748' title='bbox 3685 4596 3755 4644; x_wconf 78' lang='grc' dir='ltr'><strong>⁸⁶τ</strong></span> 
     </span>
    </p>
   </div>
   <div class='ocr_carea' id='block_1_99' title="bbox 2239 4689 3758 4766">
    <p class='ocr_par' dir='ltr' id='par_1_99' title="bbox 2239 4689 3758 4766">
     <span class='ocr_line' id='line_1_99' title="bbox 2239 4689 3758 4766; baseline -0.001 -23"><span class='ocrx_word' id='word_1_749' title='bbox 2239 4709 2258 4743; x_wconf 84' lang='grc'><strong><em>‹</em></strong></span> <span class='ocrx_word' id='word_1_750' title='bbox 2280 4691 2630 4756; x_wconf 89' lang='lat' dir='ltr'><strong>Convertere,</strong></span> <span class='ocrx_word' id='word_1_751' title='bbox 2646 4691 2822 4746; x_wconf 90' lang='lat' dir='ltr'><strong>anima</strong></span> <span class='ocrx_word' id='word_1_752' title='bbox 2839 4709 2978 4759; x_wconf 89' lang='lat' dir='ltr'><strong>mea,</strong></span> <span class='ocrx_word' id='word_1_753' title='bbox 2999 4695 3051 4748; x_wconf 92' lang='lat' dir='ltr'><strong>in</strong></span> <span class='ocrx_word' id='word_1_754' title='bbox 3081 4696 3323 4766; x_wconf 88' lang='lat' dir='ltr'><strong>requiem</strong></span> <span class='ocrx_word' id='word_1_755' title='bbox 3357 4706 3520 4759; x_wconf 88' lang='lat' dir='ltr'><strong>tuam,</strong></span> <span class='ocrx_word' id='word_1_756' title='bbox 3545 4692 3653 4761; x_wconf 88' lang='lat' dir='ltr'><strong>quia</strong></span> <span class='ocrx_word' id='word_1_757' title='bbox 3674 4689 3758 4741; x_wconf 87' lang='lat' dir='ltr'><strong>Do-</strong></span> 
     </span>
    </p>
   </div>
   <div class='ocr_carea' id='block_1_100' title="bbox 2235 4783 3756 4858">
    <p class='ocr_par' dir='ltr' id='par_1_100' title="bbox 2235 4783 3756 4858">
     <span class='ocr_line' id='line_1_100' title="bbox 2235 4783 3756 4858; baseline -0.003 -20"><span class='ocrx_word' id='word_1_758' title='bbox 2235 4783 2414 4839; x_wconf 90' lang='lat' dir='ltr'><strong>minus</strong></span> <span class='ocrx_word' id='word_1_759' title='bbox 2441 4783 2712 4840; x_wconf 79' lang='lat' dir='ltr'><strong>bcnei‘ecit</strong></span> <span class='ocrx_word' id='word_1_760' title='bbox 2732 4785 2853 4841; x_wconf 87' lang='lat' dir='ltr'><strong>tibi.</strong></span> <span class='ocrx_word' id='word_1_761' title='bbox 2879 4804 2898 4838; x_wconf 86' lang='grc'><strong>›</strong></span> <span class='ocrx_word' id='word_1_762' title='bbox 2938 4785 3045 4841; x_wconf 91' lang='lat' dir='ltr'><strong>Sed</strong></span> <span class='ocrx_word' id='word_1_763' title='bbox 3088 4787 3308 4843; x_wconf 90' lang='lat' dir='ltr'><strong>interim</strong></span> <span class='ocrx_word' id='word_1_764' title='bbox 3343 4786 3690 4858; x_wconf 85' lang='lat' dir='ltr'><strong>peregrinatur</strong></span> <span class='ocrx_word' id='word_1_765' title='bbox 3711 4785 3756 4829; x_wconf 72' lang='lat' dir='ltr'><strong>et</strong></span> 
     </span>
    </p>
   </div>
   <div class='ocr_carea' id='block_1_101' title="bbox 2235 4870 3752 4948">
    <p class='ocr_par' dir='ltr' id='par_1_101' title="bbox 2235 4870 3752 4948">
     <span class='ocr_line' id='line_1_101' title="bbox 2235 4870 3752 4948; baseline -0.003 -19"><span class='ocrx_word' id='word_1_766' title='bbox 2235 4877 2346 4948; x_wconf 89' lang='lat' dir='ltr'><strong>agit</strong></span> <span class='ocrx_word' id='word_1_767' title='bbox 2368 4877 2471 4930; x_wconf 92' lang='lat' dir='ltr'><strong>iter</strong></span> <span class='ocrx_word' id='word_1_768' title='bbox 2493 4885 2547 4931; x_wconf 91' lang='lat' dir='ltr'><strong>et</strong></span> <span class='ocrx_word' id='word_1_769' title='bbox 2571 4876 2789 4932; x_wconf 88' lang='lat' dir='ltr'><strong>conﬁcit</strong></span> <span class='ocrx_word' id='word_1_770' title='bbox 2831 4878 3166 4944; x_wconf 91' lang='lat' dir='ltr'><strong>mansiones,</strong></span> <span class='ocrx_word' id='word_1_771' title='bbox 3198 4879 3444 4933; x_wconf 90' lang='lat' dir='ltr'><strong>utilitatis</strong></span> <span class='ocrx_word' id='word_1_772' title='bbox 3471 4879 3581 4932; x_wconf 89' lang='lat' dir='ltr'><strong>sine</strong></span> <span class='ocrx_word' id='word_1_773' title='bbox 3617 4870 3752 4925; x_wconf 86' lang='lat' dir='ltr'><strong>dubio</strong></span> 
     </span>
    </p>
   </div>
   <div class='ocr_carea' id='block_1_102' title="bbox 2733 5008 3749 5091">
    <p class='ocr_par' dir='ltr' id='par_1_102' title="bbox 2733 5008 3749 5091">
     <span class='ocr_line' id='line_1_102' title="bbox 2733 5008 3749 5091; baseline -0.01 -17"><span class='ocrx_word' id='word_1_774' title='bbox 2733 5020 2777 5052; x_wconf 79' lang='grc'><strong>⁸³</strong></span> <span class='ocrx_word' id='word_1_775' title='bbox 2802 5020 3001 5091; x_wconf 88' lang='lat' dir='ltr'><strong>Ephes.</strong></span> <span class='ocrx_word' id='word_1_776' title='bbox 3045 5036 3118 5086; x_wconf 88' lang='lat' dir='ltr'><strong>tv,</strong></span> <span class='ocrx_word' id='word_1_777' title='bbox 3153 5019 3238 5076; x_wconf 85' lang='lat' dir='ltr'><strong>I0.</strong></span> <span class='ocrx_word' id='word_1_778' title='bbox 3318 5021 3362 5053; x_wconf 78' lang='grc'>³⁸</span> <span class='ocrx_word' id='word_1_779' title='bbox 3389 5017 3522 5074; x_wconf 86' lang='lat' dir='ltr'><strong>Psal.</strong></span> <span class='ocrx_word' id='word_1_780' title='bbox 3565 5028 3680 5074; x_wconf 77' lang='lat' dir='ltr'><strong>ml,</strong></span> <span class='ocrx_word' id='word_1_781' title='bbox 3706 5008 3749 5063; x_wconf 81' lang='grc' dir='ltr'><strong>5ο</strong></span> 
     </span>
    </p>
   </div>
   <div class='ocr_carea' id='block_1_103' title="bbox 557 5087 2253 5154">
    <p class='ocr_par' dir='ltr' id='par_1_103' title="bbox 557 5087 2253 5154">
     <span class='ocr_line' id='line_1_103' title="bbox 557 5087 2253 5154; baseline 0 -11"><span class='ocrx_word' id='word_1_782' title='bbox 557 5089 606 5122; x_wconf 69' lang='grc'><strong>⁸⁵</strong></span> <span class='ocrx_word' id='word_1_783' title='bbox 629 5089 769 5144; x_wconf 81' lang='lat' dir='ltr'><strong>Psal.</strong></span> <span class='ocrx_word' id='word_1_784' title='bbox 804 5104 1026 5154; x_wconf 80' lang='lat' dir='ltr'><strong>Lxxxw,</strong></span> <span class='ocrx_word' id='word_1_785' title='bbox 1058 5091 1111 5154; x_wconf 72' lang='lat'><strong>2,</strong></span> <span class='ocrx_word' id='word_1_786' title='bbox 1153 5090 1208 5144; x_wconf 74' lang='grc'><strong>5.</strong></span> <span class='ocrx_word' id='word_1_787' title='bbox 1283 5089 1328 5120; x_wconf 80' lang='grc'>⁸⁸</span> <span class='ocrx_word' id='word_1_788' title='bbox 1353 5087 1497 5143; x_wconf 89' lang='lat' dir='ltr'><strong>Psal.</strong></span> <span class='ocrx_word' id='word_1_789' title='bbox 1527 5104 1638 5154; x_wconf 68' lang='grc' dir='ltr'>χιχ,</span> <span class='ocrx_word' id='word_1_790' title='bbox 1675 5087 1726 5142; x_wconf 84' lang='grc'><strong>5.</strong></span> <span class='ocrx_word' id='word_1_791' title='bbox 1801 5088 1847 5121; x_wconf 81' lang='grc'>⁸⁸</span> <span class='ocrx_word' id='word_1_792' title='bbox 1870 5088 2016 5143; x_wconf 90' lang='lat' dir='ltr'><strong>Psal.</strong></span> <span class='ocrx_word' id='word_1_793' title='bbox 2047 5105 2171 5152; x_wconf 82' lang='lat' dir='ltr'><strong>cxv.</strong></span> <span class='ocrx_word' id='word_1_794' title='bbox 2202 5091 2253 5144; x_wconf 91' lang='lat'><strong>7.</strong></span> 
     </span>
    </p>
   </div>
   <div class='ocr_carea' id='block_1_104' title="bbox 627 5224 2124 5300">
    <p class='ocr_par' dir='ltr' id='par_1_104' title="bbox 627 5224 2124 5300">
     <span class='ocr_line' id='line_1_104' title="bbox 627 5224 2124 5300; baseline 0 -18"><span class='ocrx_word' id='word_1_795' title='bbox 627 5224 738 5300; x_wconf 86' lang='lat'><strong>(65)</strong></span> <span class='ocrx_word' id='word_1_796' title='bbox 772 5225 904 5282; x_wconf 85' lang='lat' dir='ltr'><strong>Sunt</strong></span> <span class='ocrx_word' id='word_1_797' title='bbox 942 5244 1062 5298; x_wconf 85' lang='lat' dir='ltr'><strong>ergo</strong></span> <span class='ocrx_word' id='word_1_798' title='bbox 1101 5227 1277 5283; x_wconf 70' lang='lat' dir='ltr'><strong>multae</strong></span> <span class='ocrx_word' id='word_1_799' title='bbox 1305 5229 1414 5282; x_wconf 74' lang='lat' dir='ltr'><strong>illa:</strong></span> <span class='ocrx_word' id='word_1_800' title='bbox 1447 5227 1764 5290; x_wconf 76' lang='lat' dir='ltr'><strong>mansiones,</strong></span> <span class='ocrx_word' id='word_1_801' title='bbox 1791 5236 1921 5300; x_wconf 87' lang='lat' dir='ltr'><strong>ete.,</strong></span> <span class='ocrx_word' id='word_1_802' title='bbox 1954 5241 2124 5300; x_wconf 85' lang='lat' dir='ltr'><strong>usque</strong></span> 
     </span>
    </p>
   </div>
   <div class='ocr_carea' id='block_1_105' title="bbox 557 5299 2122 5366">
    <p class='ocr_par' dir='ltr' id='par_1_105' title="bbox 557 5299 2122 5366">
     <span class='ocr_line' id='line_1_105' title="bbox 557 5299 2122 5366; baseline 0 -14"><span class='ocrx_word' id='word_1_803' title='bbox 557 5299 756 5354; x_wconf 88' lang='lat' dir='ltr'><strong>adista</strong></span> <span class='ocrx_word' id='word_1_804' title='bbox 790 5300 976 5366; x_wconf 86' lang='lat' dir='ltr'><strong>verba,</strong></span> <span class='ocrx_word' id='word_1_805' title='bbox 1016 5300 1107 5352; x_wconf 85' lang='lat' dir='ltr'><strong>sed</strong></span> <span class='ocrx_word' id='word_1_806' title='bbox 1137 5314 1229 5353; x_wconf 83' lang='lat' dir='ltr'><strong>nos</strong></span> <span class='ocrx_word' id='word_1_807' title='bbox 1272 5315 1400 5366; x_wconf 87' lang='lat' dir='ltr'><strong>pene</strong></span> <span class='ocrx_word' id='word_1_808' title='bbox 1445 5301 1794 5360; x_wconf 75' lang='lat' dir='ltr'><strong>immemores,</strong></span> <span class='ocrx_word' id='word_1_809' title='bbox 1835 5299 2037 5352; x_wconf 87' lang='lat' dir='ltr'><strong>desunt</strong></span> <span class='ocrx_word' id='word_1_810' title='bbox 2068 5299 2122 5352; x_wconf 91' lang='lat' dir='ltr'><strong>in</strong></span> 
     </span>
    </p>
   </div>
   <div class='ocr_carea' id='block_1_106' title="bbox 558 5367 2113 5440">
    <p class='ocr_par' dir='ltr' id='par_1_106' title="bbox 558 5367 2113 5440">
     <span class='ocr_line' id='line_1_106' title="bbox 558 5367 2113 5440; baseline 0.001 -18"><span class='ocrx_word' id='word_1_811' title='bbox 558 5369 713 5440; x_wconf 78' lang='lat' dir='ltr'><strong>libris</strong></span> <span class='ocrx_word' id='word_1_812' title='bbox 747 5380 902 5440; x_wconf 80' lang='lat' dir='ltr'><strong>antea</strong></span> <span class='ocrx_word' id='word_1_813' title='bbox 932 5370 1111 5436; x_wconf 89' lang='lat' dir='ltr'><strong>editis,</strong></span> <span class='ocrx_word' id='word_1_814' title='bbox 1141 5378 1197 5422; x_wconf 91' lang='lat' dir='ltr'><strong>et</strong></span> <span class='ocrx_word' id='word_1_815' title='bbox 1221 5369 1583 5422; x_wconf 91' lang='lat' dir='ltr'><strong>restituuntur</strong></span> <span class='ocrx_word' id='word_1_816' title='bbox 1611 5384 1678 5424; x_wconf 78' lang='lat' dir='ltr'><strong>ex</strong></span> <span class='ocrx_word' id='word_1_817' title='bbox 1701 5367 1953 5440; x_wconf 70' lang='lat' dir='ltr'><strong>omnibus</strong></span> <span class='ocrx_word' id='word_1_818' title='bbox 1983 5382 2113 5440; x_wconf 84' lang='lat' dir='ltr'><strong>mss.</strong></span> 
     </span>
    </p>
   </div>
   <div class='ocr_carea' id='block_1_107' title="bbox 556 5428 2116 5508">
    <p class='ocr_par' dir='ltr' id='par_1_107' title="bbox 556 5428 2116 5508">
     <span class='ocr_line' id='line_1_107' title="bbox 556 5428 2116 5508; baseline -0.001 -14"><span class='ocrx_word' id='word_1_819' title='bbox 556 5438 702 5494; x_wconf 88' lang='lat' dir='ltr'><strong>Libri</strong></span> <span class='ocrx_word' id='word_1_820' title='bbox 731 5431 859 5494; x_wconf 79' lang='lat' dir='ltr'><strong>editi</strong></span> <span class='ocrx_word' id='word_1_821' title='bbox 894 5428 1110 5493; x_wconf 79' lang='lat' dir='ltr'><strong>tanturn</strong></span> <span class='ocrx_word' id='word_1_822' title='bbox 1137 5440 1339 5494; x_wconf 91' lang='lat' dir='ltr'><strong>habent</strong></span> <span class='ocrx_word' id='word_1_823' title='bbox 1366 5461 1379 5493; x_wconf 85' lang='lat'><strong>:</strong></span> <span class='ocrx_word' id='word_1_824' title='bbox 1414 5457 1432 5490; x_wconf 73' lang='grc' dir='ltr'><strong>ι</strong></span> <span class='ocrx_word' id='word_1_825' title='bbox 1459 5449 1580 5492; x_wconf 88' lang='lat' dir='ltr'><strong>sunt</strong></span> <span class='ocrx_word' id='word_1_826' title='bbox 1627 5453 1761 5508; x_wconf 86' lang='lat' dir='ltr'><strong>ergo</strong></span> <span class='ocrx_word' id='word_1_827' title='bbox 1793 5428 1902 5492; x_wconf 92' lang='lat' dir='ltr'><strong>illic</strong></span> <span class='ocrx_word' id='word_1_828' title='bbox 1932 5438 2116 5492; x_wconf 75' lang='lat' dir='ltr'><strong>mutue</strong></span> 
     </span>
    </p>
   </div>
   <div class='ocr_carea' id='block_1_108' title="bbox 557 5509 2111 5580">
    <p class='ocr_par' dir='ltr' id='par_1_108' title="bbox 557 5509 2111 5580">
     <span class='ocr_line' id='line_1_108' title="bbox 557 5509 2111 5580; baseline -0.001 -18"><span class='ocrx_word' id='word_1_829' title='bbox 557 5511 888 5580; x_wconf 77' lang='lat' dir='ltr'><strong>mansiones,</strong></span> <span class='ocrx_word' id='word_1_830' title='bbox 921 5511 973 5565; x_wconf 92' lang='lat' dir='ltr'><strong>in</strong></span> <span class='ocrx_word' id='word_1_831' title='bbox 997 5509 1195 5580; x_wconf 92' lang='lat' dir='ltr'><strong>quibus</strong></span> <span class='ocrx_word' id='word_1_832' title='bbox 1239 5509 1567 5580; x_wconf 15' lang='lat' dir='ltr'><strong>postiszeculi</strong></span> <span class='ocrx_word' id='word_1_833' title='bbox 1606 5509 1775 5580; x_wconf 86' lang='lat' dir='ltr'><strong>hujus</strong></span> <span class='ocrx_word' id='word_1_834' title='bbox 1817 5523 2111 5580; x_wconf 66' lang='lat' dir='ltr'><strong>atrutnnas,</strong></span> 
     </span>
    </p>
   </div>
   <div class='ocr_carea' id='block_1_109' title="bbox 555 5579 2112 5652">
    <p class='ocr_par' dir='ltr' id='par_1_109' title="bbox 555 5579 2112 5652">
     <span class='ocr_line' id='line_1_109' title="bbox 555 5579 2112 5652; baseline 0 -20"><span class='ocrx_word' id='word_1_835' title='bbox 555 5589 610 5652; x_wconf 73' lang='lat' dir='ltr'><strong>et</strong></span> <span class='ocrx_word' id='word_1_836' title='bbox 634 5579 940 5652; x_wconf 57' lang='lat' dir='ltr'><strong>{Egyptiam</strong></span> <span class='ocrx_word' id='word_1_837' title='bbox 970 5579 1287 5652; x_wconf 83' lang='lat' dir='ltr'><strong>servitutem</strong></span> <span class='ocrx_word' id='word_1_838' title='bbox 1321 5579 1504 5635; x_wconf 88' lang='lat' dir='ltr'><strong>ﬁdeles</strong></span> <span class='ocrx_word' id='word_1_839' title='bbox 1530 5579 1724 5634; x_wconf 62' lang='lat' dir='ltr'><strong>animae</strong></span> <span class='ocrx_word' id='word_1_840' title='bbox 1741 5579 2112 5648; x_wconf 87' lang='lat' dir='ltr'><strong>requiescant.</strong></span> 
     </span>
    </p>
   </div>
   <div class='ocr_carea' id='block_1_110' title="bbox 555 5648 1536 5718">
    <p class='ocr_par' dir='ltr' id='par_1_110' title="bbox 555 5648 1536 5718">
     <span class='ocr_line' id='line_1_110' title="bbox 555 5648 1536 5718; baseline -0.002 -14"><span class='ocrx_word' id='word_1_841' title='bbox 555 5648 662 5705; x_wconf 89' lang='lat' dir='ltr'><strong>Sed</strong></span> <span class='ocrx_word' id='word_1_842' title='bbox 688 5648 785 5705; x_wconf 58' lang='lat' dir='ltr'><strong>n&#39;os</strong></span> <span class='ocrx_word' id='word_1_843' title='bbox 813 5664 947 5718; x_wconf 88' lang='lat' dir='ltr'><strong>pene</strong></span> <span class='ocrx_word' id='word_1_844' title='bbox 976 5651 1338 5717; x_wconf 90' lang='lat' dir='ltr'><strong>immemores,</strong></span> <span class='ocrx_word' id='word_1_845' title='bbox 1367 5670 1384 5699; x_wconf 76' lang='grc' dir='ltr'><strong>ι</strong></span> <span class='ocrx_word' id='word_1_846' title='bbox 1426 5661 1536 5705; x_wconf 90' lang='lat' dir='ltr'><strong>etc.</strong></span> 
     </span>
    </p>
   </div>
   <div class='ocr_carea' id='block_1_111' title="bbox 624 5713 2156 5794">
    <p class='ocr_par' dir='ltr' id='par_1_111' title="bbox 624 5713 2156 5794">
     <span class='ocr_line' id='line_1_111' title="bbox 624 5713 2156 5794; baseline -0.001 -18"><span class='ocrx_word' id='word_1_847' title='bbox 624 5721 735 5794; x_wconf 83' lang='lat'><strong>(66)</strong></span> <span class='ocrx_word' id='word_1_848' title='bbox 760 5713 1128 5776; x_wconf 75' lang='lat' dir='ltr'><strong>Generationes</strong></span> <span class='ocrx_word' id='word_1_849' title='bbox 1171 5739 1300 5792; x_wconf 74' lang='lat' dir='ltr'><strong>quas</strong></span> <span class='ocrx_word' id='word_1_850' title='bbox 1329 5713 1488 5775; x_wconf 39' lang='lat' dir='ltr'><strong>&#39;relut</strong></span> <span class='ocrx_word' id='word_1_851' title='bbox 1529 5722 1822 5777; x_wconf 78' lang='lat' dir='ltr'><strong>mansiones</strong></span> <span class='ocrx_word' id='word_1_852' title='bbox 1873 5719 2112 5776; x_wconf 81' lang='lat' dir='ltr'><strong>Christus</strong></span> <span class='ocrx_word' id='word_1_853' title='bbox 2151 5713 2156 5718; x_wconf 66' lang='grc'><em>’</em></span> 
     </span>
    </p>
   </div>
   <div class='ocr_carea' id='block_1_112' title="bbox 2233 5210 3746 5299">
    <p class='ocr_par' dir='ltr' id='par_1_112' title="bbox 2233 5210 3746 5299">
     <span class='ocr_line' id='line_1_112' title="bbox 2233 5210 3746 5299; baseline -0.003 -18"><span class='ocrx_word' id='word_1_854' title='bbox 2233 5227 2356 5299; x_wconf 74' lang='lat' dir='ltr'><strong>fecit</strong></span> <span class='ocrx_word' id='word_1_855' title='bbox 2379 5227 2693 5299; x_wconf 68' lang='lat' dir='ltr'><strong>descendens</strong></span> <span class='ocrx_word' id='word_1_856' title='bbox 2713 5227 2783 5299; x_wconf 54' lang='lat' dir='ltr'><strong>in</strong></span> <span class='ocrx_word' id='word_1_857' title='bbox 2824 5224 3136 5299; x_wconf 65' lang='lat' dir='ltr'><strong>1Egyptugn.</strong></span> <span class='ocrx_word' id='word_1_858' title='bbox 3181 5226 3272 5281; x_wconf 90' lang='lat' dir='ltr'><strong>Sic</strong></span> <span class='ocrx_word' id='word_1_859' title='bbox 3312 5225 3470 5299; x_wconf 72' lang='lat' dir='ltr'><strong>habet</strong></span> 
     </span>
    </p>
   </div>
   <div class='ocr_carea' id='block_1_113' title="bbox 2229 5291 3748 5353">
    <p class='ocr_par' dir='ltr' id='par_1_113' title="bbox 2229 5291 3748 5353">
     <span class='ocr_line' id='line_1_113' title="bbox 2229 5291 3748 5353; baseline -0.009 0"><span class='ocrx_word' id='word_1_860' title='bbox 2229 5291 2390 5353; x_wconf 68' lang='lat' dir='ltr'><strong>batia:</strong></span> <span class='ocrx_word' id='word_1_861' title='bbox 2453 5297 2638 5352; x_wconf 87' lang='lat' dir='ltr'><strong>Sancti</strong></span> <span class='ocrx_word' id='word_1_862' title='bbox 2711 5291 2996 5352; x_wconf 46' lang='lat' dir='ltr'><strong>Teodori&#39;c&#39;i</strong></span> <span class='ocrx_word' id='word_1_863' title='bbox 3058 5296 3400 5352; x_wconf 66' lang='lat' dir='ltr'><strong>Iihemensis.</strong></span> <span class='ocrx_word' id='word_1_864' title='bbox 3447 5291 3584 5346; x_wconf 90' lang='lat' dir='ltr'><strong>Libri</strong></span> <span class='ocrx_word' id='word_1_865' title='bbox 3645 5292 3748 5334; x_wconf 79' lang='lat' dir='ltr'><strong>vero</strong></span> 
     </span>
    </p>
   </div>
   <div class='ocr_carea' id='block_1_114' title="bbox 2225 5357 3748 5436">
    <p class='ocr_par' dir='ltr' id='par_1_114' title="bbox 2225 5357 3748 5436">
     <span class='ocr_line' id='line_1_114' title="bbox 2225 5357 3748 5436; baseline -0.011 -15"><span class='ocrx_word' id='word_1_866' title='bbox 2225 5377 2385 5421; x_wconf 89' lang='lat' dir='ltr'><strong>antea</strong></span> <span class='ocrx_word' id='word_1_867' title='bbox 2406 5367 2558 5430; x_wconf 86' lang='lat' dir='ltr'><strong>editi,</strong></span> <span class='ocrx_word' id='word_1_868' title='bbox 2585 5386 2602 5418; x_wconf 75' lang='grc' dir='ltr'><strong>ι</strong></span> <span class='ocrx_word' id='word_1_869' title='bbox 2625 5367 3040 5436; x_wconf 88' lang='lat' dir='ltr'><strong>generationum</strong></span> <span class='ocrx_word' id='word_1_870' title='bbox 3067 5368 3371 5422; x_wconf 89' lang='lat' dir='ltr'><strong>mansiones</strong></span> <span class='ocrx_word' id='word_1_871' title='bbox 3393 5376 3520 5432; x_wconf 90' lang='lat' dir='ltr'><strong>quas</strong></span> <span class='ocrx_word' id='word_1_872' title='bbox 3539 5357 3748 5412; x_wconf 83' lang='lat' dir='ltr'><strong>Christus</strong></span> 
     </span>
    </p>
   </div>
   <div class='ocr_carea' id='block_1_115' title="bbox 2226 5436 2863 5492">
    <p class='ocr_par' dir='ltr' id='par_1_115' title="bbox 2226 5436 2863 5492">
     <span class='ocr_line' id='line_1_115' title="bbox 2226 5436 2863 5492; baseline 0 -2"><span class='ocrx_word' id='word_1_873' title='bbox 2226 5437 2357 5492; x_wconf 75' lang='lat' dir='ltr'><strong>fecit</strong></span> <span class='ocrx_word' id='word_1_874' title='bbox 2381 5439 2684 5492; x_wconf 90' lang='lat' dir='ltr'><strong>ascendens</strong></span> <span class='ocrx_word' id='word_1_875' title='bbox 2714 5437 2766 5490; x_wconf 92' lang='lat' dir='ltr'><strong>in</strong></span> <span class='ocrx_word' id='word_1_876' title='bbox 2795 5436 2863 5491; x_wconf 63' lang='lat' dir='ltr'><strong>1E</strong></span> 
     </span>
    </p>
   </div>
   <div class='ocr_carea' id='block_1_116' title="bbox 2295 5447 3745 5578">
    <p class='ocr_par' dir='ltr' id='par_1_116' title="bbox 2295 5447 3745 5578">
     <span class='ocr_line' id='line_1_116' title="bbox 2295 5447 3714 5524; baseline -0.013 -32"><span class='ocrx_word' id='word_1_877' title='bbox 2295 5447 2357 5492; x_wconf 69' lang='grc' dir='ltr'><strong>ιιι</strong></span> <span class='ocrx_word' id='word_1_878' title='bbox 2381 5447 2684 5492; x_wconf 86' lang='lat' dir='ltr'><strong>ascendens</strong></span> <span class='ocrx_word' id='word_1_879' title='bbox 2714 5447 2766 5490; x_wconf 84' lang='lat' dir='ltr'><strong>tn</strong></span> <span class='ocrx_word' id='word_1_880' title='bbox 2795 5447 2863 5491; x_wconf 65' lang='grc' dir='ltr'><strong>Α.</strong></span> <span class='ocrx_word' id='word_1_881' title='bbox 2897 5447 3110 5524; x_wconf 77' lang='lat' dir='ltr'><strong>yptum.</strong></span> <span class='ocrx_word' id='word_1_882' title='bbox 3141 5457 3162 5490; x_wconf 66' lang='grc' dir='ltr'><em>υ</em></span> <span class='ocrx_word' id='word_1_883' title='bbox 3704 5488 3714 5499; x_wconf 43' lang='grc'><strong>.</strong></span> 
     </span>
     <span class='ocr_line' id='line_1_117' title="bbox 2295 5454 3745 5578; baseline -0.019 -12"><span class='ocrx_word' id='word_1_884' title='bbox 2295 5508 2410 5578; x_wconf 84' lang='grc'>(67)</span> <span class='ocrx_word' id='word_1_885' title='bbox 2438 5509 2616 5562; x_wconf 75' lang='lat' dir='ltr'><strong>Codex</strong></span> <span class='ocrx_word' id='word_1_886' title='bbox 2649 5507 2834 5561; x_wconf 90' lang='lat' dir='ltr'><strong>Sancti</strong></span> <span class='ocrx_word' id='word_1_887' title='bbox 2867 5454 3187 5562; x_wconf 49' lang='lat' dir='ltr'><strong>gIICOdOI&#39;ICI</strong></span> <span class='ocrx_word' id='word_1_888' title='bbox 3209 5526 3221 5562; x_wconf 89' lang='lat'><strong>:</strong></span> <span class='ocrx_word' id='word_1_889' title='bbox 3245 5523 3262 5557; x_wconf 75' lang='grc' dir='ltr'><strong>ι</strong></span> <span class='ocrx_word' id='word_1_890' title='bbox 3287 5503 3456 5575; x_wconf 90' lang='lat' dir='ltr'><strong>pergit</strong></span> <span class='ocrx_word' id='word_1_891' title='bbox 3482 5501 3745 5578; x_wconf 46' lang='lat' dir='ltr'><strong>necessario</strong></span> 
     </span>
    </p>
   </div>
   <div class='ocr_carea' id='block_1_117' title="bbox 2221 5568 3742 5648">
    <p class='ocr_par' dir='ltr' id='par_1_117' title="bbox 2221 5568 3742 5648">
     <span class='ocr_line' id='line_1_118' title="bbox 2221 5568 3742 5648; baseline -0.014 -16"><span class='ocrx_word' id='word_1_892' title='bbox 2221 5568 2320 5648; x_wconf 74' lang='lat' dir='ltr'><strong>per</strong></span> <span class='ocrx_word' id='word_1_893' title='bbox 2346 5568 2608 5648; x_wconf 78' lang='lat' dir='ltr'><strong>quasdam</strong></span> <span class='ocrx_word' id='word_1_894' title='bbox 2638 5579 2775 5644; x_wconf 90' lang='lat' dir='ltr'><strong>vias,</strong></span> <span class='ocrx_word' id='word_1_895' title='bbox 2826 5587 2882 5632; x_wconf 89' lang='lat' dir='ltr'><strong>et</strong></span> <span class='ocrx_word' id='word_1_896' title='bbox 2934 5586 3114 5648; x_wconf 87' lang='lat' dir='ltr'><strong>certas</strong></span> <span class='ocrx_word' id='word_1_897' title='bbox 3157 5568 3413 5648; x_wconf 62' lang='lat' dir='ltr'><strong>quas&#39;que&#39;,</strong></span> <span class='ocrx_word' id='word_1_898' title='bbox 3441 5568 3742 5648; x_wconf 43' lang='lat' dir='ltr'><strong>utdixli‘mus.</strong></span> 
     </span>
    </p>
   </div>
   <div class='ocr_carea' id='block_1_118' title="bbox 2223 5635 3739 5716">
    <p class='ocr_par' dir='ltr' id='par_1_118' title="bbox 2223 5635 3739 5716">
     <span class='ocr_line' id='line_1_119' title="bbox 2223 5635 3739 5716; baseline -0.015 -14"><span class='ocrx_word' id='word_1_899' title='bbox 2223 5635 2527 5716; x_wconf 69' lang='lat' dir='ltr'><strong>conspiciet</strong></span> <span class='ocrx_word' id='word_1_900' title='bbox 2571 5635 2900 5703; x_wconf 79' lang='lat' dir='ltr'><strong>mansiones.</strong></span> <span class='ocrx_word' id='word_1_901' title='bbox 2931 5635 3436 5715; x_wconf 52' lang='lat' dir='ltr'><strong>Quarum-credo,»</strong></span> <span class='ocrx_word' id='word_1_902' title='bbox 3468 5649 3562 5716; x_wconf 64' lang='lat' dir='ltr'><strong>etc.</strong></span> <span class='ocrx_word' id='word_1_903' title='bbox 3592 5635 3739 5716; x_wconf 62' lang='lat' dir='ltr'><strong>Cum:</strong></span> 
     </span>
    </p>
   </div>
   <div class='ocr_carea' id='block_1_119' title="bbox 2225 5705 3679 5790">
    <p class='ocr_par' dir='ltr' id='par_1_119' title="bbox 2225 5705 3679 5790">
     <span class='ocr_line' id='line_1_120' title="bbox 2225 5705 3679 5790; baseline -0.013 -16"><span class='ocrx_word' id='word_1_904' title='bbox 2225 5705 2572 5775; x_wconf 46' lang='lat' dir='ltr'><strong>Ebro-icensis</strong></span> <span class='ocrx_word' id='word_1_905' title='bbox 2594 5733 2692 5789; x_wconf 91' lang='lat' dir='ltr'><strong>pro</strong></span> <span class='ocrx_word' id='word_1_906' title='bbox 2725 5737 2742 5771; x_wconf 81' lang='grc' dir='ltr'><strong>ι</strong></span> <span class='ocrx_word' id='word_1_907' title='bbox 2769 5705 3094 5790; x_wconf 73' lang='grc' dir='ltr'><strong>οοιιερῖοἰθι,</strong></span> <span class='ocrx_word' id='word_1_908' title='bbox 3121 5737 3140 5772; x_wconf 76' lang='grc' dir='ltr'><strong>ι</strong></span> <span class='ocrx_word' id='word_1_909' title='bbox 3176 5717 3359 5784; x_wconf 84' lang='lat' dir='ltr'><strong>habet,</strong></span> <span class='ocrx_word' id='word_1_910' title='bbox 3377 5705 3407 5765; x_wconf 66' lang='grc' dir='ltr'><strong>ἰ</strong></span> <span class='ocrx_word' id='word_1_911' title='bbox 3431 5705 3679 5769; x_wconf 66' lang='lat' dir='ltr'><strong>conﬁcit.»</strong></span> 
     </span>
    </p>
   </div>
  </div>
