4050 6148
368 225 478 282 7%

1503 230 1568 285 IN
1603 228 1934 286 NUMEROS
1969 229 2251 287 IIOMILIA
2292 232 2504 290 XXVII.

3527 243 3634 300 786

370 349 611 418 alicujus
639 366 808 406 causa
852 366 948 422 per
987 353 1101 407 haec
1130 353 1220 408 Dei
1254 355 1708 424 promissionibns
1736 357 1952 424 dispen-
1980 363 2028 418 Α
2055 355 2297 430 Moysen,
2323 367 2377 413 et
2400 359 2513 428 ipse
2538 359 2680 414 cnim
2706 375 2815 429 quo
2833 359 2937 414 iret
2964 359 3279 430 ignorabat;
3305 362 3400 419 sed
3425 364 3636 419 colum-

368 451 516 508 sata,
543 443 686 497 sicut
735 454 790 498 et
839 445 1070 512 quodam
1105 446 1223 502 loco
1264 448 1454 502 dicit"7
1487 467 1500 502 ε
1536 468 1555 500 ι
1585 447 1765 502 Aﬁlixi
1801 461 1872 509 te.
1902 459 1956 503 et

369 536 550 590 cibavi
588 545 640 589 te
671 551 871 590 manna
903 538 956 591 in
991 538 1225 608 deserto,
1263 541 1402 610 quod
1435 542 1745 597 nescierunt
1770 551 1953 611 patres

369 629 477 690 tui,
515 637 573 681 ut
605 628 1020 697 dignosceretur
1054 633 1182 700 quid
1231 644 1314 688 est
1368 634 1420 687 in
1456 635 1618 690 corde
1651 645 1760 689 tuo.
1784 653 1802 686 ι
1834 633 1956 688 Istae

365 738 504 792 ergo
538 725 847 779 mansiones
875 736 1023 792 sunt,
1055 729 1251 796 quibus
1281 730 1385 783 iter
1416 744 1447 784 e
1491 733 1652 786 terris
1683 730 1860 801 agitur
1885 730 1952 784 ad

367 813 678 867 cmlnm.Et
700 816 820 884 quis
859 817 931 869 ita
966 816 1244 873 invenitur
1277 820 1528 885 idoneus,
1560 829 1614 876 et
1642 821 1950 875 divinorum

367 906 626 959 conscius
677 917 1040 974 secretorum,
1091 912 1185 979 qui
1220 913 1393 980 possit
1446 912 1656 969 itineris
1698 914 1854 970 istius
1895 922 1951 968 et

367 998 708 1054 ascensionis
742 1001 939 1054 animm
969 1003 1279 1058 describere
1317 1007 1642 1069 mansiones.
1672 1016 1727 1061 et
1760 1009 1945 1064 unius-

366 1095 636 1164 cujusque
688 1097 791 1151 loci
849 1097 933 1151 vel
980 1096 1195 1152 labores
1244 1099 1520 1169 explicare
1563 1101 1649 1155 vel
1699 1103 1949 1170 requies?

366 1188 652 1255 Quomodo
680 1189 822 1243 enim
852 1199 1076 1244 enarret
1103 1191 1244 1258 quod
1279 1192 1648 1261 postprimam
1673 1203 1726 1248 et
1745 1209 1946 1249 secun-

365 1283 492 1336 dam
532 1293 586 1338 et
621 1285 835 1339 tertiam
870 1285 1208 1339 mansionem
1247 1285 1361 1357 (68)
1399 1287 1725 1358 insequatur
1769 1291 1947 1346 adhuc

364 1374 602 1443 Pharao,
654 1375 1015 1447 insequantur
1065 1377 1332 1449 Egyptii,
1373 1390 1427 1434 et
1479 1381 1608 1436 licet
1648 1397 1754 1437 non
1793 1399 1946 1438 com-

367 1471 740 1538 prehendant,
792 1481 974 1528 tamen
1021 1474 1376 1540 insectentur,
1411 1485 1464 1530 et
1500 1476 1627 1532 licet
1673 1478 1941 1533 submersi

362 1563 501 1627 sint,
546 1574 724 1619 tamen
757 1566 988 1621 insecuti
1023 1567 1170 1622 sint?
1217 1568 1500 1636 Quomodo
1530 1571 1775 1626 enuntiet
1799 1574 1941 1640 quod

361 1656 552 1712 salvus
583 1657 812 1713 effectus
836 1658 930 1714 Dei
964 1661 1214 1730 populus,
1247 1672 1369 1732 post
1399 1663 1602 1733 aliquot
1631 1665 1939 1720 mansiones

361 1733 598 1816 primum
650 1752 954 1804 cantavcrit
992 1753 1263 1807 canticum
1309 1755 1623 1810 diceus'BN
1649 1756 1941 1812 Cantemus

364 1841 618 1905 Domino,
652 1842 888 1913 gloriose
908 1845 1050 1899 enim
1079 1846 1940 1919 honoriﬁcatus(69)est,equum

361 1941 423 1986 et
475 1947 822 1989 ascensorem
878 1933 1104 2005 projecit
1156 1937 1208 1990 in
1244 1939 1489 1992 mare?»
1537 1939 1642 1995 Sed
1703 1941 1836 2009 haec,
1887 1951 1944 1998 ut

363 2025 505 2088 dixi,
536 2025 626 2094 qui
659 2041 754 2095 per
785 2027 1024 2097 singulas
1055 2031 1366 2085 mansiones
1397 2032 1595 2087 audeat
1627 2034 1861 2101 aperire,
1888 2042 1942 2089 et

362 2130 466 2183 pro
513 2117 978 2188 contemplatione
1035 2123 1316 2176 nominum
1375 2123 1668 2193 qualitates
1728 2140 1942 2195 quoque

361 2206 642 2275 conjicere
675 2209 1042 2273 niansionum.
1072 2214 1258 2268 nescio
1289 2215 1332 2268 si
1362 2224 1456 2269 aut
1485 2231 1677 2272 sensus
1708 2218 1942 2273 dicentis

359 2298 435 2352 ad
463 2299 842 2370 mysteriorum
873 2303 1085 2371 pondus
1114 2304 1367 2371 suIIiciat,
1395 2315 1486 2360 aut
1515 2311 1732 2363 auditus
1761 2313 1942 2380 capiat

363 2391 731 2447 audientium.
763 2395 1044 2460 Quomodo
1071 2397 1214 2451 enim
1249 2398 1334 2452 vel
1369 2415 1630 2456 occursus
1671 2403 1795 2457 belli
1841 2421 1938 2459 ex-

361 2482 599 2553 plicetur
637 2485 1084 2552 Amalecitarum,
1121 2489 1202 2543 vel
1241 2490 1470 2546 diversae
1501 2495 1848 2560 tentationes,
1885 2507 1939 2552 et

359 2575 444 2630 illi
477 2579 747 2645 quomodo
794 2591 1143 2646 enarrentur,
1178 2597 1405 2651 quorum
1441 2593 1594 2640 artus
1622 2587 1940 2642 ceciderunt

362 2666 422 2717 in
450 2666 688 2732 deserto,
723 2675 774 2722 et
803 2670 946 2737 quod
971 2671 1196 2726 omnino
1229 2688 1335 2727 non
1373 2673 1465 2728 ﬁlii
1504 2675 1686 2743 Israel,
1717 2679 1811 2732 sed
1842 2678 1935 2733 ﬁlii

357 2757 596 2812 ﬁliorum
622 2758 808 2824 Israel,
835 2762 903 2814 ad
934 2773 1132 2816 terram
1165 2773 1410 2820 sanctam
1443 2769 1725 2837 pervenire
1751 2780 1938 2838 potue-

355 2856 512 2912 runt,
544 2857 600 2902 et
641 2851 820 2905 omnis
857 2852 944 2908 ille
997 2863 1153 2908 vetus
1199 2855 1425 2925 populus
1470 2858 1690 2920 cecidit,
1742 2861 1936 2930 quibus

352 2941 706 2997 conversatio
757 2952 811 2997 et
844 2944 1112 3000 habitatio
1141 2945 1319 3001 fuerat
1363 2962 1482 3002 cum
1519 2948 1814 3022 Egyptiis,
1841 2968 1934 3008 so-

355 3028 446 3083 lus
480 3043 660 3086 autem
693 3047 864 3088 novus
897 3036 1144 3102 pervenit
1179 3037 1245 3090 ad
1281 3053 1502 3106 regnum
1529 3041 1618 3110 qui
1649 3042 1933 3112 ignorabat
1961 3067 2004 3128 ρ

357 3119 670 3192 Αῐεγριίοε,
701 3126 942 3196 exceptis
971 3127 1345 3184 sacerdotibus
1371 3140 1425 3184 et
1454 3130 1694 3187 Levitis?
1731 3134 1786 3188 Si
1813 3136 1934 3204 quis

355 3215 509 3268 eriim
547 3218 788 3285 potuerit
835 3233 894 3274 se
930 3220 982 3273 in
1021 3222 1367 3276 sacerdotum
1407 3231 1462 3276 et
1500 3223 1808 3281 Levitarum
1839 3245 1931 3283 or-

357 3305 492 3359 dine
522 3306 809 3374 collocare,
846 3308 890 3361 si
928 3309 1051 3376 quis
1084 3311 1322 3378 potuerit
1354 3326 1458 3366 non
1495 3313 1696 3370 habere
1723 3318 1932 3386 portio-

353 3413 486 3452 nem
516 3399 568 3454 in
605 3401 764 3456 terris
797 3401 981 3467 ullam,
1019 3404 1124 3457 nisi
1155 3404 1326 3458 solum
1363 3405 1668 3474 Dominum,
1702 3413 1801 3466 iste
1825 3428 1930 3468 non

352 3491 521 3546 cadet
559 3491 612 3544 in
652 3491 888 3556 deserto,
924 3493 1017 3548 sed
1067 3496 1344 3562 perveniet
1387 3499 1453 3551 ad
1503 3507 1706 3553 terrain
1748 3519 1935 3573 repro-

355 3584 662 3639 missionis.
705 3583 858 3640 Unde
887 3595 942 3641 et
974 3597 1026 3640 tu
1053 3588 1099 3641 si
1132 3588 1212 3642 vis
1238 3605 1341 3642 non
1375 3590 1572 3645 cadere
1603 3593 1654 3646 in
1689 3594 1928 3656 deserto.

352 3677 457 3730 sed
508 3678 796 3744 pervenire
844 3679 910 3732 ad
963 3687 1163 3733 terram
1211 3682 1647 3749 repromissionis
1694 3697 1930 3753 patrum,

352 3778 564 3822 sortem
601 3779 746 3823 tuam
783 3786 888 3825 non
922 3772 1122 3826 habeas
1153 3773 1206 3825 in
1245 3782 1390 3826 terra
1437 3775 1572 3845 (70),
1607 3793 1706 3832 nec
1732 3779 1804 3832 sit
1837 3781 1928 3835 tibi

351 3860 565 3929 aliquid
595 3875 882 3916 commune
929 3877 1054 3916 cum
1101 3873 1267 3917 terra.
1301 3864 1485 3921 Portio
1517 3877 1606 3921 tua
1644 3869 1716 3924 sit
1750 3872 1931 3926 Domi-

351 3965 464 4005 nus
496 3952 666 4016 solus,
692 3961 748 4006 et
777 3968 1048 4022 nunquam
1082 3955 1263 4012 cades.
1308 3957 1499 4027 Agitur
1523 3974 1650 4030 ergo
1681 3967 1931 4020 ascensio

349 4046 425 4098 de
454 4043 689 4115 IEgypto
718 4047 783 4098 ad
817 4055 1012 4100 terram
1043 4048 1504 4115 repromissionis,
1538 4067 1633 4120 per
1653 4069 1836 4123 quam,
1873 4069 1932 4111 ut

351 4137 494 4203 dixi,
542 4137 787 4208 mysticis
819 4138 1276 4207 descriptionibus
1311 4141 1606 4197 edocemur
1639 4160 1928 4201 ascensum

351 4232 550 4285 animm
573 4233 639 4286 ad
667 4231 865 4284 ccelum
890 4239 946 4286 et
964 4233 1382 4289 resurrectionis
1405 4250 1468 4288 ex
1494 4239 1727 4296 mortuis
1745 4255 1931 4296 sacra-

350 4332 594 4378 mentum
629 4323 764 4395 (7i).

2059 467 2182 503 nam
2209 451 2350 521 ignis
2395 458 2448 506 et
2477 451 2673 506 nubem
2699 467 2713 516 ;
2762 450 2958 505 Filium
2985 452 3198 507 scilicet
3227 452 3344 519 Dei,
3374 464 3430 510 et
3459 454 3635 526 Spiri-

2060 551 2169 595 tnm
2195 553 2464 609 sanctum,
2493 544 2632 599 sicut
2658 553 2711 600 et
2737 545 2789 599 in
2815 545 2920 601 alio
2948 545 3069 601 loco
3091 545 3359 616 Propheta
3384 547 3516 603 dicit
3539 549 3585 585 ⁸⁸
3610 566 3629 606 :

2061 651 2079 682 ι
2109 634 2221 703 Ipse
2255 635 2516 692 Dominus
2560 637 2792 692 ducebat
2830 653 2942 692 eos.
2964 655 2982 689 ι
3026 634 3171 692 Talis
3205 652 3335 708 ergo
3380 641 3472 696 ﬁet
3498 641 3630 698 bea-

2057 735 2123 779 ta:
2164 727 2359 781 anima:
2404 743 2686 794 ascensus,
2733 744 2854 784 cum
2896 731 3164 806 submersi
3205 731 3406 788 fuerint
3439 749 3628 788 omnes

2054 820 2294 892 Egyptii
2318 830 2372 877 et
2393 823 2730 889 Amaleeitze,
2775 834 2937 894 atque
2961 825 3200 881 universi
3227 828 3317 898 qui
3344 827 3624 899 impugna-

2052 923 2242 968 verant
2291 929 2408 968 eam
2460 933 2474 969 :
2509 927 2571 972 et
2613 933 2713 985 per
2754 917 2997 988 singulas
3044 935 3289 989 quasque
3317 920 3626 990 digrediens

2052 1007 2383 1073 mansiones,
2432 1005 2552 1061 illas
2589 1007 2798 1062 scilicet
2843 1007 3040 1062 multas
3083 1024 3204 1078 quae
3227 1010 3482 1066 dicuntur
3506 1027 3626 1068 esse

2049 1097 2190 1170 apud
2230 1097 2468 1164 Patrem,
2499 1097 2832 1152 illuminatur
2872 1099 3104 1169 amplius
3141 1100 3252 1172 (72)
3298 1116 3365 1156 ex
3411 1118 3518 1158 una
3557 1109 3620 1158 ad

2047 1191 2210 1244 aliam
2236 1190 2480 1256 veniens,
2533 1190 2740 1258 majora
2785 1204 3000 1260 semper
3041 1191 3448 1249 illuminationis
3489 1209 3621 1266 aug-

2046 1291 2228 1337 menta
2271 1283 2566 1353 conquirit,
2616 1297 2895 1353 usquequo
2943 1294 3157 1339 assueta
3203 1285 3470 1355 sitipsius
3509 1287 3618 1340 veri

2047 1376 2267 1432 luminis
2289 1377 2433 1447 quod
2479 1375 2752 1432 illuminat
2796 1391 3009 1432 omnem
3042 1379 3338 1445 hominem,
3369 1379 3622 1434 intuitum

2044 1470 2175 1539 pati,
2218 1479 2273 1524 ct
2299 1470 2448 1524 mirae
2476 1470 2779 1538 majestatis
2818 1471 2965 1527 ferre
2995 1472 3282 1544 fulgorem.
3323 1471 3380 1529 Si
3404 1488 3532 1530 vero
3556 1476 3622 1530 ad

2043 1562 2359 1627 secundam,
2405 1562 2471 1616 de
2509 1579 2612 1632 qua
2657 1564 2911 1633 superius
2938 1565 3378 1635 memoravimus,
3401 1568 3619 1636 exposi-

2044 1657 2240 1711 tionem
2264 1655 2564 1719 redeamus,
2583 1665 2637 1710 et
2657 1657 2848 1712 animae
2870 1657 2923 1713 in
2941 1659 3044 1714 hac
3060 1658 3166 1712 vita
3189 1648 3490 1730 positae'per
3507 1660 3620 1715 iure

2043 1746 2226 1801 doceri
2256 1745 2622 1816 intelligamus
2648 1747 2946 1817 profectus,
2975 1765 3094 1819 quae
3115 1765 3374 1807 conversa
3399 1751 3466 1806 de
3484 1765 3611 1821 gen-

2045 1838 2125 1892 tili
2154 1839 2282 1905 vita,
2311 1853 2415 1894 non
2458 1849 2566 1893 tam
2592 1839 2810 1909 Moysen
2843 1857 3006 1911 quam
3043 1843 3216 1914 legem
3243 1845 3361 1913 Dei,
3390 1860 3488 1900 nec
3508 1847 3618 1899 Aa-

2045 1945 2164 1995 ron,
2211 1929 2305 1983 sed
2348 1932 2683 1986 sacerdotem
2735 1931 2888 1986 illum
2935 1931 3027 2003 qui
3073 1943 3354 2002 permanet
3378 1935 3429 1990 in
3457 1943 3620 1990 aeter—

2043 2039 2171 2078 num
2213 2023 2495 2092 sequitur;
2539 2033 2830 2094 antequam
2875 2026 2941 2080 ad
2988 2026 3286 2096 perfectum
3322 2029 3523 2094 veniat,
3561 2030 3615 2084 in

2041 2131 2223 2170 eremo
2250 2116 2490 2182 habitat;
2535 2118 2623 2172 ubi
2651 2117 2861 2172 scilicet
2905 2127 3228 2174 exerceatur
3254 2121 3305 2174 in
3334 2123 3617 2191 praceptis

2043 2202 2277 2271 Domini,
2322 2211 2378 2256 et
2404 2204 2493 2258 ubi
2521 2204 2655 2260 tides
2695 2203 2814 2275 ejus
2859 2219 2958 2274 per
2987 2205 3310 2263 tentationes
3334 2209 3612 2278 probetur.

2044 2295 2143 2351 Ubi
2172 2312 2294 2350 cum
2318 2295 2514 2350 vicerit
2557 2313 2716 2350 unam
2758 2296 3128 2363 tentationem,
3174 2310 3227 2352 et
3255 2299 3388 2356 ﬁdes
3408 2301 3524 2368 ejus
3556 2303 3610 2356 in

2038 2403 2102 2441 ea
2146 2386 2307 2441 fuerit
2334 2388 2586 2456 probata,
2616 2387 2740 2443 inde
2787 2387 2934 2443 venit
2962 2389 3027 2443 ad
3054 2389 3239 2453 aliam,
3285 2398 3340 2444 et
3365 2392 3516 2459 quasi
3544 2393 3613 2447 de

2042 2495 2144 2534 una
2177 2480 2458 2536 mansione
2503 2480 2572 2534 ad
2617 2479 2843 2536 alteram
2873 2481 3087 2545 transit,
3142 2491 3196 2537 et
3231 2482 3302 2538 ibi
3326 2498 3449 2537 cum
3473 2483 3612 2538 obti-

2037 2574 2217 2626 nuerit
2243 2589 2365 2642 qua:
2409 2573 2726 2639 acciderint,
2771 2583 2822 2628 et
2849 2571 3081 2628 ﬁdeliter
3110 2573 3315 2642 tulerit,
3343 2575 3516 2645 pergit
3544 2578 3609 2630 ad

2037 2665 2236 2730 aliam;
2273 2676 2326 2720 et
2377 2667 2451 2720 ita
2497 2683 2595 2737 per
2623 2666 2834 2737 singula
2864 2682 3092 2736 quaeque
3134 2677 3460 2722 tentamenta
3490 2668 3610 2721 vita:

2035 2776 2100 2815 ac
2151 2761 2272 2814 ﬁdei
2331 2769 2636 2829 prosecuta,
2674 2759 2983 2814 mansiones
3025 2759 3225 2815 habere
3278 2760 3476 2816 dicitur
3509 2780 3524 2817 :
3556 2762 3607 2816 in

2035 2855 2231 2923 quibus
2262 2869 2358 2922 per
2389 2853 2599 2924 singula
2630 2854 2890 2908 virtutum
2921 2864 3238 2923 quaeruntur
3266 2863 3551 2922 augmenta
3591 2871 3606 2908 :

2035 2958 2090 3002 et
2117 2946 2370 3020 impletur
2397 2945 2449 3000 in
2479 2946 2547 3000 iis
2573 2945 2702 3000 illud
2732 2946 2874 3017 quod
2900 2946 3160 3017 scriptum
3187 2956 3272 3001 est
3293 2946 3338 2979 ⁹⁰
3367 2963 3382 3000 :
3409 2965 3428 2999 ‹
3456 2948 3610 3002 Ibunt

2037 3043 2102 3095 de
2133 3039 2338 3094 virtute
2387 3039 2440 3092 in
2473 3039 2751 3106 virtutem,
2783 3058 2800 3090 ι
2837 3053 3116 3110 usquequo
3165 3039 3514 3110 perveniatur
3541 3041 3606 3093 ad

2038 3132 2303 3196 ultimum,
2353 3130 2463 3186 imo
2505 3130 2572 3183 ad
2631 3145 2900 3184 summum
2950 3130 3173 3200 gradum
3219 3130 3501 3197 virtutum,
3555 3142 3610 3184 et

2039 3232 2346 3277 transeatur
2367 3220 2565 3276 ﬂumen
2603 3221 2718 3287 Dei,
2755 3235 2818 3275 ac
2847 3220 3110 3290 promissa
3148 3221 3471 3292 suscipiatur
3497 3222 3608 3276 ha:-

2039 3316 2261 3370 reditas.

2107 3405 2161 3460 6.
2207 3404 2416 3474 Duplici
2483 3403 2649 3473 igitur
2712 3404 3051 3472 expositione
3097 3415 3332 3472 utentes,
3389 3423 3604 3463 omnem

2035 3500 2180 3554 hunc
2224 3498 2317 3566 qui
2362 3495 2626 3551 recitatos
2657 3504 2739 3550 est
2785 3496 3128 3552 considerare
3165 3498 3423 3554 debemus
3455 3500 3601 3556 ordi-

2037 3606 2160 3646 nem
2210 3592 2578 3654 mansionum.
2629 3598 2689 3645 ut
2733 3604 2795 3645 ex
2826 3598 3054 3660 utr0que
3078 3591 3149 3646 sit
3174 3593 3367 3648 anima:
3405 3603 3606 3650 nostrae

2035 3682 2331 3752 profectus,
2363 3681 2777 3752 agnoscentibus
2798 3697 2866 3739 ex
2896 3682 2962 3737 iis
2983 3682 3066 3737 vel
3091 3683 3203 3739 lucc
3227 3685 3360 3751 vita,
3389 3701 3510 3757 qua:
3537 3702 3600 3740 ex

2033 3775 2393 3830 conversione
2440 3774 2646 3830 erroris
2692 3774 2864 3842 legem
2914 3774 3004 3829 Dei
3054 3777 3322 3845 sequitur,
3371 3778 3606 3846 qualiter

2034 3867 2118 3937 agi
2169 3866 2386 3931 debeat,
2435 3864 2518 3920 vel
2569 3863 2763 3918 futurae
2809 3863 2920 3932 spei
2970 3880 3088 3933 quze
3111 3881 3176 3919 ex
3206 3867 3604 3922 resurrectione

2034 3959 2390 4029 promittitur,
2429 3966 2630 4025 quanta
2675 3956 2747 4010 sit
2785 3957 3133 4023 exspectatio.
3177 3956 3268 4012 Sic
3297 3957 3441 4043 enim
3475 3968 3604 4028 puto

2033 4052 2174 4121 quod
2204 4050 2270 4104 iis
2291 4064 2411 4119 qua:
2439 4048 2710 4119 leguntur,
2747 4048 2905 4117 digna
2932 4049 3103 4107 sancti
3128 4049 3363 4119 Spiritus
3395 4050 3603 4120 legibus

2035 4141 2386 4212 intelligentia
2417 4143 2696 4196 doceatur.
2738 4138 2873 4193 Nam
2902 4142 3042 4195 scire
3069 4140 3122 4194 in
3153 4141 3367 4195 deserto
3393 4141 3485 4195 illo
3508 4145 3598 4214 qui

2033 4240 2208 4294 dictus
2239 4238 2310 4293 sit
2340 4236 2489 4292 locus
2527 4236 2638 4300 ille,
2673 4236 2784 4299 ubi,
2824 4235 2972 4290 verbi
3000 4237 3196 4306 gratia,
3225 4236 3603 4306 applicuemnt

2035 4343 2163 4384 tunc
2199 4338 2548 4384 transeuntes
2575 4327 2667 4381 ﬁlii
2702 4325 2884 4393 Israel,
2921 4328 3046 4397 quid
3090 4329 3219 4382 mihi
3245 4329 3494 4384 utilitatis
3519 4331 3599 4384 atl-

425 4415 585 4486 377
613 4416 668 4470 5.
695 4416 979 4471 Ponuntur
1001 4426 1182 4472 autem
1209 4427 1264 4472 et
1290 4420 1506 4474 nomina
1535 4423 1927 4481 mansionibus.
1964 4414 2006 4467 υ
2039 4422 2162 4487 fert,
2191 4431 2283 4476 aut
2308 4421 2433 4490 quid
2465 4419 2768 4488 legentibus
2797 4435 2863 4473 ex
2898 4419 3000 4472 hoc
3026 4419 3320 4487 profectus,
3347 4427 3401 4474 et
3424 4419 3597 4490 legem

284 4560 292 4570 _
352 4507 540 4576 Neque
571 4508 714 4563 enim
759 4509 1088 4564 conveniens
1114 4509 1418 4574 videbatur,
1467 4522 1527 4565 ut
1567 4514 1748 4569 omnis
1777 4516 1929 4572 locus

267 4626 282 4647 :
349 4601 448 4670 qui
477 4601 578 4656 sub
600 4600 758 4666 cmlo,
787 4601 900 4655 sive
926 4602 1211 4669 montium,
1242 4603 1356 4657 sive
1381 4603 1622 4673 collium,
1651 4607 1764 4661 sive
1787 4623 1929 4662 cam-

350 4708 546 4762 porum
593 4694 903 4748 nominibus
932 4704 1177 4749 uteretur
1206 4713 1219 4749 :
1271 4694 1359 4748 illa
1389 4710 1517 4750 vero
1543 4699 1792 4755 ascensio
1821 4717 1926 4770 qua

349 4790 534 4842 anima
562 4789 811 4843 ascendit
834 4788 902 4842 ad
932 4803 1154 4857 regnum
1185 4787 1300 4855 Dei,
1337 4791 1674 4845 mansionum
1702 4807 1924 4847 suarum

349 4880 572 4933 nomina
599 4896 704 4934 non
736 4879 979 4934 haberet.
1007 4879 1174 4933 liabet
1201 4881 1416 4934 nomina
1445 4881 1782 4938 mansionum
1812 4900 1928 4955 my-

347 4974 507 5030 sticis
530 4981 712 5043 aptata
738 4973 1036 5035 vocabulis,
1069 4972 1229 5026 habet
1254 4982 1308 5027 et
1345 4973 1700 5029 deducentem
1729 4990 1788 5032 se
1817 4991 1922 5030 non

423 5118 467 5150 ⁸⁷
505 5116 655 5170 Dent.
694 5133 812 5177 vin,
838 5115 890 5169 2.
931 5117 982 5171 5.
1057 5116 1104 5148 ⁸⁸
1137 5116 1303 5170 Exod.
1333 5135 1421 5184 xv,
1456 5119 1503 5172 I.

426 5253 540 5320 (68)
580 5255 760 5308 Codex
809 5255 1184 5318 Ehroicensis,
1244 5274 1261 5305 ι
1288 5256 1494 5325 prima,
1539 5265 1594 5311 et
1639 5261 1872 5312 secunda
1898 5297 1912 5320 ,

345 5336 406 5380 et
463 5327 620 5380 tertia
674 5327 1023 5383 mansione.)
1090 5326 1269 5380 Codex
1321 5326 1504 5380 Sancti
1553 5328 1914 5394 Theudorici,

355 5403 520 5463 «post
567 5397 821 5463 primam,
865 5405 920 5450 et
963 5397 1281 5461 secundam,
1328 5408 1383 5450 et
1429 5398 1641 5450 tertiam
1681 5397 1920 5452 mansio-

354 5480 502 5520 nem.
528 5485 545 5517 ι
591 5467 668 5518 ιη’
700 5466 850 5520 libris
903 5479 1060 5520 antea
1105 5467 1267 5522 editis
1315 5467 1653 5521 desideratur
1688 5486 1706 5519 ι
1736 5477 1916 5534 post.»

427 5535 542 5606 (69)
589 5535 716 5591 Mss.
762 5538 1252 5593 «honoriﬁcatuSJ
1289 5537 1444 5592 Libb.
1482 5537 1634 5604 editi,
1679 5555 1697 5588 ι
1723 5537 1922 5608 gloriﬁ-

354 5617 752 5746 ’Codex
792 5676 851 5734 S.
899 5676 1220 5734 Theodorici
1266 5677 1437 5733 solum
1487 5677 1666 5746 habet,
1704 5698 1720 5729 ι
1749 5678 1800 5732 in
1834 5680 1924 5733 de-

1581 5118 1625 5151 ⁸⁹
1647 5118 1788 5176 Psal.
1810 5133 2017 5184 vavn,
2049 5115 2135 5170 LI.

2041 4513 2131 4567 Dei
2175 4513 2260 4566 die
2299 4526 2362 4564 ac
2393 4521 2553 4565 nocte
2579 4510 2962 4564 meditantibus
2989 4509 3338 4564 conferatur?
3366 4511 3600 4564 maxime

2035 4618 2156 4658 cum
2183 4603 2462 4657 videamus
2501 4611 2703 4656 tantam
2741 4601 2904 4656 fuisse
2931 4617 3116 4655 curam
3145 4601 3369 4657 Domino
3392 4604 3456 4657 de
3480 4604 3598 4658 istis

2035 4693 2409 4750 mansionibus
2434 4694 2852 4762 perscribendis,
2900 4703 2956 4746 ut
2978 4694 3272 4763 descriptio
3296 4710 3482 4750 earum
3508 4712 3595 4752 8e-

2033 4786 2211 4842 cundo
2246 4785 2356 4855 jam
2405 4786 2523 4840 loco
2551 4781 2745 4842 divinis
2779 4787 2988 4857 legibus
3023 4787 3316 4842 inderetur.
3353 4787 3597 4844 Commo-

2033 4885 2241 4936 morata
2289 4886 2412 4934 sunt
2453 4879 2598 4932 enim
2647 4880 2861 4933 nomina
2912 4878 3032 4940 ista,
3079 4876 3203 4932 licet
3245 4879 3296 4936 in
3323 4880 3596 4935 nonnullis

2033 4974 2334 5041 immutata,
2381 4974 2491 5046 jam
2521 4983 2648 5030 tunc
2688 4989 2810 5029 cum
2847 4989 2941 5042 per
2965 4973 3080 5028 loca
3109 4956 3322 5048 singula
3353 4977 3596 5032 elevasse

2211 5115 2256 5146 "°
2281 5113 2418 5169 PsaI.
2448 5131 2666 5179 Lxxxw,
2697 5115 2749 5168 7.

2033 5265 2200 5309 serto.
2235 5255 2289 5310 Si
2326 5253 2608 5322 pervenire
2651 5255 2731 5307 vis
2770 5253 2835 5307 ad
2882 5255 3332 5324 repromissiones
3356 5261 3591 5324 patrum.

2027 5334 2230 5380 sortem
2256 5334 2400 5377 tuam
2430 5341 2534 5378 non
2565 5324 2765 5378 habeas
2796 5323 2848 5377 in
2889 5323 3054 5380 terra.
3080 5345 3098 5376 ι

2096 5395 2209 5462 (Ἠ)
2250 5393 2318 5447 Ει
2369 5393 2766 5448 resurrectionis
2810 5411 2875 5448 ea:
2906 5397 3128 5449 mortuis
3179 5401 3587 5448 sacramentum.

2026 5464 2118 5519 Sic
2141 5465 2304 5518 habet
2327 5464 2497 5518 codex
2532 5464 2952 5519 S.Theodorici.
2986 5464 3133 5520 Libri
3181 5465 3334 5531 editi,
3371 5483 3388 5516 ι
3416 5479 3480 5517 ex
3510 5479 3593 5514 re-

2026 5536 2380 5592 surrectionis
2405 5551 2470 5590 ex
2500 5535 2729 5588 mortuis
2758 5546 3117 5589 sacramento.
3144 5554 3162 5586 ι

2099 5605 2210 5686 (7·2)
2251 5606 2428 5686 Codex
2460 5604 2890 5686 S._:I‘hcodorici,
2933 5622 2952 5656 ι
2978 5615 3036 5660 ut
3074 5622 3169 5677 per
3204 5601 3445 5673 singulas
3471 5635 3518 5655 ..
3539 5637 3551 5650 .
3579 5635 3589 5652 .

2027 5675 2362 5733 illuminetur
2400 5676 2648 5745 amplius.
2675 5692 2693 5725 ι
2722 5742 2726 5748 ,
