4050 6148
521 190 624 247 78⁵1

1951 187 2276 243 ()RIGENIS

3610 165 3769 252 .788:

515 305 774 362 dicuntur
799 307 891 362 ﬁlii
919 306 1082 362 Israel
1121 307 1186 362 de
1219 308 1308 362 illo
1345 306 1482 372 loco,
1511 316 1566 361 et
1593 306 1953 377 applicuisse:
1981 307 2073 361 sed
2104 313 2150 368 Α
2178 307 2244 362 ad
2292 315 2494 362 tactum
2536 317 2699 377 atque
2726 308 3010 364 odoratum
3039 317 3361 382 gestumque
3382 312 3624 376 veniunt,
3654 316 3746 368 de—

517 405 570 454 et
599 414 740 453 nunc
774 399 968 453 iterum
1006 413 1100 466 per
1131 400 1350 452 verbum
1384 399 1592 452 Domini
1621 398 1852 453 describi
1880 399 2076 466 juben-

520 501 607 544 tur
633 506 662 543 a
695 489 896 560 Moyse.
941 490 1092 545 Unde
1132 500 1188 544 et
1226 491 1328 545 hoc
1360 492 1530 558 ipsum
1558 491 1697 558 quod
1730 491 1968 544 secundo
1995 503 2080 542 re-

517 583 717 650 petitur
757 581 858 634 ista
888 582 1197 649 descriptio,
1251 583 1384 636 satis
1426 597 1664 651 congrue
1702 582 1833 635 mihi
1867 581 2078 635 videtur

517 673 583 724 ad
635 677 951 740 mysterium
984 673 1342 740 expositionis
1392 671 1550 740 hnjns
1594 688 1755 741 quam
1789 673 2076 741 proposui-

514 776 633 817 :uus
668 775 684 815 :
721 762 802 816 bis
853 763 996 816 enim
1033 772 1368 832 repetuntur,
1400 776 1458 818 ut
1507 765 1640 818 duas
1668 765 1858 817 anima:
1894 774 2076 817 osten-

509 852 698 905 derent
743 852 895 917 vias;
932 868 1092 906 unam
1124 868 1227 922 qua
1260 855 1310 907 in
1339 869 1506 909 carne
1549 855 1719 925 posita
1757 870 1853 924 per
1901 855 2073 924 legem

509 941 601 996 Dei
635 947 687 995 in
718 943 1012 997 virtutibus
1040 954 1352 1010 exercetur,
1385 954 1450 999 et.
1464 960 1564 1015 per
1588 946 1788 1016 gradus
1812 946 2072 1015 quosdam

508 1029 843 1096 profectuum
893 1034 1193 1087 ascendens
1246 1033 1440 1104 pergit,
1492 1044 1549 1088 ut
1579 1036 1836 1099 diximus,
1868 1037 1934 1090 de
1965 1036 2071 1088 vir-

509 1127 622 1173 tute
662 1120 714 1173 in
745 1120 1023 1185 virtutem,
1059 1133 1113 1175 et
1144 1123 1273 1190 ipsis
1298 1123 1626 1191 profectibus
1651 1125 1803 1192 quasi
1837 1125 2074 1178 mansio-

509 1213 668 1265 nibus
714 1213 918 1277 utitur;
970 1211 1129 1264 aliam
1163 1230 1292 1268 vero
1333 1230 1438 1283 qua
1471 1227 1589 1282 post
1621 1216 2069 1270 resurrectionem

509 1317 799 1357 ascensura
853 1304 920 1357 ad
954 1304 1122 1359 celos
1151 1322 1253 1358 non
1289 1307 1466 1360 subito
1500 1322 1598 1362 nec
1650 1309 1955 1377 importune
2003 1309 2070 1361 ad

506 1407 717 1447 summa
754 1396 1091 1460 conscendit,
1126 1397 1225 1449 sed'
1256 1411 1350 1467 per
1376 1397 1568 1452 multas
1597 1397 1881 1454 deducitur
1913 1415 2071 1453 man-

503 1485 705 1551 siones,
759 1485 812 1538 in
865 1487 1060 1554 quibus
1113 1489 1410 1544 ill‘uminata
1462 1505 1558 1558 per
1587 1491 1828 1560 singulas
1855 1502 1909 1546 et
1936 1506 2070 1562 aug-

506 1583 688 1630 mento
734 1589 951 1646 semper
1004 1578 1304 1647 splendoris
1352 1590 1601 1651 accepto,
1647 1583 1699 1635 in
1749 1599 2074 1653 unaquaque

507 1669 788 1724 mansione
811 1670 1082 1726 illustrata
1103 1675 1382 1740 sapientiae
1399 1674 1600 1729 lumine
1621 1691 1789 1745 usque
1805 1679 1870 1730 ad
1895 1677 2066 1746 ipsum

503 1759 784 1826 perveniat
815 1759 1078 1816 luminum
1123 1761 1364 1819 Patrem.
1408 1783 1427 1816 ι
1473 1767 1733 1820 Exierunt
1781 1781 1933 1837 ergo,
1983 1769 2067 1823 in-

501 1851 617 1918 quit
655 1851 722 1912 “,
767 1851 858 1906 ﬁlii
883 1853 1044 1909 Israel
1073 1870 1194 1909 cum
1223 1857 1422 1911 virtute
1453 1873 1569 1911 sua.
1613 1878 1630 1910 ι
1661 1859 1790 1913 Erat
1817 1875 1938 1914 cum
1961 1861 2068 1914 illis

505 1945 674 1997 virtus
709 1946 796 1999 illa
845 1961 964 2014 qua:
1011 1948 1224 2002 dixerat
1247 1949 1290 1981 δ’
1328 1968 1342 2002 :
1387 1949 1627 2004 «Tecum
1659 1952 1982 2006 descendam
2015 1953 2067 2007 in

500 2033 829 2104 Egyptum;
869 2056 886 2088 ι
917 2047 970 2090 et
1003 2038 1127 2107 quia
1162 2049 1278 2093 erat
1305 2055 1423 2094 cum
1456 2042 1559 2096 illis
1589 2044 1687 2097 ista
1723 2044 1916 2106 virtus,
1944 2058 2068 2112 pro-

502 2137 683 2194 pterea
717 2128 851 2181 dicit
880 2127 1149 2198 Propheta
1176 2131 1222 2162 ⁹³
1263 2153 1275 2186 :
1317 2149 1336 2183 ι
1358 2132 1425 2186 Ει
1455 2148 1560 2186 ηοη
1594 2143 1710 2188 erat
1735 2135 1786 2188 in
1821 2135 2067 2189 tribubus

500 2234 690 2273 eorum
724 2220 1026 2278 inﬁrmans.
1057 2242 1076 2274 ›
1121 2224 1382 2280 Exierant
1408 2236 1583 2280 autem
1616 2227 1668 2280 in
1699 2242 1860 2281 manu
1895 2228 2062 2300 Moysi

497 2319 553 2363 et
577 2309 780 2364 Aaron.
824 2311 909 2364 Ad
932 2314 1232 2390 exeundum
1263 2316 1328 2370 de
1347 2314 1578 2386 ἐξεγριο
1603 2333 1706 2371 non
1738 2317 1933 2372 sulIicit
1959 2336 2064 2375 una

503 2413 693 2455 manus
725 2400 920 2472 Moysi,
954 2407 1216 2472 qumritur
1259 2415 1313 2459 et
1358 2421 1551 2460 manus
1593 2406 1794 2464 Aaron.
1856 2409 2066 2481 Moyses

499 2491 701 2546 indicat
750 2495 1028 2548 scientiam
1062 2496 1215 2566 legis,
1267 2497 1443 2551 Aaron
1469 2498 1810 2554 sacriﬁcandi
1860 2503 1970 2558 Deo
2009 2513 2064 2558 et

500 2588 810 2642 immolandi
863 2591 1134 2658 peritiam.
1195 2591 1340 2661 Opus
1374 2603 1458 2647 est
1504 2608 1656 2665 ergo,
1696 2604 1754 2649 ut
1805 2605 2063 2651 exeuntes

495 2678 566 2732 de
601 2677 836 2750 Egypto
865 2695 970 2735 non
1019 2683 1192 2737 solum
1223 2684 1503 2738 scientiam
1532 2686 1666 2756 legis
1694 2696 1749 2742 et
1785 2688 1928 2755 ﬁdei,
1968 2689 2060 2743 sed

495 2782 717 2835 operum
747 2770 944 2838 quibus
973 2774 1079 2826 Deo
1101 2772 1340 2840 placetur
1365 2774 1571 2830 fructus
1592 2777 1904 2832 habeamus.
1939 2777 2061 2834 Ideo

493 2861 638 2914 enim
685 2869 740 2915 et
769 2877 960 2917 manus
989 2876 1446 2919 commemoratur
1472 2865 1637 2938 Moysi
1687 2879 1739 2921 et
1766 2869 1960 2934 Aaron,
2001 2881 2059 2924 ut

492 2967 654 3018 opera
713 2969 809 3022 per
857 2971 1048 3009 manus
1094 2957 1376 3028 intelligas.
1417 2959 1626 3013 Etenim
1679 2961 1722 3014 si
1757 2962 1945 3016 exiens
1989 2964 2054 3017 de
2083 2997 2127 3052 α

493 3043 750 3115 .Egypto,
801 3053 856 3099 et
907 3063 1203 3101 conversus
1250 3052 1315 3103 ad
1348 3050 1512 3105 Deum
1563 3051 1811 3121 abjiciam
1867 3068 2056 3122 snper-

496 3136 660 3202 hiam,
721 3153 816 3206 per
850 3154 1039 3194 manus
1087 3141 1266 3196 A‘aron
1326 3153 1536 3197 taurum
1575 3146 1682 3199 Deo
1733 3145 2055 3199 sacriﬁcavi.

495 3226 550 3279 Si
583 3229 937 3294 petulantiam
978 3231 1362 3303 lasciviamque
1390 3251 1692 3304 peremero,
1722 3236 1929 3290 hircum
1956 3236 2060 3290 Do-

497 3322 642 3375 mino
664 3321 941 3392 jugulasse
989 3339 1072 3378 me
1101 3325 1281 3379 Aaron
1315 3329 1565 3382 manibus
1609 3329 1848 3383 credam.
1892 3329 1950 3384 Si
1988 3329 2056 3383 Ii-

495 3412 730 3466 bidinem
771 3414 974 3479 vicero,
1026 3417 1285 3483 vitulum;
1322 3418 1368 3472 si
1407 3419 1711 3483 stultitiam,
1764 3435 1916 3475 ovem
1952 3422 2058 3475 im-

496 3504 726 3560 molasse
760 3506 998 3560 videbor.
1065 3507 1155 3562 Sic
1203 3523 1332 3578 ergo
1382 3523 1504 3562 cum
1539 3510 1731 3564 animae
1773 3512 1897 3564 vitia
1927 3529 2057 3581 pur-

494 3609 712 3668 gantnr,
755 3617 945 3656 manus
971 3603 1152 3657 Aaron
1178 3611 1434 3672 operatur
1462 3604 1514 3657 in
1556 3605 1745 3673 nobis;
1782 3616 1837 3661 et
1867 3624 2056 3664 manus

495 3689 660 3759 Moysi
700 3691 976 3745 nobiscum
1027 3702 1129 3760 est,
1159 3707 1280 3746 cum
1313 3693 1380 3746 ad
1425 3693 1538 3746 haec
1570 3695 1681 3762 ipsa
1712 3696 2052 3767 intelligenda

492 3781 864 3837 illuminamur
885 3800 946 3837 ex
979 3785 1112 3853 lege.
1157 3785 1224 3839 Et
1253 3785 1372 3839 ideo
1397 3794 1624 3854 utraque
1655 3802 1841 3842 manus
1869 3804 2054 3844 neces-

489 3874 630 3926 saria
665 3883 748 3928 est
799 3877 862 3928 de
890 3875 1122 3946 Egypto
1171 3877 1508 3939 exeuntibus,
1558 3885 1617 3930 ut
1657 3876 1962 3933 inveniatur
1999 3882 2050 3934 in

492 3965 574 4018 eis
600 3981 707 4019 non
737 3965 906 4021 solum
937 3967 1058 4020 ﬁdei
1093 3977 1146 4020 et
1198 3967 1456 4030 scientiae,
1482 3967 1575 4022 sed
1603 3975 1657 4019 et
1688 3976 1901 4022 actuum
1925 3984 2054 4039 epe—

490 4073 718 4127 rumque
765 4059 1060 4127 perfectio;
1092 4070 1143 4111 et
1190 4066 1366 4112 tamen
1398 4068 1638 4127 utrmque
1681 4059 1761 4114 lite
1793 4076 1895 4113 non
1930 4073 2052 4118 sunt

487 4155 606 4205 dum
638 4166 849 4218 manus,
889 4150 982 4205 sed
1035 4165 1161 4206 una.
1203 4151 1257 4204 In
1289 4165 1455 4203 manu
1496 4152 1637 4204 enim
1677 4151 1842 4222 Moysi
1871 4163 1924 4207 et
1949 4155 2052 4207 Aa-

491 4257 589 4296 ron
617 4241 806 4296 eduxit
851 4256 945 4295 eos
972 4240 1252 4305 Dominus,
1297 4249 1352 4294 et
1383 4256 1486 4294 non
1519 4241 1570 4293 in
1600 4242 1847 4296 manibus
1880 4243 2055 4316 Moysi

2179 399 2462 464 lectamnr,
2508 399 2762 454 labantur
2807 401 2941 465 dies,
2969 408 3178 470 tempus
3214 410 3523 470 praetereat,
3557 412 3612 456 et
3637 419 3740 457 non

2177 499 2526 539 occurramus
2577 501 2736 539 omne
2769 485 2996 553 spatium
3044 487 3380 540 imminentis
3416 487 3624 542 itineris
3649 505 3744 542 ex-

2177 578 2402 646 plicare,
2434 587 2488 632 et
2509 578 2827 632 deficiamus
2850 579 2902 630 'm
2931 578 3127 641 medio,
3157 587 3319 647 atque
3347 580 3559 633 accidat
3588 582 3741 635 nobis

2182 668 2311 723 illud
2338 671 2480 738 quod
2503 670 2569 724 de
2590 671 2912 738 quibusdam
2940 667 3192 732 refertur,
3221 671 3310 738 qui
3333 671 3614 738 pervenire
3636 686 3739 726 non

2177 770 2478 830 potuerunt,
2530 761 2628 815 sed
2654 769 2800 815 artus
2851 775 3037 814 eorum
3071 762 3387 815 ceciderunt
3417 760 3471 814 in
3501 762 3736 817 deserto.

2176 851 2282 904 Iter
2329 867 2459 921 ergo
2505 853 2738 922 agimus,
2788 861 2842 905 et
2876 853 3082 906 idcirco
3131 853 3446 907 devenimus
3493 853 3544 906 in
3599 853 3741 908 hunc

2175 945 2456 1007 mundum,
2507 953 2567 996 ut
2599 953 2933 996 transeamus
2981 943 3046 996 de
3076 942 3276 997 virtute
3319 944 3386 996 ad
3437 943 3690 997 virtutem
3717 959 3737 998 :

2175 1051 2280 1090 non
2313 1044 2371 1086 ut
2400 1048 2812 1104 permaneamus
2843 1048 2939 1101 pro
2975 1035 3201 1088 terrenis
3234 1035 3286 1089 in
3322 1045 3485 1097 terra,
3516 1035 3656 1088 sicut
3684 1043 3740 1088 et

2175 1129 2264 1182 ille
2298 1128 2388 1196 qui
2419 1127 2694 1182 dicebat”
2725 1146 2740 1181 :
2780 1145 2798 1178 ‹
2819 1129 3098 1181 Destruam
3129 1128 3321 1181 horrea
3368 1143 3506 1192 mea,
3545 1137 3601 1180 et
3629 1128 3735 1181 alia

2175 1221 2375 1291 majora
2395 1219 2691 1285 aediﬁcabo,
2708 1229 2760 1274 et
2782 1221 2952 1274 dicam
2981 1219 3175 1273 anima:
3195 1233 3327 1274 mea:
3358 1237 3372 1272 :
3405 1219 3735 1283 Anima,ha-

2172 1312 2267 1366 bes
2299 1311 2463 1364 multa
2497 1310 2634 1364 bona
2667 1310 2900 1378 reposita
2926 1310 2976 1362 in
3011 1323 3183 1363 annos
3206 1309 3424 1372 multos,
3448 1310 3737 1373 manduca,

2171 1413 2226 1457 et
2255 1403 2396 1466 bibe,
2432 1411 2486 1456 et
2521 1401 2726 1465 lactare,
2760 1417 2826 1455 ne
2852 1400 2989 1456 forte
3018 1401 3164 1456 dicat
3183 1409 3238 1454 et
3265 1400 3420 1455 nobis
3453 1399 3737 1465 Dominus,

2172 1495 2313 1549 sicut
2349 1494 2422 1548 illi
2467 1511 2480 1548 :
2515 1494 2712 1559 Stulte,
2767 1495 2869 1548 hac
2903 1503 3058 1548 nocte
3092 1493 3371 1548 auferetur
3417 1509 3444 1548 τι
3476 1503 3528 1549 te
3553 1495 3737 1548 anima

2174 1599 2284 1642 tua.
2317 1606 2337 1639 ι
2381 1585 2497 1641 Noa
2528 1587 2665 1640 dixit
2716 1586 2767 1638 in
2803 1587 2904 1639 hac
2950 1586 3058 1648 die,
3090 1587 3184 1640 sed
3226 1587 3279 1639 in
3317 1586 3416 1640 hac
3451 1594 3628 1639 nocte.
3673 1586 3736 1639 In

2173 1687 2330 1731 nocte
2352 1677 2494 1730 enim
2517 1676 2800 1746 perimitur
2825 1685 2879 1729 et
2905 1675 3013 1740 hic,
3042 1676 3176 1729 sicut
3202 1675 3553 1744 primogenita
3571 1674 3740 1744 Egy-

2171 1769 2431 1837 ptiorum,
2464 1776 2719 1836 tanquam
2756 1767 2848 1836 qui
2897 1765 3147 1820 dilexerit
3178 1767 3462 1828 mundum,
3501 1775 3556 1819 et
3581 1775 3737 1820 tene-

2169 1861 2298 1915 bras
2326 1860 2465 1929 ejus,
2497 1869 2553 1913 et
2582 1859 2852 1928 particeps
2876 1858 3042 1912 fuerit
3068 1867 3338 1912 rectorum
3367 1857 3547 1911 mundi
3577 1858 3743 1924 huius

2170 1952 2508 2006 tenebrarum
2533 1951 2722 2005 harum
2748 1951 2846 2003 π’.
2876 1949 3131 2003 Tenebrm
3157 1957 3332 2004 autem
3358 1958 3414 2003 et
3437 1965 3541 2003 nox
3575 1966 3739 2003 mun-

2167 2045 2265 2097 dus
2299 2044 2400 2097 iste
2431 2043 2734 2113 appellatur
2765 2059 2862 2113 pro
2893 2045 2958 2097 iis
2987 2043 3081 2112 qui
3112 2042 3164 2094 in
3189 2043 3490 2110 ignorantia
3519 2044 3735 2106 vivunt,

2168 2151 2268 2190 nec
2295 2136 2470 2190 lumen
2500 2136 2768 2204 recipiunt
2795 2137 3062 2192 veritatis.
3089 2136 3188 2203 Qui
3214 2147 3391 2190 autem
3421 2135 3553 2189 tales
3576 2145 3732 2203 sunt,

2165 2230 2233 2284 de
2263 2229 2522 2285 Ramesse
2567 2245 2673 2285 non
2721 2230 3160 2301 proﬁciscuntur,
3205 2243 3306 2285 nec
3349 2237 3632 2284 transeunt
3659 2229 3734 2283 ad

2167 2320 2362 2376 Sochot
2373 2321 2428 2375 Ιι.

2234 2415 2288 2470 8.
2327 2413 2610 2468 Videamus
2651 2423 2831 2468 tamen
2875 2414 3023 2483 prius
3067 2416 3284 2484 quando
3310 2414 3744 2484 proﬁciscuntur

2164 2505 2258 2559 ﬁlii
2291 2506 2452 2560 Israel
2490 2522 2554 2561 ex
2577 2505 2854 2562 Ramesse.
2903 2525 2932 2557 «ι
2963 2506 3168 2572 Mense,
3215 2507 3386 2576 inquit
3427 2507 3491 2570 ",
3528 2508 3729 2576 primo,

2162 2597 2351 2666 quinta
2370 2597 2576 2652 decima
2605 2599 2693 2652 die
2724 2599 2945 2652 mensis.
2979 2616 2998 2650 ι
3041 2597 3144 2652 Per
3161 2607 3481 2667 praeceptum
3512 2597 3734 2650 Domini

2163 2690 2564 2759 quartadecima
2615 2689 2702 2745 die
2733 2690 2937 2745 mensis
2984 2698 3207 2760 egerant
3241 2689 3446 2743 Pascha
3477 2689 3530 2742 in
3557 2687 3730 2756 Egy-

2161 2791 2274 2850 pto,
2303 2780 2612 2850 jugulanles
2660 2797 2857 2851 agnum
2899 2782 3072 2850 pridie
3101 2797 3260 2850 quam
3311 2780 3724 2848 proﬁcisceren-

2162 2881 2273 2934 tur,
2309 2881 2364 2926 et
2399 2871 2612 2926 initium
2646 2873 3042 2941 quodammodo
3092 2871 3408 2928 festivitatis
3456 2871 3634 2925 adhuc
3665 2871 3723 2924 in

2163 2963 2398 3034 Aigypto
2444 2964 2601 3031 positi
2640 2973 2854 3033 gerunt.
2917 2964 3175 3033 Sequenti
3227 2977 3355 3034 ergo
3403 2963 3504 3032 die,
3524 2964 3610 3033 qui
3640 2974 3728 3018 est

2161 3056 2366 3125 primus
2399 3055 2517 3109 dies
2540 3056 2886 3125 Azymorum,
2919 3054 3104 3124 quinta
3142 3053 3374 3109 decima
3408 3052 3495 3109 die
3522 3055 3724 3108 mensis

2160 3145 2318 3215 primi
2349 3146 2766 3216 proﬁciscuntur
2791 3147 2856 3201 de
2886 3146 3168 3210 Ramesse,
3197 3155 3252 3200 et
3281 3145 3506 3201 veniunt
3529 3146 3581 3200 in
3623 3145 3725 3200 So-

2159 3239 2348 3304 choth,
2376 3249 2436 3292 ut
2465 3238 2536 3291 ibi
2584 3238 2790 3293 faciant
2835 3239 3147 3294 festivitatis
3176 3241 3500 3308 Azymorum
3552 3238 3718 3292 diem.

2164 3353 2182 3383 α
2206 3332 2337 3399 Quis
2363 3333 2579 3399 sapiens
2604 3341 2658 3386 et
2678 3331 2944 3401 intelliget
2973 3333 3130 3387 haec?
3159 3340 3409 3386 sensatus
3437 3340 3490 3385 et
3521 3345 3718 3400 cogno-

2157 3433 2274 3479 scet
2305 3439 2365 3477 ea
2391 3423 2514 3476 πῖ»
2559 3422 2669 3476 Imo
2696 3424 2817 3490 quis
2857 3433 2942 3478 est
2970 3423 3060 3492 qui
3095 3423 3210 3477 haec
3237 3422 3321 3478 vel
3349 3437 3414 3477 ex
3446 3430 3599 3490 parte
3626 3434 3718 3475 co-

2157 3525 2404 3585 gnoscat,
2455 3515 2596 3569 sicut
2637 3514 2925 3583 Apostolus
2978 3514 3103 3568 dicit
3132 3513 3180 3546 ’⁸
3212 3531 3226 3566 :
3263 3529 3282 3563 ι
3307 3512 3382 3566 Ex
3419 3521 3575 3580 parte
3616 3510 3720 3564 sei-

2160 3621 2297 3670 mus,
2349 3614 2404 3659 et
2451 3621 2517 3659 ex
2572 3614 2725 3674 parte
2777 3605 3246 3672 prophetamus?»
3307 3603 3439 3669 Quis
3469 3601 3718 3668 intelligit

2156 3699 2426 3770 quomodo
2450 3713 2514 3753 ex
2545 3706 2702 3767 parte
2727 3698 2843 3752 dies
2872 3697 3040 3752 festos
3068 3696 3298 3766 agimus,
3343 3704 3401 3748 ut
3433 3707 3594 3748 nemo
3621 3706 3717 3746 nos

2151 3791 2356 3860 judicet
2385 3790 2437 3844 in
2475 3799 2627 3860 parte
2655 3789 2760 3845 diei
2794 3789 2937 3856 festi,
2969 3799 3063 3844 aut
3087 3788 3411 3852 Neomeniae,
3445 3795 3539 3841 aut
3582 3785 3714 3841 Sab-

2154 3883 2304 3938 bati?
2341 3882 2531 3937 Omnis
2577 3897 2812 3950 namque
2864 3882 2978 3936 dies
3027 3882 3194 3936 festus
3241 3880 3330 3949 qui
3363 3879 3415 3934 in
3463 3878 3623 3934 terris
3649 3877 3713 3931 ab

2154 3975 2465 4030 hominibus
2499 3977 2723 4046 geritur,
2753 3977 2804 4028 in
2832 3982 3003 4044 parte,
3038 3989 3142 4028 non
3179 3975 3230 4028 in
3264 3975 3491 4044 integro,
3541 3984 3722 4040 neque

2154 4066 2394 4135 perfecto
2425 4066 2736 4121 festivitatis
2768 4065 2920 4119 titulo
2944 4065 3150 4134 geritur
3179 4087 3191 4119 :
3218 4063 3310 4118 sed
3363 4079 3484 4117 cum
3517 4062 3714 4116 exieris

2154 4159 2220 4211 de
2248 4157 2480 4229 IEgypto
2516 4158 2639 4220 ista,
2693 4169 2820 4211 tunc
2866 4158 2973 4210 erit
3021 4157 3111 4210 tibi
3154 4155 3389 4225 perfecta
3424 4154 3710 4212 festivitas.

2156 4261 2284 4304 tunc
2337 4265 2522 4321 azyma
2571 4249 2902 4304 sinceritatis
2934 4258 2989 4304 et
3039 4249 3285 4303 veritatis
3316 4247 3379 4301 ad
3419 4246 3710 4316 perfectum

487 4345 542 4387 et
568 4330 771 4398 Aaron,
803 4347 966 4386 unum
1015 4333 1158 4386 enim
1201 4347 1335 4400 opus
1387 4334 1667 4402 utriusque
1713 4349 1907 4389 manus
1943 4349 2047 4402 est,
2085 4337 2126 4389 D
2155 4341 2390 4403 curabis,
2450 4351 2573 4394 tunc
2615 4339 2960 4394 Pentecostes
3001 4341 3140 4393 diem
3173 4340 3224 4392 in
3254 4351 3439 4392 eremo
3469 4351 3620 4406 ages,
3661 4345 3711 4390 et

487 4431 650 4493 atque
689 4439 792 4476 una
826 4421 1168 4490 perfectionis
1197 4421 1448 4490 expletio.

556 4520 609 4574 7.
645 4538 662 4568 ι
700 4521 766 4573 Et
797 4519 1035 4586 scripsit,
1072 4516 1328 4585 inquit",
1373 4516 1582 4588 Moyses
1615 4518 1971 4586 profectiones
1996 4531 2052 4574 et

484 4612 796 4668 mansiones
837 4626 1047 4674 eorum,
1092 4623 1186 4677 per
1235 4608 1457 4661 verbum
1507 4610 1778 4666 Domini.)
1823 4609 2048 4682 Scripsit

484 4721 615 4772 ergo
666 4706 780 4758 haec
823 4720 920 4773 per
956 4703 1179 4758 verbum
1212 4700 1447 4762 Domini,
1478 4711 1538 4754 ut
1565 4703 1802 4772 legentes
1842 4719 1960 4769 nos,
1995 4711 2049 4760 et

484 4802 728 4854 videntes
771 4805 987 4865 quantae
1031 4793 1186 4848 nobis
1235 4793 1549 4846 immineant
1589 4793 1948 4861 profectiones
1977 4797 2044 4851 ad

485 4893 590 4946 iter
620 4887 760 4957 quod
787 4886 936 4941 ducit
961 4885 1025 4939 ad
1055 4899 1302 4954 regnum,
1337 4897 1697 4952 praeparemus
1739 4898 1835 4939 nos
1863 4887 1927 4939 ad
1958 4885 2044 4938 vi-

482 4993 593 5035 tam
623 4981 784 5045 hanc,
830 4987 884 5033 et
929 4976 1332 5031 considerantes
1371 4974 1474 5027 iter
1503 4975 1643 5042 quod
1683 4976 1839 5029 nobis
1866 4976 2044 5030 immi-

483 5084 632 5138 neat,
669 5088 775 5126 non
808 5072 1048 5140 segniter
1071 5083 1171 5122 nec
1197 5067 1419 5121 remisse
1457 5066 1579 5118 vitae
1608 5075 1804 5119 nostrae
1833 5077 2040 5135 tempus

414 5167 422 5180 '
480 5167 860 5236 permittamus
898 5162 1064 5232 3'78
1121 5160 1351 5221 absumi,
1402 5172 1470 5211 ne
1512 5156 1650 5211 forte
1693 5158 1816 5210 dum
1861 5159 1915 5210 in
1958 5161 2043 5215 his

482 5259 665 5313 mundi
698 5255 1022 5309 vanitatibus
1047 5252 1157 5324 (75)
1184 5252 1556 5314 immoramur,
1599 5258 1652 5303 et
1678 5249 1901 5318 singulis
1924 5252 2043 5320 qui-

481 5351 689 5418 busque
737 5360 857 5415 quae
899 5347 965 5399 ad
995 5344 1164 5398 visum
1208 5343 1292 5395 vel
1321 5341 1586 5406 auditum,
1617 5341 1704 5394 vel
1737 5342 1897 5395 etiam
1925 5358 2044 5411 quae

553 5467 783 5522 “Num.
829 5466 1098 5532 xxxm,l.
1177 5463 1381 5520 9"Gen.
1424 5480 1567 5519 XLVI.
1621 5464 1676 5517 4.

1752 5463 1798 5495 ’⁸
1821 5463 1964 5518 Psal.
2004 5481 2090 5528 cv,
2146 5469 2234 5522 57.

2152 4441 2281 4486 tunc
2312 4432 2450 4486 forte
2473 4432 2705 4500 primum
2765 4446 2976 4484 manna:
3027 4431 3202 4484 cibum
3236 4428 3508 4484 caelestem
3542 4427 3710 4483 susci-

2153 4527 2288 4592 pies,
2318 4538 2382 4576 ac
2409 4523 2647 4592 singulas
2674 4537 2914 4592 quasque
2939 4523 3263 4577 festivitates
3290 4534 3468 4592 geres,
3502 4520 3570 4575 de
3593 4521 3710 4590 qui-

2153 4618 2254 4670 bus
2279 4617 2391 4682 jam
2439 4614 2707 4682 superius,
2745 4623 2802 4666 ut
2849 4615 3146 4682 potuimus,
3191 4614 3390 4667 dictum
3418 4620 3522 4666 est.
3563 4612 3710 4666 Scito

2155 4715 2333 4760 tamen
2360 4707 2614 4774 quoniam
2647 4714 2769 4773 post
2812 4704 2939 4757 illud
2971 4705 3167 4775 pascha
3215 4706 3357 4772 quod
3401 4706 3451 4759 in
3481 4704 3712 4774 Egypto

2154 4798 2353 4852 factum
2383 4806 2488 4861 est,
2518 4796 2683 4850 semel
2728 4797 3027 4850 invenimus
3062 4797 3113 4849 in
3147 4797 3360 4850 deserto
3390 4799 3584 4865 pascha
3615 4811 3697 4848 cu-

2151 4901 2351 4954 ratum,
2387 4905 2507 4943 cum
2550 4889 2637 4942 lex
2672 4889 2793 4942 data
2837 4899 2939 4952 est,
2994 4897 3048 4941 et
3085 4888 3249 4953 aliud,
3282 4891 3424 4943 sient
3449 4891 3705 4942 observa-

2150 4983 2328 5036 vimus
2359 4982 2410 5034 in
2449 4979 2722 5043 Numeris,
2753 4989 2871 5048 post
2898 4979 3011 5034 haec
3031 4980 3142 5049 jam
3174 4993 3437 5048 nusquam
3468 4977 3604 5048 geri,
3637 4977 3696 5029 ni

2150 5073 2194 5128 si
2226 5075 2277 5127 in
2312 5082 2454 5127 terra
2499 5072 2954 5136 repromissionis.
2977 5070 3144 5141 Igitur
3173 5072 3361 5142 quinta
3386 5072 3594 5126 decima
3622 5069 3706 5124 die

2151 5165 2354 5218 mensis
2404 5163 2586 5233 primi,
2642 5163 2888 5232 sequenti
2945 5173 3062 5230 post
3093 5161 3296 5218 Pascha
3333 5161 3441 5228 die,
3499 5162 3702 5229 quiest

2150 5256 2356 5323 primus
2386 5254 2712 5324 Azymorum
2747 5255 2883 5321 dies,
2911 5253 3135 5323 profecti
3168 5261 3290 5306 sunt
3321 5252 3413 5306 ﬁlii
3447 5251 3608 5306 Israel
3641 5252 3702 5306 de

2150 5342 2431 5410 Ramesse,
2469 5363 2488 5396 ‹
2527 5348 2578 5400 in
2607 5360 2788 5411 manu,
2821 5346 3077 5416 inquit”,
3114 5345 3353 5413 excelsa,
3388 5346 3440 5398 in
3477 5360 3700 5413 conspe-

2308 5470 2354 5502 ³⁸
2378 5469 2534 5523 Num.
2593 5487 2788 5533 xxxm,
2833 5471 2886 5525 2.
2963 5471 3007 5502 ³⁸
3037 5469 3164 5523 Luc.
3202 5484 3301 5537 xu,
3367 5468 3460 5535 18,
3486 5467 3568 5534 I9,
3613 5464 3696 5522 θα

481 5539 528 5571 ⁸³
547 5542 566 5560 ‘
593 5541 792 5608 Ephes.
821 5554 897 5601 vi,
925 5539 1010 5591 12.
1084 5537 1131 5567 ⁶⁶
1155 5535 1314 5589 Num.
1339 5550 1538 5601 xxxm,
1562 5536 1614 5590 5.
1691 5535 1734 5566 9"
1761 5533 1888 5590 Ose.
1913 5551 2022 5600 xrv,
2051 5537 2134 5592 10.
2208 5540 2252 5571 ³⁸
2277 5539 2441 5596 ICor.
2464 5557 2582 5610 xui,
2607 5542 2661 5596 9.
2735 5542 2779 5574 ⁹⁰
2806 5539 2963 5596 Num.
2989 5555 3181 5607 xxxm,
3202 5539 3254 5594 5.

551 5654 663 5719 (75)
700 5652 843 5709 Idem
870 5668 994 5720 ms.,
1030 5671 1046 5704 ι
1073 5653 1198 5708 dum
1229 5652 1281 5706 in
1307 5649 1611 5716 huiusmodi
1641 5651 1982 5708 vanitatibus.
2013 5667 2034 5700 ι
