4050 6148
367 277 476 334 78')

1493 280 1558 334 ΙΝ
1592 279 1920 336 NUMEROS
1947 278 2228 336 HOMILIA
2261 279 2474 336 XXVII.

3503 282 3603 336 790

369 405 463 447 ctu
487 392 726 447 omnium
753 392 1152 466 Egyptiornm.
1174 415 1204 449 »τ
1255 395 1384 462 Quae
1407 405 1492 450 est
1530 411 1722 452 manus
1759 396 1938 453 excel-
1965 403 2012 456 Α
2040 394 2227 450 rantis:
2250 405 2520 451 conantur
2543 397 2778 464 operari.
2807 392 2993 463 Neque
3013 395 3157 450 enim
3175 393 3290 449 sine
3317 391 3450 463 ipsis
3469 410 3607 450 eon-

369 481 476 538 ιξη
497 482 562 538 Ει
590 482 722 537 alibi
753 485 900 540 enim
930 485 1062 540 dicit
1084 486 1099 517 ¹
1135 503 1151 541 :
1197 502 1217 538 ι
1245 484 1524 540 Exaltetur
1549 501 1742 542 manus
1779 494 1867 541 tua
1889 505 1935 539 ,ι

377 573 478 628 Ubi
512 589 619 629 non
649 583 735 629 est
782 575 1079 630 humanum
1107 590 1243 645 opus
1271 591 1370 632 nec
1414 584 1709 643 terrenum,
1737 577 1828 632 sed
1861 577 1941 631 di-

373 665 587 730 vinum,
635 665 710 721 ibi
738 681 931 722 manus
973 669 1188 724 excelsa
1231 668 1560 724 nominatur.
1599 668 1704 724 Per
1748 685 1940 725 manus

370 773 607 828 namque
630 774 768 828 opus
795 760 1042 831 intelligi,
1071 777 1214 831 saepe
1238 761 1345 830 iam
1381 761 1581 816 dictum
1607 768 1708 816 est.
1741 761 1794 815 In
1823 777 1940 816 ma-

369 869 443 907 nu
469 868 598 923 ergo
621 853 856 920 excelsa,
885 853 939 907 in
975 862 1266 923 conspectu
1297 855 1534 908 omnium
1564 852 1938 926 Egyptiorum

367 945 598 1015 profecti
632 954 777 1000 sunt.
830 964 848 997 ι
895 945 962 1000 Ει
993 944 1264 1016 IEgyptii,
1309 945 1478 1014 inquit
1527 947 1570 1011 ',
1609 945 1940 1015 sepeliebant

371 1041 617 1087 mortuos
669 1045 835 1098 suos;
865 1050 884 1083 ι
933 1033 1175 1086 viventes
1210 1044 1390 1088 autem
1441 1033 1807 1101 sequebantur
1834 1031 1941 1086 Do—

371 1122 582 1177 minum
617 1121 784 1178 Deum
833 1137 1012 1178 suum.
1053 1121 1182 1178 Post
1231 1123 1346 1178 haec
1394 1123 1634 1178 dicitur’
1672 1123 1797 1190 quia
1841 1141 1860 1174 ‹
1887 1131 1942 1179 et

365 1214 426 1266 in
456 1214 562 1269 diis
586 1227 778 1270 eorum
822 1213 951 1270 fecit
983 1213 1242 1269 Dominus
1271 1215 1590 1269 vindictam.
1617 1233 1636 1268 ι
1669 1214 1774 1270 Sed
1804 1223 1858 1269 et
1886 1214 1937 1268 in

367 1301 562 1359 Exodo
607 1304 683 1358 ita
710 1305 845 1360 dicit
877 1323 892 1360 :
929 1322 948 1356 ‹
975 1304 1042 1358 Ει
1074 1305 1124 1358 in
1156 1305 1409 1360 omnibus
1431 1304 1538 1359 diis
1561 1304 1938 1376 [Egyptiorum

365 1395 536 1451 faciet
563 1396 825 1451 Dominus
870 1396 1193 1452 vindictam.
1225 1415 1244 1450 ι
1289 1395 1389 1450 Hic
1435 1405 1613 1450 autem
1646 1398 1777 1452 dicit
1813 1397 1938 1466 quia

363 1487 498 1541 fecit
529 1487 581 1540 in
603 1501 700 1543 eos
728 1487 987 1542 Dominus
1021 1488 1335 1542 vindictam.
1380 1505 1400 1537 ι
1429 1485 1567 1543 Sunt
1591 1487 1809 1557 quidam
1846 1489 1935 1557 qui

362 1578 618 1631 dicuntur
652 1577 725 1633 dii
753 1577 868 1632 sive
899 1577 949 1630 in
978 1577 1137 1642 coelo,
1171 1579 1284 1632 sive
1316 1580 1369 1632 in
1404 1588 1567 1641 terra,
1597 1596 1616 1629 ι
1651 1579 1940 1647 Apostolus

365 1667 450 1720 ait
477 1668 518 1724 ‘.
564 1668 670 1723 Sed
697 1670 828 1724 etin
858 1669 1088 1724 Psalmis
1115 1669 1315 1724 dicitur
1337 1671 1358 1701 ⁵
1392 1687 1406 1723 :
1439 1687 1457 1720 ι
1480 1668 1680 1724 Omnes
1705 1670 1776 1724 dii
1805 1684 1936 1738 gen-

366 1760 524 1826 tium,
541 1761 825 1815 daemonia.
853 1780 873 1814 ι
905 1761 1019 1816 Non
1043 1777 1174 1830 ergo
1205 1761 1516 1826 simulacra,
1543 1761 1638 1816 sed
1664 1763 1931 1820 daemones

364 1848 461 1915 qui
509 1850 821 1906 simulacris
871 1851 1132 1918 assident,
1184 1852 1316 1906 deos
1361 1853 1492 1907 dicit
1536 1853 1590 1906 in
1623 1868 1762 1923 quos
1801 1853 1933 1910 fecit

365 1941 628 1997 Dominus
659 1944 975 1998 vindictam.
1020 1945 1123 1998 Sed
1152 1943 1314 1998 velim
1344 1945 1625 2014 requirere
1663 1947 1932 2014 quomodo

366 2034 512 2088 Deus
538 2033 830 2088 vindictam
859 2034 1022 2089 faciat
1056 2035 1108 2088 in
1135 2036 1427 2101 daemones,
1457 2051 1579 2090 cum
1605 2036 1787 2104 utique
1812 2036 1932 2090 vin-

362 2123 524 2178 dictaa
551 2123 668 2179 dies
708 2133 764 2178 et
803 2124 994 2193 judicii
1043 2125 1280 2179 nondum
1338 2126 1617 2181 advenerit
1653 2126 1787 2197 (74).
1825 2125 1929 2182 Sed

363 2215 511 2270 hanc
544 2230 647 2286 ego
691 2224 820 2285 puto
855 2214 908 2268 in
940 2217 1208 2271 daemones
1240 2216 1355 2272 fieri
1387 2207 1700 2281 vindictam,
1739 2231 1858 2271 cum
1885 2216 1931 2272 is

362 2307 456 2376 qui
491 2308 558 2361 ab
611 2306 719 2362 illis
769 2307 1029 2376 deceptus
1082 2306 1261 2361 fuerat
1309 2315 1368 2360 ut
1421 2306 1560 2361 idola
1587 2305 1806 2372 coleret,
1835 2321 1932 2376 per

359 2397 586 2466 verbum
623 2397 835 2452 Domini
887 2411 1182 2452 conversus
1236 2395 1521 2450 Dominum
1560 2395 1726 2463 colit;
1759 2404 1814 2450 et
1861 2411 1931 2451 ex

361 2491 484 2558 ipso
511 2503 679 2560 opere
705 2486 1106 2555 conversionis,
1139 2486 1192 2540 in
1223 2501 1346 2541 eum
1376 2487 1611 2540 vindicta
1655 2487 1747 2558 qui
1773 2486 1932 2542 dece-

359 2591 540 2657 perat,
586 2585 769 2640 datur.
831 2583 1094 2639 Similiter
1120 2585 1164 2637 si
1197 2582 1244 2637 is
1271 2582 1362 2652 qui
1406 2597 1437 2636 a
1473 2582 1810 2637 daemonibus
1837 2583 1932 2638 de-

358 2685 551 2746 ceptus
578 2675 755 2728 fuerat
785 2676 850 2729 ad
875 2673 1271 2740 fornicandum,
1297 2683 1644 2732 convertatur
1672 2674 1739 2728 ad
1768 2674 1930 2744 pudi-

360 2767 570 2830 citiam,
603 2766 797 2836 diligat
821 2768 1144 2831 castitatem,
1187 2780 1404 2822 errasse
1427 2780 1488 2821 se
1509 2764 1725 2832 deﬂeat,
1747 2766 1928 2835 poeni-

360 2857 548 2912 tentia:
571 2856 741 2927 ipsius
768 2857 1023 2927 lacrymis
1054 2857 1230 2912 utitur
1256 2865 1312 2911 et
1357 2857 1666 2912 incenditur
1691 2859 1926 2925 daemon,

359 2955 419 3003 et
457 2948 539 3004 sic
569 2948 806 3003 vindicta
846 2949 1015 3003 datur
1051 2948 1103 3002 in
1134 2949 1469 3018 deceptionis
1493 2959 1788 3006 auctorem.
1839 2950 1928 3006 Si-

362 3042 570 3097 militer
611 3043 775 3097 etiam
823 3042 866 3096 si
901 3043 1024 3111 quis
1052 3043 1117 3096 de
1148 3043 1399 3112 superbia
1445 3043 1511 3097 ad
1539 3043 1926 3110 humilitatem,

359 3135 432 3190 de
461 3133 768 3206 profusione
795 3133 1271 3202 ad-parcimouiam
1302 3133 1508 3200 redeat,
1538 3149 1636 3205 per
1667 3137 1780 3190 haec
1809 3136 1923 3191 sin-

361 3227 486 3297 gula
517 3228 810 3294 daemones,
862 3230 954 3299 qui
1003 3244 1062 3284 se
1085 3229 1138 3283 in
1175 3229 1291 3284 haec
1316 3230 1659 3300 deceperant,
1696 3229 1932 3300 ﬂagellat

359 3327 420 3373 et
467 3321 707 3375 cruciat..
745 3320 971 3387 Quantis
1015 3335 1110 3376 eos
1161 3322 1364 3392 putatis
1411 3321 1497 3391 agi
1545 3321 1849 3384 tormentis,
1882 3319 1931 3375 si

360 3427 524 3481 quem
548 3413 784 3480 videant,
832 3415 1129 3468 secundum
1162 3414 1387 3468 verbum
1430 3414 1659 3477 Domini,
1695 3413 1929 3468 vendere

358 3503 547 3557 omnia
576 3519 672 3558 sua
720 3519 838 3573 quae
867 3505 1127 3576 possidet,
1151 3513 1206 3558 et
1241 3505 1372 3560 dare
1398 3506 1722 3574 pauperibus
1751 3515 1806 3561 et
1831 3505 1931 3560 tol-

360 3593 478 3650 lere
506 3607 724 3649 crucem
755 3611 929 3665 suam,
957 3605 1008 3651 et
1033 3597 1187 3665 sequi
1215 3595 1523 3651 Christum!
1553 3595 1726 3668 Super
1746 3599 1928 3654 omnia

359 3702 497 3739 vero
530 3688 612 3742 eis
645 3698 728 3743 est
749 3698 1140 3745 tormentorum
1172 3705 1396 3760 genera,
1441 3703 1498 3747 et
1541 3707 1706 3762 super
1735 3706 1929 3750 omnes

360 3791 577 3849 ptenas,
625 3777 674 3834 si
716 3781 876 3850 quem
912 3781 1132 3836 videant
1177 3783 1342 3836 verbo
1373 3781 1464 3836 Dei
1511 3797 1728 3852 operam
1775 3784 1924 3851 dare,

359 3869 656 3924 scientiam
681 3872 874 3926 divina:
902 3871 1036 3940 legis
1057 3880 1110 3926 et
1134 3874 1386 3943 mysteria
1411 3873 1811 3944 Scripturarum
1843 3876 1927 3931 in-

360 3960 530 4014 tentis
573 3961 766 4016 studiis
792 3963 1191 4032 perquirentem
1225 3983 1239 4019 :
1273 3965 1323 4018 in
1375 3965 1477 4020 hoc
1523 3979 1707 4020 eorum
1749 3969 1929 4024 omnis

355 4048 575 4104 ﬂamma
604 4060 711 4114 est,
741 4052 794 4106 in
818 4053 924 4108 isto
961 4064 1195 4108 uruntur
1226 4054 1498 4121 incendio,
1525 4056 1783 4124 quoniam
1809 4059 1930 4126 qui-

359 4140 484 4193 dem
536 4139 856 4209 ignorantia:
901 4142 1139 4196 tenebris
1197 4143 1462 4196 liumanas
1507 4141 1928 4198 obscuraverant

358 4243 598 4296 mentes.
623 4241 678 4286 et
724 4235 840 4288 lucc
861 4235 1239 4298 obtinuerant,
1266 4243 1324 4287 ut
1360 4233 1502 4289 Deus
1526 4236 1744 4304 quidem
1775 4234 1926 4304 ignoo

356 4331 596 4390 raretur,
621 4325 686 4378 ad
715 4325 861 4393 ipsos
898 4339 1027 4380 vero
1061 4325 1226 4380 divini
1259 4326 1438 4380 cultus
1461 4327 1637 4380 studia
1664 4327 1926 4382 transfer-

2042 495 2342 539 summatur
2363 501 2525 540 omne
2569 494 2874 554 peccatum.
2924 483 3056 541 Nam
3103 501 3224 540 eum
3279 487 3598 542 adulterium

2041 579 2162 646 quis
2187 578 2502 644 committit,
2533 592 2638 632 non
2672 587 2756 632 est
2779 575 2968 645 utique
3014 577 3133 632 sine
3179 577 3420 632 daemone
3449 593 3462 630 :
3517 577 3601 631 vel

2041 682 2160 722 cum
2191 669 2268 722 ira
2294 670 2646 724 immoderata
2674 680 2946 740 raptatur,
2971 671 3056 725 vel
3084 686 3207 725 cum
3233 670 3418 738 diripit
3465 669 3600 724 alie-

2040 771 2107 809 na
2140 766 2232 812 :et
2255 759 2345 827 qui
2391 759 2587 814 sedens
2638 761 2901 815 adversus
2949 759 3252 830 proximum
3301 774 3455 813 suum
3506 758 3603 812 de-

2043 849 2230 914 trahit,
2257 859 2309 904 et
2330 851 2617 905 adversum
2648 852 2817 905 lilium
2855 852 3045 906 matris
3101 866 3212 906 suae
3251 851 3403 919 ponit
3445 864 3602 904 scau-

2040 939 2244 1004 dalum,
2269 956 2373 995 non
2402 951 2485 997 est
2534 942 2652 996 sine
2703 943 2966 998 daemone.
3000 942 3066 996 Et
3112 941 3233 998 ideo
3291 940 3602 996 omnimodo

2041 1032 2310 1096 agendum
2339 1041 2422 1088 est
2456 1032 2630 1100 nobis,
2682 1048 2749 1088 ne
2791 1033 2934 1089 forte
2973 1033 3345 1103 Egyptiorum
3401 1033 3602 1101 primo-

2039 1120 2241 1190 genita,
2270 1121 2354 1175 vel
2382 1124 2511 1178 deos
2535 1139 2724 1178 eorum
2750 1138 2888 1193 quos
2936 1123 3192 1177 Dominus
3228 1121 3498 1191 percussit
3543 1130 3598 1174 et

2038 1213 2320 1280 exstinxit,
2348 1215 2735 1271 resuscitemus
2761 1217 2812 1269 in
2845 1215 3018 1282 nobis,
3043 1215 3087 1269 si
3116 1215 3195 1268 eis
3238 1213 3410 1268 lecum
3437 1212 3600 1266 dede-

2039 1303 2208 1358 rimus
2228 1307 2486 1374 operandi
2517 1306 2568 1360 in
2599 1307 2755 1363 nobis
2781 1321 2844 1362 ea
2867 1322 2988 1377 quae
3013 1305 3127 1360 odit
3147 1306 3308 1359 Deus.
3333 1301 3391 1357 Si
3416 1311 3598 1356 autem

2041 1396 2108 1450 ab
2135 1395 2220 1451 his
2253 1398 2509 1453 omnibus
2531 1399 2907 1454 contineamus
2941 1413 3060 1464 nos,
3091 1412 3157 1453 eo
3186 1395 3344 1451 modo
3381 1409 3486 1464 quo
3511 1408 3600 1448 su-

2040 1487 2220 1554 perius
2251 1487 2508 1555 diximus,
2562 1489 2709 1544 dedit
2749 1491 3044 1545 vindictam
3089 1489 3142 1544 in
3196 1487 3447 1542 omnibus
3495 1483 3599 1540 diis

2039 1577 2442 1650 Egyptiorum,
2470 1596 2768 1652 ptenasque
2810 1597 2878 1637 ex
2927 1590 3109 1636 nostra
3146 1578 3518 1636 emendatione
3543 1585 3598 1632 et

2041 1673 2397 1729 conversione
2428 1675 2703 1730 daemones
2729 1675 3052 1744 suscipiunt.

1965 1748 2005 1803 Β
2103 1761 2157 1818 9.
2197 1765 2563 1836 Exeuntergo
2593 1783 2661 1821 ex
2696 1765 2932 1838 Egypto
2969 1766 3065 1821 filii
3101 1765 3292 1828 Israel,
3339 1773 3393 1817 et
3430 1761 3600 1832 profi-

1954 3096 1997 3154 C

2033 1853 2298 1913 ciscentes
2336 1873 2404 1914 ex
2433 1857 2690 1915 Ramesse
2732 1860 2957 1914 veniunt
3003 1859 3056 1913 in
3107 1853 3367 1913 Socboth.
3407 1852 3604 1909 Profe-~

2031 1949 2230 2005 ctionis
2261 1951 2352 2007 hic
2376 1953 2532 2019 ordo,
2561 1963 2615 2008 et
2637 1952 2911 2008 distinctio
2939 1947 3476 2016 mansionum,.va|de
3493 1960 3593 2000 ne~

2030 2039 2270 2094 cessaria
2297 2048 2354 2095 et
2377 2042 2714 2097 observanda
2742 2051 2824 2096 est
2850 2043 2918 2096 iis
2944 2043 3036 2112 qui
3071 2049 3372 2110 sequuntur
3399 2036 3592 2099 Deum,

2028 2137 2086 2182 et
2109 2129 2178 2183 de
2203 2129 2467 2185 virtutum
2491 2130 2828 2200 profectibus
2860 2132 3125 2201 cogitant.
3151 2130 3226 2184 De
3255 2143 3362 2198 quo
3382 2157 3386 2160 -
3405 2127 3608 2183 ordine-

2031 2217 2250 2274 memini
2280 2219 2422 2288 quod
2442 2219 2555 2289 jam
2581 2229 2634 2275 et
2662 2221 2715 2274 in
2741 2221 2886 2286 aliis,
2911 2237 3033 2276 eum
3059 2219 3434 2276 aedificationis
3465 2232 3596 2272 cau-

2028 2323 2088 2364 sa
2111 2310 2292 2381 aliqua
2318 2313 2683 2383 loqueremur,
2721 2330 2840 2384 qua“.I
2880 2315 3136 2368 Dominus
3173 2314 3302 2368 dare
3343 2311 3596 2380 dignatus

2033 2407 2138 2466 est,
2171 2403 2442 2470 prosecuti
2482 2417 2689 2458 sumus.
2746 2403 2852 2459 Sed
2893 2411 2949 2458 et
2972 2418 3112 2458 nunc
3163 2402 3348 2473 paucis
3397 2400 3592 2456 iterum

2029 2493 2319 2548 orantibus
2356 2495 2514 2550 vobis
2563 2495 3051 2550 commonebimus.
3109 2493 3198 2548 Fit
3253 2507 3382 2563 ergo
3419 2489 3592 2560 prima

2029 2582 2296 2652 profectio
2320 2600 2388 2641 ex
2421 2585 2702 2652 Ramesse,
2730 2597 2784 2642 et
2815 2587 2931 2641 sive
2966 2590 3032 2642 de
3063 2587 3168 2641 ltoc
3197 2586 3395 2640 mundo
3413 2583 3594 2638 anima

2029 2675 2384 2744 proficiscens
2417 2679 2483 2733 ad
2503 2678 2738 2734 futurum
2761 2673 3014 2734 saeculum
3043 2678 3239 2748 pergit,
3267 2676 3382 2731 sive
3411 2674 3480 2730 ab
3508 2690 3596 2729 er-

2031 2767 2243 2822 roribus
2273 2769 2396 2823 vita:
2425 2770 2492 2823 ad
2518 2769 2662 2824 viam
2704 2771 2926 2825 virtutis
2951 2778 3007 2825 et
3051 2769 3339 2840 agnitionis
3363 2782 3593 2823 conver-

2032 2856 2182 2920 titur,
2207 2873 2271 2912 ex
2305 2858 2561 2915 Ramesse
2594 2860 2976 2929 proficiscitur.
3029 2857 3288 2914 Ramesse
3343 2857 3489 2912 enim
3535 2857 3620 2910 in-

2029 2959 2214 3005 nostra
2243 2950 2424 3022 lingua
2444 2952 2641 3008 dicitur
2662 2954 2945 3007 commotio
2977 2951 3214 3014 turbida,
3243 2949 3330 3005 vel
3359 2963 3589 3003 commo-

2030 3043 2103 3096 tio
2125 3042 2277 3099 tinea:
2303 3045 2437 3115 (75).
2464 3042 2519 3099 In
2547 3059 2653 3115 quo
2679 3046 2870 3115 utique
2901 3044 3227 3106 ostenditur,
3250 3041 3391 3112 quod
3409 3040 3590 3096 omnia

2032 3135 2085 3189 in
2123 3134 2225 3190 hoc
2251 3138 2450 3192 mundo
2476 3136 2530 3192 in
2565 3136 3022 3192 commotionibus
3073 3143 3130 3191 et
3175 3132 3596 3204 perturbationi-

2030 3221 2130 3277 bus
2154 3225 2327 3294 posita
2351 3236 2497 3292 sunt,
2526 3227 2658 3282 etin
2697 3225 3006 3296 corruptela
3038 3242 3051 3278 :
3100 3225 3205 3281 hoc
3253 3224 3398 3280 enim
3449 3225 3623 3277 tinea.

2031 3314 2250 3370 indicat.
2289 3315 2346 3371 ln
2392 3317 2594 3387 quibus.
2631 3331 2738 3372 non
2781 3325 2997 3387 oportet
3045 3316 3282 3371 residere
3332 3313 3590 3376 animam,

2029 3407 2123 3462 sed
2154 3407 2444 3476 proficisci,
2476 3417 2531 3462 et
2554 3409 2742 3464 venire
2770 3410 2821 3462 in
2847 3408 3107 3464 Socboth.
3141 3407 3383 3462 Socboth
3409 3416 3619 3460 autem~

2030 3497 2419 3570 interpretatur
2444 3501 2790 3556 tabernacula
2815 3499 2953 3574 (76).
2981 3499 3151 3570 Igitur
3173 3500 3381 3569 primus
3397 3500 3614 3554 animar

2029 3591 2303 3658 profectus
2327 3602 2410 3648 est
2431 3601 2490 3647 ut
2517 3593 2798 3648 auferatur
2816 3608 2846 3647 a
2874 3591 3239 3648 commotione
3267 3599 3504 3651 terrena,
3532 3597 3592 3643 et

2028 3683 2287 3739 sciatsibi
2324 3692 2580 3755 tanquam
2609 3685 2979 3756 peregrinanti
3003 3683 3056 3737 in
3088 3682 3453 3738 tabernaculis
3491 3681 3592 3734 ha-

2026 3776 2328 3843 bitandum,
2353 3792 2462 3847 quo
2486 3777 2634 3832 velut
2662 3778 2716 3832 in
2774 3777 3054 3845 procinctu
3104 3777 3279 3846 posita
3335 3775 3592 3831 adversus

2029 3866 2346 3922 insidiantes
2390 3869 2638 3935 expedita
2697 3881 2990 3923 occurrere
3060 3866 3233 3936 possit
3285 3873 3340 3920 et
3395 3864 3587 3920 libera.

2027 3961 2156 4016 Inde
2171 3962 2282 4032 jam
2314 3961 2402 4016 ubi
2431 3976 2489 4016 se
2519 3961 2685 4016 sentit
2709 3973 2832 4014 esse
2879 3966 3258 4029 praeparatam,
3293 3955 3592 4026 proﬁcisci-

2026 4059 2116 4107 tur
2148 4068 2214 4108 ex
2245 4051 2482 4108 Socboth
2523 4061 2578 4107 et
2605 4051 2842 4122 applicat
2869 4051 2923 4105 in'
2955 4049 3191 4106 Butban.
3234 4050 3443 4106 Butban
3466 4065 3591 4104 con-

2025 4142 2175 4199 vallis
2199 4144 2499 4213 appellatur
2529 4143 2664 4215 (77).
2700 4143 2969 4199 Virtutum
3002 4143 3239 4197 diximus
3263 4145 3318 4198 in
3344 4143 3430 4197 his
3467 4153 3591 4196 esse

2026 4233 2351 4303 profectum.
2419 4235 2604 4291 Virtus
2655 4250 2764 4291 non
2824 4234 2930 4288 nisi
2971 4236 3252 4290 exercitiis
3302 4243 3358 4290 et
3407 4233 3590 4288 labore

2027 4326 2387 4394 conquiritur.
2421 4340 2521 4380 nec
2553 4334 2766 4380 tantum
2799 4326 2852 4380 in
2880 4326 3177 4396 prosperis,
3225 4333 3484 4395 quantum
3531 4325 3587 4378 in

357 4425 569 4473 rentur.
595 4417 725 4483 Quae
750 4427 906 4487 putas
931 4418 984 4471 in
1011 4415 1131 4472 illos
1157 4416 1394 4471 vindicta
1419 4417 1598 4482 datur,
1625 4431 1745 4486 quae
1767 4417 1926 4471 infer-
1955 4431 2000 4488 ι)
2029 4416 2270 4470 adversis
2296 4415 2573 4486 probatur.
2609 4415 2835 4470 Venitur
2861 4415 2927 4468 ad
2982 4415 3304 4471 convallem.
3353 4413 3408 4468 ln
3457 4427 3589 4468 con-

358 4520 452 4564 tur
471 4509 550 4563 eis
575 4509 788 4564 flamma
813 4523 1242 4579 pmnarumcttm
1267 4509 1451 4563 vident
1474 4509 1586 4563 haec
1604 4510 1803 4565 lumine
1827 4526 1920 4567 ve-

359 4601 537 4655 ritatis
563 4601 783 4671 aperiri,
810 4611 865 4656 et
883 4600 1090 4656 fraudis
1103 4615 1214 4656 suae
1234 4599 1458 4655 nebulas
1482 4615 1580 4670 per
1594 4601 1919 4670 agnitionem

357 4691 494 4763 legis
523 4692 718 4747 divinae
739 4693 1009 4748 reserari?
1032 4692 1318 4748 Possident
1341 4692 1484 4747 enim
1505 4701 1734 4748 cunctos
1758 4693 1849 4763 qui
1867 4693 1920 4748 in

356 4785 665 4854 ignorantia
696 4784 890 4838 vivunt
919 4801 933 4839 :
971 4794 1028 4840 et
1053 4799 1159 4840 non
1179 4783 1355 4839 solum
1387 4783 1510 4838 illos
1535 4785 1625 4854 qui
1654 4784 1830 4840 adhuc
1865 4785 1918 4840 in

357 4877 662 4942 ignorantia
694 4884 841 4944 sunt,
882 4877 977 4931 sed
1003 4877 1252 4946 ingerunt
1276 4889 1335 4928 se
1365 4889 1509 4943 saepe
1533 4876 1697 4930 etiam
1729 4875 1794 4930 iis
1827 4877 1919 4946 qui

354 4966 522 5038 379
543 4976 880 5037 agnoverunt
902 4968 1090 5030 Deum,
1118 4973 1174 5020 et
1197 4979 1386 5021 rursus
1416 4966 1468 5020 in
1495 4966 1563 5021 iis
1583 4981 1744 5037 opera
1770 4968 1920 5037 igno-

2028 4503 2254 4560 vallibus
2303 4514 2484 4560 autem
2529 4516 2586 4561 et
2629 4507 2682 4560 in
2739 4506 3084 4563 inferioribus
3135 4505 3268 4561 locis
3313 4513 3588 4560 certamen

2030 4596 2262 4651 habetur
2294 4597 2554 4652 adversus
2594 4595 2864 4652 diabolum
2918 4606 2974 4652 et
3002 4596 3308 4652 contrarias
3351 4605 3592 4666 potesta-

2029 4699 2131 4745 tes.
2159 4690 2214 4745 ln
2240 4689 2471 4746 convalli
2495 4705 2628 4761 ergo
2658 4705 2793 4758 agon
2815 4692 3083 4761 gerendus
3103 4702 3205 4756 est,
3243 4700 3298 4747 et
3341 4693 3398 4746 in
3453 4706 3588 4746 con-

2031 4783 2154 4838 valli
2187 4783 2528 4854 pugnandum
2558 4793 2663 4840 est.
2695 4783 2934 4854 Denique
2957 4796 3014 4839 et
3038 4785 3311 4840 Abraham
3343 4783 3397 4838 in
3451 4782 3606 4837 valle'

2027 4875 2330 4928 Salinarum
2358 4875 2612 4945 pugnavit
2659 4874 2944 4930 adversum
2998 4874 3261 4929 barbaros
3320 4889 3500 4944 reges,
3532 4881 3600 4928 et

2027 4966 2098 5022 ibi
2130 4967 2410 5021 victoriam
2437 4976 2760 5032 consecutus
2789 4975 2874 5021 est
2899 4965 2941 5020 ⁸.
2973 4965 3262 5022 Descendit
3309 4980 3444 5034 ergo
3471 4968 3586 5019 via-

427 5082 445 5114 ί
470 5081 612 5136 Psal.
639 5080 809 5146 3,12.
885 5085 908 5116 ⁸
928 5078 1087 5136 Num.
1113 5093 1311 5143 χχχιιι,
1336 5077 1390 5137 4.
1464 5078 1486 5110 ³
1513 5079 1641 5135 ibid.
1693 5079 1714 5110 "
1740 5079 1757 5133 l
1781 5080 1903 5136 Cor.
1927 5099 1929 5103 π

2032 5121 2046 5147 ,
2075 5080 2127 5136 5.
2179 5081 2201 5114 ⁸
2226 5079 2367 5136 Psal.
2393 5095 2538 5147 nm,
2560 5082 2614 5137 5.
2689 5082 2711 5114 ⁸
2729 5080 2868 5138 Gen.
2899 5097 3010 5136 xw.

424 5189 672 5278 (fl-9.34:4
700 5191 860 5278 velim
883 5189 1446 5278 requirere’quomodo
1469 5193 1916 5278 Deusvindicta‘m
2023 5195 2112 5249 dix
2148 5203 2362 5278 est‘pp
2408 5215 2428 5250 r
2459 5198 2613 5264 texit,
2673 5198 2918 5264 obtexit,
2977 5217 2997 5250 ι
3047 5168 3191 5252 unde
3226 5209 3337 5259 mo
3377 5215 3396 5250 ι
3427 5206 3587 5268 tugu-

357 5261 518 5330 {ac‘iat
546 5263 601 5314 in
629 5261 910 5325 daemones,
949 5261 1280 5331 cttmitttiqueg
1305 5264 1547 5317 uindicta:
1570 5265 1678 5316 dies
1701 5275 1746 5316 et
1765 5262 1917 5331 judi-

355 5329 424 5384 εει
470 5331 702 5403 nondum
741 5331 1026 5403 advenerit.
1070 5330 1203 5386 Vide
1247 5329 1686 5403 Origem'anorum
1737 5329 1829 5386 lib.
1858 5349 1919 5398 ιι,

355 5411 548 5471 quaret.
575 5402 628 5463 5,
662 5417 810 5455 num.
838 5401 927 5455 22.

427 5493 540 5566 (75)
572 5490 970 5566 Ramesseenim
1001 5494 1055 5546 in
1079 5504 1255 5548 nostra
1276 5493 1675 5566 Iingqudt’citur
1695 5508 1920 5545 commo-

357 5562 448 5615 tio'
479 5563 714 5624 turbida,
763 5562 837 5615 vel
883 5568 1158 5617 commotio
1206 5562 1378 5618 tinem.
1428 5563 1688 5616 Nimirum
1737 5577 1764 5614 a
1801 5572 1920 5624 DY“!

362 5649 384 5684 ε
415 5632 765 5694 commoveri,
802 5632 1098 5699 percellim
1131 5644 1184 5688 et
1221 5645 1299 5693 DD
1332 5652 1349 5683 ε
1381 5635 1546 5696 tinea,
1572 5633 1756 5685 blatta.
1790 5651 1808 5683 ›

429 5701 544 5773 (76)
576 5702 804 5758 Sochoth
837 5712 1009 5757 autem
1035 5703 1407 5772 interpretatur
1431 5701 1919 5758 taberttocufa.Ra-

2021 5289 2187 5357 rium,
2211 5290 2636 5357 tabernaculum,
2667 5309 2684 5341 ι
2717 5300 2770 5344 et
2801 5293 2854 5344 in
2886 5288 3077 5359 plurali
3111 5299 3248 5350 n'tzo
3282 5309 3301 5343 ι
3333 5291 3587 5346 taberna-

2021 5361 2439 5500 ωέἓῂίΒιιιΙιαη
2461 5428 2714 5484 convallis
2739 5427 3053 5500 appellatur.
3078 5425 3170 5500 Ill
3195 5429 3423 5485 Hebraeo
3451 5429 3586 5499 legi-

2025 5497 2113 5570 tur
2153 5510 2320 5559 una:
2369 5517 2390 5551 t
2427 5501 2478 5554 in
2505 5500 2719 5554 Etbam.
2751 5497 2985 5570 [Apud
3033 5497 3173 5570 LXX
3220 5501 3414 5569 legitur
3462 5497 3588 5570 pau-

2024 5567 2330 5694 earnm,
2381 5584 2480 5627 cur
2516 5589 2535 5622 σ
2573 5568 2840 5625 convallis
2877 5567 2896 5620 ὑ
2939 5569 3198 5638 appellari
3241 5567 3432 5639 possit,
3464 5567 3581 5626 'non

2024 5654 2198 5696 vueo.
