4050 6148
566 315 668 374 ’191

2054 284 2375 342 ORJGENIS
3681 271 3767 328 792

568 442 662 493 tor
689 435 778 490 hic
809 444 993 487 noster
1016 431 1084 485 ad
1115 446 1210 485 eos
1242 427 1330 497 qui
1374 427 1428 480 in
1460 419 1747 495 profundis
1797 422 1925 472 sunt
1978 421 2032 467 et
2093 409 2144 461 in
2174 409 2223 466 Α
2245 405 2493 497 iacentes
2533 401 2599 456 ad
2630 400 2779 456 littus
2809 398 2998 453 maris.
3040 394 3200 497 Cum.
3228 402 3424 497 autem.
3462 392 3643 497 vide-ris
3675 408 3765 497 eos

573 527 720 589 imis,
745 541 851 581 non
884 534 941 578 ut
965 524 1037 577 ibi
1063 524 1397 585 demoretur,
1416 518 1510 573 sed
1540 526 1598 570 ut
1623 514 1693 569 ibi
1718 510 1997 565 victoriam
2016 519 2146 559 eon-

572 625 848 686 sequatur.
888 612 1120 668 Profecti
1156 621 1284 666 sunt
1307 621 1487 664 autem
1521 624 1587 662 ex
1614 604 1847 667 Buthan,
1887 611 1942 656 et
1969 597 2144 668 appli-

576 715 805 761 cuerunt
831 707 898 760 ad
926 720 988 759 os
1020 703 1186 759 Iroth.
1220 700 1366 757 lroth
1402 702 1544 754 vicus
1588 699 1977 765 interpretatur
2005 686 2143 760 ('78).

571 797 815 852 Nondum
878 797 1022 851 enim
1082 794 1305 849 venitur
1367 793 1434 847 ad
1485 791 1800 851 civitatem,
1863 797 1963 838 nec
2021 793 2143 850 qua:

571 888 811 959 perfecta
867 897 994 943 sunt
1042 887 1154 956 jam
1211 895 1499 947 tenentur,
1556 881 1648 937 sed
1696 878 1909 933 interim
1966 873 2142 944 primo

569 995 734 1050 parva
765 994 994 1049 quaeque
1017 978 1323 1049 capiuntur.
1389 974 1488 1029 Hic
1517 982 1599 1029 est
1644 971 1788 1027 enim
1841 966 2140 1039 profectus,

569 1082 686 1126 uta
713 1072 894 1139 parvis
925 1071 992 1126 ad
1050 1086 1239 1139 magna
1284 1068 1554 1123 veniatur.
1608 1066 1834 1122 Venitur
1882 1075 2014 1132 ergo
2064 1057 2132 1113 ad

567 1163 867 1228 lroth,hoe
900 1173 985 1217 est
1028 1163 1094 1216 ad
1152 1162 1450 1231 ingressum
1507 1159 1741 1229 primum
1798 1155 1925 1219 vici,
1995 1151 2139 1223 quod

568 1256 889 1310 estinitium
925 1253 1357 1310 conversationis
1382 1292 1397 1315 ,
1453 1262 1506 1308 et
1545 1249 1886 1305 abstinentia:
1934 1246 2139 1300 rnedio-

569 1345 700 1399 cris.
744 1344 1058 1399 Periculosa
1114 1356 1198 1398 est
1254 1357 1487 1412 namque
1520 1342 1572 1395 in
1626 1340 1798 1394 initiis
1828 1336 2052 1408 grandis
2083 1343 2139 1390 et

568 1435 923 1491 immoderata
947 1436 1296 1491 abstinentia.
1343 1435 1489 1490 lroth
1517 1440 1696 1488 autem
1724 1431 1839 1484 haec
1858 1429 2030 1498 posita
2054 1436 2139 1482 est

565 1536 755 1584 contra
780 1528 1137 1600 Beelsephon,
1158 1539 1214 1586 et
1235 1540 1424 1585 contra
1450 1527 1774 1600 Magdalum.
1799 1525 2137 1595 Beelsephon

566 1621 960 1691 interpretatur
1014 1622 1254 1677 ascensio
1315 1621 1557 1690 speettiws
1618 1619 1733 1675 Sive
1778 1620 1945 1673 ium-3
1997 1615 2130 1689 (79)-

561 1711 608 1765 Α
666 1712 848 1781 parvis
908 1723 1042 1781 ergo
1103 1710 1415 1766 ascenditur
1474 1709 1543 1763 ad
1608 1721 1841 1776 magna,
1894 1716 1950 1760 et
1992 1719 2132 1759 non-

562 1805 688 1859 dum
721 1803 774 1857 in
806 1804 918 1872 ipsa
944 1803 1184 1873 specula,
1212 1801 1309 1858 sed
1352 1810 1539 1856 contra
1590 1798 1899 1870 speculam,
1938 1797 1991 1852 id
2047 1806 2131 1851 cst

563 1896 618 1951 in
647 1905 936 1965 conspectu
968 1894 1200 1965 speculae
1227 1879 1398 1964 posita
1425 1901 1530 1949 est.
1562 1891 1846 1963 Speculari
1871 1890 2016 1946 enim
2054 1890 2131 1944 in-

562 1988 715 2056 cipit,
750 1997 804 2043 et
830 1987 1149 2056 prospicere
1193 2001 1344 2056 spem
1395 1984 1631 2040 futuram
1681 1992 1737 2040 et
1787 1982 2131 2038 altitudinem

561 2077 899 2148 profectuum
937 2076 1316 2148 contemplari,
1342 2085 1398 2131 et
1432 2076 1687 2148 paulatim
1737 2076 1955 2142 crescit,
2000 2075 2127 2129 dum

563 2171 683 2237 plus
718 2185 814 2241 spe
864 2171 1104 2225 nutritur
1142 2185 1303 2240 quam
1348 2170 1626 2226 laboribus
1669 2169 1948 2239 fatigatur.
1998 2167 2130 2234 Qute

557 2264 742 2328 statio,
771 2262 887 2318 sive
907 2263 1117 2319 mansio
1146 2272 1334 2318 contra
1365 2262 1667 2334 Magdalum
1722 2273 1827 2325 est,
1882 2263 2126 2315 nondum

561 2356 612 2409 in
654 2355 771 2424 ipso
828 2353 1096 2424 Magdalo.
1152 2355 1456 2425 Magdalum
1528 2356 1674 2410 enim
1735 2354 2129 2424 magniﬁcentia

559 2445 762 2502 dicitur
797 2446 934 2515 (80).
963 2447 1183 2503 Habens
1207 2462 1338 2515 ergo
1367 2448 1420 2503 in
1447 2458 1741 2517 conspectu
1770 2457 1825 2501 et
1853 2449 2129 2502 ascensio-

557 2552 678 2591 nem
709 2538 964 2606 specula,
992 2549 1047 2594 et
1084 2540 1541 2609 magniﬁcentiam
1584 2554 1765 2593 rerum
1795 2537 2123 2601 futurarum,

556 2625 781 2693 spebus,
806 2636 863 2681 ut
898 2628 1167 2692 diximus,
1203 2627 1514 2697 ingentibus
1556 2629 1801 2698 pascitur
1848 2637 1905 2683 et
1955 2630 2128 2682 nutri-

557 2726 665 2773 tur.
696 2716 754 2773 ln
781 2719 1203 2789 profectionibus
1232 2720 1377 2775 enim
1408 2730 1528 2787 est,
1562 2735 1672 2776 non
1706 2721 1757 2775 in
1791 2720 2128 2791 perfectione

546 2809 661 2878 jam
697 2810 893 2879 posita.

620 2898 709 2954 it).
732 2898 861 2956 Post
894 2902 1008 2956 haec
1033 2901 1452 2971 proﬁciscuntur
1478 2903 1543 2957 de
1573 2900 1740 2968 lroth,
1763 2912 1819 2959 et
1843 2913 2127 2959 transeunt

552 3008 646 3062 per
682 2992 916 3048 medium
958 2994 1126 3048 maris
1150 2994 1343 3062 Rubri,
1376 3006 1431 3052 et
1451 2995 1832 3065 applicuerunt
1863 2998 1931 3052 ad
1970 3014 2122 3053 ama-

551 3082 835 3139 ritudines.
866 3082 1113 3137 Diximus
1140 3093 1349 3154 tempus
1369 3083 1737 3154 profectuum,
1765 3093 1976 3154 tempus
2006 3099 2125 3139 esse
2152 3115 2198 3174 ο

553 3173 1132 3243 periculorum.Quam
1190 3175 1412 3231 molesta
1451 3175 1679 3231 lentatio
1731 3176 1966 3230 transire
2028 3191 2126 3246 per

559 3266 798 3320 medium
832 3281 1004 3322 mare.
1038 3266 1221 3322 videre
1250 3267 1445 3324 ﬂuctus
1468 3269 1520 3323 in
1545 3268 1816 3323 cumulum
1856 3283 2121 3334 crescere,

552 3357 744 3413 audire
772 3359 1041 3414 undarum
1074 3357 1463 3415 insanientium
1508 3374 1673 3415 voces
1721 3370 1775 3415 et
1810 3360 2073 3430 strepitus
2104 3378 2120 3416 :

549 3451 644 3506 sed
672 3461 852 3507 tamen
891 3451 934 3506 si
963 3451 1213 3522 sequaris
1251 3450 1496 3524 Moysen,
1532 3451 1584 3505 id
1646 3461 1732 3507 est
1783 3451 1956 3523 legem
2002 3452 2121 3520 Dei,

550 3557 706 3612 aquae
738 3544 831 3598 tibi
861 3560 1050 3600 murus
1077 3546 1302 3600 dextera
1353 3545 1597 3616 ltevaque
1637 3548 1788 3612 ﬁent,
1822 3556 1877 3602 et
1907 3547 2012 3602 iter
2042 3550 2124 3602 in-

554 3634 737 3690 venies
765 3650 863 3704 per
889 3637 1095 3691 siccum
1134 3638 1185 3690 in
1220 3636 1399 3693 medio
1436 3637 1595 3691 mari.
1627 3634 1735 3694 Sed
1778 3650 1833 3693 et
1865 3639 1992 3694 illud
2021 3639 2123 3693 iter

550 3726 771 3782 cceleste
806 3727 952 3797 quod
982 3744 1144 3800 agere
1177 3730 1407 3785 dicimus
1425 3728 1685 3795 animam,
1717 3739 1896 3801 potest
1923 3731 2037 3786 ﬁeri
2064 3740 2123 3785 ut

553 3814 751 3871 habeat
781 3817 984 3889 aliquid
1017 3835 1280 3889 aquarum
1303 3859 1320 3885 ,
1350 3831 1529 3890 potest
1572 3820 1692 3876 fieri
1726 3831 1784 3876 ut
1838 3822 1909 3878 ibi
1967 3823 2121 3878 inve-

550 3909 772 3963 niantur
799 3911 955 3965 nuda:
980 3931 995 3978 ;
1024 3923 1109 3969 est
1140 3915 1285 3968 enim
1321 3915 1396 3970 ibi
1436 3929 1566 3985 pars
1615 3914 1794 3985 aliqua
1832 3931 2119 3986 aquarum,

546 4008 600 4051 et
624 4013 753 4068 pars
800 4000 979 4071 aliqua
1032 4003 1134 4058 sub
1181 4003 1351 4067 ctelo;
1396 4014 1451 4058 et
1508 4019 1606 4059 nos
1650 4004 1868 4060 interim
1928 4008 2119 4061 harum

549 4103 672 4158 qua:
727 4090 827 4144 sub
880 4090 1020 4146 ctelo
1087 4102 1212 4147 sunt
1275 4109 1534 4163 aquarum
1593 4096 1765 4151 undas
1818 4095 2121 4168 ﬂuctusque

548 4179 872 4248 perferimus
908 4199 924 4238 :
964 4184 1108 4238 Deus
1164 4185 1364 4238 viderit
1393 4185 1436 4239 si
1488 4185 1595 4240 illa;
1641 4187 1840 4257 quietae
1901 4199 2026 4243 sunt
2065 4199 2122 4245 et

549 4272 798 4339 placidte,
837 4288 939 4328 nec
972 4274 1245 4344 aliquibus
1276 4276 1448 4331 ventis
1489 4275 1748 4333 ﬂantibus
1785 4281 2114 4335 excitantur.

547 4363 653 4418 Sed
690 4380 791 4421 nos
818 4366 1060 4431 interim,
1095 4381 1220 4421 cum
1249 4369 1558 4425 venerimus
1598 4371 1665 4426 ad
1692 4373 1978 4426 transitum
2007 4390 2119 4427 ina-

2241 494 2507 565 jacentes,
2547 500 2601 548 tu
2628 505 2861 562 exsurge
2888 499 2942 544 et
2990 496 3150 542 canta
3188 486 3243 541 in
3280 485 3508 540 canticis
3555 485 3763 552 Domino,

2245 597 2296 643 et
2327 582 2573 641 collauda
2609 599 2731 638 eum
2772 583 2864 653 qui
2896 595 3092 651 equum
3127 587 3181 634 et
3215 592 3557 633 ascensorem
3587 580 3765 634 demer-

2244 682 2316 734 sit
2348 680 2399 732 in
2435 677 2678 732 Rubrum
2720 689 2891 731 mare.
2935 672 3473 744 Applicueruntergo
3498 671 3558 723 ad
3607 673 3767 726 amari-

2246 771 2478 825 tudines.
2513 769 2752 824 Audiens
2800 766 3196 821 amaritudines
3237 779 3344 819 non
3389 777 3766 832 pavescas,ne-

2241 877 2348 933 que
2380 861 2659 916 terrearis.
2697 878 2716 912 ‹
2740 858 2929 915 Omnis
2974 858 3119 914 enim
3157 856 3398 911 eruditio
3456 854 3521 908 ad
3571 869 3766 924 presens

2242 964 2349 1005 non
2383 949 2599 1003 videtur
2625 946 2799 1001 dulcis
2834 959 2956 1001 esse
2978 986 2993 1011 ,
3025 945 3121 999 sed
3169 957 3382 995 amara.
3439 938 3635 1014 Postea.
3663 954 3767 995 vero

2241 1041 2476 1098 fructum
2509 1039 2878 1095 dulcissimum
2930 1047 2985 1093 et
3028 1034 3439 1107 pacatissimum
3497 1032 3768 1088 exercitatis

2240 1150 2338 1204 per
2369 1134 2721 1203 semetipsam
2754 1131 2929 1186 reddit
2951 1130 3182 1199 iustitia:
3206 1128 3249 1192 ⁷,
3291 1146 3310 1179 ι
3341 1127 3482 1180 sicut
3517 1124 3769 1194 Apostolus

2239 1231 2422 1283 docet.
2456 1226 2696 1296 Denique
2725 1235 2782 1280 et
2826 1238 3019 1292 azyma
3070 1235 3194 1276 cum
3258 1216 3615 1273 amaritudine
3652 1218 3768 1273 vesci

2241 1318 2630 1395 prtecipiuntur
2658 1336 2673 1371 :
2704 1332 2805 1372 nec
2832 1324 2917 1371 est
2958 1313 3216 1386 possibile
3264 1310 3551 1382 pervenire
3582 1309 3641 1362 ad
3678 1318 3766 1362 ter-

2240 1428 2354 1467 ram
2386 1408 2842 1479 repromissionis,
2869 1409 2970 1463 nisi
3019 1422 3113 1478 per
3144 1405 3538 1462 amaritudines
3567 1411 3769 1458 transea-

2239 1515 2378 1555 mus.
2430 1498 2583 1555 Sicut
2642 1497 2786 1553 enim
2856 1498 3051 1552 medici
3112 1489 3766 1562 amaritudines'quasdsm

2238 1591 2646 1648 medicamentis
2672 1590 2922 1644 inserunt
2951 1588 3145 1643 salutis
3173 1594 3465 1657 prospectu
3506 1593 3559 1640 et
3601 1585 3767 1640 sanita-

2239 1686 2310 1741 tis
2330 1684 2699 1756 languentium
2732 1722 2748 1749 ,
2787 1683 2861 1737 ita
2885 1692 2941 1738 et
2986 1681 3178 1736 salutis
3219 1688 3506 1751 prospectu
3555 1679 3765 1733 medicos

2239 1776 2543 1830 animarum
2572 1784 2885 1830 nostrarum
2924 1772 3322 1827 amaritudines
3354 1785 3452 1826 nos
3485 1769 3601 1824 vitae
3638 1768 3768 1833 hujus

2238 1868 2407 1922 voluit
2438 1866 2551 1936 pati
2593 1867 2648 1921 in
2706 1864 2938 1921 diversis
2983 1864 3412 1926 tentationibus,
3463 1861 3631 1916 sciens
3666 1858 3767 1927 quia

2240 1961 2364 2016 ﬁnis
2390 1961 2549 2032 hujus
2572 1959 2955 2014 amaritudinis
2995 1958 3190 2013 animas
3221 1967 3425 2013 nostras
3472 1954 3765 2010 dulcedinem

2237 2054 2429 2110 salutis
2458 2053 2705 2123 acquirat
2742 2066 2757 2104 :
2789 2052 2932 2108 sicut
2964 2061 3019 2107 et
3064 2049 3378 2106 econtrario
3411 2047 3530 2103 ﬁnis
3568 2046 3768 2100 dulcedi-

2238 2148 2320 2201 nis
2350 2160 2471 2216 quae
2494 2153 2579 2201 est
2611 2144 2663 2199 in
2690 2143 2970 2215 voluptate
3007 2156 3298 2213 corporea,
3338 2149 3398 2195 ut
3433 2137 3605 2194 divitis
3650 2136 3767 2193 illius

2235 2236 2485 2308 exempla
2525 2239 2848 2303 docuerunt,
2881 2249 3129 2289 amarum
3155 2234 3325 2288 linem
3360 2232 3533 2288 reddit
3556 2230 3605 2285 in
3631 2228 3769 2282 infer-

2236 2346 2363 2388 num
2408 2344 2714 2401 poenarum.
2747 2328 2827 2384 Tu
2863 2342 2993 2396 ergo
3033 2326 3125 2397 qui
3163 2326 3273 2381 iter
3317 2323 3531 2379 virtutis
3572 2321 3762 2388 incedis,

2237 2442 2340 2480 non
2383 2424 2622 2494 refugias
2653 2421 2924 2493 applicare
2946 2420 3012 2475 ad
3050 2418 3464 2474 amaritudines.
3488 2414 3766 2472 Proﬁcisce-

2235 2521 2311 2573 ris
2338 2518 2484 2572 enim
2516 2528 2570 2572 et
2592 2516 2737 2581 inde,
2767 2517 2910 2571 sicut
2931 2524 2986 2568 et
3014 2512 3107 2568 ﬁlii
3133 2512 3324 2569 Israel.

2304 2617 2391 2672 Μ.
2424 2635 2443 2669 ‹
2476 2613 2712 2671 Profecti
2747 2622 2893 2678 sunt,
2927 2611 3104 2681 inquit
3129 2610 3172 2676 ⁸,
3197 2611 3269 2665 de
3321 2605 3682 2671 amaritudine,
3719 2611 3764 2655 et

2234 2718 2502 2765 venerunt
2528 2709 2582 2762 in
2606 2705 2803 2761 Helim.
2837 2723 2856 2754 ι
2896 2703 3071 2758 Helim
3097 2711 3203 2769 est,
3236 2702 3329 2756 ubi
3361 2711 3484 2756 sunt
3520 2695 3760 2753 duodecim

2232 2803 2411 2858 fontes
2437 2814 2722 2872 aquarum,
2758 2806 2814 2854 et
2842 2796 3186 2867 septuaginta
3206 2794 3331 2850 duae
3358 2794 3571 2850 arbores
3589 2788 3764 2859 palma-

2232 2911 2375 2951 rum.
2400 2894 2564 2950 Vides
2592 2902 2713 2963 post
2752 2891 3166 2955 amaritudines,
3197 2900 3323 2959 post
3343 2887 3643 2959 asperitates
3665 2891 3764 2934 teu-

2233 2988 2522 3052 tationum,
2559 3001 2721 3057 quam
2757 2994 2810 3041 te
2858 2997 3071 3041 amoena
3126 2982 3437 3052 suscipiunt
3495 2978 3623 3033 loca.
3664 2970 3759 3026 Non

2232 3081 2477 3136 venisses
2506 3081 2572 3135 ad
2596 3078 2826 3150 palmas,
2863 3079 2963 3133 nisi
2995 3076 3358 3132 tentationum
3414 3066 3760 3128 amaritudincs

2233 3173 2547 3237 pertulisses
2571 3213 2588 3239 ,
2623 3186 2722 3227 nec
2751 3171 2997 3226 venisses
3024 3170 3089 3224 ad
3140 3168 3485 3224 dulcedinem
3541 3160 3757 3217 fontium,

2231 3265 2336 3321 nisi
2364 3267 2514 3338 prius
2546 3279 2668 3335 quae
2694 3263 2872 3319 tristia
2909 3260 3125 3316 fuerant
3153 3268 3208 3315 et
3232 3273 3427 3330 aspera
3447 3260 3756 3338 superassest

2231 3373 2337 3414 non
2365 3337 2597 3428 quojam
2629 3355 2754 3410 ﬁnis
2785 3357 2857 3410 sit
2917 3354 2970 3408 in
3014 3353 3099 3407 his
3147 3352 3386 3413 itineris,
3446 3357 3499 3403 et
3535 3337 3758 3428 perfectio

2230 3427 2551 3505 cunctorum
2585 3464 2600 3513 ;
2658 3446 2754 3501 sed
2821 3444 3160 3515 dispensator
3198 3442 3502 3496 animarum
3548 3436 3671 3489 Deus
3710 3427 3757 3481 in

2231 3542 2345 3610 ipso
2381 3539 2578 3594 itinere
2609 3538 2893 3595 interserit
2929 3536 3206 3592 laboribus
3228 3537 3394 3589 etiam
3430 3528 3656 3601 quaedam
3687 3535 3753 3575 rev

2229 3631 2471 3702 frigeria,
2499 3630 2697 3699 quibus
2714 3626 2887 3684 refota
2915 3627 3091 3681 anima
3119 3635 3174 3680 et
3204 3633 3472 3695 reparata,
3498 3610 3756 3690 promptior

2233 3726 2416 3779 redeat
2439 3724 2506 3775 ad
2541 3721 2779 3790 reliquos
2809 3718 3042 3773 labores.
3080 3717 3255 3771 llelim
3302 3726 3479 3770 autem
3526 3709 3757 3774 interpre-

2232 3825 2374 3868 tatur
2398 3814 2587 3867 arietes
2620 3812 2756 3882 (81).
2784 3810 2996 3863 Arietes
3028 3809 3195 3863 duces
3226 3816 3355 3862 sunt
3406 3814 3635 3889 gregum.
3670 3790 3753 3889 Qui

2227 3914 2353 3960 sunt
2382 3919 2510 3973 ergo
2549 3905 2714 3957 duces
2768 3898 2949 3967 gregis
2978 3896 3220 3961 Christi,
3272 3896 3374 3950 nisi
3406 3885 3638 3961 apostoli,
3677 3885 3752 3947 Qui

2228 4008 2357 4053 sunt
2387 4009 2444 4052 et
2479 3994 2759 4051 duodecim
2792 3990 3018 4047 fontes?
3064 3989 3260 4044 Verum
3295 3986 3542 4058 quoniam
3569 3990 3660 4031 non
3680 3986 3754 4026 so-

2228 4091 2338 4145 lum
2373 4090 2492 4143 illos
2515 4086 2798 4143 duodecim
2824 4084 2986 4154 elegit
3018 4082 3277 4137 Dominus
3320 4089 3375 4135 et
3417 4074 3648 4130 Salvator
3673 4076 3753 4116 n0-

2227 4192 2359 4251 ster,
2386 4182 2480 4236 sed
2508 4192 2563 4236 et
2585 4180 2719 4235 alios
2741 4178 3079 4248 septuaginta
3108 4174 3267 4239 duos,
3303 4172 3501 4228 idcirco
3548 4176 3644 4216 non
3674 4168 3752 4251 ξο-

2227 4247 2654 4330 lum'duodecim
2682 4247 2881 4334 fontes,
2909 4272 3001 4323 sed
3040 4278 3093 4324 et
3117 4266 3456 4338 septuaginta
3490 4257 3599 4312 dum
3621 4247 3754 4342 arb":

2229 4381 2316 4421 res
2344 4365 2658 4420 scribuntur
2686 4378 2806 4418 esse
2837 4362 3163 4432 palmarum,
3190 4368 3244 4413 et
3279 4357 3380 4428 ipsi
3402 4352 3535 4408 enim
3557 4335 3749 4413 apostoli

548 4458 648 4523 ris,
673 4458 888 4513 etiamsi
936 4459 1214 4514 videamus
1249 4459 1582 4515 Pharaonem
1615 4473 1670 4519 et
1699 4463 1984 4536 Egyptios
2040 4466 2119 4519 in-
2152 4481 2195 4535 ι)
2228 4460 2597 4524 nominamur.
2623 4459 2765 4513 Sicul
2796 4465 2850 4511 θῑ
2897 4456 3014 4523 ipse
3071 4452 3272 4507 Ρειυιυε
3318 4450 3448 4505 die“
3469 4447 3511 4512 ’ν
3558 4450 3664 4536 gum
3698 4432 3751 4536 ξξθ

539 4561 863 4633 sequentes,
897 4552 1031 4609 nihil
1062 4552 1416 4622 trepidemus,
1452 4555 1632 4612 nullus
1664 4558 1730 4613 de
1785 4557 1871 4613 his
1918 4569 2117 4622 metus,

546 4641 697 4695 nulla
727 4641 961 4699 formido
985 4645 1074 4699 sit.
1100 4643 1402 4701 Credamus
1425 4655 1632 4701 tantum
1658 4651 1711 4703 in
1741 4665 1905 4705 unum
1932 4666 2115 4705 verum

547 4734 742 4800 Deum,
774 4743 826 4790 et
858 4751 1018 4805 quem
1051 4736 1198 4791 misit
1240 4737 1435 4792 Filium
1492 4753 1649 4793 suum
1700 4737 1882 4795 Jesum
1952 4741 2120 4814 380
2155 4812 2158 4815 Α

544 4823 843 4880 Christum.
880 4827 1032 4895 Quod
1053 4840 1108 4884 et
1137 4831 1181 4885 si
1207 4831 1421 4885 dicatur
1442 4830 1667 4902 populus
1693 4831 1800 4887 Deo
1821 4835 2117 4891 credidisse

546 4926 601 4971 et
629 4918 831 4972 famulo
866 4922 982 4989 ejus
1012 4923 1204 4995 Moysi,
1231 4924 1509 4979 credimus
1559 4935 1614 4979 et
1672 4940 1771 4979 nos
1817 4931 2114 4982 secundum

546 5010 651 5063 hoc
679 5012 842 5064 etiam
881 5010 1075 5085 Moysi,
1117 5015 1167 5069 id
1221 5027 1305 5070 est
1384 5015 1487 5085 legi
1553 5014 1647 5069 Dei
1700 5026 1752 5069 et
1811 5018 2114 5086 prophetis.

547 5102 819 5158 Cmistans
843 5121 973 5175 ergo
998 5119 1138 5171 esto,
1163 5116 1215 5160 et
1251 5109 1409 5174 paulo
1444 5116 1564 5175 post
1594 5107 1801 5161 videbis
1837 5107 2118 5179 Egyplios

619 5197 643 5229 "
683 5196 846 5255 Hebr.
876 5216 973 5264 xu,
1008 5200 1094 5255 Η.
1188 5201 1211 5234 ⁸
1250 5200 1408 5255 Num.
1435 5217 1634 5269 xxxttt,
1665 5202 1720 5257 9.
1779 5203 1800 5234 ⁹
1832 5201 2000 5258 lCor.
2027 5221 2117 5262 xv.

623 5311 737 5377 (78)
778 5309 927 5365 [roth
953 5312 1096 5368 vicus
1121 5313 1514 5379 interpretatur.
1545 5312 1600 5368 lu
1635 5313 1864 5370 Hebraeo
1894 5314 2130 5372 habetur

548 5391 695 5456 man
729 5400 747 5433 ι
784 5383 996 5444 lliroth,
1039 5403 1059 5436 ι
1091 5385 1230 5453 apud
1259 5384 1421 5445 LXX.
1471 5383 1698 5456 Εῑρὼθη
1724 5384 1841 5440 Jam
1886 5401 2024 5456 ve",0
2079 5389 2126 5443 Si

551 5454 793 5516 litteran
832 5466 1072 5509 mutatur
1100 5456 1151 5509 in
1184 5464 1223 5518 ν
1248 5466 1302 5509 et
1346 5454 1646 5510 mascuiiua
1678 5455 1848 5511 forma
1882 5455 1933 5509 in
1972 5455 2130 5510 femi-

552 5524 760 5587 ninatn,
788 5526 935 5595 Irotlt
978 5522 1167 5579 deduci
1225 5526 1425 5594 poterit
1485 5529 1552 5579 ali
1593 5535 1696 5591 ’νγ
1742 5526 1884 5595 quod
1934 5526 2129 5595 plurali

548 5609 781 5718 {nurnero
811 5593 988 5650 Judic.
1021 5612 1073 5662 κ,
1105 5596 1160 5662 4,
1187 5593 1465 5666 signiﬁcat
1495 5598 1702 5662 tvillas,
1730 5593 2129 5662 vicesimae-

580 5680 661 5718 εις

580 5680 661 5727 εις

621 5734 731 5802 σθ)
780 5733 1098 5802 Beelsephon
1159 5737 1534 5795 interuretatur
1582 5740 1815 5795 ascensio
1865 5739 2117 5799 specula’.

2228 4554 2629 4608 resurrectione
2652 4550 2954 4605 Salvatoris
2992 4553 3311 4616 exponeret.
3357 4542 3530 4601 Visus,
3585 4524 3749 4597 inquit.

2227 4645 2443 4700 est-illis
2466 4645 2739 4711 undecim,
2768 4641 2962 4696 deinde
2995 4639 3243 4708 apparuit
3274 4644 3327 4692 et
3364 4629 3596 4690 omnibus
3640 4629 3749 4711 atto-

2226 4738 2400 4793 stolis.
2454 4736 2510 4790 In
2552 4751 2678 4805 .quo
2725 4707 2964 4790 ostendit
3012 4707 3134 4786 esse
3190 4741 3242 4786 et
3304 4726 3435 4783 alios
3492 4707 3746 4805 apostolos,

2223 4830 2465 4899 exceptis
2492 4803 2603 4885 illis
2627 4827 2933 4884 duodecim.
2980 4825 3106 4879 Haec
3136 4833 3186 4878 te
3209 4838 3337 4893 ergo
3364 4812 3625 4875 ammaitas
3650 4803 3748 4871 ροει

2226 4924 2666 4988 amaritudinem,
2699 4925 2815 4976 haec
2840 4929 2892 4974 te
2927 4919 3142 4990 requies
3167 4927 3288 4987 post
3309 4914 3560 4971 laborem,
3582 4904 3679 4955 lucc
3705 4901 3746 4942 lc

2226 5017 2401 5089 gratia
2449 5024 2571 5087 post
2600 5022 2936 5069 tentamenta
2988 5010 3264 5079 suscipiet.
3302 5025 3321 5059 ι
3374 4994 3592 5060 Profecti
3622 4992 3742 5043 sunt.

2229 5111 2495 5181 ίιιίιυίιίο,
2534 5110 2602 5165 de
2647 5108 2856 5173 Helim,
2899 5116 2955 5162 et
3014 5104 3387 5175 applicuerunt
3430 5095 3573 5166 juxta
3618 5088 3743 5137 mare

2196 5212 2238 5243 ¹⁹
2262 5206 2421 5263 Num.
2458 5221 2651 5270 xxxnt,
2676 5201 2762 5256 10.

2225 5323 2329 5375 sive
2350 5324 2534 5374 turris.
2564 5319 2644 5373 Ab
2669 5300 2780 5381 τήν
2805 5333 2824 5366 t
2850 5312 3115 5380 ascendit,
3146 5329 3168 5366 ι
3207 5320 3265 5367 ει
3290 5319 3407 5375 πω
3443 5289 3740 5371 “peculatus

2225 5403 2411 5529 esi-86)
2447 5457 2757 5531 Magdatum
2782 5456 2920 5510 enim
2947 5452 3340 5525 magniﬁcentia
3361 5446 3562 5504 dicitur.
3597 5423 3738 5488 Radix

2224 5536 2425 5614 estS't:
2457 5572 2474 5604 ι
2512 5566 2762 5621 magnum
2795 5564 2937 5612 esse,
2969 5546 3052 5600 vel
3094 5545 3229 5600 ﬁeri.
3262 5562 3281 5596 ι

2297 5585 2425 5693 ξδ’ΐῖ
2440 5585 3249 5687 ίιἑίὲῗὲ’ἱὶἱὶἱὲιῆδῖἱίε’νῖ›“νε’ἰᾶἱιὶὶρ
3302 5614 3501 5671 arietes.
3530 5585 3616 5661 5m
3636 5610 3653 5645 ι
3690 5599 3736 5643 a-

2225 5715 2352 5773 ries.
2397 5734 2416 5767 ι
2457 5713 2656 5772 Plural.
2686 5696 2852 5775 ω’νκ
2885 5730 2903 5765 α
2943 5712 3161 5767 arietes.
3195 5729 3216 5763 ι
