4050 6148
396 291 510 348 793

1528 279 1597 336 IN
1637 280 1976 337 NUMEROS
2010 280 2293 339 IIOMIIJA
2322 282 2539 339 XXVII.

3565 283 3668 340 79-5

397 411 674 466 Rubrum.
710 424 731 459 ›
769 401 1013 460 Observa
1051 399 1176 471 quia
1205 399 1317 470 jam
1350 414 1456 453 non
1510 400 1715 454 intrant
1748 400 1802 455 in
1832 413 1982 455 mare
2011 404 2059 463 Α
2087 415 2416 471 unaquaque
2486 400 2534 454 si
2589 413 2697 469 qua
2756 412 2823 454 ex
2870 399 3151 454 nominum
3205 399 3667 468 contemplatione

398 499 674 561 Rubrum,
699 495 866 552 semel
900 502 1113 548 tantum
1141 490 1345 547 sullicit
1392 488 1649 557 intrasse,
1682 491 1841 547 modo
1866 489 1977 559 jam

399 588 861 663 applicantjuxta
897 598 1072 649 mare,
1100 594 1158 638 nt
1207 582 1429 638 videant
1467 583 1683 653 quidem
1721 597 1894 658 mare,
1926 591 1981 636 et

399 685 581 739 undas
623 681 742 749 ejus
804 674 1102 748 aspiciant,
1154 688 1496 744 nequaquam
1543 684 1737 729 .tamen
1798 682 1981 728 motus

400 778 574 847 ipsius
594 785 651 829 et
678 775 912 842 impetus
942 769 1357 842 pertimescant.
1393 785 1413 819 ι
1444 767 1509 828 Ει
1535 766 1764 838 profecti
1792 779 1920 824 sunt
1950 785 1981 825 a

400 863 592 920 Rubro
628 861 787 925 mari,
816 868 872 915 et
931 857 1309 928 applicuerunt
1375 856 1431 910 in
1466 857 1684 912 deserto
1734 855 1829 912 Sin
1862 859 1921 911 “.
1955 876 1974 910 ι

402 956 504 1012 Sin
540 955 701 1008 rubus
729 952 1140 1019 interpretatur,
1188 948 1303 1003 sive
1346 951 1564 1003 tentatio
1599 948 1737 1020 (82).
1787 949 1980 1020 Incipit

401 1062 537 1113 ergo
570 1045 664 1099 tibi
687 1042 802 1113 jam
836 1040 1081 1095 arridere
1111 1041 1376 1094 bonorum
1410 1054 1556 1111 Spes.
1606 1040 1738 1108 ρυω
1765 1049 1848 1097 εει
1878 1058 1979 1096 an-

402 1144 514 1189 tem
553 1136 818 1189 honorum
847 1131 1019 1199 spes?
1056 1132 1129 1186 De
1160 1131 1295 1185 rubo
1323 1131 1576 1200 apparuit
1613 1132 1895 1195 Dominus,
1922 1138 1976 1187 et

397 1239 665 1294 responsa
687 1223 834 1278 dedit
868 1221 1060 1293 Moysi,
1089 1231 1143 1276 et
1193 1222 1391 1277 dehinc
1439 1222 1652 1277 initium
1698 1222 1974 1278 visitatio-

399 1317 492 1373 n-is
523 1316 727 1371 factum
754 1331 785 1370 a
817 1315 1050 1371 Domino
1076 1315 1145 1369 ad
1179 1313 1321 1370 lilios
1359 1324 1443 1370 est
1473 1313 1661 1371 Israel.
1712 1314 1817 1371 Sed
1873 1331 1981 1371 non

397 1410 576 1465 otiose
604 1408 700 1465 Sin
736 1409 898 1465 etiam
929 1409 1148 1464 tentatio
1194 1407 1606 1480 interpretatur.
1638 1411 1792 1469 Solet
1833 1409 1981 1467 enim

400 1502 456 1556 in
492 1500 793 1555 visionibus
810 1513 931 1555 esse
973 1499 1223 1554 tentatio.
1254 1499 1388 1554 Nam
1443 1516 1830 1572 nonnunquam
1882 1516 1981 1555 an-

402 1594 557 1663 gelus
580 1591 886 1662 iniquitatis
932 1591 1289 1662 transﬁgurat
1316 1608 1379 1648 se
1430 1592 1486 1646 in
1513 1593 1758 1664 angelum
1813 1593 1974 1648 lucis.

403 1686 471 1741 Et
497 1686 615 1741 ideo
659 1686 960 1741 cavendum
1010 1693 1113 1751 est,
1163 1693 1219 1739 et
1273 1685 1504 1742 sollicite
1556 1688 1822 1757 agendum
1853 1729 1867 1750 ,
1920 1698 1979 1742 ιιι

2082 499 2466 560 suggeruntur,
2494 491 2710 561 aperire
2749 506 2763 543 :
2806 490 3041 547 strictim
3089 499 3285 546 tamen.
3321 502 3376 546 et
3421 493 3668 549 breviter

2080 597 2489 653 pereurremus,
2522 590 2582 635 ιιι
2611 595 2719 636 non
2756 590 2865 635 tam
2912 580 3130 652 plenam
3171 581 3326 637 vobis
3359 583 3667 654 expositio-

2082 691 2228 742 nem,
2255 675 2381 745 quia
2406 673 2630 729 minime
2662 674 2714 729 id
2751 685 2965 743 tempus
2990 674 3257 743 indulget,
3300 676 3394 731 sed
3423 677 3666 732 occasio-

2083 782 2180 820 nes
2206 768 2258 820 iu
2289 767 2370 822 eis
2402 766 2776 835 intelligentia
2815 769 3176 837 praebeamus.
3231 766 3667 824 Proﬁciscnntur

2080 857 2241 928 381
2268 871 2400 929 ergo
2431 873 2497 911 ex
2526 856 2799 927 Baphaca,
2824 865 2878 911 et
2910 857 3134 911 veniunt
3187 858 3238 911 in
3278 856 3464 913 Ilalns.
3499 857 3664 913 Halus

2082 952 2290 1005 labores
2321 951 2751 1021 interpretantur
2789 949 2927 1021 (85).
2963 948 3075 1004 Nec
3119 951 3336 1005 mireris
3378 952 3422 1005 si
3460 950 3667 1006 sanita-

2085 1051 2194 1097 tem
2224 1048 2527 1111 sequuntur
2558 1039 2794 1097 labores.
2830 1039 3123 1111 Propterea
3151 1040 3294 1095 enim
3326 1049 3382 1095 et
3405 1040 3664 1111 adipisci-

2084 1141 2174 1187 tur
2203 1147 2232 1186 a
2269 1132 2499 1187 Domino
2532 1132 2714 1186 anima
2740 1131 3059 1197 sanitatem,
3094 1140 3155 1186 ut
3181 1132 3398 1187 labores
3432 1132 3669 1188 delecta-

2083 1223 2265 1279 biliter
2301 1231 2355 1278 et
2399 1237 2505 1277 non
2540 1221 2711 1276 invita
2742 1221 3021 1290 suscipiat.
3065 1222 3274 1276 Dicitur
3299 1222 3443 1276 enim
3481 1223 3531 1277 ei
3572 1222 3662 1281 “:

2088 1333 2108 1369 ι
2165 1316 2406 1370 Labores
2459 1314 2731 1369 fructuum
2778 1324 2996 1368 tuorum
3045 1313 3419 1377 manducabis,
3478 1313 3665 1369 beatus

2084 1422 2164 1474 es,
2199 1415 2254 1462 et
2293 1409 2428 1462 bene
2461 1407 2557 1463 tibi
2586 1406 2712 1462 erit.
2759 1425 2778 1459 ι
2816 1405 2947 1461 Post
2986 1405 3101 1459 haec
3127 1405 3353 1459 veniunt
3378 1406 3431 1459 in
3457 1403 3664 1475 Raphi-

2085 1498 2198 1553 diu.
2231 1497 2627 1569 Interpretatur
2649 1509 2828 1552 autem
2871 1497 3137 1567 Raphidin
3163 1497 3283 1551 laus
3302 1497 3499 1567 judicii
3526 1498 3665 1570 (86).

2084 1589 2397 1648 Justissime
2420 1591 2539 1646 laus
2572 1590 2816 1661 sequitur
2844 1599 2964 1660 post
2997 1589 3212 1644 labores
3247 1609 3262 1645 :
3296 1590 3449 1660 cujus
3482 1600 3664 1645 tamen

2088 1684 2164 1738 rci
2201 1683 2360 1738 laus?
2395 1680 2612 1749 Judicii,
2640 1684 2834 1751 inquit.
2869 1682 2958 1738 Fit
2992 1696 3121 1752 ergo
3165 1682 3327 1737 laude
3356 1684 3514 1753 digna
3546 1683 3667 1737 ani-

406 1778 645 1833 scienter
677 1777 958 1835 discemus
995 1776 1265 1832 visionum
1300 1792 1489 1848 genus,
1528 1778 1671 1834 sicut
1709 1788 1760 1834 et
1814 1779 1975 1834 .lesns
2015 1775 2057 1830 Β
2089 1792 2175 1830 ina
2199 1791 2317 1845 qua:
2352 1786 2498 1831 recte
2521 1775 2752 1844 judicat,
2789 1786 2934 1831 recte
2975 1775 3256 1841 discernit,
3306 1776 3359 1829 id
3411 1784 3496 1831 εει
3543 1791 3668 1846 qua:

402 1870 573 1937 Nave,
597 1886 718 1925 cum
750 1872 1014 1926 visionem
1035 1870 1266 1936 videret,
1291 1869 1468 1926 sciens
1497 1886 1618 1927 esse
1654 1871 1706 1926 in
1737 1876 1838 1928 hoc
1864 1881 1985 1929 ten-

403 1962 692 2029 tationem,
718 1963 901 2017 statim
933 1962 1165 2032 requirit
1186 1963 1255 2018 ab
1286 1978 1352 2019 eo
1377 1963 1470 2032 qui
1493 1965 1746 2033 apparuit
1786 1974 1840 2020 et
1889 1967 1975 2021 di-

402 2056 480 2110 cit
504 2055 548 2087 "
581 2074 595 2109 :
641 2073 661 2107 ι
697 2054 895 2110 Noster
926 2069 1006 2123 es,
1041 2071 1110 2108 an
1142 2058 1579 2112 adversariorum
1608 2056 1631 2110 ?
1664 2075 1684 2109 ι
1737 2054 1816 2112 Ita
1850 2073 1981 2129 ergo

402 2146 771 2216 etprolicieus
805 2145 987 2200 anima
1019 2145 1108 2199 ubi
1157 2146 1223 2199 ad
1258 2146 1310 2200 id
1364 2149 1578 2202 venerit
1608 2145 1719 2219 (85)
1768 2158 1826 2204 ιιι
1871 2148 1982 2219 jam

403 2236 633 2306 incipiat
655 2236 1039 2291 discretionem
1069 2234 1271 2290 habere
1293 2234 1592 2306 visionum,
1620 2238 1746 2294 inde
1781 2240 1983 2309 proba-

406 2330 551 2383 bitur
614 2327 879 2398 spiritalis
927 2343 1096 2392 esse,
1143 2326 1186 2381 si
1237 2327 1342 2382 scit
1393 2328 1578 2382 omnia
1639 2329 1973 2385 discernere.

403 2418 610 2474 Idcirco
635 2418 872 2488 denique
899 2426 953 2472 et
990 2417 1133 2471 inter
1172 2416 1312 2470 dona
1359 2416 1653 2485 spiritalia,
1706 2434 1872 2472 unum
1918 2435 1984 2473 ex

403 2512 563 2567 donis
590 2510 765 2565 sancti
793 2509 1033 2579 Spiritus
1061 2523 1183 2564 esse
1214 2515 1552 2564 memoratur
1575 2510 1834 2567 discretio
1878 2512 1985 2582 spi-

403 2604 630 2659 tkuunu

478 2717 567 2770 12.
599 2733 619 2768 ι
655 2715 890 2771 Profecti
920 2731 1051 2773 vero
1076 2733 1140 2772 ex
1170 2715 1392 2773 deserto
1448 2716 1567 2781 Sin,
1608 2725 1877 2771 venerunt
1930 2716 1985 2771 iu

405 2807 662 2876 Raphaea
690 2807 756 2861 ¹³.
794 2826 814 2859 ι
868 2806 1127 2877 Raphaca
1172 2809 1562 2879 interpretatur
1602 2809 1804 2862 sanitas
1849 2807 1982 2878 (84).

407 2899 574 2956 Vides
597 2900 846 2956 ordinem
875 2899 1242 2970 profectuum,
1269 2899 1540 2969 quomodo
1568 2898 1659 2953 ubi
1711 2897 1825 2966 jam
1875 2898 1986 2968 spi-

408 2993 590 3048 ritalis
614 2991 844 3046 ellieitnr
880 2992 1084 3051 anima.
1137 3001 1193 3047 et
1240 2991 1627 3046 discretionem
1680 2988 1983 3044 caelestium

404 3085 635 3154 cmperit
668 3082 870 3138 habere
914 3085 1186 3138 visionum
1208 3125 1223 3150 ,
1274 3083 1527 3152 pervenit
1569 3080 1636 3136 ad
1671 3082 1981 3142 sanitatem,
2010 3118 2052 3175 C

405 3186 465 3228 nt
493 3175 687 3229 merito
712 3174 857 3228 dicat
884 3172 927 3205 ¹⁸
958 3191 973 3226 :
1011 3192 1031 3226 ι
1078 3173 1369 3228 Benedicat
1401 3172 1580 3227 anima
1628 3186 1743 3225 mea
1799 3169 1984 3225 Dolui-

405 3288 559 3337 num,
589 3282 644 3324 et
668 3270 848 3324 omnia
881 3270 1136 3324 interiora
1168 3284 1284 3323 mea
1310 3283 1506 3323 nomen
1530 3277 1777 3321 sanctum
1803 3265 1974 3337 ejus.)

404 3364 576 3429 Quem
619 3360 903 3415 Dominum
932 3360 956 3414 Ἰ
983 3378 1002 3411 ι
1035 3359 1136 3426 Qui
1176 3369 1355 3421 sanat,
1402 3358 1603 3428 inquit,
1631 3372 1821 3412 omnes
1867 3355 1983 3408 lau-

404 3466 601 3520 puores
619 3462 761 3514 tuos,
786 3451 878 3519 qui
912 3451 1128 3506 redimit
1156 3450 1221 3506 de
1254 3451 1479 3505 interitu
1505 3451 1671 3503 vitam
1704 3457 1851 3502 tuam
1878 3447 1976 3501 “.i

404 3540 549 3599 Sunt
574 3544 717 3597 enim
746 3543 901 3597 multi
930 3543 1222 3613 languores
1251 3543 1465 3597 animae.
1486 3540 1728 3596 Avaritia
1755 3539 1984 3609 languor

404 3634 524 3701 ejus
554 3640 658 3696 est,
684 3643 739 3687 et
761 3633 979 3701 quidem
1012 3634 1301 3703 pessimus.
1332 3631 1621 3700 Superbia,
1646 3632 1749 3697 ira,
1773 3631 1985 3701 jactan-

408 3724 505 3784 tia,
545 3721 803 3790 formido,
862 3723 1250 3788 inconstantia,
1300 3722 1739 3791 pusillanimilas,
1774 3731 1831 3776 et
1887 3723 1983 3776 lm-

406 3828 527 3865 rum
550 3812 770 3868 similia.
801 3811 1028 3880 Quando
1058 3828 1162 3876 me,
1190 3813 1413 3867 Domine
1436 3809 1586 3877 Jesn,
1610 3813 1677 3867 ab
1701 3813 1785 3867 his
1805 3813 1985 3868 omni-

403 3904 509 3959 bus
533 3904 881 3975 languoribus
907 3903 1126 3960 curabis
1152 3904 1176 3959 ?
1199 3904 1426 3971 Quando
1474 3905 1722 3969 sanabis,
1775 3914 1835 3959 ut
1885 3918 1986 3973 ego

404 3997 581 4050 dicam
608 4014 623 4049 :
666 4015 685 4047 ι
727 3996 991 4062 Benedic,
1021 3998 1200 4051 anima
1233 4012 1375 4061 mea,
1405 3997 1690 4051 Dominum
1715 3996 1806 4067 qui
1830 4005 1987 4050 sanat

404 4104 596 4144 otnues
622 4089 915 4160 Ianguores
949 4100 1093 4157 tuos,
1132 4108 1152 4142 ι
1181 4101 1240 4143 ιιι
1274 4091 1475 4160 possim
1516 4099 1571 4146 et
1599 4105 1700 4160 ego
1747 4090 1982 4144 mansio.

405 4197 475 4236 ne
501 4202 525 4231 ει
557 4179 737 4238 facere
764 4183 817 4237 in
840 4181 1118 4252 Raphaca,
1150 4184 1295 4251 quod
1321 4190 1404 4237 est
1453 4182 1699 4237 sanitas?
1743 4178 1983 4252 Longqu

403 4274 556 4329 estsi
600 4275 831 4331 velimus
874 4275 958 4330 ire
1003 4291 1100 4346 per
1150 4275 1389 4347 singulas
1440 4274 1772 4342 mansiones,
1817 4286 1871 4327 et
1919 4287 1984 4326 ex

2092 1869 2411 1937 Spiritaliter
2456 1866 2715 1936 dijudicat
2761 1870 2965 1935 omnia,
2995 1877 3051 1923 et
3081 1868 3201 1939 ipsa
3225 1882 3254 1921 a
3285 1868 3500 1922 nemine
3530 1868 3670 1938 diju-

2091 1961 2328 2015 dicatur.
2390 1958 2522 2015 Post
2576 1960 2692 2017 haac
2732 1963 3052 2032 pervenitur
3102 1961 3157 2015 in
3208 1960 3482 2016 desertum
3513 1960 3667 2015 Sina.

2092 2052 2222 2108 Sina
2252 2053 2367 2123 ipse
2405 2052 2623 2124 quidem
2655 2054 2806 2109 locus
2828 2064 2912 2110 est
2940 2054 3166 2120 deserti,
3192 2070 3352 2124 quem
3379 2069 3541 2125 supra
3572 2054 3668 2109 Sin

2090 2144 2411 2201 memoravit
2450 2161 2465 2198 :
2518 2144 2612 2200 sed
2663 2145 2752 2200 hic
2796 2145 2967 2216 magis
3008 2145 3160 2201 locus
3213 2145 3432 2210 montis,
3473 2145 3565 2216 qui
3613 2146 3667 2199 in

2090 2244 2209 2315 ipso
2243 2244 2458 2299 deserto
2497 2250 2601 2303 est,
2626 2239 2929 2311 appellatur
2966 2258 2982 2296 :
3021 2242 3113 2311 qui
3165 2242 3329 2296 etiam
3362 2241 3475 2311 ipse
3503 2256 3665 2297 voca-

2090 2335 2216 2391 bulo
2267 2334 2467 2389 deserti
2510 2331 2639 2387 Sina
2690 2334 3022 2385 nominatur.
3049 2331 3336 2399 Postquam
3369 2343 3500 2399 ergo
3550 2328 3669 2381 Ian-

2089 2426 2286 2482 dabilis
2340 2424 2527 2495 judieii
2593 2422 2736 2478 facta
2766 2430 2850 2476 est
2902 2421 3104 2486 anima,
3157 2427 3212 2475 et
3256 2430 3459 2474 rectum
3502 2419 3669 2487 cmpit

2089 2519 2294 2574 habere
2343 2517 2628 2586 judicium,
2687 2522 2814 2569 tunc
2857 2515 2908 2569 ei
2961 2513 3123 2568 datur
3170 2513 3256 2568 lex
3305 2528 3335 2566 a
3372 2512 3503 2577 Deo,
3544 2527 3667 2567 cum

2088 2627 2263 2681 capax
2343 2624 2465 2664 esse
2534 2606 2763 2677 cmperit
2834 2618 3171 2661 secretorum
3240 2605 3543 2659 divinorum
3615 2613 3669 2656 ct

2087 2703 2385 2759 cmlostimu
2428 2700 2717 2754 visionum.
2762 2696 2891 2753 Inde
2946 2698 3161 2751 venitur
3208 2695 3279 2752 ad
3322 2704 3669 2750 monumenta

2089 2796 2559 2865 concupiscentiae.
2624 2790 2764 2857 Quid
2832 2798 2917 2845 est
2996 2796 3338 2843 monumenta
3410 2786 3669 2855 concupi-

2088 2886 2343 2944 scentiae?
2393 2886 2524 2940 Sine
2585 2885 2750 2942 dubio
2796 2883 2887 2938 ubi
2940 2884 3166 2953 sepultae
3219 2887 3345 2935 sunt
3392 2886 3449 2933 et
3505 2878 3671 2932 obru-

2089 2989 2155 3036 tae
2216 2980 2690 3049 concupiscentiae,
2748 2977 2838 3033 ubi
2892 2976 3158 3032 exstincta
3220 2982 3305 3028 est
3347 2971 3525 3026 omnis
3570 2986 3668 3025 cu-

2089 3065 2307 3142 piditas,
2363 3085 2463 3125 nec
2512 3069 2652 3123 ultra
2692 3065 3033 3138 concupiscit
3068 3080 3211 3127 ,caro
3254 3062 3514 3117 adversus
3557 3062 3668 3130 spi-

2085 3164 2279 3227 ritum,
2349 3161 2671 3217 mortilleata
2737 3160 2949 3215 scilicet
3012 3165 3185 3213 morte
3244 3154 3470 3209 Christi.
3539 3151 3672 3207 Post

2084 3258 2201 3313 haec
2240 3255 2453 3312 venitur
2498 3256 2551 3308 in
2586 3254 2841 3313 Aseroth,
2893 3251 3035 3321 quod
3088 3250 3472 3317 interpretatur
3528 3247 3671 3298 atria

2083 3349 2345 3419 perfecta,
2396 3346 2484 3402 vel
2540 3346 2806 3401 beatitudo
2863 3345 2998 3416 (87).
3044 3342 3259 3397 Intuere
3326 3337 3669 3409 diligentius.

2083 3442 2263 3498 omnis
2298 3444 2491 3508 viator,
2555 3440 2677 3511 quis
2719 3441 2791 3494 sit
2833 3439 2969 3494 ordo
3013 3435 3396 3507 profectuum:
3456 3439 3671 3501 postea-

2086 3549 2250 3606 quam
2277 3532 2556 3604 sepelieris
2594 3541 2648 3588 et
2684 3531 2840 3586 morti
2867 3527 3152 3584 tradideris
3202 3521 3669 3593 concupiscentias

2089 3627 2302 3692 carnis,
2346 3626 2530 3680 venies
2585 3624 2653 3679 ad
2705 3622 3091 3694 amplitudines
3142 3618 3427 3679 atriorum,
3486 3614 3671 3669 venies

2088 3723 2157 3778 ad
2209 3720 2619 3778 beatitudinem.
2674 3716 2836 3772 Beata
2885 3727 3119 3783 namque
3173 3719 3262 3766 est
3307 3709 3489 3764 anima
3547 3721 3667 3776 qua:

2090 3815 2251 3870 nullis
2285 3813 2396 3883 jam
2436 3812 2582 3866 vitiis
2632 3809 2813 3865 carnis
2872 3814 3111 3876 urgetur.
3168 3801 3300 3857 Inde
3347 3800 3561 3856 venitur
3610 3796 3666 3851 in

2093 3906 2327 3961 Rathma
2379 3905 2494 3959 sive
2536 3901 2793 3957 Pharam.
2842 3897 3075 3953 Rathma
3120 3895 3251 3949 visio
3298 3898 3667 3948 consummata

2091 3998 2498 4066 interpretatur,
2550 3993 2783 4047 Pharam
2830 4004 2959 4045 vero
3003 3986 3205 4043 uisibile
3239 4002 3299 4040 os
3328 3985 3465 4056 (88).
3490 3982 3675 4050 Quid?

2093 4089 2195 4144 nisi
2243 4089 2313 4142 ita
2355 4094 2568 4143 crescat
2608 4085 2810 4145 anima,
2852 4090 2911 4135 ut
2945 4094 3066 4135 cum
3121 4076 3342 4133 desierit
3390 4073 3660 4130 molestiis

2093 4181 2276 4237 carnis
2306 4177 2770 4250 urgeri,visioncs
2818 4177 3020 4229 habeat
3060 4177 3486 4234 consummatus,
3540 4181 3671 4236 per-

2095 4269 2406 4339 fectamque
2438 4280 2620 4324 rerum
2654 4264 2833 4333 capiat
2866 4261 3296 4334 intelligentiam,
3328 4272 3522 4316 causas
3545 4256 3660 4313 sei-

479 4438 520 4469 “
546 4437 705 4495 Num.
745 4455 918 4505 nm,
957 4440 1043 4495 II.
1121 4440 1163 4472 "
1185 4437 1299 4494 .los.
1324 4453 1376 4504 v,
1408 4438 1494 4492 13.
1573 4438 1615 4468 ¹³
1641 4436 1795 4490 Nam.
1825 4452 2019 4502 xxxut,
2051 4435 2136 4492 l2.
2213 4434 2258 4466 “
2278 4431 2424 4488 Psal.
2466 4446 2584 4498 cm,
2613 4432 2666 4485 I.
2746 4430 2789 4462 ¹⁸
2815 4405 2944 4485 ibid:
2970 4429 3026 4484 '5.
3105 4429 3148 4460 ¹⁶
3178 4425 3322 4492 Psal.
3349 4439 3574 4488 cxxvnt,
3606 4422 3663 4478 2.

479 4599 589 4684 (82)
613 4599 711 4657 εἴη
734 4604 892 4656 rubus
914 4601 1313 4684 interpretatur,
1359 4601 1466 4654 sive
1490 4598 1759 4684 laetatio.”
1783 4599 1972 4652 Rnhns
2008 4606 2048 4658 l)

405 4668 622 4742 quidem
672 4687 700 4724 a
738 4684 862 4737 mo,
922 4673 1149 4726 tcntatio
1191 4683 1371 4726 autem
1424 4686 1451 4723 a
1479 4676 1583 4729 Γιῠέ
1614 4686 1633 4720 ι
1667 4668 1898 4735 tollere,
1950 4689 1969 4720 ι

404 4743 549 4814 quod
575 4744 768 4814 in_Pih.
796 4742 1068 4813 signiﬁcat
1105 4763 1124 4794 ι
1159 4743 1405 4814 tentavit.
1426 4762 1462 4814 -ι

477 4812 590 4882 (8’5)
624 4810 913 4937 Profciens
942 4813 1123 4867 anima
1148 4813 1234 4866 ubi
1260 4816 1327 4866 ad
1381 4812 1435 4883 id
1478 4810 1696 4865 venerit.
1747 4810 1839 4866 Sic
1878 4810 1983 4865 Ita-

481 4895 538 4937 nt
562 4900 690 4937 mss.
765 4884 865 4937 ibri
897 4898 1026 4937 vero
1052 4893 1213 4937 antea
1241 4883 1397 4937 editi.
1437 4900 1455 4933 ι
1492 4881 1846 4937 proﬁciscens
1864 4881 1982 4935 aui-

408 4885 538 4939 hent
562 4881 690 4938 ιιιεε.
719 4881 865 4939 Libri
897 4898 1026 4939 vero
1052 4893 1213 4939 antea
1241 4881 1397 4947 editi,
1437 4900 1455 4933 ι
1492 4881 1846 4950 proﬁciscens
1864 4881 1982 4935 aui-

406 4972 493 5008 tna
522 4955 609 5007 ubi
642 4955 945 5009 advenerit.
983 4973 1003 5005 ι

474 5023 589 5099 (84)
606 5024 861 5099 linguam
888 5026 1262 5099 interpretatur
1283 5024 1521 5099 sanitas._
1538 5022 1597 5099 ln_
1622 5022 1866 5099 _l_l_ebr_a‘_o
1906 5021 1981 5075 Ie—

405 5092 579 5164 git'ur'
606 5095 765 5149 hodie
798 5105 949 5176 npn't
978 5112 999 5146 ι
1033 5095 1271 5164 Dophea.
1312 5113 1331 5145 ι
1365 5095 1522 5164 Apud
1576 5092 1719 5147 LXX
1779 5094 1981 5161 Ῥαφα-

405 5188 505 5248 κά,
531 5196 725 5252 nempe
751 5185 925 5240 Resch
943 5199 1037 5251 pro
1062 5183 1250 5238 Daleth
1283 5183 1550 5251 legebant.
1586 5181 1642 5235 Si
1688 5193 1864 5237 autem
1890 5198 1979 5236 so-

408 5257 513 5309 lius
544 5255 659 5310 soni
689 5253 989 5324 litterarum
1019 5256 1250 5308 habetur
1296 5255 1435 5308 ratio
1458 5293 1474 5315 .
1532 5253 1781 5324 Raphaea
1822 5254 1982 5306 inter-

409 5325 615 5396 pretari
638 5333 845 5393 potest:
870 5322 1346 5386 sanitasnaverbo
1376 5333 1498 5386 tam
1523 5343 1542 5376 ι
1575 5322 1790 5380 sanavit
1821 5362 1837 5388 ,
1886 5340 1983 5379 cn-

410 5397 565 5450 tavit.
592 5414 612 5445 ι

481 5465 596 5533 (85)
622 5462 794 5518 Holus
824 5467 1030 5517 labores
1077 5464 1512 5533 interpretantur.
1559 5462 1719 5517 Forte
1756 5463 1826 5533 ah
1868 5448 1980 5528 375a

416 5551 436 5586 ι
460 5531 788 5598 molestavit,
819 5536 1038 5588 meleste
1056 5531 1223 5586 ursit.’
1242 5553 1260 5585 ι
1288 5531 1398 5588 Νεε
1422 5534 1602 5588 obstat
1625 5532 1766 5602 quod
1799 5534 1850 5586 iu
1870 5534 1976 5587 lle-

413 5606 560 5660 bmo
586 5604 752 5658 Halus
788 5619 891 5658 non
918 5619 1012 5672 per
1034 5602 1208 5658 Tsade
1238 5605 1330 5659 sed
1358 5619 1451 5673 per
1482 5602 1650 5658 Scitin
1695 5603 1972 5657 scribitur.

416 5674 737 5744 Plerumque
757 5674 900 5727 enim
918 5682 1135 5745 veteres
1148 5673 1536 5745 etymologislte
1554 5675 1619 5730 ad
1643 5674 1815 5730 solum
1841 5674 1981 5731 litte-

418 5758 599 5802 rarum
627 5760 819 5801 sonum
852 5743 1220 5804 attendebant;

2148 4596 2260 4667 (86)
2305 4597 2691 4661 Interpretatur
2745 4602 2920 4667 autem
2970 4588 3232 4667 Raphjdin
3285 4587 3403 4641 laus
3441 4586 3664 4667 judirii.

2086 4659 2252 4723 Forte
2288 4685 2316 4718 a
2355 4659 2478 4727 »ιε-ἧ
2515 4683 2532 4715 ι
2571 4663 2813 4727 sanavit,
2847 4670 3071 4717 sanatus
3108 4659 3225 4726 fuit,
3262 4678 3280 4712 ι
3317 4671 3371 4713 ει
3412 4667 3491 4746 ΓΠ
3527 4677 3546 4709 ι
3572 4659 3664 4728 jn-

2087 4759 2317 4823 dicavit;
2352 4776 2371 4809 ι
2398 4757 2522 4827 quia
2548 4770 2739 4826 nempe
2770 4769 2960 4810 sanum
2999 4749 3265 4822 judicium
3312 4750 3463 4805 omni
3502 4749 3663 4804 laude

2087 4831 2306 4886 dignum
2339 4838 2442 4883 est.

2143 4848 2526 4970 igiinaiii'om
2564 4896 2703 4967 quod
2724 4897 3106 4970 interpretatur
3144 4890 3544 4970 atr_ia_perfec}a
3586 4890 3667 4970 uel

2086 4961 2378 5025 beatitudo.
2410 4977 2530 5030 om
2571 4961 2591 5019 ἆ
2634 4968 2828 5022 atrium
2859 4984 2878 5016 ι
2917 4974 3020 5020 εει.
3048 4961 3253 5016 Plural.
3289 4963 3449 5018 [οι-ιιι.
3475 4961 3662 5015 femin.

2084 5052 2269 5103 mam
2308 5058 2327 5092 ι
2363 5042 2524 5102 atria,
2551 5037 2710 5095 villae.
2753 5055 2772 5087 ι
2811 5035 2910 5102 Qui
2959 5044 3138 5089 autem
3188 5033 3420 5087 Aseroth
3476 5049 3496 5082 ι
3530 5031 3665 5087 bea-

2092 5113 2373 5168 titudinem
2400 5130 2419 5162 ι
2453 5108 2792 5177 interpretati
2816 5114 2965 5177 sunt,
2996 5106 3097 5158 hoc
3123 5103 3665 5177 notneniderivarunt

2089 5185 2157 5235 ab
2201 5192 2296 5242 me
2329 5183 2472 5251 quod
2534 5172 2763 5248 in'pihel
2811 5176 3102 5247 signitieat,
3141 5191 3158 5225 ι
3191 5176 3392 5241 beavit,
3446 5172 3663 5227 beatum

2086 5255 2228 5308 fecit.
2276 5272 2296 5304 s

2157 5324 2272 5394 (88)
2304 5320 2536 5394 Ratlmta
2557 5319 2685 5394 visio
2709 5325 3072 5394 consummata
3102 5315 3500 5394 interpretatur,
3522 5311 3665 5367 Plia-

2090 5385 2206 5447 rafn
2255 5385 2375 5447 itero
2442 5390 2642 5445 uisibile
2695 5404 2772 5453 ovs.
2818 5385 2875 5441 In
2926 5387 3084 5441 libris
3142 5395 3300 5440 antea
3354 5385 3515 5440 editis
3562 5400 3662 5452 pro

2094 5483 2113 5515 ι
2161 5465 2390 5517 llathma
2440 5481 2457 5512 ι
2486 5461 2700 5531 legitur
2745 5476 2764 5511 ι
2823 5457 3199 5531 Rathanim,_s
3252 5456 3344 5511 sed
3379 5455 3431 5509 in
3473 5458 3661 5511 codice

2088 5534 2393 5590 Turonensi
2430 5550 2447 5583 ι
2482 5528 2714 5584 Ralhma
2747 5549 2760 5582 :
2794 5549 2812 5582 ι
2844 5529 2986 5598 quod
3019 5547 3037 5578 ι
3068 5528 3202 5580 visio
3232 5537 3606 5598 consummata
3635 5542 3656 5576 ι

2088 5606 2193 5659 dici
2236 5612 2413 5673 potest
2453 5619 2481 5653 a
2515 5612 2636 5673 nszj
2689 5617 2708 5650 ι
2739 5596 2894 5661 vidit,
2926 5609 3016 5651 »ει
3041 5606 3238 5673 apri”:
3273 5596 3497 5673 absolvi,
3538 5610 3659 5663 per-

2091 5675 2199 5729 lici.
2237 5667 2257 5725 ἰ
2291 5673 2552 5726 Similiter
2592 5672 2826 5723 Pharam
2879 5686 2898 5720 ‹
2940 5682 3000 5722 os
3048 5667 3258 5721 visrbile
3303 5687 3323 5718 ι
3367 5667 3574 5720 dicetur
3626 5680 3654 5715 a

2088 5752 2166 5805 ra
2213 5745 2355 5815 quod
2386 5751 2466 5796 est
2501 5760 2518 5791 ι
2553 5756 2634 5805 os,
2671 5740 2803 5807 oris,
2837 5758 2858 5792 ι
2906 5749 2959 5795 ει
2999 5754 3027 5791 a
3067 5748 3187 5799 nm
3223 5757 3243 5793 (ι
3276 5737 3422 5805 vidit,
3455 5754 3473 5788 ι
3507 5733 3589 5787 vel
3624 5745 3656 5785 ι
