4050 6148
467 241 575 296 795

1915 225 2074 283 ORIG
2085 223 2240 280 ENIS

3614 231 3727 288 798

467 361 594 414 ιίρθι
642 355 1030 413 incarnationis
1071 353 1235 410 Verbi
1281 351 1412 417 Dei,
1465 351 2040 422 dispensationumque
2069 349 2114 405 Α
2145 358 2276 398 vero
2316 350 2558 414 potestas
2607 341 2836 398 indicari
2871 342 3121 410 videtur,
3147 353 3203 399 et
3236 346 3378 414 quod
3427 347 3605 402 anima
3657 366 3727 405 eo

468 452 588 523 ejus
645 451 884 505 rationes
933 447 1145 516 plenius
1198 447 1468 516 altiusque
1497 442 1871 514 cognoscens?
1909 441 2048 494 Hinc

463 541 577 610 jam
613 541 830 594 venitur
853 539 906 592 in
935 537 1367 605 Bemonphares,
1395 535 1538 605 quod
1570 535 1622 588 in
1649 541 1834 588 nostra
1860 532 2044 602 lingua

469 634 673 688 excelsa
698 632 966 686 intereisio
990 627 1348 701 dicitur(89),
1381 629 1484 683 hoc
1524 637 1630 692 est,
1679 628 1770 682 ubi
1825 640 2046 696 magna-

471 739 589 777 rum
616 731 670 778 et
691 722 990 777 caelestium
1034 735 1217 775 rerum
1247 736 1276 773 a
1305 719 1534 773 terrenis
1561 728 1614 773 et
1645 716 1849 772 inﬁmis
1891 731 2048 785 sepa-

474 815 614 868 ratio
643 814 716 868 sit
756 823 811 868 et
842 813 1122 868 discretio.
1164 811 1454 866 Crescente
1494 825 1726 880 namque
1771 808 2045 864 intellectu

439 906 683 968 animae,
714 913 769 960 et
796 905 987 959 notitia
1019 905 1070 959 ei
1109 905 1444 961 excelsorum
1481 904 1775 975 praebetur,
1811 915 1865 958 et
1901 901 2046 969 judi-

465 999 608 1052 cium
641 999 824 1062 datur,
847 1012 958 1066 quo
996 999 1133 1052 sciat
1163 1014 1192 1052 a
1222 997 1608 1066 temporalibus
1636 1005 1836 1050 aeterna
1875 996 2046 1048 inter—

469 1089 672 1154 cidere,
701 1099 757 1143 et
801 1105 830 1142 a
863 1090 1139 1159 perpetuis
1183 1090 1384 1144 caduca
1430 1104 1705 1157 separare.
1753 1087 1884 1142 Post
1931 1081 2046 1142 hmo

470 1179 690 1234 venitur
723 1178 929 1244 Lebna,
985 1180 1127 1249 quod
1186 1181 1572 1248 interpretatur
1611 1179 1875 1234 dealbatio
1906 1178 2041 1250 (90).

471 1271 600 1324 Scio
634 1271 687 1324 in
717 1271 836 1324 aliis
867 1271 1261 1326 dealbationem
1289 1273 1630 1341 culpabiliter
1655 1272 1800 1341 poni,
1827 1281 1885 1326 ut
1919 1287 2041 1326 cum

473 1363 671 1418 dicitur
695 1363 875 1432 paries
909 1363 1206 1430 dealbatus,
1236 1373 1291 1419 et
1322 1373 1668 1419 monumenta
1702 1363 1946 1420 dealbata
1975 1365 2038 1418 ".

473 1450 578 1506 Sed
606 1453 693 1507 hic
720 1453 992 1509 dealbatio
1029 1455 1112 1507 illa
1137 1464 1243 1520 est,
1273 1456 1340 1510 de
1359 1471 1468 1525 qua
1497 1457 1626 1511 dicit
1653 1456 1924 1527 Propheta
1957 1456 2040 1510 ¹⁸ε

473 1563 495 1596 ι
529 1544 762 1599 Lavabis
785 1561 891 1609 me,
923 1555 978 1600 et
1011 1562 1172 1614 super
1206 1548 1382 1601 nivem
1437 1549 1746 1605 dealhabor.
1795 1567 1814 1599 ι
1851 1549 1914 1603 Et
1942 1550 2044 1605 ite-

467 1654 587 1691 rum
640 1637 806 1692 Isaias
853 1638 895 1670 ¹⁹
941 1656 954 1692 :
996 1658 1014 1688 ι
1057 1638 1115 1693 Si
1154 1640 1356 1694 fuerint
1417 1650 1637 1710 peccata
1685 1649 1865 1696 vestra
1900 1643 2042 1697 sicut

469 1732 819 1798 phmnicium,
853 1741 912 1785 ut
943 1733 1118 1787 nivem
1151 1734 1432 1795 dealhabo,
1478 1743 1533 1788 et
1586 1743 1646 1788 ut
1699 1735 1874 1789 lanam
1906 1751 2039 1789 can-

465 1824 586 1877 dida
637 1822 750 1894 (9i)
801 1823 1045 1878 efﬁciam.
1102 1843 1120 1876 ι
1173 1824 1304 1880 Item
1360 1825 1412 1878 in
1473 1826 1683 1880 Psalmo
1712 1829 1758 1860 ⁸ο
1794 1844 1808 1881 :
1849 1845 1868 1878 ι
1909 1826 2042 1882 Nive

466 1916 859 1971 dealbabuntur
904 1918 956 1972 in
1006 1918 1242 1973 Selmon.
1283 1938 1302 1971 ›
1342 1920 1406 1974 Ει
1436 1919 1643 1974 Vetusti
1691 1921 1899 1976 dierum
1953 1937 2042 1976 ca-

466 2005 576 2073 pilli
601 2005 853 2061 dicuntur
894 2021 1015 2061 esse
1036 2008 1276 2073 candidi,
1312 2009 1363 2062 id
1397 2018 1500 2073 est,
1529 2009 1635 2064 albi
1661 2010 1803 2064 sicut
1826 2011 2036 2065 lana”.

467 2095 560 2150 Sic
599 2097 760 2166 igitur
790 2097 1060 2153 dealbatio
1095 2099 1207 2153 haec
1261 2113 1327 2154 ex
1372 2099 1661 2169 splendore
1707 2115 1849 2155 verte
1899 2101 2040 2156 lucis

465 2188 650 2242 venire
692 2188 1037 2259 intelligenda
1068 2198 1171 2255 est,
1209 2199 1263 2245 et
1304 2206 1372 2244 ex
1407 2192 1680 2247 visionum
1733 2193 2038 2248 ctelestium

466 2280 710 2334 claritate
733 2281 1079 2338 descendere.
1101 2281 1230 2337 POSt
1255 2283 1368 2338 haec
1400 2284 1610 2338 mansio
1638 2285 1696 2338 ﬁt
1729 2285 1782 2339 in
1811 2285 1983 2340 Ressa
2020 2303 2034 2339 :

461 2371 604 2438 quod
641 2372 778 2438 apud
834 2386 932 2426 nos
965 2373 1067 2426 dici
1100 2381 1278 2442 potest
1329 2376 1548 2428 visibilis
1591 2377 1706 2430 sive
1749 2377 2036 2431 laudabilis

465 2465 685 2519 tentatio
721 2464 854 2537 (92).
889 2465 1029 2530 Quid
1065 2475 1148 2520 est
1181 2467 1300 2531 hoc,
1345 2468 1485 2536 quod
1523 2468 1768 2538 quamvis
1803 2471 2038 2539 grandes

465 2561 665 2614 habeat
697 2561 875 2614 anima
916 2561 1211 2629 prolectus,
1259 2570 1438 2615 tamen
1491 2563 1814 2619 tentationes
1861 2563 1928 2619 ab
1973 2579 2037 2620 ea

465 2665 570 2706 non
614 2651 970 2708 auferuntur?
1007 2651 1160 2707 Unde
1188 2665 1412 2722 apparet
1435 2655 1586 2723 quia,
1625 2656 1770 2710 velut
1793 2657 2036 2712 custodia

462 2745 706 2810 uitandam
764 2752 820 2797 et
862 2744 1163 2810 munimen,
1195 2745 1244 2799 ei
1310 2745 1636 2801 tentationes
1684 2747 2033 2804 adhibentur.

463 2831 619 2887 Sicut
656 2833 798 2888 enim
827 2849 954 2890 caro
983 2837 1026 2889 si
1065 2835 1177 2890 sale
1227 2850 1334 2891 non
1386 2845 1738 2907 aspergatur,
1784 2839 2034 2907 quamvis

459 2926 532 2979 sit
561 2942 753 2994 magna
783 2937 837 2982 et
865 2927 1549 2998 praecipua,corrumpitur
1588 2944 1604 2984 :
1645 2931 1718 2985 ita
1756 2941 1812 2987 et
1854 2933 2034 2987 anima

2151 450 2323 506 usque
2349 434 2668 504 profecerit,
2699 444 2756 490 ut
2789 437 3099 493 dominetur
3126 440 3368 510 corpori,
3405 449 3465 495 et
3516 442 3631 512 ipsa
3670 444 3723 497 in

2150 528 2278 581 illud
2308 529 2514 598 virgam
2559 522 2845 597 potestatis
2891 530 3186 598 obtineat;
3244 533 3354 586 imo
3394 548 3501 588 non
3543 535 3722 591 solum

2147 618 2383 688 corpori,
2433 619 2529 674 sed
2581 628 2636 674 et
2675 621 2927 677 universo
2986 622 3216 688 mundo,
3260 639 3384 680 cum
3441 625 3572 682 dicit
3609 628 3660 660 ³⁸
3706 647 3720 683 :

2153 731 2173 764 ι
2211 712 2336 766 Mihi
2365 723 2544 768 autem
2575 716 2808 770 mundus
2845 717 3137 772 cruciﬁxus
3167 727 3270 784 est,
3313 727 3371 774 et
3427 735 3526 789 ego
3561 738 3722 775 mun-

2149 807 2241 859 do.
2274 824 2293 857 ι
2332 803 2463 859 Inde
2493 807 2708 860 venitur
2736 807 2788 860 in
2825 819 3064 863 montem
3099 809 3328 878 Sephar,
3358 813 3498 882 quod
3527 816 3722 867 tubici-

2147 896 2295 949 natio
2324 897 2625 966 appellatur
2653 898 2788 969 (94).
2824 898 2974 954 Tuba
3001 902 3214 971 signum
3247 903 3374 958 belli
3412 915 3517 960 est.
3548 905 3723 976 Igitur

2148 986 2236 1040 ubi
2273 1002 2334 1040 se
2367 989 2531 1044 tantis
2563 1004 2628 1045 ac
2656 991 2852 1046 talibus
2885 992 3174 1050 virtutibus
3217 996 3395 1050 anima
3423 999 3590 1052 sentit
3627 1013 3721 1054 ar-

2149 1087 2373 1144 matam,
2405 1083 2716 1137 necessario
2746 1085 2992 1152 procedit
3025 1087 3092 1139 ad
3124 1087 3345 1156 bellum,
3377 1090 3520 1158 quod
3558 1101 3639 1145 est
3665 1091 3718 1147 ei

2147 1170 2407 1224 adversus
2462 1173 2826 1242 principatus,
2877 1184 2934 1230 et
2976 1185 3292 1246 potestates,
3339 1189 3395 1234 et
3427 1181 3714 1236 adversum

2146 1260 2330 1313 mundi
2365 1269 2646 1316 rectores:
2677 1263 2761 1317 vel
2791 1275 2938 1320 certe
2969 1266 3094 1320 tuba
3125 1269 3274 1324 canit
3299 1270 3354 1325 in
3398 1271 3569 1325 verbo
3596 1265 3717 1338 Dei,

2147 1353 2543 1420 praedicationis
2569 1355 2780 1411 scilicet
2805 1368 2855 1412 et
2883 1359 3161 1426 doctrinae,
3191 1371 3251 1416 ut
3280 1362 3372 1417 det
3405 1363 3720 1434 signiﬁcan-

2149 1452 2254 1498 tem
2290 1459 2479 1500 vocem
2517 1461 2613 1516 per
2643 1449 2848 1514 tubam,
2895 1459 2954 1504 ut
2988 1452 3079 1519 qui
3116 1453 3373 1518 audierit,
3407 1471 3717 1525 prmparare

2146 1552 2204 1591 se
2237 1539 2405 1606 possit
2432 1539 2498 1592 ad
2527 1539 2746 1596 bellum.
2774 1541 2902 1596 Post
2927 1543 3042 1597 hate
3066 1545 3280 1599 venitur
3307 1561 3473 1616 super
3499 1547 3714 1604 Chara-

2146 1629 2298 1694 dath,
2329 1631 2470 1698 quod
2519 1631 2572 1686 in
2622 1642 2811 1688 nostra
2851 1633 3014 1704 382
3057 1635 3235 1706 lingua
3281 1649 3443 1694 sonat
3488 1641 3715 1697 idoneus

2143 1721 2357 1788 effectus
2375 1722 2487 1793 (95)
2516 1740 2530 1777 :
2559 1723 2803 1792 profecto
2829 1735 2885 1778 ut
2908 1735 2962 1780 et
2990 1726 3101 1795 ipse
3127 1726 3266 1783 dicat
3289 1731 3358 1798 ”,
3386 1733 3514 1801 quia
3553 1753 3573 1784 ‹
3599 1734 3720 1788 ido—

2142 1805 2285 1872 neos.
2311 1835 2410 1874 nos
2466 1819 2596 1874 fecit
2638 1822 2919 1877 ministros
2953 1823 3076 1876 novi
3135 1828 3465 1882 testamenti.
3523 1847 3544 1880 ι
3582 1829 3718 1884 lnde

2141 1910 2349 1964 mansio
2375 1910 2604 1965 habetur
2625 1913 2765 1980 apud
2803 1911 3090 1982 Maceloth,
3121 1919 3264 1986 quod
3316 1919 3717 1988 interpretatur

2141 2001 2205 2053 ab
2231 2002 2382 2056 initio
2410 2001 2544 2073 (96).
2567 2002 2979 2073 Contemplatur
3004 2023 3235 2078 namque
3254 2009 3344 2078 qui
3377 2009 3444 2063 ad
3467 2021 3716 2066 contem-

2140 2093 2432 2162 plationem
2459 2096 2647 2158 tendit,
2680 2096 2888 2150 initium
2927 2113 3124 2162 rerum,
3159 2101 3266 2154 imo
3308 2101 3487 2169 potius
3515 2112 3712 2156 cuncta

2140 2184 2203 2237 ad
2239 2199 2361 2238 eum
2389 2185 2576 2250 refert,
2609 2188 2700 2256 qui
2738 2197 2856 2243 erat
2907 2189 2962 2243 in
3008 2191 3293 2260 principio,
3343 2208 3442 2246 nec
3487 2193 3554 2248 ab
3604 2195 3712 2248 isto

2142 2275 2293 2330 initio
2325 2276 2614 2345 aliquando
2661 2279 2914 2334 discedit.
2962 2281 3089 2336 Post
3135 2283 3250 2338 haec
3281 2282 3342 2336 ﬁt
3388 2283 3599 2337 mansio
3653 2285 3710 2335 in

2137 2366 2329 2432 Caath,
2372 2368 2513 2438 quod
2540 2377 2624 2423 est
2656 2370 2988 2439 conﬁrmatio
3023 2372 3104 2425 vel
3145 2373 3404 2442 patientia
3440 2373 3575 2444 (97).
3604 2372 3713 2426 Ne-

2138 2474 2296 2516 cesse
2329 2469 2413 2514 est
2450 2460 2595 2514 enim
2644 2475 2769 2515 eum
2798 2462 2889 2530 qui
2919 2463 3030 2517 vult
3057 2465 3218 2517 etiam
3253 2464 3377 2519 aliis
3428 2466 3711 2533 prodesse.

2139 2552 2304 2606 multa
2335 2553 2466 2622 pati,
2491 2561 2548 2605 et
2576 2563 2769 2606 cuncta
2797 2551 2939 2608 ferre
2968 2555 3254 2624 patienter,
3284 2556 3425 2610 sicut
3448 2557 3516 2611 de
3539 2555 3718 2610 Paulo

2137 2645 2338 2700 dictum
2362 2655 2444 2702 est
2460 2645 2507 2679 "
2536 2664 2550 2701 :
2582 2663 2602 2696 ι
2632 2645 2742 2715 Ego
2769 2645 2913 2701 enim
2932 2647 3212 2701 ostendam
3237 2648 3290 2702 ei
3313 2657 3517 2717 quanta
3539 2663 3703 2715 opor-

2137 2747 2250 2793 teat
2283 2752 2404 2792 eum
2453 2753 2554 2808 pro
2586 2739 2802 2794 nomine
2847 2738 2960 2807 pati
3020 2753 3162 2794 meo.
3226 2758 3245 2792 ›
3295 2738 3423 2795 inde
3483 2740 3706 2794 venitur.

2136 2829 2350 2896 Thara,
2409 2831 2551 2900 quod
2605 2833 2747 2900 apud
2809 2846 2910 2886 nos
2959 2830 3276 2902 intelligitur
3320 2831 3696 2900 contemplatio

2133 2927 2361 2993 stuporis
2385 2924 2520 2995 (98).
2553 2923 2668 2980 Non
2698 2940 2984 2994 possumus
3042 2927 3096 2980 in
3142 2925 3332 2980 Latina
3365 2927 3546 2996 lingua
3600 2943 3707 2983 uno

461 3017 566 3072 nisi
614 3021 1006 3076 tentationibus
1048 3022 1281 3078 assiduis
1331 3023 1734 3092 quodammodo
1784 3025 2031 3090 saliatur,
2059 3037 2101 3095 ο
2135 3035 2388 3076 sermone
2407 3020 2712 3090 exprimere
2736 3019 2956 3075 verbum
2975 3020 3244 3085 Graecum,
3265 3021 3496 3090 quodilli
3517 3021 3706 3078 ἐκστα-

460 3109 720 3164 rontinuo
789 3111 1076 3166 resolvitur
1137 3128 1201 3167 ac
1255 3114 1545 3169 relaxatur.
1613 3115 1770 3172 Unde
1817 3126 2030 3172 constat

460 3207 679 3267 propter
723 3202 825 3256 hoc
877 3203 1078 3257 dictum
1127 3219 1269 3272 esse,
1309 3207 1449 3276 quod
1496 3223 1655 3262 omne
1694 3208 2028 3264 sacriﬁcium

458 3292 574 3346 sale
602 3293 823 3348 salietur
846 3297 914 3350 “.
944 3294 1072 3348 Inde
1099 3295 1333 3364 denique
1358 3308 1441 3351 est
1462 3300 1606 3364 quod
1632 3307 1686 3353 et
1715 3298 1914 3354 Paulus
1949 3299 2031 3353 di-

458 3385 681 3438 cebat"
716 3402 730 3438 :
769 3405 789 3436 ι
828 3386 894 3440 ΕΙ.
925 3401 989 3440 ex
1021 3385 1350 3440 sublimitate
1384 3387 1775 3441 revelationum
1821 3405 1888 3442 ne
1935 3403 2032 3452 ex-

460 3476 637 3542 tollar,
663 3477 820 3532 datus
843 3487 926 3532 est
955 3478 1083 3532 mihi
1128 3478 1378 3533 stimulus
1421 3479 1602 3534 carnis
1628 3493 1762 3533 mea
1804 3480 2029 3550 angelus

459 3567 695 3632 Satanze,
737 3570 829 3638 qui
862 3585 945 3624 me
971 3569 1292 3639 colaphizet.
1321 3590 1339 3623 ι
1369 3569 1492 3625 Hme
1520 3585 1649 3641 ergo
1673 3580 1758 3626 est
1778 3573 2027 3640 visibilis,

457 3660 542 3714 vel
575 3659 855 3716 laudabilis
887 3663 1130 3716 tentatio.
1165 3662 1238 3715 Ex
1273 3662 1375 3716 hac
1398 3663 1614 3716 venitur
1639 3662 1705 3716 ad
1736 3662 2028 3730 lilacelath,

457 3755 601 3821 quod
660 3762 742 3808 est
785 3756 1130 3824 principatus,
1175 3755 1258 3808 vel
1299 3755 1446 3826 virga
1495 3755 1636 3826 (95).
1673 3755 1750 3810 Ex
1801 3765 2032 3827 utroque

531 3892 574 3923 ιτ
599 3891 790 3946 Matth.
829 3908 988 3958 xxnt,
1010 3892 1099 3946 27.
1196 3891 1240 3924 ⁸⁸
1261 3891 1403 3947 Psal.
1435 3906 1510 3958 ιι,
1549 3889 1600 3947 7.
1681 3892 1723 3924 "
1750 3891 1852 3947 lsa.
1885 3909 1923 3958 l,
1951 3893 2037 3948 l8.

458 3961 506 3994 "
533 3961 575 4016 ll
600 3962 724 4016 Cor.
763 3979 859 4028 xu,
893 3965 944 4017 7.
1022 3965 1067 3994 ³⁵
1097 3961 1216 4017 Gal.
1251 3978 1323 4026 vt,
1353 3963 1440 4016 14.
1519 3963 1564 3994 ³⁸
1597 3961 1638 4016 ll
1661 3963 1786 4017 Cor.
1814 3979 1895 4030 nt,
1919 3968 1972 4017 6.

457 4086 567 4134 tam
601 4093 620 4127 ι
658 4075 824 4128 altum
872 4091 1022 4136 esse,
1055 4093 1074 4126 ι
1111 4077 1364 4144 quoniam
1396 4076 1538 4146 quod
1573 4076 1870 4142 excelsum,
1901 4089 2030 4131 con-

458 4150 702 4215 ενὶειιιιιιι
738 4155 822 4199 est
859 4156 914 4200 et
941 4146 1170 4199 visibile.

531 4217 643 4286 (89)
683 4215 1238 4284 liemonphares,quod
1283 4215 1337 4266 in
1375 4228 1553 4286 nostra
1607 4215 1786 4286 lingua
1817 4217 2024 4270 excelsa

459 4287 998 4371 intercisiondicitur.
1047 4286 1092 4340 A
1136 4295 1240 4345 D11
1289 4302 1308 4336 ι
1347 4285 1512 4341 altum
1558 4285 1697 4350 esse,
1735 4306 1755 4338 ι
1802 4297 1858 4342 et
1899 4296 2022 4371 γῆξ)

464 4377 482 4407 ι
529 4361 688 4423 rupit,
720 4357 971 4424 disrupit.
1011 4376 1031 4408 ι

531 4427 644 4497 (90)
681 4426 876 4487 Lebna,
909 4429 1050 4496 quod
1091 4428 1467 4495 interpretatur
1513 4426 1798 4482 dealbatio.
1850 4424 2027 4482 Radix

459 4527 542 4572 est
580 4503 672 4603 τὺ
709 4535 729 4568 ‹
769 4517 1068 4580 albescere,
1095 4516 1369 4571 dealbare.
1397 4535 1415 4567 ι

533 4598 647 4673 (9⁷1)
690 4602 844 4667 Mss.,
888 4619 907 4652 ι
973 4599 1226 4656 candida.
1279 4617 1299 4653 ι
1354 4598 1510 4655 Libb.
1553 4598 1709 4666 editi,
1770 4615 1791 4650 ι
1840 4599 2033 4654 candi—

459 4671 605 4727 dam.
631 4671 637 4673 ⁷
660 4689 678 4722 ι

533 4743 647 4810 (92)
701 4742 888 4809 Ressa,
937 4741 1076 4806 quod
1131 4740 1271 4808 apud
1315 4756 1410 4792 nos
1457 4740 1562 4793 dici
1601 4747 1772 4809 potest
1812 4740 2031 4794 visibilis

460 4813 566 4865 sive
610 4813 894 4866 laudabilis
945 4811 1186 4865 tentatio.
1231 4812 1276 4864 A
1325 4821 1446 4868 nm
1500 4829 1518 4860 ι
1559 4811 1713 4876 vidit,
1749 4829 1768 4862 ι
1826 4820 1884 4865 et
1927 4822 2031 4870 ΠΟ)

459 4883 600 4952 quod
635 4885 686 4935 in
715 4883 828 4936 Pih.
859 4892 1036 4944 sonat,
1067 4900 1086 4932 ‹
1132 4883 1378 4947 tentavit,
1409 4881 1678 4947 probavit.
1726 4899 1746 4934 ι

534 4953 643 5022 (95)
687 4953 975 5014 Macelath,
1026 4953 1164 5022 quod
1219 4963 1291 5007 est
1322 4952 1674 5022 _principatus
1725 4950 1804 5004 vel
1857 4951 2029 5020 virga.

457 5004 701 5108 ἣρῇ-έει
735 5004 1239 5092 ιιιθέιιιιιε,ἰιίι·ειιξ
1279 5004 1379 5074 sli]
1426 5004 1648 5075 llebraro
1693 5004 1875 5074 autem
1924 5004 2031 5074 ιῖοιι

463 5104 658 5172 legitur
691 5124 711 5158 ι
745 5107 1028 5167 Macelath.
1065 5125 1086 5160 ι
1121 5107 1215 5162 sed
1255 5124 1273 5158 ι
1303 5105 1631 5168 Chebelatb,
1673 5121 1693 5156 ι
1720 5104 1867 5174 quod
1891 5105 2030 5158 verti

461 5188 636 5247 potest
687 5196 705 5228 ι
747 5180 1107 5247 congregatio.
1145 5197 1164 5229 ι

531 5246 643 5316 (94)
681 5243 915 5316 Sephar,
949 5243 1104 5317 'quud
1155 5247 1462 5301 tubicinatio
1515 5243 1832 5315 appellatur.
1877 5251 2033 5306 πεπυ

460 5326 538 5368 est
570 5338 586 5367 ι
631 5321 881 5380 buccina,
905 5322 1053 5372 tuba.
1091 5337 1110 5370 ι

531 5388 642 5458 (95)
679 5389 1006 5451 C/taradalh,
1041 5389 1180 5458 quod
1214 5387 1269 5441 in
1302 5395 1478 5439 nostra
1506 5386 1686 5455 lingua
1726 5394 1880 5437 sonat
1912 5383 2031 5458 ido-

461 5455 586 5512 neus
614 5455 846 5529 ἐπέοικε.
874 5455 1061 5513 ΙΙωιθι
1081 5475 1238 5526 aqua.
1273 5467 1388 5529 ﬁn
1429 5461 1570 5510 enim
1600 5471 1630 5511 a
1669 5470 1775 5529 quo
1800 5455 2030 5529 _onmino

462 5525 814 5583 derivandum
841 5525 1269 5583 videturnomen
1321 5527 1652 5592 Charadatb,
1701 5525 1836 5580 nihil
1880 5525 2027 5579 aliud

461 5610 635 5661 enlist,
671 5616 854 5666 quam.
887 5618 906 5649 ι
943 5600 1183 5662 tremuit,
1215 5599 1476 5652 sollicitus
1503 5596 1622 5651 fuit.

531 5669 644 5744 (9‘6)
676 5670 956 5738 Maceloth,
978 5670 1115 5740 quod
1149 5673 1515 5740 interpretatur
1544 5669 1605 5722 ab
1636 5668 1804 5723 initio.
1836 5667 2023 5739 Suspi-

2126 3893 2172 3924 ’θ
2195 3891 2339 3947 Psal.
2368 3907 2556 3956 vaut,
2582 3891 2670 3946 14.

2071 3963 2118 3995 *⁸
2146 3964 2268 4018 Act.
2306 3979 2382 4028 Ix,
2413 3963 2497 4017 l6.

2140 3129 2225 3165 σιν
2251 3121 2468 3176 vocant,
2499 3113 2551 3166 id
2582 3121 2686 3180 est,
2720 3127 2840 3166 cum
2868 3126 2965 3180 pro
2992 3112 3222 3177 alicuius
3257 3128 3467 3184 magna:
3494 3115 3570 3170 rei
3607 3116 3702 3168 ad-

2139 3202 2428 3257 miratione
2453 3201 2786 3270 obstupescit
2816 3202 3046 3256 animus.
3098 3201 3211 3257 Hoc
3252 3213 3337 3258 est
3390 3219 3519 3274 ergo
3563 3204 3701 3275 quod

2137 3294 2266 3350 dicit
2289 3292 2672 3363 contemplatio
2705 3295 2964 3363 stuporis,
3006 3310 3129 3348 cum
3179 3295 3233 3348 in
3286 3295 3563 3364 agnitione
3596 3311 3704 3349 ma-

2134 3403 2362 3455 gnarum
2381 3397 2438 3441 et
2462 3386 2855 3441 admirabilium
2879 3403 3056 3442 rerum
3082 3402 3232 3442 mens
3261 3389 3488 3443 attonita
3509 3399 3701 3459 stupet.

2136 3479 2264 3533 Post
2297 3479 2411 3533 haec
2457 3479 2672 3534 venitur
2709 3484 2776 3533 ad
2815 3478 3086 3542 Matheca,
3127 3481 3270 3548 quod
3318 3480 3704 3549 interpretatur

2136 3587 2275 3624 mors
2304 3587 2436 3625 nova
2464 3569 2598 3641 (99).
2623 3571 2754 3636 Quae
2778 3580 2862 3627 est
2889 3587 3025 3626 nova
3053 3572 3234 3625 mors?
3255 3573 3469 3639 quando
3489 3571 3704 3627 Christo

2137 3663 2527 3718 commorimur
2554 3673 2613 3718 ut
2639 3673 2696 3718 et
2726 3666 3078 3720 convivamus
3101 3666 3173 3719 ei.
3207 3665 3332 3719 inde
3363 3666 3581 3720 Asenna
3615 3680 3708 3720 ve-

2138 3757 2304 3821 nitur,
2337 3758 2480 3826 quod
2510 3773 2567 3811 os
2601 3755 2688 3812 vel
2727 3774 2846 3812 ossa
2879 3757 3186 3828 signiﬁcare
3223 3757 3425 3814 dicitur
3458 3758 3558 3830 (l).
3593 3757 3704 3811 Vir-

2776 3892 2820 3924 "
2857 3891 3094 3957 Dan.vu,
3126 3893 3179 3948 9.
3257 3892 3300 3924 "
3323 3891 3496 3949 Levit.
3523 3910 3583 3962 ιι,
3617 3895 3700 3951 l3.

2133 4091 2232 4130 cor
2283 4074 2712 4164 etvmologistam
2760 4089 2859 4144 pro
2907 4059 3112 4164 n'mpn
3156 4095 3177 4129 ι
3219 4077 3521 4134 Machelolh
3566 4101 3586 4134 ι
3632 4083 3702 4140 le-

2131 4163 2274 4232 gisse
2314 4146 2521 4223 n‘mnn
2553 4161 2696 4229 quod
2734 4173 2881 4216 recte
2923 4146 3057 4216 verii
3096 4173 3271 4231 potest
3313 4181 3333 4214 ι
3368 4167 3436 4219 ab
3463 4166 3638 4222 initio.
3677 4189 3710 4221 s-

2128 4229 2282 4304 n‘vnn
2324 4247 2465 4299 enim
2491 4254 2574 4299 est
2613 4264 2632 4298 ι
2677 4245 3023 4314 principium.
3048 4229 3279 4301 initium.
3316 4266 3335 4296 ι

2058 4354 2103 4408 D
2203 4315 2313 4384 (97)
2363 4314 2554 4378 Caath,
2588 4316 2727 4386 quod
2765 4327 2838 4368 est
2875 4317 3206 4385 conﬁrmatio
3240 4317 3315 4370 vel
3335 4318 3613 4386 patientia.
3648 4322 3699 4375 In

2132 4385 2355 4438 Hebraeo
2395 4385 2589 4438 legitur
2635 4396 2758 4438 mn
2812 4404 2830 4437 ι
2861 4385 3126 4438 Tachath.
3160 4404 3179 4438 ι
3211 4389 3362 4438 Anud
3404 4386 3545 4438 LXX
3595 4392 3699 4438 Κα-

2180 4387 2355 4439 ειιιιωο
2395 4385 2608 4454 legitur
2635 4396 2758 4447 mn
2812 4404 2830 4437 ι
2861 4385 3126 4440 Tachath.
3160 4404 3179 4439 ι
3211 4385 3362 4452 Apud
3404 4386 3546 4443 LXX
3595 4392 3702 4444 Κα-

2133 4455 2292 4508 ταάθ.
2330 4456 2591 4532 Nimirnm
2647 4471 2742 4532 pro
2787 4465 2951 4532 nim:
3007 4473 3026 4506 ι
3077 4456 3127 4509 iu
3194 4456 3436 4512 Tachath
3472 4479 3492 4511 ι
3523 4459 3703 4532 _lege-

2134 4536 2262 4580 runt
2303 4536 2460 4586 mn:
2500 4525 2747 4580 Καταάθ.
2807 4528 3137 4595 Quocumque
3193 4537 3370 4580 autem
3413 4530 3575 4584 modo
3612 4525 3700 4585 le-

2133 4605 2314 4665 gatur,
2343 4613 2446 4649 non
2481 4597 2634 4650 video
2668 4596 2812 4648 unde
2859 4597 2977 4650 erui
3033 4597 3200 4664 possit
3237 4616 3256 4647 ι
3293 4599 3634 4653 conﬁrmatio
3675 4620 3694 4653 ι

2133 4666 2220 4719 vel
2251 4684 2268 4716 ι
2301 4667 2576 4738 patientia.
2616 4685 2634 4718 ι
2672 4665 2941 4738 (ἒξειθιιιιιι
2985 4680 3088 4720 vox
3128 4684 3148 4717 ι
3186 4667 3364 4738 caatb
3391 4685 3409 4718 ι
3446 4683 3712 4738 corrupta

2132 4744 2239 4857 psit,
2283 4747 2338 4790 et
2381 4736 2593 4807 legend.
2647 4755 2665 4788 ι
2701 4735 2928 4790 Cataath
2975 4756 2992 4786 ι
3039 4752 3161 4790 cum
3230 4735 3371 4790 LXX
3431 4735 3701 4809 interpre-

2161 4821 2298 4857 iilIR.

2135 4807 2298 4858 tibus.

2205 4876 2318 4946 (98)
2351 4875 2548 4940 Thara,
2593 4875 2734 4945 quod
2783 4877 2926 4943 apud
2978 4891 3074 4930 nos
3121 4875 3437 4946 intelligitur
3471 4889 3701 4933 cantem-

2131 4945 2296 5018 platio
2322 4947 2573 5014 stuporis.
2601 4945 2821 5015 Aliquot
2859 4963 2987 5000 mss.
3015 4947 3234 5018 habent,
3292 4945 3308 4996 ι
3367 4954 3703 5018 contempla-

2135 5017 2209 5086 tio
2250 5023 2496 5084 stupens;
2536 5035 2554 5068 ι
2589 5031 2618 5068 a
2650 5019 2816 5071 verbo
2851 5025 2957 5077 “nn
2991 5034 3010 5068 ι
3047 5017 3364 5086 exploravit,
3395 5037 3415 5070 ι
3449 5031 3501 5072 et
3539 5017 3702 5074 inter-

2125 5084 2361 5155 jectione
2393 5096 2514 5145 amt
2551 5106 2569 5139 t
2601 5088 2698 5142 ahl
2732 5107 2751 5138 ι

2203 5156 2314 5226 (99)
2371 5157 2638 5227 Matheca,
2703 5157 2848 5227 quod
2909 5157 3285 5225 interpretatur
3331 5174 3473 5212 mors
3546 5175 3697 5212 nova.

2131 5225 2275 5297 Mors
2310 5229 2524 5297 quidem
2557 5225 2817 5281 Hebraice
2846 5227 3046 5281 dicitur
3081 5237 3216 5294 mm,
3241 5228 3333 5281 sed
3366 5244 3587 5295 prorsus
3618 5245 3700 5283 me

2130 5296 2264 5350 latet
2311 5296 2580 5379 quomodo
2628 5313 2885 5383 exnvoce
2931 5297 3194 5383 l’leli'ralica
3240 5309 3418 5383 rtan
3477 5315 3495 5349 ι
3528 5315 3707 5383 _n_:o_rs

2131 5381 2266 5420 nova
2305 5389 2322 5420 ι
2359 5370 2472 5422 erui
2498 5377 2679 5436 queat.
2707 5366 2922 5434 Melius,
2958 5369 3010 5420 ni
3041 5365 3217 5430 fallor,
3248 5365 3476 5423 a'verbo
3528 5378 3696 5454 pun,

2138 5467 2157 5502 ι
2197 5447 2374 5518 dulce,
2435 5465 2605 5506 suave
2649 5466 2806 5516 esse,
2864 5469 2884 5504 ι
2944 5454 3396 5522 interpretaretur
3454 5447 3694 5507 Ma'tbeca

2135 5540 2156 5574 ι
2179 5522 2405 5578 dulcedo
2425 5522 2560 5587 ejus.
2585 5539 2603 5574 ι

2200 5594 2276 5662 (l)
2309 5593 2517 5646 Asenna
2570 5591 2969 5662 venitur-,7quod
3028 5608 3086 5646 os
3131 5590 3206 5646 vel
3243 5607 3360 5645 ossa
3399 5591 3700 5660 significare

2127 5661 2340 5720 dicitur.
2371 5663 2548 5719 Codex
2602 5662 2785 5718 Sancti
2815 5661 3131 5719 Theudorici
3176 5663 3358 5728 habet,
3395 5680 3415 5716 ι
3448 5663 3516 5718 ad
3558 5662 3685 5718 Sen-
